1941 3052
410 189 463 214 DE
497 188 813 215 INVENTIONE
848 189 933 215 LIB.

45 259 129 287 vendo
147 259 196 286 hac
214 260 272 294 ipsa
285 259 384 286 ratione
398 258 536 286 confirmat
549 260 755 286 accusationem.
789 261 831 286 94.

44 299 72 325 In
86 298 134 324 hac
148 297 180 323 ab
195 301 307 331 utroque
321 305 354 323 ex
371 297 497 323 omnibus
512 296 657 323 honestatis
672 301 697 323 et
710 297 833 323 utilitatis

44 335 172 370 partibus,
189 334 327 368 exemplis,
344 335 438 369 signis,
455 335 642 366 ratiocinando,
662 334 729 369 quid
741 335 834 360 cuius-

44 381 96 407 que
114 371 203 402 officii,
223 371 299 406 iuris,
320 372 457 406 potestatis
476 372 519 403 sit,
535 372 627 406 quaeri
641 372 772 406 oportebit
797 376 831 403 et,

855 266 863 332 l

862 333 864 386 l

969 191 999 216 II.
1034 191 1052 217 C
1067 191 1088 217 A
1103 191 1131 216 P.
1155 193 1186 218 29
1207 207 1243 210 —
1264 193 1305 217 ΒΞ.
1644 196 1676 219 tiz]

885 260 965 286 ditur.
1000 261 1066 287 Nam
1092 262 1120 287 in
1142 261 1185 287 his
1207 262 1334 288 omnibus
1357 263 1483 297 primum,
1509 263 1532 288 si
1550 263 1616 297 quid
1636 272 1676 289 res

885 299 943 332 ipsa
961 298 1034 324 dabit
1052 298 1194 330 facultatis,
1215 300 1392 325 coniecturam
1413 300 1504 326 induci
1522 300 1555 326 ab
1569 308 1677 326 accusa-

886 340 939 361 tore
958 336 1096 370 oportebit,
1118 340 1147 362 ut
1161 336 1196 367 id,
1217 336 1289 371 quod
1304 337 1439 363 voluntate
1455 337 1552 363 factum
1567 338 1677 373 negabi-

885 376 936 403 tur,
948 373 1070 399 consulto
1085 373 1183 400 factum
1198 375 1350 408 suspicione
1364 374 1453 409 aliqua
1467 374 1674 401 demonstretur*

44 409 158 436 fueritne
176 409 208 439 ei,
229 417 283 443 quo
297 409 330 434 de
344 409 440 444 agitur,
456 409 484 435 id
498 409 574 440 iuris,
590 408 680 440 officii,
697 410 833 443 potestatis
862 408 864 429 l
885 409 982 435 deinde
1000 410 1126 437 inducere
1144 411 1325 437 definitionem
1345 412 1553 438 necessitudinis
1572 418 1616 438 aut
1636 422 1678 438 ca-

43 446 208 477 attributum,
230 454 321 472 necne.
356 447 438 472 Locos
456 450 545 472 autem
559 455 715 472 communes
730 455 763 472 ex
775 447 834 480 ipsa
855 446 864 475 tl
886 456 933 472 sus
948 452 992 473 aut
1006 448 1201 482 imprudentiae
1216 453 1241 474 et
1252 449 1373 483 exempla
1384 449 1416 474 ad
1428 458 1484 475 eam
1496 449 1676 476 definitionem

44 492 79 515 re,
103 484 126 510 si
148 483 214 518 quid
236 483 427 519 indignationis
446 492 475 510 ac
492 484 691 519 conquestionis
716 484 831 514 habebit,

43 521 113 548 sumi
127 520 265 555 oportebit.

97 558 198 584 XXXI.
207 558 347 585 Concessio
361 562 408 589 est,
418 566 464 592 per
477 566 558 592 quam
573 566 624 584 non
636 557 734 583 factum
744 558 834 592 ipsum

43 595 169 631 probatur
183 596 215 621 ab
229 604 281 627 reo,
298 595 345 622 sed
359 600 388 621 ut
401 596 560 631 ignoscatur,
577 595 605 620 id
618 596 730 629 petitur:
756 595 834 620 cuius
855 599 864 639 ξι

862 658 863 662 ,
885 634 1031 659 cessarium
1050 634 1143 666 fuerit,
1172 640 1260 669 postea
1280 635 1459 662 demonstrare
1478 637 1597 670 potuisse
1611 637 1679 662 vita-

43 675 90 701 est,
104 679 151 705 per
164 679 245 705 quam
259 671 382 705 eius,qui
395 675 542 700 accusatur,
552 678 603 696 non
618 669 716 695 factum
731 670 831 704 ipsum,
855 667 864 689 ι’

43 637 130 668 partes
153 637 216 659 sunt
237 633 314 664 duae,
338 633 460 668 purgatio
479 637 504 659 et
517 632 674 667 deprecatio.
709 632 834 667 Purgatio

42 707 90 734 sed
112 707 234 734 voluntas
256 707 417 733 defenditur.
450 708 486 733 Ea
506 707 585 733 habet
603 712 690 741 partes
705 712 765 738 tres,
782 708 834 732 im—

42 745 220 780 prudentiam,
232 753 332 775 casum,
346 745 581 770 necessitudinem.
597 746 638 770 95.
652 745 832 779 Imprudentia

43 786 90 813 est,
114 790 199 816 quum
223 782 305 808 scisse
319 781 421 816 aliquid
436 782 467 813 is,
493 782 540 817 qui
555 782 684 817 arguitur,
705 786 830 817 negatum
855 798 863 808 ι,

855 476 864 557 ‹·

42 823 72 846 ut
85 819 156 854 apud
174 818 304 854 quosdam
324 818 366 845 lex
380 823 446 845 erat:
475 820 513 845 Ne
529 819 591 854 quis
604 819 702 845 Dianae
716 819 832 845 vitulum

43 855 200 883 immolaret.
233 856 333 882 Nautae
352 856 471 891 quidam,
496 865 581 891 quum
600 856 710 883 adversa
731 861 833 891 tempe-
854 855 856 883 Ξ

43 897 107 920 state
120 893 148 919 in
162 893 214 920 alto
226 894 393 925 iactarentur,
410 899 549 925 voverunt,
566 894 589 920 si
603 902 634 920 eo
648 899 734 928 portu,
751 903 832 929 quem

42 931 248 965 conspiciebant,
268 931 343 965 potiti
362 936 458 962 essent,
480 932 503 958 ei
521 931 579 962 deo,
595 932 643 966 qui
657 932 694 958 ibi
709 936 787 963 esset,
804 940 832 957 se

42 967 157 995 vitulum
175 968 368 995 immolaturos.
403 968 471 995 Casu
490 973 545 995 erat
563 969 590 995 in
604 978 635 995 eo
648 973 725 1004 portu
741 969 831 995 fanum

41 1006 137 1032 Dianae
155 1006 223 1037 eius,
239 1006 283 1032 cui
297 1006 413 1032 vitulum
427 1006 559 1033 immolari
574 1015 626 1032 non
641 1006 745 1032 licebat.
780 1008 833 1032 lm-

41 1043 186 1078 prudentes
205 1042 280 1079 legis,
300 1052 386 1078 quum
401 1044 527 1075 exissent,
544 1043 661 1070 vitulum
674 1044 833 1070 immolave-

42 1084 112 1106 runt.
145 1080 320 1107 Accusantur.
354 1082 466 1107 Intentio
485 1086 537 1108 est:
565 1081 687 1108 Vitulum
710 1081 833 1107 immola-

42 1117 90 1144 stis
103 1118 127 1143 ei
141 1117 198 1149 deo,
214 1118 258 1144 cui
272 1127 324 1145 non
339 1118 442 1144 licebat.
465 1118 591 1153 Depulsio
605 1123 645 1145 est
658 1119 686 1145 in
700 1119 833 1145 concessi-
854 1138 855 1143 ,

42 1163 90 1181 one
103 1155 198 1190 posita.
226 1156 301 1182 Ratio
314 1160 367 1182 est:
383 1156 489 1182 Nescivi
505 1166 556 1182 non
571 1156 658 1182 licere.
688 1156 833 1183 Infirmatio
854 1182 855 1185 ,

42 1196 94 1219 est:
110 1193 217 1224 Tamen,
233 1194 359 1228 quoniam
374 1192 460 1219 fecisti
474 1193 546 1228 quod
561 1202 612 1220 non
628 1194 730 1225 licebat,
748 1202 781 1220 ex
796 1193 833 1219 le—
854 1206 855 1210 =

42 1238 74 1266 ge
88 1230 221 1265 supplicio
234 1230 332 1266 dignus
347 1239 385 1257 es.
407 1231 535 1257 Iudicatio
548 1237 600 1258 est:
617 1230 707 1263 Quum
721 1231 749 1257 id
763 1231 833 1257 fece-

41 1267 82 1298 rit,
95 1267 167 1302 quod
181 1276 232 1294 non
247 1268 400 1302 oportuerit,
417 1272 443 1294 et
455 1268 483 1295 id
498 1277 549 1295 non
563 1273 682 1304 oportere
697 1269 829 1300 nescierit,

41 1305 109 1331 sitne
127 1305 260 1340 supplicio
278 1305 396 1341 dignus?
428 1307 469 1332 96.
497 1306 581 1333 Casus
601 1310 689 1332 autem
703 1306 832 1332 inferetur

39 1342 68 1368 in
82 1343 287 1374 concessionem,
307 1352 392 1378 quum
407 1343 631 1370 demonstrabitur
645 1344 734 1378 aliqua
749 1343 833 1370 fortu-

40 1388 89 1405 nae
107 1380 148 1406 vis
168 1379 297 1406 voluntati
314 1381 457 1412 obstitisse,
475 1382 544 1407 utin
559 1381 620 1408 hac:
648 1381 737 1413 Quum
753 1382 834 1407 Lace-

39 1417 187 1444 daemoniis
210 1417 253 1443 lex
275 1422 352 1449 esset,
378 1422 415 1449 ut,
440 1418 539 1445 hostias
559 1419 610 1444 nisi
625 1418 657 1444 ad
671 1419 832 1445 sacrificium

39 1454 174 1489 quoddam
193 1455 343 1490 redemptor
361 1456 535 1490 praebuisset,
551 1456 663 1490 capitale
677 1460 760 1482 esset:
785 1456 834 1482 ho-

40 1492 104 1519 stias
118 1492 150 1522 iS,
167 1493 214 1527 qui
229 1492 383 1524 redemerat,
404 1502 488 1528 quum
503 1494 625 1519 sacrificii
640 1493 697 1519 dies
711 1494 830 1524 instaret,

39 1529 67 1556 in
80 1529 175 1555 urbem
189 1538 223 1555 ex
236 1538 298 1565 agro
311 1531 397 1565 coepit
411 1540 498 1566 agere.
533 1531 600 1556 Tum
620 1531 709 1557 subito
728 1531 832 1566 magnis

39 1567 177 1594 commotis
196 1568 399 1601 tempestatibus
419 1567 518 1594 fluvius
535 1568 647 1594 Eurotas
662 1569 694 1599 is,
710 1569 757 1602 qui
773 1577 834 1602 pro-
854 1578 856 1593 z

39 1607 97 1640 pter
118 1603 341 1630 Lacedaemonem
364 1604 430 1636 fluit,
455 1606 490 1631 ita
509 1614 624 1641 magnus
643 1609 668 1631 et
687 1606 832 1632 vehemens

0 1634 1 1660 ἕ
40 1640 124 1668 factus
139 1645 186 1673 est,
195 1646 225 1667 ut
238 1650 268 1668 eo
282 1642 383 1668 traduci
398 1643 521 1668 victimae
536 1642 610 1669 nullo
624 1642 702 1669 modo
712 1647 830 1677 possent.
854 1654 855 1660 ι

40 1679 81 1706 97.
104 1678 263 1714 Redemptor
284 1688 348 1705 suae
371 1680 515 1706 voluntatis
538 1680 715 1706 ostendendae
737 1689 832 1706 caussa

39 1715 139 1744 hostias
156 1717 294 1743 constituit
311 1726 404 1743 omnes
422 1718 450 1744 in
470 1717 554 1749 litore,
576 1721 613 1749 ut,
634 1718 682 1752 qui
696 1722 767 1744 trans
782 1717 833 1744 ssu-
854 1721 855 1726 ¹

39 1761 100 1780 men
122 1757 218 1786 essent,
244 1754 334 1781 videre
356 1759 474 1789 possent.
512 1754 601 1787 Quum
625 1763 717 1782 omnes
743 1755 833 1782 studio

41 1791 97 1818 eius
119 1791 237 1818 subitam
258 1790 377 1818 fluminis
399 1792 612 1828 magnitudinem
630 1793 729 1819 scirent
747 1792 832 1819 fuisso

39 1827 242 1863 impedimento,
271 1833 358 1856 tamen
384 1830 495 1864 quidam
522 1830 616 1864 capitis
642 1830 829 1856 arcessierunt.

40 1865 151 1893 Intentio
173 1870 225 1892 est:
254 1866 368 1898 Hostiae,
394 1876 461 1902 quas
475 1867 593 1894 debuisti
611 1867 645 1894 ad
658 1867 828 1898 sacrificium,

40 1907 143 1938 praesto
156 1912 208 1930 non
222 1903 339 1930 fuerunt.

39 2014 121 2047 iubet,
138 2014 236 2042 tactum
251 2025 302 2043 non
317 2020 365 2048 est,
382 2016 515 2051 supplicio
528 2017 628 2053 dignus
642 2026 680 2043 es.
704 2017 832 2044 Iudicatio

40 2056 92 2080 est:
115 2051 205 2085 Quum
224 2053 250 2080 in
269 2062 299 2079 ea
317 2062 344 2080 re
362 2059 450 2080 contra
466 2053 552 2089 legem
566 2054 716 2089 redemptor
730 2054 829 2086 fecerit,

41 2096 92 2126 qua
113 2091 141 2117 in
159 2098 187 2117 re
205 2090 294 2117 studio
311 2091 370 2117 eius
389 2091 478 2118 subita
496 2091 615 2118 fluminis
628 2092 761 2118 obstiterit
774 2101 831 2118 ma-

39 2127 158 2164 gnitudo,
174 2127 342 2163 supplicione
355 2128 455 2164 dignus
469 2128 521 2155 sit‘?
548 2129 660 2155 xxxu.
676 2131 717 2155 98.
733 2129 832 2155 Neces-

41 2164 128 2192 situdo
141 2169 229 2192 autem
243 2164 457 2201 infertur‚quum
473 2167 499 2193 vi
514 2166 629 2201 quadam
641 2175 702 2193 reus
713 2166 830 2201 id,quod

40 2199 137 2234 fecerit,
158 2201 253 2229 fecisse
270 2202 430 2235 defenditur,
452 2204 501 2230 boc
519 2204 610 2230 modo:
637 2204 692 2230 Lex
706 2208 746 2230 est
759 2204 831 2239 apud

40 2238 163 2271 Rhodios,
180 2243 218 2271 ut,
234 2240 257 2266 si
271 2248 324 2274 qua
338 2244 447 2267 rostrata
461 2241 487 2267 in
503 2245 579 2276 portu
595 2241 671 2267 navis
681 2241 831 2275 depreben-

41 2283 70 2303 sa
90 2277 132 2309 sit,
157 2276 317 2312 publicetur.
347 2276 437 2309 Quum
460 2287 556 2313 magna
575 2279 602 2305 in
621 2278 673 2304 alto
687 2283 830 2313 tempestas

41 2318 117 2346 esset,
133 2315 174 2341 vis
188 2318 327 2341 ventorum
342 2315 434 2342 invitis
449 2316 535 2342 nautis
550 2315 714 2342 Rhodiorum
728 2317 755 2342 iu
770 2325 832 2351 por-

40 2353 96 2378 tum
122 2352 211 2378 navim
233 2352 327 2387 coegit.

39 2423 157 2453 Rostrata
180 2426 256 2453 navis
277 2427 305 2453 in
329 2432 405 2461 portu
424 2427 588 2461 deprebensa
603 2432 652 2454 est.
687 2428 828 2462 Depulsio:

40 2463 183 2490 concessio.
217 2464 305 2491 Ratio:
325 2464 356 2491 Vi
370 2469 396 2491 et
411 2465 558 2491 necessario
572 2473 667 2491 sumus
682 2465 709 2491 in
724 2470 829 2500 portum

40 2500 130 2527 eoacti.
151 2500 295 2528 Infirmatio
312 2506 364 2528 est:
393 2502 488 2528 Navim
507 2510 540 2528 ex
559 2501 616 2537 lege
635 2506 722 2528 tamen
737 2503 829 2537 populi

41 2543 98 2564 esse
111 2541 221 2572 oportet.
256 2538 383 2566 Iudicatio
397 2543 450 2566 est:
479 2540 568 2570 Quum
587 2543 723 2565 rostratam
740 2541 829 2566 navim

39 2572 68 2600 in
84 2579 161 2609 portu
179 2574 371 2610 deprehensam
391 2575 434 2603 lex
452 2576 594 2611 publicarit
607 2585 748 2611 quumque
767 2577 831 2603 haec

41 2611 116 2638 navis
133 2612 226 2639 invitis
245 2613 333 2639 nautis
351 2614 378 2640 vi
397 2613 561 2648 tempestatis
580 2614 606 2639 in
623 2618 727 2648 portum
741 2614 830 2640 conie-

41 2650 81 2675 ota
93 2648 141 2682 sit3
168 2653 320 2684 oporteatne
332 2658 390 2677 eam
405 2650 554 2685 publicari?
577 2652 618 2677 99.
635 2651 733 2677 llorum
748 2651 829 2677 trium

41 2691 166 2721 generum
184 2686 282 2713 idcirco
300 2696 385 2714 unum
404 2689 431 2714 in
450 2688 538 2715 locum
556 2687 720 2714 contulimus
738 2696 830 2714 exem-

41 2720 92 2757 pla,
107 2723 180 2758 quod
193 2724 290 2751 similis
304 2725 332 2751 in
345 2733 374 2751 ea
389 2725 538 2760 praeceptio
548 2730 765 2761 argumentorum
777 2730 829 2752 tra-

376 1904 503 1939 Depulsio
517 1909 557 1931 est
569 1905 715 1931 concessio.
740 1905 828 1932 Ratio:
853 1913 854 1924 ι

40 1939 151 1967 Flumen
165 1941 236 1967 enim
251 1941 341 1968 subito
354 1943 468 1968 accrevit
481 1946 507 1968 et
520 1950 549 1968 ea
563 1951 591 1968 re
605 1942 707 1968 traduci
722 1951 773 1969 non
785 1951 833 1977 po-
853 1944 854 1950 ¹

42 1981 157 2005 tuerunt.
190 1979 335 2005 Infirmatio
351 1983 404 2006 est:
425 1979 533 2011 Tamen,
550 1980 685 2014 quoniam,
702 1980 774 2014 quod
789 1980 832 2006 lex
853 1988 854 1992 ¹

365 2352 494 2384 Quaestor
517 2353 606 2379 navim
629 2353 721 2388 populi
744 2359 828 2380 vocat.
852 2355 853 2361 ¹

40 2387 120 2415 Navis
133 2388 258 2415 dominus
273 2393 350 2425 negat
363 2394 482 2424 oportere
497 2390 636 2424 publicari.
653 2391 765 2417 Intentio
775 2396 828 2417 est:
852 2407 853 2415 1

861 1455 862 1473 ἶ
885 1457 927 1483 bis
942 1457 1063 1491 partibus
1078 1458 1172 1491 poterit
1186 1459 1234 1484 uti.

886 484 1039 519 adiungere,
1056 486 1083 511 in
1098 486 1198 519 quibus
1213 486 1392 520 imprudentia
1407 486 1490 512 fuisse
1502 487 1623 513 videatur
1633 493 1679 513 aut

886 529 963 547 casus
982 527 1027 548 aut
1046 523 1223 553 necessitudo,
1244 528 1269 549 et
1287 524 1320 549 ab
1339 524 1381 549 bis
1396 523 1431 555 id,
1448 524 1520 558 quod
1535 532 1595 550 reus
1610 524 1679 550 infe-

886 564 933 589 rat,
954 568 1084 593 separare,
1106 560 1133 585 id
1151 565 1190 586 est
1204 561 1341 586 ostendere
1355 561 1496 588 dissimile.
1525 562 1597 596 quod
1612 562 1679 587 leri—

886 605 927 627 us,
948 596 1062 627 facilius,
1084 606 1135 622 uon
1154 598 1309 633 ignorabile,
1331 608 1382 624 non
1401 598 1548 629 fortuitum,
1566 608 1617 625 non
1632 608 1679 625 nc-

885 671 920 703 ri',
949 676 974 697 et
988 671 1036 696 hac
1050 672 1149 697 ratione
1163 672 1297 706 providcn'
1312 674 1438 707 potuisse,
1452 674 1473 699 si
1489 674 1538 699 boc
1552 679 1596 699 aut
1610 673 1678 699 illud

886 707 1000 739 fecisset,
1014 713 1059 734 aut
1073 709 1099 734 ui
1114 709 1152 735 sic
1166 709 1280 740 fecisset,
1298 711 1462 744 praecaveri:
1479 715 1503 736 et
1517 711 1679 737 definitioui-

884 745 936 771 bus
959 746 1106 777 ostendere,
1133 755 1183 772 non
1207 747 1274 773 hanc
1296 748 1503 781 imprudentiam
1523 753 1568 774 aut
1586 757 1676 774 casum

885 787 930 808 aut
949 783 1183 814 necessitudinem,
1204 785 1249 810 sed
1271 785 1402 816 inertiam,
1424 785 1622 820 negligentiam,
1639 786 1678 811 fa—

884 821 1005 846 tuitatem
1025 821 1155 847 nominari
1174 827 1302 855 oportere.
1335 823 1391 848 100.
1407 822 1443 847 Ac
1458 823 1480 847 si
1495 831 1547 856 qua
1562 824 1678 848 necessi-

885 857 950 883 tudo
964 858 1159 892 turpitudinem
1169 859 1304 885 videbitur
1318 859 1423 890 habere,
1437 860 1567 893 oportebit
1577 868 1624 894 per
1640 860 1677 886 lo-

884 904 975 921 corum
990 896 1174 921 communium
1188 896 1397 930 implicationem
1412 897 1613 932 redarguentem
1631 898 1678 923 de-

861 944 862 951 *
884 937 1030 958 monstrare
1044 933 1153 967 quidvis
1168 934 1279 968 perpeti,
1297 934 1362 960 mori
1377 934 1493 968 denique
1508 935 1590 960 satius
1610 934 1677 960 fuis-

884 979 920 1001 se,
938 979 1019 1004 quam
1034 971 1166 996 eiusmodi
1181 971 1372 997 necessitudini
1384 971 1574 1005 obtemperare.
1591 972 1678 1006 Atque

885 1011 941 1033 tum
956 1016 989 1033 ex
1004 1007 1035 1033 iis
1051 1007 1124 1039 locis,
1145 1008 1178 1033 de
1192 1009 1293 1043 quibus
1308 1009 1335 1034 in
1350 1008 1473 1044 negotiali
1489 1014 1561 1043 parte
1575 1009 1677 1035 dictum

884 1050 932 1075 est,
948 1045 1015 1070 iuris
1034 1049 1059 1070 et
1073 1046 1214 1080 aequitatis
1228 1051 1349 1072 naturam
1368 1046 1498 1080 oportebit
1512 1054 1639 1080 quaerere
1653 1051 1677 1072 et

884 1083 962 1117 quasi
977 1083 1004 1108 in
1018 1082 1139 1109 absoluta
1153 1083 1296 1109 iuridiciali
1315 1092 1361 1118 per
1376 1092 1403 1109 se
1422 1084 1471 1109 boc
1486 1084 1575 1118 ipsum
1590 1084 1622 1109 ab
1637 1092 1678 1109 re-

884 1120 935 1146 bus
957 1120 1083 1145 omnibus
1106 1121 1247 1155 separatim
1271 1121 1447 1147 considerare.
1482 1121 1569 1155 Atque
1588 1121 1636 1147 boc
1650 1122 1677 1147 iu

885 1158 949 1188 loco,
974 1157 996 1182 si
1016 1156 1127 1183 facultas
1146 1159 1203 1189 erit,
1224 1158 1355 1193 exemplis
1374 1168 1464 1185 corum
1485 1158 1623 1184 bominum
1639 1160 1677 1184 uti

884 1194 1022 1229 oportebit,
1043 1195 1144 1229 quibus
1163 1196 1190 1221 in
1209 1196 1292 1221 simili
1306 1197 1476 1222 excusatione
1492 1205 1543 1222 uon
1557 1197 1590 1222 sit
1603 1197 1678 1231 igno-

884 1237 955 1263 tum;
972 1236 998 1257 et
1010 1233 1185 1264 contentione,
1202 1234 1287 1268 magis
1302 1233 1355 1259 illis
1371 1234 1562 1269 ignoscendum
1579 1233 1675 1260 fuisse:

884 1275 909 1296 et
922 1269 1120 1296 deliberationis
1135 1271 1264 1304 partibus,
1286 1275 1363 1305 turpe
1378 1276 1422 1297 aut
1437 1270 1530 1297 iuutile
1544 1279 1602 1297 esse
1616 1280 1678 1297 con—

883 1307 941 1333 cedi
956 1315 1013 1333 eam
1029 1316 1092 1339 rem,
1109 1317 1178 1342 quae
1193 1308 1225 1334 ab
1240 1308 1391 1334 adversario
1400 1309 1543 1335 commissa
1554 1309 1601 1341 sit‘,
1618 1318 1678 1343 per—

885 1353 1012 1380 maguum
1027 1354 1086 1371 esse
1100 1349 1124 1371 et
1140 1354 1236 1381 magno
1250 1345 1371 1372 futurum
1383 1346 1549 1376 detrimento,
1562 1347 1584 1372 si
1597 1356 1625 1371 ea
1637 1356 1678 1372 res

861 1397 862 1404 ι
884 1383 917 1408 ab
939 1383 981 1413 iis,
1006 1382 1053 1416 qui
1073 1387 1229 1417 potestatem
1253 1383 1351 1409 habeut
1375 1384 1537 1411 vindicandi,
1560 1383 1677 1418 neglecta

884 1420 928 1446 sit.
950 1419 1074 1445 XXXIII.
1093 1421 1151 1446 401.
1167 1420 1294 1447 Defensor
1307 1426 1395 1447 autem
1406 1422 1542 1447 conversis
1552 1418 1678 1447 omuibus

1269 1458 1384 1485 Maxime
1398 1463 1487 1484 autem
1501 1460 1528 1485 iu
1544 1459 1678 1485 voluntate

884 1494 1051 1520 defendenda
1078 1496 1286 1521 commorabitur
1311 1500 1337 1522 et
1358 1496 1385 1522 in
1408 1504 1437 1522 ea
1460 1504 1487 1522 re
1511 1496 1675 1531 adaugenda.

884 1541 953 1566 quae
968 1531 1095 1557 voluntati
1112 1531 1192 1558 fuerit
1206 1532 1409 1567 impedimento,
1428 1537 1453 1559 et
1467 1542 1495 1559 se
1510 1534 1579 1569 plus,
1596 1543 1677 1568 quam

885 1569 985 1599 fecerit,
1011 1568 1095 1595 facere
1120 1578 1171 1595 uou
1195 1571 1326 1604 potuisse;
1355 1575 1379 1596 et
1403 1571 1430 1596 iu
1453 1571 1578 1596 erunibus
1598 1571 1677 1597 rebus

886 1607 1048 1633 roluntatem
1063 1608 1175 1641 spectari
1190 1612 1323 1641 oportere;
1340 1612 1365 1634 et
1379 1616 1407 1633 se
1421 1609 1542 1634 convinci
1554 1618 1604 1634 non
1617 1617 1678 1643 pos-

885 1653 921 1675 se,
938 1645 1010 1679 quod
1029 1653 1080 1670 nou
1099 1645 1167 1670 absit
1185 1654 1199 1670 a
1213 1645 1305 1679 culpa,
1335 1649 1359 1671 ct
1373 1654 1422 1671 suo
1438 1646 1543 1671 nomine
1557 1654 1678 1672 commu—

885 1690 945 1707 nem
969 1682 1109 1708 bomiuum
1128 1682 1307 1708 infirmitatem
1323 1691 1400 1717 posse
1414 1682 1543 1708 damnari.
1579 1683 1677 1709 Deinde

885 1719 951 1745 nibil
976 1719 1114 1754 indignius
1137 1729 1204 1750 esse,
1229 1728 1310 1754 quam
1333 1728 1404 1751 eum,
1425 1721 1472 1755 qui
1487 1720 1566 1755 culpa
1580 1726 1674 1751 careat,

884 1756 1019 1791 supplicio
1033 1766 1083 1783 nou
1099 1765 1196 1783 carere.
1219 1757 1280 1783 Loci
1295 1761 1383 1783 autem
1398 1766 1554 1784 comumnes
1569 1767 1678 1784 accusa-

884 1794 956 1825 toris,
974 1803 1044 1820 unus
1058 1795 1085 1820 iu
1099 1794 1304 1826 confessionem,
1320 1799 1346 1821 et
1359 1794 1432 1825 alter,
1448 1800 1547 1829 quauta
1562 1801 1677 1830 potestas

883 1831 1010 1866 peccandi
1026 1831 1201 1866 relinquatur,
1218 1832 1241 1858 si
1256 1832 1338 1858 semel
1354 1832 1506 1858 institutum
1522 1834 1564 1864 sit,
1582 1837 1610 1859 ut
1626 1842 1677 1859 nou

883 1868 916 1895 de
931 1868 1007 1900 facto,
1024 1869 1071 1895 scd
1085 1869 1118 1895 de
1133 1868 1194 1895 facti
1208 1878 1302 1895 caussa
1317 1874 1474 1904 quaeratur:
1504 1872 1560 1896 402.
1585 1870 1678 1896 defen-

883 1907 950 1932 soris
964 1907 1121 1941 conquestio
1131 1906 1289 1933 calamitatis
1303 1908 1446 1942 eius,quae
1461 1916 1512 1933 non
1526 1907 1613 1942 eulpa,
1630 1908 1678 1934 sed

883 1944 910 1970 vi
929 1944 1027 1970 maiore
1045 1943 1161 1979 quadam
1179 1944 1312 1975 acciderit,
1331 1944 1401 1970 etde
1416 1944 1535 1971 fortunae
1550 1950 1677 1980 potestate

883 1986 908 2007 et
930 1981 1070 2007 bominum
1095 1981 1254 2012 infirmitate,
1279 1986 1305 2008 et
1323 1982 1360 2008 uti
1379 1991 1459 2008 suum
1479 1983 1608 2011 animum,
1626 1992 1676 2009 nou

883 2023 1008 2044 eventum
1022 2019 1200 2045 considerent.
1227 2020 1254 2045 Iu
1269 2019 1370 2054 quibus
1384 2020 1510 2046 omuibus
1523 2021 1677 2054 conquesti-

882 2064 959 2082 onem
974 2065 1084 2082 suarum
1099 2065 1287 2082 aerumnarum
1301 2061 1327 2083 et
1337 2057 1502 2083 crudelitatis
1512 2057 1677 2083 adversario-

883 2102 942 2119 rum
966 2093 1175 2129 indignationem
1198 2094 1285 2119 iucssc
1309 2095 1448 2128 oportebit.
1483 2095 1520 2120 Ae
1542 2095 1676 2121 neminem

882 2131 972 2156 mirari
995 2131 1143 2162 conveniet,
1168 2131 1190 2157 si
1210 2135 1255 2157 aut
1273 2132 1299 2157 iu
1315 2131 1357 2157 bis
1371 2137 1415 2158 aut
1430 2132 1456 2158 iu
1471 2132 1530 2158 aliis
1545 2132 1676 2166 exemplis

882 2168 973 2202 scripti
987 2177 1095 2203 quoque
1109 2169 1315 2195 controversiam
1330 2169 1481 2195 adiunctam
1497 2169 1606 2195 videbit.
1619 2170 1677 2200 Quo

882 2205 914 2231 do
932 2213 1028 2240 genere
1047 2210 1106 2240 post
1124 2206 1172 2231 erit
1191 2206 1267 2232 uobis
1285 2207 1427 2241 separatim
1444 2206 1596 2237 dicendum,
1616 2215 1676 2241 pro-

882 2247 970 2277 pterea
989 2243 1060 2277 quod
1079 2243 1209 2278 quaedam
1228 2252 1325 2279 genera
1343 2252 1499 2270 ‹mussat-um
1518 2243 1675 2278 simpliciter

882 2285 906 2306 et
920 2288 954 2306 ex
967 2289 1016 2306 sua
1031 2280 1056 2306 vi
1070 2280 1285 2313 considerantur,
1313 2281 1443 2315 quaedam
1459 2286 1546 2307 autem
1561 2281 1612 2306 sibi
1627 2281 1676 2306 ali-

883 2317 918 2343 ud
941 2326 1049 2352 quoque
1071 2317 1179 2352 aliquod
1203 2319 1396 2344 coutroversiae
1419 2328 1504 2353 genus
1523 2323 1673 2344 assumunt.

884 2356 938 2380 ⁴03.
962 2356 1048 2386 Quare
1070 2355 1197 2381 munibus
1219 2356 1346 2390 coguitis,
1372 2365 1423 2381 uon
1445 2356 1493 2381 crit
1516 2355 1624 2381 difficile
1649 2356 1674 2381 iu

883 2400 962 2418 uuam
976 2400 1112 2426 quamque
1126 2401 1248 2418 caussam
1263 2392 1411 2422 transferre.
1431 2392 1503 2427 quod
1518 2401 1550 2418 cx
1564 2402 1594 2418 eo
1608 2401 1675 2427 quo-

881 2438 934 2463 que
947 2438 1043 2464 genere
1057 2430 1210 2455 conveniet:
1241 2435 1268 2455 ut
1283 2430 1308 2455 iu
1325 2430 1366 2455 bis
1381 2429 1511 2463 exemplis
1525 2430 1675 2455 concessio-

883 2467 923 2492 nis
947 2466 1015 2492 iucst
1036 2466 1163 2492 omnibus
1185 2467 1275 2500 scripti
1299 2467 1476 2492 controversia
1500 2476 1538 2497 ea,
1559 2475 1627 2501 quae
1642 2476 1675 2493 ex

881 2503 980 2537 scripto
993 2507 1018 2529 ct
1032 2504 1160 2529 sententia
1177 2505 1341 2533 noruiuatur;
1357 2503 1402 2529 sed
1418 2504 1480 2538 quia
1495 2503 1528 2529 de
1541 2506 1674 2531 concessi—

881 2549 930 2566 ouc
947 2540 1129 2574 loquebamur,
1139 2541 1164 2566 iu
1179 2549 1236 2566 eam
1253 2546 1388 2575 praccepta
1403 2541 1537 2567 dedimus.
1554 2541 1612 2567 Alio
1627 2551 1674 2567 au-

881 2582 934 2603 tem
959 2577 1014 2604 loco
1036 2578 1069 2603 de
1087 2578 1186 2611 scripto
1204 2583 1229 2603 et
1246 2579 1375 2604 sententia
1389 2578 1521 2604 dicemus.
1556 2579 1632 2605 Nunc
1647 2580 1672 2605 iu

881 2614 988 2641 alteram
1002 2615 1181 2641 coru-essionis
1197 2619 1296 2649 partem
1313 2614 1571 2652 [coiisidorationem]
1587 2617 1673 2642 iuteu-

880 2651 986 2678 demus.

936 2689 1058 2716 XXXlV.
1078 2690 1133 2715 tot.
1150 2689 1302 2723 Deprecatio
1315 2694 1363 2721 est,
1380 2690 1406 2716 in
1421 2698 1473 2725 qua
1489 2699 1538 2717 nou
1553 2690 1674 2717 defensio

881 2725 950 2758 facti,
966 2726 1013 2753 sed
1028 2726 1182 2762 ignoscendi
1198 2726 1340 2761 postulatio
1349 2728 1507 2753 continetur.
1525 2728 1577 2754 110(ι
1587 2737 1672 2763 geum
