1941 3052
386 148 572 175 ORATIO
604 147 694 175 PRO
726 148 757 175 A.
791 147 1020 175 CAECINA.
1055 147 1152 174 CAP.
1181 149 1328 174 41-43.

45 226 118 248 tuere
132 219 230 247 vetitis.
269 219 387 246 Huiusce
404 221 510 256 generis
529 229 582 246 una
596 224 635 246 est
648 219 716 246 actio
729 227 776 254 per
789 218 839 245 hoc

44 258 228 289 interdictum,
248 266 302 292 quo
320 266 367 284 nos
386 258 428 284 usi
443 266 552 289 sumus,
573 258 725 284 constituta.
765 256 801 282 Ea
816 256 838 282 si

45 296 111 322 nihil
131 295 214 326 valet,
234 299 279 321 aut
296 295 320 321 si
338 294 371 320 ad
390 295 458 321 banc
476 304 532 321 rem
551 304 602 321 non
617 295 744 330 pertinet:
772 293 839 328 quid

44 332 226 369 negligentius
244 337 289 358 aut
307 332 373 367 quid
390 332 500 359 stultius
514 333 661 359 maioribus
676 332 772 358 nostris
786 330 839 356 dici

43 375 138 406 potest,
154 370 201 404 qui
216 374 262 395 aut
275 373 360 395 tantae
371 370 407 396 rei
419 370 646 404 praetermiserint
654 369 783 395 actionem
795 372 841 394 aut

44 416 102 434 eam
116 407 310 436 constituerint,
326 415 395 441 quae
407 416 576 442 nequaquam
588 408 652 433 satis
663 406 752 432 verbis
763 414 841 431 caus-

44 454 101 471 sam
115 448 141 471 et
155 445 282 470 rationem
293 445 360 470 iuris
371 444 592 479 amplecteretur?
605 443 789 470 Periculosum
801 447 841 468 est

44 481 156 509 dissolvi
180 481 230 508 hoc
251 481 438 508 interdictum:
466 487 506 509 est
527 482 677 517 captiosum
703 480 838 510 omnibus,

44 528 101 546 rem
114 518 197 546 ullam
212 519 339 545 constitui
353 519 495 551 eiusmodi,
511 528 588 554 quae,
605 527 690 554 quum
702 518 783 544 armis
794 526 841 552 ge-

43 562 84 583 sta
102 557 149 588 sit,
175 556 291 583 rescindi
309 557 366 582 iure
384 566 436 583 non
455 558 549 592 possit.
590 557 777 583 Verumtamen
801 559 841 580 est

44 594 233 629 turpissimum
251 593 333 625 illud,
358 598 445 620 tantae
467 594 595 620 stultitiae
616 592 840 628 prudentissimos

44 632 167 658 homines
178 631 357 662 condemnari,
374 635 403 658 ut
413 641 459 658 vos
469 631 602 661 iudicetis,
620 631 702 656 huius
713 630 750 656 rei
762 633 841 664 atque

44 669 155 696 actionis
169 669 196 695 in
211 673 327 695 mentem
342 669 488 695 maioribus
503 669 600 695 nostris
615 676 667 694 non
682 667 796 693 venisse.

100 707 141 733 lii.
163 706 320 738 Queramur,
336 706 433 741 inquit,
451 706 524 737 licet;
541 710 628 732 tamen
642 705 690 731 hoc
700 704 841 730 interdicto

43 744 177 771 Aebutius
192 752 243 770 non
257 747 370 769 tenetur.
385 758 423 763 —
435 743 506 776 Quid
519 742 573 769 ita‘?
586 758 623 762 —
636 742 713 774 Quod
724 742 766 767 vis
775 741 841 767 Cae-

44 782 119 808 cinae
133 781 199 808 sacta
214 789 266 807 non
279 785 329 807 est.
344 796 381 800 —
393 781 449 807 Dici
464 781 490 807 in
506 780 554 807 hac
568 788 661 807 caussa
676 783 775 814 potest,
793 778 840 805 ubi

44 827 116 845 arma
131 818 237 848 suerint,
254 818 300 844 ubi
314 822 402 844 coacta
417 818 556 844 hominum
571 817 724 848 multitudo,
742 816 787 842 ubi
799 817 841 842 in-

43 856 137 882 structi
151 860 176 882 et
189 855 267 881 certis
282 855 346 882 locis
360 864 421 882 cum
438 855 506 882 ferro
517 855 637 882 homines
647 854 775 885 collocati,
793 854 840 879 ubi

43 894 139 924 minae,
156 892 273 928 pericula
287 896 452 928 terroresque
467 893 567 924 mortis⁷
583 893 620 919 ibi
637 893 691 918 vim
706 900 758 918 non
773 891 840 917 fuis-

43 930 91 957 se?
102 946 139 950 —
154 931 246 961 Nemo,
262 930 360 965 inquit,
375 931 480 957 occisus
495 935 535 957 est
549 938 636 965 neque
647 930 791 956 sauciatus.
803 944 840 948 —

43 967 114 1000 Quid
132 967 190 994 ais?
214 976 300 1002 quum
318 967 351 994 de
370 968 547 1003 possessionis
565 967 745 994 controversia
764 971 789 992 et
807 965 840 992 de

43 1006 208 1041 privatorum
223 1005 363 1031 hominum
376 1006 544 1032 contentione
558 1006 624 1032 iuris
640 1005 793 1040 loquamur,
811 1008 839 1030 tu

42 1044 99 1070 vim
114 1043 224 1079 negabis
238 1051 297 1068 esse
308 1042 411 1075 factam,
428 1043 450 1070 si
461 1043 555 1069 caedes
565 1047 590 1069 et
600 1042 697 1069 occisio
709 1041 774 1068 facta
787 1050 839 1068 non

43 1080 110 1107 erit‘?
130 1081 188 1116 Ego
202 1080 334 1106 exercitus
349 1081 481 1107 maximos
495 1089 574 1115 saepe
588 1080 681 1115 pulsos
695 1084 721 1106 et
735 1079 840 1115 fugatos

0 1135 1 1138 =
43 1126 102 1145 esse
114 1117 174 1144 dico
188 1121 285 1144 terrore
298 1120 358 1153 ipso
370 1119 528 1153 impetuque
542 1118 660 1144 hostium
674 1118 732 1144 sine
747 1117 841 1144 cuius-

0 1152 1 1158 *
42 1164 123 1191 quam
138 1164 190 1182 non
204 1155 284 1182 modo
297 1160 388 1187 morte,
404 1164 499 1182 verum
513 1156 592 1182 etiam
606 1155 726 1181 vulnere.

97 1193 156 1220 XV.
180 1194 221 1219 42.
242 1193 361 1224 Etenim,
382 1198 592 1228 recuperatores,
613 1201 665 1220 non
683 1201 713 1219 ea
727 1191 783 1219 sola
798 1192 839 1218 vis

42 1234 96 1262 est,
112 1239 180 1266 quae
194 1230 226 1256 ad
239 1239 336 1265 corpus
351 1235 472 1258 nostrum
487 1232 623 1266 vitamque
637 1230 771 1265 pervenit,
792 1228 840 1255 sed

43 1269 122 1295 etiam
137 1268 222 1294 multo
235 1269 318 1294 maior
331 1277 374 1300 ea,
389 1277 472 1304 quae,
492 1268 612 1304 periculo
626 1269 718 1294 mortis
733 1268 837 1298 iniecto,

44 1305 186 1332 formidine
199 1306 319 1332 animum
333 1307 503 1340 perterritum
518 1306 574 1333 loco
588 1314 667 1340 saepe
681 1310 706 1332 et
719 1310 790 1332 certo
807 1305 841 1331 de

43 1347 114 1369 statu
128 1343 260 1369 demovet.
301 1344 392 1378 Itaque
406 1345 490 1370 saucii
504 1352 584 1378 saepe
598 1343 733 1374 homines,
753 1351 839 1378 quum

42 1389 150 1415 corpore
164 1379 349 1412 debilitantur,
370 1381 459 1408 animo
473 1386 560 1408 tamen
575 1389 627 1407 non
641 1380 739 1407 cedunt
754 1388 840 1415 neque

42 1426 105 1444 eum
123 1418 276 1453 relinquunt
295 1417 395 1449 locum,
419 1427 501 1454 quem
523 1419 665 1445 statuerint
683 1418 838 1450 defendere3

43 1460 68 1482 at
86 1455 131 1482 alii
151 1455 288 1490 pelluntur
304 1456 415 1492 integri:
444 1460 473 1482 ut
491 1465 542 1482 non
563 1456 678 1482 dubium
702 1456 748 1487 sit,
773 1456 840 1491 quin

43 1493 126 1520 maior
140 1493 258 1519 adhibita
273 1493 313 1519 vis
328 1494 351 1520 ei
363 1494 405 1525 sit,
421 1494 500 1520 cuius
511 1494 617 1520 animus
628 1494 662 1520 sit
672 1494 837 1529 perterritus.

42 1539 124 1566 quam
138 1530 191 1561 illi,
211 1531 290 1556 cuius
307 1539 404 1566 corpus
418 1531 588 1558 vulneratum
603 1532 646 1557 sit.
689 1532 730 1558 43.
751 1529 841 1563 Quid?

42 1569 66 1594 si
80 1569 107 1594 vi
122 1568 214 1603 pulsos
228 1567 344 1594 dicimus
359 1569 491 1595 exercitus
505 1577 564 1595 esse
578 1577 635 1600 eos,
656 1569 703 1604 qui
723 1573 795 1594 metu
811 1576 840 1594 ac

42 1606 117 1632 tenui
135 1613 214 1640 saepe
235 1606 388 1641 suspicione
407 1606 519 1641 periculi
538 1606 677 1642 sugerunt,
699 1611 723 1632 et
746 1606 768 1632 si
788 1614 839 1632 non

42 1642 130 1670 solum
148 1642 270 1677 impulsu
288 1647 425 1670 scutorum
444 1653 531 1679 neque
551 1643 674 1670 conflictu
697 1652 839 1678 corporum

43 1689 130 1715 neque
148 1680 202 1707 ictu
220 1681 343 1707 cominus
362 1689 449 1716 neque
466 1682 630 1708 coniectione
645 1681 771 1711 telorum,
793 1680 840 1706 sed
862 1687 863 1690 ’

42 1726 121 1753 saepe
134 1717 248 1744 clamore
263 1719 322 1753 ipso
335 1718 451 1745 militum
466 1723 512 1745 aut
525 1719 699 1745 instructione
717 1723 841 1753 aspectu-

42 1763 96 1791 que
109 1755 248 1791 signorum
264 1764 373 1792 magnas
387 1757 477 1791 copias
492 1756 584 1791 pulsas
599 1765 657 1782 esse
676 1760 701 1782 et
720 1756 839 1782 vidimus

43 1797 69 1819 et
81 1793 250 1819 audivimus:
266 1801 335 1828 quae
346 1794 387 1820 vis
401 1794 428 1820 in
443 1793 513 1821 bello
527 1793 685 1829 appellatur,
702 1802 731 1820 ea
746 1794 772 1820 in
787 1793 840 1819 otio

43 1839 95 1857 non
113 1830 310 1865 appellabitur?
335 1835 361 1858 et
377 1831 451 1866 quod
470 1831 615 1858 vehemens
634 1832 661 1858 in
680 1840 708 1857 re
730 1831 839 1857 militari

43 1872 165 1903 putatur,
185 1868 213 1894 id
233 1867 290 1895 leve
307 1868 336 1895 in
353 1869 411 1895 iure
428 1869 502 1895 civili
521 1868 702 1895 iudicabitur?
728 1873 753 1895 et
766 1868 839 1904 quod

43 1906 176 1932 exercitus
189 1910 302 1933 armatos
316 1910 418 1937 movet,
434 1906 462 1932 id
476 1906 674 1933 advocationem
690 1911 838 1942 togatorum

43 1951 95 1970 non
122 1943 258 1969 videbitur
283 1943 418 1970 movisse?
443 1948 468 1970 et
492 1944 592 1970 vulnus
613 1945 731 1979 corporis
754 1944 839 1979 magis

42 1981 121 2007 istam
136 1981 201 2012 vim,
217 1989 298 2016 quam
313 1985 394 2007 terror
407 1981 489 2008 animi
501 1981 663 2008 declarabit?
677 1981 840 2008 etsauciatio

42 2021 199 2052 quaeretur,
219 2026 304 2052 quum
319 2017 410 2054 fugam
427 2018 521 2044 factam
535 2027 595 2045 esse
608 2019 758 2045 constabit?
796 2020 837 2046 tt.

42 2055 118 2082 Tuus
136 2055 208 2081 enim
227 2056 302 2081 testis
321 2055 370 2081 hoc
387 2056 468 2086 dixit,
491 2061 562 2082 metu
582 2057 727 2091 perterritis
742 2057 839 2083 nostris

43 2092 192 2124 advocatis,
213 2091 300 2118 locum
318 2101 360 2124 se,
380 2101 433 2128 qua
452 2093 610 2128 effugerent,
631 2093 837 2120 demonstrasse.

43 2129 95 2162 Qui
114 2138 165 2156 non
185 2129 264 2156 modo
282 2134 310 2156 ut
329 2129 463 2166 fugerent,
488 2130 535 2156 sed
557 2131 635 2157 etiam
655 2131 742 2166 ipsius
762 2131 840 2167 fugae

43 2171 127 2194 tutam
144 2167 212 2193 viam
227 2167 431 2202 quaesiverunt,
452 2167 495 2194 his
510 2169 551 2194 vis
565 2168 684 2194 adhibita
699 2177 750 2195 non
766 2169 841 2195 vide-

43 2204 133 2232 bitur?
146 2204 216 2237 Quid
231 2204 314 2240 igitur
328 2204 483 2240 fugiebant?
497 2210 603 2240 propter
617 2210 729 2232 metum.
769 2206 840 2239 Quid

44 2241 216 2269 metuebant?
243 2242 297 2268 vim
313 2242 446 2268 videlicet.
487 2242 599 2269 Potestis
614 2243 695 2279 igitur
709 2244 839 2278 principia

44 2288 152 2316 negare,
168 2288 253 2315 quum
268 2284 385 2306 extrema
400 2279 563 2306 conceditis?
589 2280 701 2316 Fugisse
716 2281 841 2316 perterri-

45 2321 84 2344 tos
95 2317 271 2344 confitemini:
288 2326 410 2343 caussam
424 2317 501 2352 fugae
511 2317 600 2343 dicitis
611 2318 742 2349 eamdem,
758 2327 840 2353 quiam

44 2362 136 2381 omnes
154 2354 345 2391 intelligimus,
366 2363 451 2385 arma,
473 2354 674 2381 multitudinem
689 2355 838 2386 hominum,

44 2391 223 2418 incursionem
246 2397 326 2427 atque
349 2393 480 2427 impetum
503 2397 678 2418 armatorum:
696 2393 771 2419 'haec
794 2393 840 2420 ubi

44 2429 226 2456 conceduntur
240 2438 298 2456 esse
313 2429 387 2461 sacta,
405 2430 441 2455 ibi
457 2430 497 2455 vis
512 2429 578 2455 sacta
594 2429 751 2465 negabitur?

98 2466 168 2495 xvi.
191 2468 232 2494 65.
255 2467 287 2494 At
306 2476 368 2493 vero
388 2467 436 2493 lioc
454 2467 564 2502 quidem
585 2467 635 2493 inm
657 2472 733 2493 vetus
755 2472 794 2494 est
816 2472 842 2494 et
864 2494 865 2501 ,

45 2504 176 2531 maiorum
194 2503 317 2539 exemplo
333 2504 425 2530 multis
445 2505 470 2530 in
490 2504 570 2530 rebus
589 2504 731 2531 usitatum:
755 2513 841 2539 quum

45 2540 78 2567 ad
93 2541 146 2568 vim
161 2541 307 2568 faciendam
323 2542 466 2572 veniretur,
482 2541 504 2567 si
515 2550 583 2576 quos
594 2546 707 2568 armatos
717 2543 842 2577 quamvis
864 2551 865 2577 j

45 2578 136 2613 pmcul
151 2579 362 2614 conspexissent,
379 2579 508 2605 utstatim
520 2579 651 2605 testificati
663 2579 839 2610 discederent,
864 2585 865 2590 ¹

46 2617 144 2650 optime
159 2617 329 2651 sponsionem
342 2616 426 2643 fucere
437 2621 555 2651 possent,
572 2625 598 2642 κι
613 2626 764 2643 Λονεκευε
779 2626 842 2643 eni—

46 2659 121 2679 cruu
136 2662 298 2680 ratiti-onis
313 2663 356 2680 vis
370 2662 462 2680 ι-ΛοτΛ
478 2663 574 2680 esser.
610 2654 681 2679 itane
696 2653 776 2680 vero?
789 2654 841 2680 sei-

47 2697 82 2721 re,
98 2698 156 2717 esse
170 2695 292 2720 armatos.
309 2691 374 2717 satis
389 2695 436 2722 est,
454 2695 483 2717 ut
497 2692 551 2717 vim
569 2691 662 2717 sactum
678 2692 788 2726 probes:
814 2693 840 2718 in
863 2691 872 2715 ιζ

1635 149 1683 174 3539

891 227 986 244 manus
1005 227 1097 244 eorum
1116 218 1246 249 incidere,
1267 227 1319 244 non
1338 222 1377 244 est
1391 217 1473 244 satis?
1498 218 1629 253 Aspectus
1643 228 1686 245 ar-

891 260 1022 282 matorum
1038 256 1071 282 ad
1086 256 1140 281 vim
1155 256 1318 289 probandam
1333 255 1446 282 valebit:
1461 256 1587 282 incursus
1598 261 1622 282 et
1635 257 1685 282 im-

891 298 969 328 petus
983 302 1035 319 non
1051 292 1166 319 valebit?
1192 294 1239 327 qui
1254 293 1360 323 abierit,
1382 292 1487 319 facilius
1506 293 1557 319 sibi
1576 294 1632 319 vim
1647 293 1686 319 fa-

891 335 959 356 ctam
979 331 1114 366 probabit,
1135 339 1216 365 quam
1235 331 1281 365 qui
1301 330 1440 366 effugerit‘.>
1472 331 1512 356 46.
1528 330 1561 356 At
1575 339 1623 365 ego
1637 330 1686 357 hoc

891 368 963 395 dico:
980 369 1011 399 si,
1028 372 1058 394 ut
1071 369 1157 403 primo
1172 368 1199 395 in
1212 367 1322 394 castello
1331 367 1458 394 Caecinae
1473 367 1541 394 dixit
1555 368 1686 394 Aebutius

892 414 919 431 se
934 405 1056 431 homines
1070 406 1190 441 coegisse
1205 410 1230 431 et
1244 414 1375 436 armasse,
1396 414 1484 440 neque
1502 405 1594 435 illum,
1615 406 1638 431 si
1656 414 1687 431 eo

891 443 1061 473 accessisset,
1085 443 1236 473 abiturum,
1261 443 1351 469 statim
1370 442 1481 469 Caecina
1503 442 1684 474 discessisset,

892 480 1015 506 dubitare
1033 489 1080 506 vos
1099 489 1150 506 non
1169 480 1308 510 debuisse,
1328 481 1395 515 quin
1414 480 1541 506 Caecinae
1560 479 1626 506 sacta
1645 480 1687 506 vis

893 522 971 543 esset.
993 517 1020 543 Si
1036 526 1106 548 vero,
1123 517 1236 543 simulac
1251 517 1342 552 procul
1357 518 1495 552 conspexit
1505 522 1628 548 armatos,
1645 526 1688 543 re-

892 555 1026 585 cessisset,
1042 563 1074 581 eo
1087 555 1177 581 minus
1192 555 1359 581 dubitaretis.
1386 554 1480 581 Omnis
1494 555 1565 581 enim
1581 555 1622 581 vis
1636 559 1685 585 est,

892 601 961 626 quae
980 592 1098 626 periculo
1116 597 1162 618 aut
1180 592 1306 618 decedere
1325 601 1373 618 nos
1392 592 1515 618 alicunde
1534 593 1616 628 cogit,
1642 595 1688 618 aut

892 629 1015 664 prohibet
1029 629 1162 656 accedere.
1202 629 1277 661 Quod
1297 629 1320 655 si
1339 629 1414 655 aliter
1428 630 1562 656 statuetis:
1587 629 1685 660 videte,

892 675 924 692 ne
939 667 989 693 hoc
1006 676 1054 693 vos
1072 667 1206 697 statuatis,
1234 667 1281 701 qui
1301 667 1380 692 vivus
1398 667 1564 697 discesserit,
1589 667 1612 692 ei
1631 667 1687 693 vim

893 713 944 730 non
967 712 1025 730 esse
1044 704 1153 734 factam,
1179 713 1211 730 ne
1230 704 1279 730 hoc
1297 704 1424 730 omnibus
1442 704 1469 730 in
1485 705 1687 739 possessionum

892 742 1079 768 controversiis
1097 742 1296 776 praescribatis.
1321 746 1352 768 ut
1368 741 1564 777 confligendum
1587 742 1638 767 sibi
1662 745 1689 767 et

892 779 973 805 armis
991 778 1182 805 decertandum
1201 783 1309 813 putent:
1337 787 1383 809 ne,
1409 779 1636 813 quemadmodum
1659 779 1687 805 in

892 816 962 842 bello
976 824 1060 850 poena
1074 816 1179 852 ignavis
1193 816 1226 842 ab
1236 816 1442 851 imperatoribus
1453 817 1632 846 constituitur,
1649 816 1688 841 sic

892 854 919 880 in
937 853 1046 880 iudiciis
1064 853 1179 880 deterior
1196 862 1291 880 caussa
1309 854 1344 880 sit
1362 862 1466 884 eorum,
1492 853 1540 888 qui
1559 852 1685 888 fugerint,

891 899 971 926 quam
983 891 1030 926 qui
1041 891 1073 917 ad
1085 896 1234 917 extremum
1245 900 1332 926 usque
1342 891 1533 917 contenderint.
1549 891 1589 917 47.
1598 889 1687 922 Quum

892 929 924 954 de
938 929 996 954 iure
1011 933 1036 954 et
1051 928 1178 964 legitimis
1190 929 1330 955 hominum
1341 929 1529 955 controversiis
1541 928 1685 962 loquimur.

892 971 917 992 et
931 967 958 992 in
973 966 1016 992 his
1031 966 1111 992 rebus
1127 966 1181 992 vim
1196 967 1381 997 nominamus,
1403 966 1539 1000 pertenuis
1554 966 1594 991 vis
1609 965 1689 991 intel-

893 1003 940 1039 ligi
954 1003 1043 1030 debet.
1083 1004 1145 1030 Vidi
1159 1008 1287 1035 armatos,
1308 1004 1433 1038 quamvis
1452 1012 1565 1038 paucos:
1592 1011 1689 1038 magna

892 1041 934 1068 vis
948 1045 997 1067 est.
1038 1041 1144 1067 Decessi
1159 1042 1240 1067 unius
1255 1041 1372 1068 bominis
1387 1041 1438 1067 telo
1452 1041 1622 1075 perterritus:
1643 1040 1690 1066 de-

892 1079 976 1105 iectus
995 1078 1174 1114 detrususque
1193 1088 1264 1105 sum.
1305 1079 1358 1105 Hoc
1376 1080 1399 1105 si
1418 1079 1452 1104 ita
1475 1078 1610 1104 statuetis:
1637 1086 1688 1103 non

861 1115 870 1131 V
893 1116 970 1143 modo
984 1125 1036 1143 non
1051 1117 1108 1147 erit,
1124 1125 1172 1142 cur
1185 1117 1340 1152 depugnare
1349 1117 1494 1151 quisquam
1507 1115 1617 1150 posthac
1627 1124 1690 1149 pos-

891 1154 1020 1180 sessionis
1034 1163 1129 1180 caussa
1143 1153 1221 1185 velit,
1242 1154 1290 1180 sed
1309 1163 1341 1180 ne
1359 1153 1426 1180 illud
1441 1153 1566 1189 quidem,
1587 1162 1634 1179 cur
1648 1161 1690 1178 re—

892 1200 1022 1228 pugnare.
1044 1191 1091 1218 Sin
1105 1196 1195 1218 autem
1209 1192 1264 1217 vim
1280 1192 1338 1218 sine
1352 1191 1440 1221 caede,
1457 1192 1515 1217 sine
1526 1190 1690 1217 vulneratio-

892 1238 934 1260 ne,
950 1230 1008 1256 sine
1022 1230 1166 1265 sanguine,
1183 1229 1285 1255 nullam
1300 1229 1469 1265 intelligetis:
1494 1228 1624 1258 statuetis,
1642 1227 1690 1253 ho-

893 1268 979 1294 mines
994 1267 1172 1302 possessionis
1186 1267 1347 1301 cupidiores,
1364 1276 1445 1302 quam
1461 1267 1529 1292 vitae
1543 1274 1601 1291 esse
1612 1273 1690 1300 opor-

893 1310 955 1331 tere.
981 1305 1063 1331 XVll.
1080 1306 1121 1331 48.
1138 1304 1193 1340 Age
1207 1313 1277 1336 vero¹
1294 1304 1327 1330 de
1342 1305 1368 1330 vi
1384 1309 1407 1330 te
1422 1304 1513 1338 ipsum
1528 1303 1632 1329 habebo
1647 1303 1690 1328 iu—

891 1343 988 1373 dicem,
1004 1342 1110 1368 Aebuti.
1132 1342 1281 1376 Responde,
1298 1342 1321 1368 si
1336 1342 1384 1368 tibi
1396 1342 1511 1368 videtur.
1533 1341 1562 1367 In
1574 1340 1688 1366 fundum

892 1380 1003 1407 Caecina
1018 1384 1108 1406 utrum
1123 1379 1229 1405 tandem
1244 1379 1342 1409 noluit,
1363 1388 1395 1405 an
1416 1388 1466 1405 non
1483 1379 1567 1413 potuit
1581 1377 1690 1403 accedeh

892 1417 938 1444 re‘?
963 1417 1052 1449 Quum
1068 1422 1091 1443 te
1105 1417 1242 1443 obstitisse
1257 1421 1281 1442 et
1296 1417 1427 1451 repulisse
1441 1416 1517 1446 dicis,
1533 1420 1603 1441 certe
1618 1415 1690 1441 hunc

892 1455 1011 1482 voluisse
1029 1454 1162 1481 concedis.
1203 1455 1279 1480 Potes
1298 1455 1380 1489 igitur
1397 1454 1499 1483 dicere,
1521 1462 1571 1479 non
1590 1453 1612 1478 ei
1635 1452 1689 1478 vim

893 1493 977 1519 fuisse
991 1492 1192 1527 impedimento,
1208 1492 1265 1522 cui,
1281 1500 1366 1526 quum
1382 1496 1490 1526 cuperet
1503 1499 1588 1525 eoque
1602 1490 1690 1515 consi-

893 1530 928 1557 lio
942 1531 1072 1560 venisset,
1094 1538 1140 1564 per
1159 1529 1280 1555 homines
1295 1533 1397 1555 coactos
1412 1537 1463 1555 non
1479 1529 1513 1554 sit
1529 1528 1631 1553 licitum
1646 1535 1690 1553 ac-

891 1567 1004 1594 cedere?
1029 1567 1057 1594 Si
1072 1568 1143 1593 enim
1160 1567 1199 1593 id.
1215 1566 1288 1601 quod
1304 1567 1419 1592 maxime
1434 1565 1527 1596 voluit,
1545 1564 1618 1591 nullo
1633 1573 1690 1590 mo-

891 1605 926 1632 do
939 1606 1034 1640 potuit,
1053 1605 1093 1631 vis
1109 1603 1224 1639 profecto
1235 1605 1366 1638 quaedam
1377 1604 1509 1629 obstiterit
1521 1611 1627 1629 neeesse
1639 1607 1687 1632 est,

892 1647 937 1669 aut
951 1647 979 1669 tu
993 1643 1050 1673 dic,
1069 1641 1259 1677 quamobrem,
1281 1650 1365 1676 quum
1382 1641 1461 1667 vellet
1479 1641 1616 1669 accedere,
1638 1648 1689 1666 non

892 1681 1041 1707 accesserit.
1064 1681 1105 1706 49.
1122 1680 1175 1705 lam
1191 1679 1245 1705 vim
1262 1679 1355 1705 saetam
1368 1687 1463 1713 negare
1474 1687 1526 1704 non
1539 1682 1626 1712 potes:
1644 1677 1690 1703 dc*

892 1719 976 1744 iectus
988 1716 1217 1753 quemadmodum
1229 1717 1272 1747 sit,
1285 1717 1394 1751 quinon
1405 1716 1553 1745 accesserit,
1571 1715 1596 1741 id
1608 1723 1690 1749 quae-

892 1756 968 1782 ritur.
1009 1755 1149 1781 Demoveri
1168 1754 1239 1780 enim
1259 1759 1283 1780 et
1298 1753 1395 1788 depelli
1411 1753 1443 1779 de
1459 1753 1514 1779 loeo
1529 1761 1636 1778 necesse
1651 1757 1690 1778 est

892 1802 965 1824 eum,
980 1793 1027 1828 qui
1043 1792 1189 1819 deiiciatur.
1212 1791 1240 1817 Id
1255 1796 1343 1817 antem
1358 1791 1477 1817 accidere
1492 1791 1515 1816 ei
1530 1791 1576 1825 qui
1593 1794 1687 1824 potest.

891 1831 940 1866 qui
954 1831 1063 1857 omnino
1076 1831 1103 1856 in
1119 1838 1150 1856 eo
1166 1829 1234 1859 loco,
1256 1829 1327 1855 unde
1346 1837 1374 1854 se
1393 1828 1526 1854 deiectum
1542 1836 1599 1853 esse
1613 1827 1688 1856 dicit.

893 1877 1041 1903 numquam
1057 1867 1125 1894 fuit?
1147 1866 1237 1899 Quid?
1259 1868 1281 1893 si
1298 1866 1400 1896 fuisset,
1417 1871 1441 1892 et
1455 1874 1488 1892 ex
1502 1874 1532 1891 eo
1548 1865 1603 1891 loco
1617 1869 1690 1890 metu

893 1911 1029 1941 permotus
1044 1905 1166 1941 fugisset,
1183 1914 1268 1940 quum
1283 1908 1398 1930 armatos
1413 1903 1537 1929 vidisset:
1553 1903 1690 1929 diceresne

891 1952 950 1970 esse
964 1942 1117 1970 deiectum?
1134 1942 1243 1977 Opinor.
1270 1941 1310 1968 An
1326 1946 1362 1972 tu,
1379 1942 1427 1976 qui
1442 1946 1494 1967 tam
1509 1940 1652 1975 diligenter
1665 1944 1690 1965 et

892 1986 945 2008 tam
963 1981 1059 2008 callide
1079 1980 1167 2006 verbis
1181 1980 1389 2006 controversiam
1405 1987 1456 2004 non
1471 1978 1604 2012 aequitate
1618 1977 1690 2003 diiu-

891 2019 977 2049 dieas,
998 2023 1023 2044 et
1037 2018 1094 2044 iura
1110 2026 1161 2044 non
1177 2018 1290 2043 utilitate
1304 2017 1455 2046 communi,
1471 2016 1519 2041 sed
1535 2015 1629 2041 litteris
1643 2023 1690 2040 ex-

893 2057 1001 2091 primis:
1018 2055 1150 2090 poterisne
1165 2055 1261 2085 dicere,
1278 2054 1412 2080 deiectum
1427 2062 1486 2079 esse
1501 2062 1572 2081 enni,
1588 2052 1636 2087 qui
1652 2056 1690 2077 ta—

891 2099 950 2120 ctus
965 2102 1016 2120 non
1031 2092 1098 2119 erit?
1114 2092 1204 2124 Quid?
1221 2092 1360 2118 detrusum
1380 2090 1470 2117 dices?
1489 2099 1549 2116 nam
1564 2098 1594 2115 eo
1609 2089 1690 2115 verbo

891 2136 966 2158 antea
987 2135 1119 2165 praetores
1138 2131 1164 2156 in
1180 2130 1228 2156 lioc
1242 2129 1382 2156 interdicto
1397 2129 1434 2154 uti
1449 2127 1578 2154 solebant.
1619 2126 1688 2158 Quid

892 2168 950 2195 ais?
972 2172 1091 2203 potestne
1105 2167 1210 2193 detrudi
1225 2167 1384 2202 quisquam,
1406 2166 1452 2201 qui
1469 2174 1518 2191 non
1534 2163 1690 2199 attingitur?

893 2207 998 2236 Nonne,
1019 2206 1041 2231 si
1057 2205 1169 2231 verbum
1185 2204 1261 2239 sequi
1278 2204 1417 2233 volumus,
1440 2203 1489 2229 hoc
1507 2201 1689 2236 intelligamus

893 2251 1001 2270 necesso
1015 2247 1063 2273 est,
1081 2251 1142 2268 eum
1157 2241 1272 2271 detrudi,
1289 2241 1333 2267 cui
1349 2249 1444 2266 manus
1458 2238 1620 2266 ain-rantur?
1639 2239 1689 2264 Ne·

892 2289 967 2306 cesse
980 2284 1029 2310 est,
1045 2280 1166 2314 inquam,
1183 2279 1204 2304 si
1221 2279 1252 2304 nd
1265 2278 1376 2304 verbnm
1389 2287 1443 2304 rem
1457 2276 1582 2303 volumus
1593 2275 1690 2301 adimi-

870 2342 871 2346 ,
892 2326 963 2353 gere,
980 2317 1114 2343 neminem
1129 2316 1209 2342 statui
1224 2316 1373 2345 detrusum,
1389 2315 1437 2349 qui
1453 2323 1503 2340 non
1518 2313 1636 2339 adhibita
1652 2313 1687 2341 vi,

870 2354 872 2364 ¹
894 2363 974 2381 manu
989 2354 1113 2380 demotus
1127 2358 1152 2379 et
1166 2358 1241 2379 uetus
1254 2361 1379 2387 praeceps
1390 2351 1563 2386 intelligatur.
1586 2351 1627 2375 50.
1641 2350 1690 2375 De-

894 2393 977 2418 iectus
996 2391 1078 2417 verbo
1095 2391 1142 2426 qui
1162 2394 1318 2425 potestesse
1332 2390 1491 2424 qnisquam,
1513 2388 1564 2414 nisi
1581 2388 1606 2413 in
1622 2386 1690 2413 inst»

894 2430 989 2456 riorcm
1006 2428 1092 2454 locum
1107 2428 1139 2454 de
1154 2427 1290 2462 superiore
1306 2427 1411 2452 motus?
1426 2426 1512 2451 Potest
1525 2424 1629 2459 pulsus,
1648 2423 1690 2450 [ιι-

893 2471 980 2502 gatus,
997 2467 1097 2492 eiectus
1112 2465 1242 2499 denique:
1260 2464 1327 2490 illud
1343 2473 1404 2490 vero
1419 2463 1494 2489 nullo
1505 2462 1582 2488 modo
1593 2466 1687 2497 potest,

893 2505 1012 2530 deiectus
1026 2512 1084 2529 esse
1098 2503 1253 2538 qnisquam,
1271 2511 1321 2528 non
1338 2501 1415 2527 inodo
1425 2501 1471 2536 qui
1485 2505 1570 2526 unctus
1581 2508 1631 2525 non
1643 2499 1686 2529 sit,

893 2541 939 2567 sed
956 2550 987 2567 ne
1001 2549 1087 2576 nequo
1099 2540 1210 2575 quidem
1225 2544 1250 2565 et
1265 2539 1344 2573 pinno
1358 2538 1422 2564 loco.
1463 2537 1532 2569 Quid
1547 2536 1627 2573 ergo‘?
1641 2536 1690 2562 boc

894 2579 1064 2605 interdictum
1081 2582 1206 2612 putamus
1221 2585 1312 2602 eornm
1324 2585 1382 2602 esse
1393 2584 1487 2602 caussa
1499 2574 1686 2609 compositum.

893 2617 940 2651 qni
959 2624 987 2641 se
1007 2616 1192 2650 praecipitatos
1210 2623 1243 2640 ex
1263 2614 1327 2640 locis
1345 2613 1531 2648 superioribus
1553 2611 1690 2638 dicerent?

893 2662 938 2679 eos
952 2653 1023 2679 enim
1039 2661 1100 2679 vere
1116 2661 1261 2687 possumus
1275 2651 1363 2677 dicere
1377 2659 1435 2677 esse
1449 2650 1574 2676 deiectos.

950 2690 1041 2716 xvttt.
1066 2690 1104 2716 An
1130 2699 1180 2716 non
1204 2698 1289 2724 quum
1313 2688 1436 2715 voluntas
1458 2692 1483 2714 et
1501 2687 1645 2714 consilium
1664 2690 1689 2712 et
