1941 3052
382 174 439 202 AD
471 176 767 202 IIERENNIUM
801 176 844 202 LI

21 246 86 274 xerit
112 253 266 280 numquam.
291 253 353 271 eum
376 246 427 271 sibi
452 246 479 272 in
501 246 674 272 concionibus
692 246 778 273 credis
793 255 807 272 a
827 247 829 283 1

19 283 155 312 mendacio
169 282 394 316 temperaturum?
413 284 491 309 Item:
512 283 583 315 Quos
595 292 627 310 ex
637 283 751 310 collibus
761 284 807 310 de-
827 286 828 289 ’

18 322 138 352 iecimus,
155 329 215 347 cum
230 320 272 345 his
287 320 313 346 in
328 328 422 354 campo
432 321 578 346 metuimus
589 321 733 347 dimicare?
744 321 804 353 Qui,

18 368 103 395 quum
117 357 206 393 plures
221 361 301 388 erant,
317 358 410 391 paucis
425 358 501 384 nobis
515 359 657 393 exaequari
672 367 723 385 non
733 363 808 393 pote-
827 360 829 397 ζ

17 401 83 428 rant,
100 396 136 427 hi,
153 398 292 429 postquam
311 395 448 428 pauciores
459 400 530 426 sunt,
547 397 692 422 metuimus
707 404 739 422 ne
754 396 807 422 sint
827 402 828 423 1

17 431 184 469 superiores?
215 434 256 457 26.
277 432 329 458 Hoc
348 433 525 459 exornationis
539 442 624 468 genus
639 433 768 459 brevibus
782 438 807 459 et
827 427 828 456 l

17 470 176 499 continuatis
198 469 286 495 verbis
309 468 455 503 perfectum
479 470 557 496 debet
578 479 646 501 esse,
674 474 699 496 et
721 479 806 505 quum
827 450 835 517 ll

17 506 185 536 commodum
199 511 238 532 est
252 506 354 538 auditu,
371 512 478 542 propter
495 508 603 534 brevem
618 512 643 534 et
657 508 806 534 absolutam
827 523 835 540 ¹<

17 544 221 575 conclusionem,
243 548 299 570 turn
318 553 380 570 vero
399 545 569 571 vehementer
586 545 622 576 id,
647 545 719 580 quod
738 554 806 579 opus
826 537 835 582 11

17 587 57 610 est
77 581 179 612 oratori,
203 581 357 616 comprobat
378 583 506 608 contraria
525 591 561 613 re,
581 586 606 608 et
624 591 658 608 ex
671 591 709 613 eo,
734 581 806 617 quod
826 587 835 616 g¹

17 620 129 647 dubium
148 627 199 645 non
217 623 265 650 est,
282 619 389 653 expedit
403 618 480 650 illud,
497 619 568 654 quod
583 619 697 646 dubium
712 624 760 651 est,
778 623 807 645 ut
826 618 835 650 1³

17 662 62 685 aut
74 656 141 684 dilui
155 664 206 682 non
220 657 313 691 possit,
326 660 371 682 aut
385 656 469 683 multo
483 656 642 683 difficillime
655 658 750 691 possit.
826 659 834 673 *¹

71 694 143 721 XIX.
163 694 313 720 Membrum
332 694 456 720 orationis
471 694 620 728 appellatur
634 703 675 720 res
690 694 806 720 breviter

17 731 135 759 absoluta
153 731 209 757 sine
228 731 309 757 totius
327 732 473 757 sententiae
487 732 720 763 demonstratione,
737 740 805 767 quae

16 769 102 796 denuo
123 768 173 795 alio
195 768 315 795 membro
337 769 462 795 orationis
485 769 625 803 excipitur,
647 770 696 796 hoc
710 769 803 796 modo:
833 785 834 795 l

16 807 48 834 Et
69 806 175 833 inimico
198 805 331 840 proderas.
366 806 394 832 Id
413 811 453 832 est
470 815 556 832 unum
569 807 642 841 quod
657 807 806 842 appellatur
826 813 834 838 ,ξ

16 844 178 876 membrum;
200 843 295 869 deinde
314 843 363 870 hoc
381 844 529 878 excipiatur
547 849 648 879 oportet
662 845 694 870 ab
709 844 803 871 altero:
833 840 834 884 1

14 881 47 908 Et
59 881 174 907 amicum
188 880 320 907 laedebas.
354 881 395 907 Ex
412 881 518 908 duobus
538 881 665 908 membris
681 882 745 908 haec
759 890 806 908 ex-

13 918 113 946 ornatio
130 922 216 953 potest
233 923 366 951 constare,
388 918 435 945 sed
454 919 670 945 commodissima
689 924 714 946 et
728 919 806 945 abso-

14 955 146 983 lutissima
160 960 208 987 est,
224 964 293 991 quae
307 964 339 982 ex
354 956 440 982 tribus
458 961 568 988 constat,
590 957 639 983 hoc
657 961 745 991 pacto:
773 957 805 983 Et
825 953 834 1000 j

13 993 122 1020 inimico
143 993 276 1028 proderas⁵
302 998 326 1020 et
348 994 465 1020 amicum
488 993 620 1025 laedebas,
645 999 670 1020 et
688 995 734 1020 tibi
751 995 803 1029 ipsi

14 1039 64 1057 non
83 1030 249 1057 consulebas.
283 1032 363 1057 Item:
387 1032 441 1057 Nec
455 1031 618 1066 reipublicae
632 1032 801 1064 consuluisti,

13 1077 60 1095 nec
74 1068 166 1094 amieis
180 1068 312 1103 profuisti,
329 1077 377 1094 nec
391 1069 508 1095 inimicis
523 1069 653 1095 restitisti.

65 1104 200 1132 Articulus
215 1106 319 1137 dicitur,
336 1115 420 1141 quum
440 1106 546 1142 singula
561 1107 640 1132 verba
655 1106 803 1133 intervallis
825 1117 833 1143 ιι

11 1141 214 1179 distinguuntur
228 1152 302 1170 caesa
316 1145 440 1175 oratione.
458 1144 507 1170 hoc
522 1144 614 1171 modo:
641 1144 800 1176 Acrimonia=
832 1153 833 1163 ι

12 1188 83 1212 voce,
93 1180 169 1207 vultu
184 1180 348 1207 adversarios
363 1182 539 1215 perterruisti.
574 1183 653 1208 Item:
678 1182 803 1208 Inimicos
824 1179 833 1224 41

11 1217 120 1249 invidia,
141 1218 256 1250 iniuriis,
276 1219 402 1253 potentia,
423 1219 534 1254 perfidia
554 1219 700 1246 sustulisti.
734 1221 804 1246 Inter

11 1254 92 1282 huius
114 1256 220 1291 generis
244 1260 269 1282 et
290 1256 363 1282 illius
383 1257 528 1291 superioris
544 1257 739 1283 vehementiam
754 1257 803 1283 hoc
831 1279 832 1283 ,

10 1292 127 1324 interest,
152 1293 224 1328 quod
239 1293 306 1320 illud
321 1293 422 1320 tardius
437 1299 462 1320 et
475 1295 561 1320 rarius
576 1295 658 1328 venit,
683 1295 733 1321 hoc
746 1304 804 1321 cre-
824 1302 832 1322 ἱ,

10 1329 85 1356 brius
103 1334 128 1356 et
147 1330 260 1357 celerius
279 1332 409 1365 pervenit.
444 1333 534 1367 Itaque
553 1333 580 1358 in
599 1331 646 1358 illo
659 1341 756 1368 genere
770 1341 803 1359 ex
824 1331 832 1362 ,l

9 1368 153 1394 remotione
171 1368 273 1394 brachii
292 1373 317 1395 et
335 1370 496 1396 contortione
510 1369 633 1396 dexterae
647 1370 755 1405 gladius
770 1370 802 1396 ad
823 1403 825 1405 .

9 1413 106 1439 corpus
128 1404 222 1436 afferri,
247 1406 274 1432 in
297 1405 346 1432 hoc
365 1411 453 1433 autem
468 1407 560 1433 crebro
573 1411 598 1433 et
612 1408 691 1434 celeri
705 1416 802 1442 corpus
824 1423 832 1431 ,ι

9 1442 119 1469 vulnere
133 1443 295 1469 consauciari
311 1443 424 1470 videtur.
830 1457 832 1475 ι

64 1480 106 1507 27.
122 1479 291 1507 Continuatio
306 1485 346 1506 est
363 1481 444 1507 densa
459 1485 484 1508 et
497 1482 635 1508 continens
650 1481 802 1517 frequenta-
830 1477 832 1506 l

9 1517 45 1544 tio
59 1516 200 1544 verborum
212 1526 273 1544 cum
288 1518 454 1545 absolutione
467 1520 669 1546 sententiarum.
692 1520 729 1546 Ea
745 1524 802 1546 ute-
822 1523 831 1570 Ἴ

10 1563 69 1582 mur
86 1554 304 1581 commodissime
323 1556 466 1590 tripartito:
491 1557 518 1583 in
533 1557 672 1588 sententia,
697 1558 724 1583 in
739 1566 802 1583 con-
829 1578 831 1596 3

10 1592 95 1624 trario,
110 1592 138 1618 in
152 1592 332 1619 conclusione.
348 1594 376 1619 In
390 1595 529 1625 sententia,
543 1594 590 1620 boc
602 1599 690 1628 pacto:
707 1595 737 1621 Ei
750 1604 800 1621 non
830 1613 831 1620 ι

9 1628 124 1656 multum
138 1634 224 1664 potest
238 1630 332 1656 obesse
345 1630 459 1662 fortuna,
473 1632 519 1666 qui
531 1631 582 1657 sibi
594 1632 698 1658 firmius
709 1633 735 1658 in
748 1633 802 1658 vir-
829 1621 831 1667 l

9 1671 72 1698 tute,
87 1675 169 1702 quani
182 1667 210 1693 in
223 1676 296 1699 casu,
313 1668 476 1702 praesidium
491 1668 639 1695 collocavit.
654 1670 684 1695 In
698 1675 801 1696 contra-

9 1704 55 1736 rio,
71 1704 121 1731 hoc
134 1704 225 1731 modo:
242 1705 308 1731 Nam
324 1705 346 1731 si
361 1706 408 1740 qui
422 1707 480 1741 spei
495 1715 546 1732 non
562 1706 677 1733 multum
688 1707 801 1734 colloca-
829 1722 831 1747 ι

9 1742 42 1768 rit
55 1742 82 1768 in
95 1750 168 1773 casu,
185 1742 251 1777 quid
266 1747 313 1774 est,
330 1743 403 1777 quod
417 1744 440 1770 ei
455 1752 553 1779 magno
567 1753 645 1779 opere
660 1753 738 1771 casus
753 1745 801 1771 ob-
828 1750 830 1771 <¹

9 1787 66 1806 esse
88 1778 190 1814 possit?
218 1780 247 1806 In
270 1780 449 1812 conclusione,
474 1781 524 1808 hoc
543 1786 632 1816 pacto:
656 1781 758 1814 Quodsi
773 1783 800 1809 in
829 1777 830 1792 ¹

9 1824 52 1844 eos
65 1816 212 1852 plurimum
227 1817 331 1844 fortuna
346 1822 440 1852 potest,
453 1819 499 1853 qui
510 1828 573 1845 suas
584 1820 697 1846 rationes
707 1828 800 1846 omnes
828 1846 830 1863 Ι

8 1853 36 1881 ίιι
53 1863 143 1881 casum
162 1854 340 1887 contulerunt,
362 1864 413 1882 non
432 1860 495 1882 sunt
509 1857 597 1882 onmia
611 1857 800 1884 committenda
828 1873 829 1890 3

8 1890 135 1924 fortunae,
152 1900 185 1918 ne
198 1901 323 1928 magnam
337 1893 418 1919 nimis
429 1894 456 1920 in
470 1902 518 1920 nos
533 1894 628 1920 babeat
641 1894 801 1921 dominatio-

9 1937 78 1956 nem.
99 1930 128 1956 In
146 1929 189 1956 his
209 1930 294 1956 tribus
311 1931 457 1966 generibus
475 1931 508 1958 ad
523 1931 729 1958 continuationis
744 1933 799 1959 vim

9 1965 72 1994 adeo
93 1965 268 2002 frequentatio
290 1972 330 1994 est
347 1969 504 2000 necessaria,
525 1973 555 1995 ut
568 1969 672 1995 infirma
687 1969 799 1996 facultas

7 2004 115 2031 oratoris
138 2004 267 2037 videatur,
292 2006 343 2032 nisi
367 2006 525 2032 sententiam
547 2010 573 2033 et
594 2008 756 2033 contrarium
774 2012 800 2034 et

8 2041 202 2068 conclusionem
221 2042 407 2078 frequentibus
426 2044 515 2070 efferat
533 2044 632 2070 verbis.
667 2044 719 2071 Sed
734 2045 799 2071 alias
820 2047 829 2081 ιζ

7 2086 113 2114 quoque
131 2088 333 2114 nonnumquam
352 2090 403 2107 non
423 2081 539 2107 alienum
559 2086 607 2113 est,
629 2083 733 2109 tametsi
753 2092 799 2109 ne-
827 2082 829 2116 J

8 2123 79 2143 cesse
101 2125 153 2143 non
176 2121 224 2148 est,
249 2117 338 2153 eloqui
361 2127 403 2144 res
426 2118 530 2153 aliquas
549 2128 596 2154 per
610 2119 798 2147 huiuscemodi

7 2154 225 2181 continuationes.

61 2190 122 2218 XX.
143 2191 256 2226 Compar
274 2191 432 2227 appellatur,
448 2193 520 2227 quod
536 2193 615 2220 babet
629 2194 656 2220 in
671 2203 699 2220 se
714 2203 799 2220 mem-

7 2226 53 2254 bra
65 2229 199 2260 orationis.
216 2228 248 2255 de
262 2230 363 2264 quibus
377 2234 436 2256 ante
450 2230 579 2263 diximus=
596 2240 664 2266 quae
678 2236 799 2258 constent
820 2238 828 2263 ,ᾗ

8 2273 41 2292 ex
51 2266 107 2301 pari
122 2265 176 2293 fere
190 2275 301 2293 numero
314 2267 488 2302 syllabarum.
510 2269 564 2295 IIoc
579 2277 629 2295 non
645 2268 799 2295 dinumera-

7 2302 76 2330 tione
97 2308 185 2330 nostra
207 2304 264 2330 fiet:
292 2304 364 2339 (nam
386 2304 413 2331 id
431 2305 540 2340 quidem
561 2305 663 2340 puerile
677 2306 737 2342 est.)
751 2306 798 2333 sed
827 2322 828 2343 l

7 2342 106 2367 tantum
121 2341 210 2368 afferet
223 2350 290 2368 usus
305 2346 329 2368 et
343 2342 495 2369 exercitatio
509 2342 651 2375 facultatis,
673 2348 702 2370 ut
716 2345 798 2370 animi
826 2354 829 2368 ι

7 2377 120 2412 quodam
134 2387 214 2405 sensu
229 2387 276 2414 par
291 2379 441 2406 membrum
455 2381 585 2415 superiori
601 2380 697 2407 referre
711 2382 799 2416 possi-

7 2421 76 2447 mu5‚
96 2415 145 2442 hoc
156 2415 248 2443 modo:
276 2417 305 2443 In
319 2416 419 2451 praelio
434 2422 544 2444 mortem
560 2422 632 2453 pater
646 2419 795 2453 oppetebat,
820 2432 828 2449 μ

7 2450 77 2478 domi
91 2452 162 2479 filius
177 2454 284 2488 nuptias
302 2454 483 2488 comparabat3
515 2455 578 2481 baec
596 2456 683 2482 onmia
702 2465 798 2489 ¹graves
819 2478 827 2489 2,

6 2496 83 2516 casus
96 2489 325 2517 administrabant.
360 2492 438 2517 Item:
458 2491 511 2518 Atii
526 2491 630 2518 fortuna
645 2490 796 2519 felicitatem
819 2488 827 2528 l

7 2524 86 2558 dedit.
103 2527 166 2554 huic
180 2527 311 2554 industria
326 2529 451 2555 virtutem
467 2530 638 2563 comparavit.
655 2532 697 2558 28.
710 2531 736 2556 In
748 2531 797 2556 boc
825 2529 827 2563 l

5 2570 101 2599 genere
113 2573 192 2599 saepe
206 2565 263 2592 [ieri
277 2570 370 2600 potest,
393 2570 421 2592 ut
435 2575 486 2592 non
502 2566 578 2600 plane
594 2576 639 2601 par
653 2568 688 2593 sit
703 2576 797 2594 nume-
818 2569 827 2598 g<

6 2607 52 2628 rus
73 2601 246 2638 syllabarum,
271 2607 297 2629 et
319 2607 406 2630 tamen
426 2612 484 2629 esse
500 2603 629 2634 videatur,
646 2605 669 2630 si
685 2613 736 2631 una
751 2610 796 2631 aut

7 2637 84 2665 etiam
106 2638 186 2666 altera
207 2639 311 2676 syllaba
333 2645 373 2667 est
395 2640 552 2667 alterutrum
568 2641 685 2673 brevius,
703 2647 748 2669 aut
761 2642 793 2673 si,
817 2631 826 2677 ,l

6 2681 90 2710 quum
104 2676 131 2702 in
145 2676 226 2703 altero
239 2677 330 2712 plures
345 2682 416 2709 sunt,
434 2678 460 2704 in
475 2678 556 2704 altero
571 2678 672 2714 longior
682 2683 727 2705 aut
739 2679 795 2706 lon·
817 2684 825 2710 ,1

6 2712 100 2748 gi0res,
121 2713 223 2748 plenior
240 2719 286 2742 aut
303 2715 436 2750 pleniores
454 2715 573 2751 syllabae
592 2721 677 2747 erunt,
697 2721 725 2743 ut
739 2716 795 2743 lon-

861 177 887 202 B.
919 177 961 202 tv.
997 176 1095 203 CAP.
1133 179 1163 204 43
1184 194 1219 198 —
1240 180 1281 205 22.
1618 183 1650 208 ⁶27

858 246 951 281 gitudo
974 252 1019 273 aut
1040 247 1179 282 plenitudo
1202 249 1298 275 harum
1322 250 1522 277 multitudinem
1544 251 1653 279 alterius

859 289 1017 318 assequatur
1031 290 1055 311 et
1069 290 1208 320 exaequet.

915 321 1043 348 Similiter
1065 322 1161 349 cadens
1184 323 1321 350 exornatio
1343 324 1500 359 appellatur,
1526 335 1611 361 quum
1626 328 1654 354 in

858 358 950 384 eadem
973 361 1168 386 constructione
1191 360 1335 387 verborum
1357 362 1411 388 duo
1433 367 1477 388 aut
1497 362 1573 397 plura
1591 370 1654 391 sunt

859 396 947 427 verba,
973 405 1040 431 quae
1059 397 1183 423 similiter
1201 397 1297 424 iisdem
1311 399 1419 425 casibus
1433 399 1587 432 efferuntur‚
1604 401 1654 428 hoc

859 433 950 459 modo:
963 434 1103 460 Hominem
1116 434 1208 461 laudas
1219 440 1341 471 egentem
1348 436 1464 468 virtutis,
1473 438 1653 465 abundantem

859 469 1002 497 felicitatis.
1030 472 1109 498 Item:
1131 472 1214 499 Cuius
1229 473 1316 499 omnis
1330 474 1357 499 in
1373 475 1484 508 pecunia
1499 484 1561 510 spes
1576 481 1623 507 est,
1641 485 1654 502 a

858 508 988 541 sapientia
1013 514 1051 534 est
1074 510 1180 536 animus
1203 515 1331 536 remotus.
1365 511 1506 547 Diligentia
1521 519 1655 548 comparat

858 544 975 576 divitias,
1000 546 1163 581 negligentia
1184 548 1330 582 corrumpit
1353 549 1488 575 animum:
1519 555 1545 576 et
1567 555 1654 577 tamen

858 591 942 616 quum
966 583 1001 608 ita
1025 584 1100 614 vivit,
1126 585 1261 610 neminem
1287 594 1349 619 prae
1371 595 1400 612 se
1418 586 1492 613 ducit
1506 587 1652 614 hominem.

858 619 987 645 Similiter
1004 619 1131 647 desinens
1150 626 1198 653 est,
1219 631 1313 656 quum,
1336 624 1439 650 tametsi
1453 633 1531 650 casus
1546 634 1598 651 non
1613 626 1655 652 in-

857 661 920 682 sunt
934 657 960 683 in
976 657 1074 688 verbis,
1092 662 1179 684 tamen
1191 659 1293 685 similes
1308 661 1396 686 exitus
1411 667 1482 692 sunt,
1499 662 1548 688 boc
1562 668 1651 697 pacto:

833 706 834 711 ι
858 695 981 728 Turpiter
995 695 1076 720 audes
1096 695 1189 727 facere,
1211 698 1333 731 nequiter
1347 698 1439 724 studes
1453 699 1550 726 dicere.
1578 701 1653 727 vivis

833 736 834 742 ¹
858 731 999 763 invidiose,
1016 732 1152 767 delinquis
1167 733 1295 765 studiose,
1313 734 1430 769 loqueris
1445 736 1545 763 odiose.
1571 738 1651 764 ltem:

833 775 834 784 ¹
858 769 988 795 Audacter
1004 770 1115 800 territas,
1133 770 1271 796 humiliter
1286 771 1383 805 placas.
1400 773 1467 799 Haec
1482 774 1535 800 duo
1545 784 1651 810 genera,

857 815 973 840 quorum
988 806 1100 833 alterum
1116 808 1142 833 in
1157 809 1254 839 exitus,
1272 809 1384 835 alterum
1399 810 1426 836 in
1437 819 1514 837 casus
1525 812 1654 839 similitu-

857 844 918 869 dine
934 849 1062 875 versatur,
1080 846 1148 871 inter
1161 854 1189 871 se
1204 846 1376 872 vehementer
1389 849 1564 881 conveniunt,
1585 855 1609 876 et
1623 859 1652 876 ea

833 886 834 889 ’
857 890 893 912 re,
910 881 952 907 his
967 882 1014 916 qui
1029 882 1096 908 bene
1112 887 1232 913 utuntur,
1253 883 1413 918 plerumque
1428 886 1508 911 simul
1524 895 1553 912 ea
1572 887 1653 914 collo-

857 923 916 944 cant
930 919 957 944 in
972 919 1068 945 iisdem
1083 920 1204 954 partibus
1219 921 1354 947 orationis.
1376 922 1405 948 Id
1420 922 1468 948 hoc
1482 929 1558 958 paeto
1569 924 1653 951 facere

856 960 971 990 oportet:
994 956 1177 983 Perditissima
1200 959 1265 984 ratio
1287 963 1335 990 est,
1357 968 1473 986 amorem
1488 965 1585 995 petere,
1603 971 1653 996 pu-

856 993 947 1019 dorem
970 993 1077 1029 sugere,
1105 994 1216 1030 diligere
1239 995 1361 1027 formam,
1386 997 1521 1033 negligere
1543 998 1650 1026 famam.

857 1031 904 1056 llic
918 1036 942 1056 et
957 1040 985 1056 ca
1000 1032 1089 1062 verba,
1106 1041 1174 1066 quae
1193 1041 1271 1058 casus
1287 1033 1393 1065 liabent,
1410 1035 1443 1060 ad
1457 1044 1535 1061 casus
1550 1037 1653 1062 similes

857 1072 881 1094 et
896 1068 949 1099 illa,
966 1077 1034 1103 quae
1049 1078 1100 1095 non
1116 1069 1222 1100 habent,
1240 1070 1272 1095 ad
1286 1071 1389 1097 similes
1404 1073 1492 1098 exitus
1507 1075 1627 1100 veniunt.
1649 1084 1709 1104 κβ

911 1105 985 1131 XXI.
1002 1108 1042 1132 29.
1059 1106 1247 1133 Annominatio
1258 1112 1305 1139 est,
1319 1117 1403 1143 quum
1414 1109 1447 1135 ad
1458 1110 1528 1136 idem
1540 1112 1651 1138 verbum

855 1147 880 1169 et
894 1143 926 1169 ad
937 1143 1007 1169 idem
1020 1152 1116 1170 nomen
1128 1144 1263 1171 acceditur
1273 1147 1479 1173 commutatione
1491 1148 1571 1174 unius
1584 1148 1653 1175 litte-

856 1190 898 1207 rae
912 1185 958 1206 aut
972 1180 1134 1213 litterarum3
1151 1182 1238 1208 autad
1251 1191 1292 1209 res
1304 1183 1450 1210 dissimiles
1462 1185 1561 1211 similia
1572 1187 1651 1212 verba

824 1226 833 1248 ς,
855 1218 1098 1245 accommodantur.
1132 1219 1169 1245 Ea
1184 1220 1277 1246 multis
1292 1225 1317 1247 et
1332 1222 1412 1247 variis
1427 1223 1575 1249 rationibus
1589 1233 1652 1250 con-

855 1256 952 1282 ficitur.
985 1256 1171 1283 Attenuatione
1191 1262 1236 1284 aut
1249 1258 1433 1293 complexione
1447 1260 1568 1286 eiusdem
1584 1261 1653 1287 litte-

855 1302 907 1324 rae,
928 1293 981 1319 sic:
1009 1294 1064 1325 Hic,
1081 1295 1128 1329 qui
1143 1304 1172 1320 se
1187 1296 1327 1331 magnifice
1342 1296 1419 1322 iactat
1434 1302 1513 1332 atque
1527 1303 1648 1329 ostentat,

857 1331 938 1357 veniit
961 1340 974 1357 a
994 1335 1018 1357 tc
1036 1337 1104 1363 ante,
1121 1341 1202 1367 quam
1219 1333 1330 1359 Romam
1345 1335 1426 1360 venit.
1457 1335 1497 1361 Ex
1511 1337 1649 1367 contrario,

854 1369 906 1394 sic:
938 1369 994 1400 IIic,
1018 1378 1086 1404 quos
1111 1370 1232 1396 homines
1252 1370 1308 1397 alea
1324 1372 1395 1403 vicit,
1412 1381 1456 1398 eos
1471 1372 1540 1399 ferro
1562 1375 1650 1400 statim

855 1406 947 1432 vincit.
991 1407 1166 1433 productione
1193 1408 1315 1434 eiusdem
1343 1408 1456 1441 litterae,
1490 1410 1539 1436 boc
1559 1412 1649 1438 modo:

853 1443 930 1469 IIunc
944 1444 1034 1470 avium
1049 1444 1163 1471 dulcedo
1177 1445 1251 1471 ducit
1265 1446 1298 1472 ad
1312 1447 1413 1473 avium.
1435 1448 1565 1474 Brexitate
1579 1450 1652 1475 eius-

854 1480 914 1506 dem
930 1480 1039 1513 litterae,
1056 1482 1105 1508 hoc
1120 1483 1210 1509 modo:
1232 1484 1278 1509 llic
1294 1484 1396 1510 tametsi
1413 1485 1517 1511 videtur
1531 1495 1589 1512 esse
1605 1487 1652 1512 lio-

854 1518 926 1544 noris
948 1519 1073 1553 cupidus,
1100 1524 1187 1546 tamen
1215 1530 1266 1546 non
1295 1526 1396 1547 tantum
1423 1523 1525 1549 curiam
1551 1523 1648 1560 diligit.

853 1556 1255 1590 quantumCui-ianrAddendis
1268 1557 1370 1589 litteris,
1380 1559 1428 1585 hoc
1439 1565 1527 1594 pacto:
1541 1561 1588 1587 IIic
1599 1562 1650 1587 sibi

853 1598 943 1627 posset
958 1598 1112 1629 temperare,
1130 1595 1181 1621 nisi
1197 1596 1279 1621 amori
1295 1596 1585 1632 malletobtemperare.
1602 1599 1651 1624 De-

853 1630 958 1656 mendis
974 1631 1076 1661 litteris.
1089 1632 1141 1658 sic:
1158 1632 1186 1658 Si
1203 1632 1310 1659 lenones
1326 1634 1434 1660 vitasset
1450 1639 1585 1670 tamquam
1598 1635 1651 1662 leo-

829 1669 831 1672 ”
852 1677 909 1699 nes,
932 1669 999 1694 vitae
1018 1678 1046 1694 se
1066 1670 1227 1696 tradidisset.
1260 1670 1461 1697 Transfereudis
1476 1672 1579 1704 litteris,
1596 1675 1647 1700 sic:

853 1705 954 1736 Videte.
971 1706 1083 1738 iudices,
1101 1711 1191 1733 utrum
1207 1707 1309 1733 homini
1324 1718 1399 1740 navo,
1417 1719 1448 1735 an
1464 1719 1531 1735 vano
1544 1710 1650 1737 credere

853 1742 963 1769 malitis.
998 1744 1076 1770 Item:
1099 1744 1164 1771 Nolo
1183 1754 1241 1770 esse
1261 1745 1388 1777 laudator,
1407 1755 1438 1772 ne
1454 1747 1544 1774 videar
1557 1748 1650 1774 adula-

829 1798 830 1803 ι
854 1784 901 1806 tor.
925 1780 1136 1812 Commutandis,
1150 1782 1199 1808 boc
1210 1782 1301 1809 modo:
1318 1783 1438 1818 Deligere
1449 1790 1558 1819 oportet,
1568 1795 1648 1820 quem

828 1832 830 1841 A
853 1817 920 1844 velis
934 1818 1057 1854 diligere.
1081 1819 1132 1845 liae
1147 1825 1209 1846 sunt
1224 1820 1462 1852 annominatIones,
1479 1831 1548 1857 quae
1563 1824 1589 1849 in
1606 1823 1648 1849 lil-

852 1859 967 1881 terarum
983 1856 1058 1882 brevi
1072 1858 1278 1883 commutatione
1293 1862 1337 1884 aut
1352 1859 1524 1893 productione
1539 1866 1583 1887 aut
1599 1866 1649 1887 tra-

828 1900 830 1930 }
852 1892 949 1919 latione
963 1898 1008 1919 aut
1022 1893 1113 1928 aliquo
1123 1894 1278 1921 huiusmodi
1289 1905 1386 1931 genere
1398 1902 1546 1924 versantur.
1562 1898 1647 1925 xxlt.

828 1945 829 1950 ι
852 1931 892 1956 30.
914 1930 983 1957 Sunt
1001 1936 1089 1957 autem
1109 1932 1184 1962 aliae,
1205 1941 1274 1967 quae
1293 1942 1344 1959 non
1360 1933 1457 1960 babent
1473 1940 1524 1960 tam
1540 1937 1649 1970 propin-

828 1970 829 1987 ἓ
851 1976 932 2002 quam
956 1968 983 1994 in
1007 1969 1096 1995 verbis
1119 1969 1334 2002 similitudinem,
1361 1976 1385 1997 et
1400 1977 1486 1998 tamen
1501 1972 1648 1999 dissimiles

851 2014 903 2032 non
918 2010 994 2032 sunt:
1010 2006 1111 2041 quibus
1126 2007 1158 2033 de
1171 2008 1316 2043 generibus
1331 2017 1415 2034 unum
1426 2015 1465 2035 est
1477 2010 1645 2037 huiusmodi:

851 2042 902 2075 Qui
918 2044 1033 2075 veniam,
1058 2044 1105 2078 qui
1119 2045 1180 2075 sim,
1202 2054 1284 2079 quare
1301 2046 1414 2077 veniam¹
1436 2056 1518 2082 quem
1534 2048 1648 2075 insimu—

852 2079 913 2111 lem,
933 2081 976 2107 cui
996 2082 1106 2115 prosim,
1126 2091 1206 2116 quem
1223 2083 1365 2117 postulem,
1383 2084 1456 2110 brevi
1471 2087 1646 2121 cognoscetis.

852 2119 917 2143 Nam
933 2118 975 2144 bie
990 2123 1029 2144 est
1049 2119 1075 2144 in
1090 2119 1253 2154 quibusdam
1271 2121 1359 2146 verbis
1374 2122 1505 2156 quaedam
1520 2123 1647 2150 similitu-

820 2150 822 2170 2
850 2155 884 2182 do
898 2164 950 2182 non
965 2160 1017 2182 tam
1032 2156 1186 2187 affectanda,
1203 2166 1283 2192 quam
1300 2158 1359 2183 illae
1374 2160 1594 2193 supe1·ioi·es‚sed
1610 2166 1647 2187 ta-

851 2202 911 2219 men
926 2193 1077 2219 adliibenda
1097 2203 1309 2230 nonnumquam.
1343 2196 1464 2223 Alterum
1487 2206 1572 2233 genus
1596 2199 1647 2224 bu-

850 2230 981 2257 iusmodi:
1006 2231 1105 2257 Demus
1119 2241 1236 2266 operam,
1253 2233 1378 2264 Quirites.
1397 2236 1547 2261 ncomnino
1558 2236 1646 2262 Patres

827 2271 828 2275 ’
851 2268 999 2303 Conseripti
1013 2268 1208 2304 circumscripti
1224 2275 1359 2304 putentur.
1385 2271 1452 2297 Ilaec
1466 2273 1647 2300 annomiuatio

851 2306 936 2341 magis
955 2306 1056 2332 accedit
1074 2306 1105 2332 ad
1124 2307 1340 2338 similitmlinem,
1356 2317 1437 2343 quam
1452 2311 1582 2344 superior,
1598 2311 1646 2337 sed

850 2343 949 2373 minus,
974 2352 1055 2378 quam
1079 2343 1139 2370 illae
1162 2345 1321 2379 superiores¹
1348 2351 1483 2380 propterea
1507 2348 1578 2382 quod
1594 2357 1645 2374 non

849 2380 936 2406 solum
952 2380 1064 2412 additae,
1081 2381 1129 2407 scd
1145 2390 1197 2408 uno
1212 2387 1328 2416 tempore
1343 2383 1465 2417 demptae
1479 2393 1587 2419 quoque
1603 2385 1645 2412 lit-

850 2422 919 2443 terae
933 2422 1005 2444 sunt.
1041 2419 1159 2444 Tertium
1174 2428 1260 2455 genus
1275 2425 1323 2451 est,
1339 2421 1411 2454 quod
1428 2427 1547 2448 versatur
1562 2423 1587 2449 in
1602 2433 1645 2449 ea-

849 2463 929 2480 suum
944 2457 1149 2482 comnuuatione
1160 2461 1205 2482 aut
1217 2457 1297 2482 tinius
1308 2463 1351 2483 aut
1363 2457 1480 2492 plurium
1493 2461 1639 2486 numinum

849 2493 889 2517 31.
920 2492 1003 2518 Unius
1027 2493 1151 2525 nominis=
1177 2493 1226 2520 boc
1249 2495 1340 2520 modo.-
1369 2494 1519 2523 Alexander
1538 2497 1644 2524 Macedo

849 2538 956 2555 summo
971 2529 1058 2555 labore
1073 2531 1192 2556 animuin
1207 2531 1239 2557 ad
1256 2532 1380 2558 xii-tutem
1395 2541 1408 2558 a
1424 2535 1536 2567 puerItia
1548 2536 1644 2561 confir-

850 2567 940 2592 mavit.
965 2567 1108 2593 Alexandri
1125 2568 1235 2594 xii-tutes
1250 2577 1296 2603 per
1309 2569 1400 2596 orbem
1416 2575 1498 2597 terrae
1512 2581 1573 2598 cum
1588 2572 1644 2599 lau—

825 2615 826 2621 *
848 2603 880 2630 de
902 2609 928 2630 et
949 2604 1032 2639 gloria
1047 2610 1109 2630 sunt
1125 2605 1305 2648 pervulgatae.
1341 2607 1523 2636 Alexandrum
1539 2619 1640 2639 oulnes.

849 2646 876 2667 ut
900 2642 1015 2668 maxime
1039 2647 1198 2673 metuerunt,
1224 2649 1286 2670 item
1309 2644 1457 2679 plurimmn
1479 2646 1640 2674 dilexerunt.

847 2678 998 2705 Alexandro
1011 2680 1033 2705 si
1050 2680 1101 2706 vita
1118 2680 1218 2715 longior
1231 2681 1291 2708 data
1305 2687 1383 2713 esset,
1400 2684 1534 2711 Oceanum
1547 2694 1642 2712 manus

848 2716 1020 2743 Macedonum
1045 2717 1241 2744 transvolasset.
1278 2719 1353 2745 Varie
1377 2720 1419 2746 liic
1443 2730 1526 2749 unum
1546 2732 1642 2749 nomen

1393 2769 1433 2793 Δ.
