1941 3052
234 125 296 149 1220
798 119 853 143 ⁴35.
888 117 923 144 M.

953 116 984 143 Τ.
1015 116 1290 143 CICERONIS

231 198 317 220 'nutus
335 191 480 218 surorum.
520 188 698 221 Quamobrem
713 188 737 214 in
752 188 798 213 istu
814 187 924 222 quidem
938 195 964 212 re
977 195 1022 212 vc·
1041 186 1051 225 ll
1073 196 1121 214 ne(-
1134 188 1325 222 perniciosam,
1343 192 1368 215 et
1382 189 1415 215 ita
1428 189 1598 224 popularem.
1615 196 1643 218 ut
1655 200 1706 218 non
1718 197 1806 226 posset
1817 193 1867 220 ol)-

232 232 368 257 henwnter
384 228 485 253 Sullam
503 226 598 261 probo,
616 227 663 259 qui
677 225 792 250 tribunis
805 224 892 258 plebis
904 233 951 249 sua
965 223 1021 257 lege

232 269 345 294 iniuriae
368 264 502 291 faciendae
527 267 681 297 potestatem
703 262 844 291 nclcmcrIt,
867 261 962 287 auxilii
983 260 1022 286 se-

231 305 306 331 rendi
324 303 473 337 reliquerit:
506 300 717 334 l'uiup‹.·itmupie
734 304 852 325 nostrum
869 299 964 324 veteris
981 306 1023 323 re-

231 342 281 368 bus
297 341 437 368 muuihus,
455 347 560 371 ,ιιι-ηψπ
572 336 748 370 aiiiplissimis
760 337 929 370 summisque
944 335 1022 361 css‘ero

231 379 368 405 hunlilins2
402 376 434 400 «le
457 375 598 400 tribunicia
621 378 746 407 potestate
769 378 854 399 taceo:
885 382 932 398 nce
948 373 1019 398 enim
1042 387 1049 424 1

231 413 423 449 reprelwndere
442 412 518 441 libet,
538 421 585 437 nec
599 410 705 436 laudare
718 419 838 444 possum.
880 410 914 436 Χ.
926 412 968 436 ²21³.
985 410 1018 435 Μ.
1041 411 1049 461 γ’

1041 562 1049 595 l,

1041 598 1049 624 l,

1041 621 1049 644 ί,

1042 234 1044 280 l

1042 352 1043 384 l

229 453 297 478 vina
322 450 432 485 quida-m
458 449 610 475 tribunatus
631 448 773 482 praeclari·v
791 448 898 479 Quinte,
917 447 1021 482 perspi-

228 491 276 515 cis.
317 488 368 513 sod
390 491 429 512 est
449 487 540 520 iniqua
557 486 581 511 in
597 486 670 511 onmi
688 494 713 510 re
729 484 892 514 accusanda,
907 489 1021 519 practer-

229 526 320 552 missis
342 525 432 553 bouis,
453 523 583 549 malorum
599 523 765 548 enumeratio
781 523 963 556 vitiorumque
979 530 1022 547 sc—

230 564 315 589 lectio.
358 563 422 587 Nam
440 562 489 587 isto
505 560 615 595 quidem
633 560 710 585 modo
727 559 767 585 vel
783 559 938 586 consulatus
951 560 1021 584 vitu-

229 600 355 635 perabilis
367 604 414 628 est,
428 599 450 624 si
462 597 616 626 consulum,
630 606 698 632 quos
710 606 865 623 enumerare
878 596 946 626 nolo,
960 605 1022 630 pec-

227 643 283 663 cata
304 636 454 670 colleg-reris.
496 636 550 666 Ego
573 635 644 661 enim
667 634 749 661 fateor
766 635 790 660 in
810 635 857 660 ista
874 635 930 668 ipsa
947 638 1021 668 pote-

227 680 292 701 state
315 675 401 700 inesse
417 672 546 707 quiddam
571 672 644 698 mali.
686 671 738 698 Sed
762 672 876 701 honum,
898 671 1021 706 quotlest
1041 704 1043 709 Ι

227 712 378 747 quaesitum
392 711 417 736 in
429 719 472 740 ea,
487 711 544 736 sine
558 710 606 736 isto
618 704 688 735 malti
699 718 750 735 non
763 709 933 735 haberemus.
974 708 1021 734 Ni·
1041 706 1049 736 l*

227 750 279 775 mia
298 753 412 783 potestas
427 752 466 774 est
478 747 646 773 tribunorum
659 746 760 781 plebis:
783 747 845 781 quis
858 745 954 781 negat?
972 745 1019 771 sed
1041 740 1043 750 '

228 788 269 813 vis
299 785 390 821 populi
423 784 507 811 multo
536 785 640 811 saevior
664 784 801 818 multoque
827 783 1018 813 vehementior,

226 832 309 859 quae,
327 823 423 848 (lucem
438 822 509 857 quod
527 822 619 852 hahet,
634 821 767 848 interdum
781 821 864 847 lenior
877 825 925 851 est,
939 829 1019 855 quam
1040 823 1043 850 l

226 862 249 887 si
267 860 371 887 nullum
391 860 508 885 haberet.
549 860 607 885 nux
622 860 693 885 enim
704 867 753 885 suo
765 857 884 893 periculo
897 857 1020 893 progredi
1041 877 1043 898 Ι

226 899 337 932 cogitat:
361 897 452 932 populi
468 897 583 931 impetus
598 896 710 931 periculi
725 897 852 922 rationem
864 895 1021 921 sninonha-
1041 901 1043 923 l

227 932 281 962 bet.
322 936 363 961 ⁵24.
380 934 568 969 Ataliquando
581 933 741 960 incenditur.
782 933 814 959 Et
824 933 1020 968 quidcmsaepe
1041 946 1043 957 ι

226 973 344 999 sedatur.
385 971 461 1004 Quod
476 972 547 997 enim
563 976 602 997 est
618 976 669 997 tam
682 971 852 1006 desperatum
864 970 1018 1005 collegium,
1040 970 1042 996 ζ

226 1011 253 1036 in
265 1019 319 1045 quo
335 1018 412 1036 nemo
423 1018 436 1035 e
448 1009 540 1035 decem
552 1017 614 1035 sana
627 1013 713 1034 mente
727 1007 779 1034 sit?
798 1008 868 1039 Quin
882 1008 970 1042 ipsum
978 1008 1018 1033 Ti.
1040 1002 1043 1026 l

226 1047 377 1075 Gracchum
393 1055 443 1072 non
456 1046 543 1072 solum
555 1045 692 1081 neglectus
706 1045 752 1071 sed
765 1045 1021 1071 ctiamsublatusin-
1041 1051 1042 1056 ¹

225 1089 355 1112 tcrcessor
369 1089 531 1110 servaverat.
572 1083 643 1115 Quid
659 1083 730 1109 enim
748 1082 825 1108 illum
836 1082 910 1108 aliud
926 1091 1021 1117 percu·
1041 1103 1043 1115 ,

226 1122 269 1151 lit.
293 1123 343 1148 nisi
356 1121 426 1155 quod
444 1125 598 1155 potestatem
614 1120 795 1146 intercedendi
810 1119 927 1155 collegae
943 1120 1021 1146 abro-

224 1158 372 1195 gaviffSed
383 1162 410 1183 tu
421 1158 580 1192 sapientiam
597 1158 728 1184 maiorum
742 1158 768 1184 in
781 1157 826 1184 illo
839 1157 910 1184 vide.
951 1157 1021 1183 Con-
1042 1154 1043 1160 ¹

224 1206 299 1223 cessa
320 1196 392 1230 plebi
413 1204 426 1221 a
448 1196 569 1230 patribus
591 1195 639 1221 ista
660 1200 800 1230 potestate,
823 1203 895 1221 arma
917 1194 1021 1221 cecide·
1040 1185 1043 1237 l

224 1239 298 1265 runt;
332 1233 454 1259 restincta
477 1232 573 1259 seditio
593 1237 645 1265 est;
679 1233 818 1259 inventum
835 1237 874 1258 est
889 1237 1021 1267 tempera·
1041 1241 1042 1256 l

224 1276 359 1301 mentum,
380 1278 435 1304 quo
452 1271 586 1296 tenuiores
602 1278 663 1296 cum
680 1270 851 1304 principibus
867 1271 976 1305 aequari
991 1279 1019 1296 se

223 1312 359 1343 putarent:
393 1308 419 1333 in
443 1316 496 1342 quo
517 1315 571 1333 uno
591 1306 641 1334 fuit
660 1308 777 1334 civitatis
791 1307 875 1333 salus.
915 1308 948 1334 At
967 1307 1020 1334 duo
1040 1313 1043 1343 ζ

223 1345 337 1372 Gracchi
356 1344 474 1371 suerunt.
514 1345 547 1371 Et
561 1349 665 1379 praeter
679 1353 724 1371 eos
740 1346 866 1379 quamvis
878 1353 1020 1371 enumeres
1040 1348 1042 1377 ;

223 1383 322 1409 multos
336 1382 408 1408 licet:
431 1390 516 1416 quum
531 1382 594 1408 deni
605 1387 738 1413 creentur,
753 1381 896 1409 nonnullos
908 1383 935 1408 in
946 1383 1019 1409 omni

223 1420 350 1446 memoria
367 1420 483 1453 reperies
499 1420 663 1454 perniciosos
680 1419 816 1451 tribunos;
840 1419 926 1450 leves,
939 1420 1018 1446 etiam

222 1467 274 1484 non
295 1457 376 1483 honos
392 1457 501 1483 tortasse
517 1456 618 1491 plureS.
659 1456 762 1483 Invidia
772 1456 883 1492 quidem
895 1466 1019 1484 summus

222 1495 286 1521 ordo
304 1499 387 1527 caret3
412 1494 505 1529 plebes
520 1494 552 1520 de
564 1503 613 1520 suo
624 1495 682 1521 iure
693 1495 859 1529 periculosas
870 1496 1020 1521 contentio-

222 1541 270 1558 nes
291 1532 378 1558 nullas
395 1531 466 1558 facit.
506 1533 551 1559 ⁶25.
568 1532 748 1564 Quamobrem
765 1537 810 1558 aut
829 1532 956 1567 exigendi
977 1541 1019 1558 re-

221 1579 269 1605 ges
281 1578 331 1595 non
345 1569 463 1596 luerunt:
493 1573 538 1596 aut
552 1568 625 1603 plebi
637 1578 673 1600 re,
687 1578 738 1596 non
751 1569 832 1595 verbo
843 1569 1020 1596 dandaliber-

222 1612 274 1633 tas:
301 1616 370 1641 quae
387 1612 473 1633 tamen
489 1607 530 1633 sic
545 1606 604 1633 data
620 1611 672 1638 est,
690 1612 720 1633 ut
731 1606 823 1633 multis
834 1607 1019 1641 praeclarissi-

222 1645 274 1670 mis
302 1644 480 1674 addiceretur,
506 1648 536 1670 ut
555 1645 704 1670 auctoritati
726 1645 881 1679 principum
901 1644 1016 1671 cederet.

221 1681 269 1707 XI.
292 1682 384 1707 Nostra
399 1687 487 1708 autem
498 1690 603 1712 caussa,
616 1690 695 1716 quae,
708 1683 809 1716 optime
820 1686 846 1708 et
859 1682 1018 1708 dulcissime

222 1718 315 1749 frater,
338 1719 432 1745 incidit
449 1719 476 1745 in
493 1718 666 1745 tribuniciam
683 1724 852 1753 potestatem,
876 1719 944 1745 nihil
970 1719 1018 1745 ha-
1038 1723 1040 1754 ;'

221 1755 281 1782 buit
300 1757 477 1782 contentionis
495 1765 557 1782 cum
572 1756 720 1783 tribunatu.
762 1757 820 1783 Non
835 1757 908 1783 enim
924 1757 1017 1792 plebes

221 1794 329 1820 incitata
344 1794 440 1820 nostris
452 1793 532 1820 rebus
543 1793 656 1820 invidit:
679 1793 726 1820 sed
738 1793 846 1820 vincula
857 1794 942 1821 soluta
955 1799 1018 1821 sunt

221 1835 247 1856 et
262 1832 369 1857 servitia
387 1831 507 1862 incitata,
529 1831 656 1858 adiuncto
674 1836 772 1858 terrore
792 1832 872 1858 etiam
894 1831 1014 1858 militari.

221 1868 313 1902 Neque
331 1868 408 1894 nobis
424 1877 485 1895 cum
503 1868 547 1894 illa
566 1873 622 1895 tum
637 1873 712 1903 peste
731 1873 865 1895 certamen
882 1868 946 1900 fuit,
968 1869 1016 1895 sed
1044 1877 1046 1892 ι

221 1914 282 1931 cum
294 1907 455 1940 gravissimo
466 1905 632 1940 reipublicae
644 1911 776 1941 tempore:
798 1907 843 1932 cui
858 1907 882 1932 si
895 1915 946 1933 non
957 1914 1017 1932 ces-

221 1943 332 1973 sissem,
351 1952 401 1969 non
418 1943 578 1970 diuturnum
594 1943 719 1969 beneficii
734 1944 788 1969 mei
803 1944 886 1978 patria
900 1945 1015 1970 trucium

221 1979 336 2006 tulisset.
376 1981 462 2015 Atque
474 1980 523 2007 hoc
534 1981 572 2006 rei
583 1981 672 2007 exitus
684 1980 823 2007 indicavit.
864 1981 931 2013 Quis
943 1982 1015 2007 enim

221 2025 273 2043 non
289 2017 365 2043 modo
378 2017 458 2049 liber,
471 2017 518 2044 sed
532 2016 631 2054 [etiam]
644 2026 754 2048 servuS‚
772 2017 892 2044 libertate
903 2018 1013 2054 dignus,

222 2053 280 2083 tuit,
297 2055 340 2080 cui
353 2060 439 2081 nostra
451 2055 524 2081 salus
539 2064 598 2081 cara
611 2064 663 2081 non
674 2054 763 2082 esset?
800 2057 843 2082 26.
865 2055 942 2087 Quod
958 2057 981 2082 si
993 2057 1016 2082 is

221 2100 299 2117 casus
311 2091 405 2118 suisset
416 2101 505 2119 rerum
514 2113 520 2123 ,
543 2101 610 2127 quas
622 2101 669 2127 pro
679 2092 765 2119 salute
777 2093 943 2127 reipublicae
953 2102 1016 2129 ges-

220 2129 316 2159 simus,
331 2134 421 2155 utnon
432 2130 560 2156 omnibus
573 2135 665 2165 gratus
677 2135 761 2156 esset:
776 2135 814 2160 et,
828 2131 852 2156 si
863 2139 911 2157 nos
923 2130 1017 2157 multi-

221 2165 323 2192 tudinis
335 2167 376 2192 vis
389 2166 501 2193 furentis
512 2166 674 2194 inflammata
687 2167 791 2194 invidia
807 2167 969 2202 pepulisset3
992 2168 1016 2194 si

220 2203 346 2229 tribunus
363 2203 462 2238 aliquis
482 2205 508 2230 in
529 2213 571 2231 me
587 2204 732 2239 populum,
749 2205 821 2231 sicut
834 2205 972 2232 Gracchus
988 2206 1015 2232 in

221 2239 375 2271 Laenatem,
388 2241 548 2268 Saturninus
560 2243 587 2268 in
599 2241 750 2273 Metellum,
764 2243 915 2269 incitasset:
932 2242 1016 2269 serre-

221 2285 294 2307 mus,
312 2287 327 2303 o
337 2278 435 2310 Quinte
452 2278 544 2305 frater:
566 2279 822 2314 consolarenturque
837 2288 885 2306 nos
897 2285 1015 2307 nontam

221 2313 388 2349 philosophi,
411 2316 458 2350 qui
475 2316 586 2342 Athenis
601 2316 721 2347 fuerunt,
743 2317 790 2352 qui
807 2317 857 2343 hoc
872 2316 956 2344 lacere
967 2317 1016 2343 de-

221 2350 296 2382 bent,
314 2360 394 2386 quam
409 2352 552 2379 clarissimi
564 2354 629 2384 viri,
646 2355 694 2388 qui
706 2353 751 2380 illa
764 2354 830 2380 urbe
842 2353 914 2389 pulsi
926 2363 1015 2381 carere

221 2387 322 2421 ingrata
333 2390 450 2421 civitate,
466 2399 547 2425 quam
559 2399 666 2417 manere
678 2392 705 2417 in
716 2391 838 2426 improba
850 2391 1013 2418 maluerunt.

221 2423 377 2459 Pompeium
391 2435 453 2453 vero
464 2427 536 2462 quod
548 2436 600 2454 una
612 2428 660 2454 ista
673 2429 700 2454 in
713 2437 739 2454 re
751 2437 803 2455 non
816 2429 851 2455 ita
864 2428 941 2455 valde
952 2437 1015 2464 pro-

222 2459 284 2501 baS,
297 2463 343 2488 vix
354 2464 417 2489 satis
429 2465 497 2490 mihi
510 2464 577 2490 illud
589 2465 690 2491 videris
701 2465 850 2497 attendere,
863 2475 914 2492 non
925 2466 1014 2492 solum

221 2505 260 2527 ei,
277 2499 343 2532 quid
354 2506 423 2526 esset
433 2502 578 2535 optimum,
592 2501 741 2528 videndum
753 2502 850 2533 fuisse,
863 2503 911 2529 sed
922 2504 1012 2535 etiam,

221 2534 287 2576 quid
311 2539 501 2564 necessarium.
542 2539 633 2565 Sensit
652 2540 724 2565 enim
745 2539 837 2566 deberi
859 2549 910 2566 non
934 2549 1013 2575 posse

222 2570 286 2597 huic
306 2573 407 2599 civitati
427 2574 500 2601 illam
521 2581 688 2610 potestatem,
720 2576 827 2611 Quippe
839 2585 921 2612 quam
942 2582 1013 2604 tanto

220 2616 300 2641 opere
315 2610 431 2643 populus
447 2617 534 2638 noster
550 2614 667 2647 ignotam
683 2614 842 2648 expetisset,
859 2617 906 2649 qut
923 2619 1014 2649 posset

220 2653 309 2671 carere
322 2647 444 2682 cognita?
464 2648 598 2684 Sapientis
613 2655 702 2677 autem
717 2651 786 2678 civis
802 2650 865 2683 fuit,
888 2660 1012 2679 caussam

1048 687 1049 690 =
1073 672 1196 698 mortales
1209 678 1402 707 represserunt.

1046 1560 1049 1579 l

1072 225 1146 254 nisti,
1167 225 1315 259 pernicium
1332 226 1453 260 populari
1469 227 1523 254 civi
1539 237 1590 255 non
1607 228 1768 264 relinquere.
1807 230 1866 257 Scis

1072 262 1170 291 solere,
1185 261 1277 292 trater,
1296 264 1322 288 in
1335 262 1490 290 huiusmodi
1502 273 1638 295 sermone,
1657 271 1684 292 ut
1696 267 1802 293 transiri
1814 267 1867 294 alio

1073 299 1170 334 possit,
1188 299 1241 325 dici
1251 320 1256 329 ,
1272 302 1420 329 admodum,
1437 306 1482 327 aut
1494 311 1600 334 pronun
1614 305 1649 328 ita
1660 308 1705 329 etl.
1746 306 1777 336 Q.
1791 304 1866 332 ttaud

1073 335 1198 370 equidem
1211 337 1352 367 assentiam
1368 342 1394 363 tu
1407 342 1493 364 tamen
1506 338 1537 364 ad
1551 339 1653 375 reliqua
1665 348 1760 376 pergas
1773 341 1865 368 velim.

1074 374 1108 399 M.
1122 374 1278 399 Perus-veras
1290 374 1444 409 tuquidcm,
1453 380 1478 401 ct
1490 376 1566 402 intua
1575 382 1661 402 vetere
1668 379 1797 404 sententia
1805 387 1867 413 per-

1074 410 1183 436 manes‘?
1206 412 1238 442 Q.
1252 412 1327 437 Nunc
1335 411 1496 439 mehercule.
1528 414 1594 440 Au.
1615 414 1670 449 Ego
1681 423 1744 441 sane
1755 424 1769 441 a
1780 416 1868 447 Quin-

1074 453 1098 474 to
1109 453 1197 474 nostro
1208 448 1348 474 dissentio.
1388 448 1441 475 Sed
1453 458 1492 479 ca,
1505 459 1574 485 quae
1586 456 1697 481 restant.
1711 452 1866 480 audiamus.

1127 485 1185 511 xit.
1208 486 1250 512 ⁶27.
1273 486 1307 512 M.
1331 486 1460 521 Deinceps
1472 488 1554 522 igitur
1564 488 1692 514 omnibus
1703 490 1868 525 magistrati-

1073 521 1124 548 bus
1136 523 1255 557 auspicia
1267 528 1292 549 et
1305 523 1404 549 iudicia
1419 524 1529 551 dantur:
1553 525 1666 556 iudicia.
1690 531 1719 552 ut
1734 532 1804 554 esset
1819 536 1867 563 po-

1073 559 1130 594 puli
1143 560 1395 595 potestas,a‹l‹ptani
1408 567 1609 596 provocaretur:
1622 564 1752 597 auspicia.
1761 564 1868 591 utmul·

1073 602 1112 623 tos
1130 597 1238 623 inutiles
1254 598 1406 624 comitiatus
1422 598 1574 633 probabiles
1591 600 1751 635 impedirent
1763 610 1865 628 morae:

1072 643 1151 668 saepe
1162 635 1234 661 enim
1247 635 1339 670 populi
1353 636 1482 671 impetum
1496 637 1625 663 iniustum
1633 638 1868 672 auspiciisdiiim-

1443 674 1483 700 Ex
1495 674 1527 700 iis
1540 679 1642 706 autem,
1665 676 1712 710 qui
1725 676 1868 711 magistra-

1073 714 1127 735 tum
1139 715 1280 744 ceperunt,
1298 710 1370 745 quod
1381 716 1490 737 senatus
1501 711 1630 742 eflicitur,
1649 712 1777 747 populare
1790 722 1865 745 sane.

1072 747 1207 773 neminem
1221 748 1247 773 in
1259 756 1396 774 summum
1410 747 1511 780 locum.
1528 750 1580 775 nisi
1596 758 1644 784 per
1657 749 1786 784 populum
1796 771 1802 781 ,
1820 759 1868 777 ve-

1073 784 1143 815 nire,
1167 784 1270 810 sublata
1286 787 1452 820 cooptatione
1467 787 1598 813 censoria.
1638 786 1690 813 Sed
1707 792 1812 822 praesto
1826 793 1868 814 est.

1073 821 1154 847 huius
1168 822 1226 848 vitii
1239 823 1407 857 temperatio.
1425 823 1497 858 qnod
1513 829 1622 850 senatus
1635 823 1691 859 lege
1704 830 1791 851 nostra
1802 833 1867 851 con-

1073 858 1192 885 firmatur
1203 861 1355 886 auctoritas,
1396 862 1437 886 28.
1461 860 1590 895 Sequitur
1600 862 1687 887 enim:
1700 864 1754 888 eius
1764 864 1868 888 decreta

1071 901 1130 922 ruta
1141 901 1224 923 sunto.
1266 898 1331 923 Nam
1345 898 1379 924 ita
1390 906 1418 923 se
1433 906 1474 924 res
1487 897 1580 929 habet,
1598 903 1640 929 ut,
1657 900 1680 924 si
1696 904 1805 925 senatus
1818 898 1868 926 do-

1072 934 1162 960 minus
1174 934 1208 960 sit
1219 934 1323 968 publici
1334 935 1450 965 consilii,
1463 935 1590 970 quodque
1603 936 1625 961 is
1636 937 1759 967 creverit,
1773 935 1867 962 deten-

1071 971 1135 997 dant
1148 979 1254 1003 omnes3
1277 977 1315 1003 et,
1329 973 1352 998 si
1363 972 1471 999 ordines
1487 972 1598 1007 reliqui.
1616 973 1747 1008 principis
1762 973 1868 1000 ordinis

1071 1008 1183 1035 consilio
1198 1009 1392 1043 rempublicam
1404 1009 1548 1045 gubernari
1557 1010 1648 1040 velint,
1659 1011 1867 1045 possit,extem-

1071 1046 1207 1080 peratione
1220 1047 1300 1077 iuris,
1317 1055 1402 1081 quum
1418 1052 1534 1081 potestas
1551 1047 1577 1073 in
1594 1047 1706 1082 populo,
1724 1049 1867 1074 auctoritas

1072 1084 1098 1109 in
1111 1088 1204 1109 senatu
1216 1085 1259 1114 sit,
1278 1085 1360 1110 teneri
1374 1084 1418 1110 ille
1430 1084 1582 1110 moderatus
1593 1090 1617 1110 et
1628 1093 1738 1111 concors
1749 1086 1867 1112 civitatis

1071 1125 1169 1151 status,
1192 1122 1348 1155 praesertim
1360 1122 1383 1147 si
1395 1122 1533 1156 proximae
1548 1121 1600 1157 legi
1611 1122 1758 1156 parebitur.
1799 1123 1867 1149 Nam

1072 1158 1226 1193 proximum
1242 1163 1295 1185 est:
1318 1159 1343 1184 Is
1358 1161 1421 1185 ordo
1436 1161 1497 1185 citio
1515 1164 1613 1189 car-cto,
1635 1162 1725 1185 ceteris
1742 1163 1868 1192 specimen

1071 1201 1132 1222 esto.
1159 1195 1190 1228 Q.
1205 1195 1339 1222 Praeclara
1350 1204 1422 1226 vero,
1437 1195 1524 1227 frater,
1542 1196 1591 1222 ista
1603 1195 1647 1222 lex
1657 1201 1706 1226 est,
1720 1196 1767 1223 sed
1778 1201 1804 1223 et
1816 1196 1867 1224 late

1071 1238 1155 1268 patet,
1173 1238 1201 1260 ut
1213 1234 1278 1260 vitio
1288 1238 1375 1260 careat
1385 1233 1463 1265 ordo,
1480 1238 1506 1260 et
1518 1242 1656 1260 censorem
1668 1235 1773 1269 quaerit
1785 1234 1868 1261 inter-

1071 1276 1183 1305 pretem.
1223 1273 1266 1297 29.
1289 1273 1355 1297 Αττ.
1377 1271 1424 1297 Ille
1436 1279 1508 1302 vero,
1524 1272 1574 1297 etsi
1586 1276 1625 1297 est
1637 1276 1706 1297 totus
1718 1276 1780 1297 tuus
1790 1271 1865 1302 ordo,

1071 1309 1307 1344 gratissimamque
1319 1309 1474 1335 memoriam
1487 1309 1582 1335 retinet
1591 1308 1747 1335 consulatus
1757 1309 1806 1339 tui,
1819 1317 1868 1343 pa-

1071 1354 1100 1371 ce
1115 1350 1158 1372 tua
1169 1345 1295 1377 dixerim,
1309 1354 1360 1372 non
1373 1345 1452 1372 modo
1462 1354 1600 1377 censores,
1613 1346 1659 1372 sed
1671 1346 1750 1372 etiam
1764 1345 1867 1373 iudices

1070 1392 1164 1410 omnes
1178 1388 1264 1418 potest
1278 1383 1435 1419 defatigare.
1475 1383 1546 1410 Xnt.
1568 1383 1603 1410 Μ.
1625 1383 1723 1410 Omitte
1738 1384 1802 1414 ista,
1820 1384 1868 1410 At—

1072 1421 1132 1447 tice.
1173 1421 1230 1447 Non
1244 1422 1316 1447 enim
1331 1420 1364 1447 de
1381 1421 1429 1447 hoc
1445 1426 1553 1449 senatu,
1576 1429 1624 1447 nec
1641 1420 1684 1447 his
1699 1420 1732 1447 de
1749 1421 1868 1447 homini—

1071 1458 1131 1488 bus,
1144 1459 1192 1493 qui
1203 1467 1275 1485 nunc
1285 1463 1357 1489 sunt,
1370 1458 1417 1484 sed
1429 1457 1462 1484 de
1475 1457 1586 1489 futuris,
1601 1458 1683 1493 siqui
1697 1457 1762 1484 sorte
1774 1458 1817 1484 his
1829 1457 1868 1484 le-

1070 1495 1152 1531 gibus
1167 1504 1259 1530 parere
1275 1495 1422 1526 voluerint,
1445 1496 1510 1522 haec
1530 1495 1642 1522 habetur
1665 1496 1758 1522 oratio.
1799 1495 1867 1522 Nam

1046 1539 1049 1554 ὲ
1070 1541 1154 1568 quum
1166 1534 1240 1559 omni
1253 1534 1318 1560 vitio
1328 1541 1417 1560 carere
1430 1532 1473 1559 lex
1484 1533 1588 1563 iubeat,
1611 1541 1644 1559 ne
1656 1533 1743 1559 veniet
1754 1532 1866 1568 quidem

1071 1571 1097 1596 in
1109 1579 1171 1596 eum
1183 1570 1305 1597 ordinem
1321 1571 1468 1606 quisquam
1483 1571 1542 1597 vitii
1554 1571 1697 1605 particeps.
1738 1570 1766 1596 Id
1777 1574 1866 1596 autem

1070 1607 1181 1634 ditticite
1193 1607 1264 1634 sactu
1275 1613 1328 1638 est,
1347 1609 1400 1634 nisi
1411 1607 1568 1634 educatione
1578 1607 1694 1642 quadam
1707 1613 1731 1634 et
1743 1607 1867 1642 discipli-

1071 1654 1116 1671 na:
1133 1645 1166 1672 de
1177 1654 1230 1680 qua
1241 1645 1364 1671 dicemus
1375 1644 1479 1680 aliquid
1492 1644 1610 1675 tortasse,
1620 1645 1644 1671 si
1655 1645 1722 1680 quid
1734 1644 1814 1671 fuerit
1827 1643 1867 1671 lo—

1069 1683 1093 1708 ci
1109 1687 1155 1709 aut
1175 1683 1313 1717 temporis.
1354 1684 1395 1708 30.
1416 1683 1485 1708 Αττ.
1507 1683 1594 1708 Locus
1613 1687 1684 1708 certe
1702 1690 1754 1708 non
1770 1681 1864 1713 deerit,

1069 1721 1197 1755 quoniam
1210 1725 1284 1746 tenes
1294 1719 1415 1746 ordinem
1429 1719 1533 1755 legum:
1557 1724 1664 1753 tempus
1679 1727 1742 1745 vero
1755 1718 1864 1754 largitur

1070 1757 1210 1793 longitudo
1220 1757 1286 1783 diei.
1326 1757 1382 1792 Ego
1392 1761 1495 1786 autem,
1509 1757 1614 1782 etiamsi
1627 1757 1810 1790 praeterieris,
1823 1764 1867 1782 re-

1068 1799 1157 1829 petam
1168 1804 1182 1821 a
1193 1799 1218 1821 te
1229 1795 1311 1820 istum
1323 1793 1355 1820 de
1366 1793 1524 1820 educatione
1535 1799 1560 1820 et
1570 1793 1603 1820 de
1613 1793 1757 1828 disciplina
1766 1793 1864 1820 locum.

1068 1832 1103 1858 M.
1117 1832 1156 1858 Tu
1168 1840 1231 1858 vero
1242 1836 1268 1858 et
1279 1832 1370 1862 istum,
1383 1831 1477 1862 Attice,
1493 1836 1518 1857 et
1531 1831 1555 1857 si
1565 1839 1646 1866 quem
1658 1831 1741 1857 alium
1749 1835 1866 1865 praeter-

1068 1870 1098 1895 ii.
1136 1869 1231 1895 Ceteris
1239 1872 1364 1902 specum-n
1375 1874 1436 1895 esto.
1451 1868 1528 1901 Quod
1539 1869 1563 1894 si
1573 1873 1622 1899 est,
1631 1873 1753 1894 tenemus
1763 1869 1864 1895 omnia.

1068 1907 1101 1933 Ut
1112 1907 1184 1933 enim
1196 1906 1391 1941 cupiditatibus
1408 1906 1562 1940 principum
1578 1911 1604 1932 et
1618 1906 1693 1932 vitiis
1710 1905 1783 1931 infici
1798 1905 1866 1932 solet

1068 1949 1119 1970 tota
1130 1944 1240 1970 civitas:
1260 1944 1300 1969 sic
1311 1943 1448 1969 emendari
1460 1943 1594 1978 etcorrigi
1604 1943 1778 1969 continentia.
1817 1943 1866 1969 Vir

1069 1990 1183 2017 magnus
1194 1986 1220 2007 et
1233 1981 1311 2007 nobis
1322 1980 1450 2007 omnibus
1461 1981 1578 2010 amicus,
1592 1980 1622 2006 L.
1634 1979 1779 2010 Lucullus,
1795 1978 1866 2006 fere-

1068 2019 1154 2049 batur,
1168 2019 1246 2053 quasi
1257 2017 1476 2044 commodissime
1487 2017 1682 2052 respondisset,
1697 2026 1783 2052 quum
1794 2022 1866 2044 esset

1067 2056 1170 2083 obiecta
1182 2055 1381 2092 magnificentia
1393 2054 1661 2086 villaeTusculanae,
1675 2054 1729 2081 duo
1740 2063 1768 2081 se
1781 2054 1864 2081 habe-

1069 2102 1096 2120 re
1108 2093 1225 2125 vicinos;
1247 2093 1428 2128 superiorem,
1446 2093 1564 2128 equitem
1575 2092 1737 2124 Romanum;
1755 2091 1865 2118 inferio-

1068 2139 1138 2162 rem,
1164 2130 1335 2157 libertinum:
1357 2139 1474 2166 quorum
1492 2138 1578 2165 quum
1597 2134 1687 2156 essent
1706 2128 1864 2165 magnificae

1067 2168 1161 2198 villae,
1179 2167 1290 2194 concedi
1301 2168 1499 2202 sibioportere‚
1516 2166 1589 2202 quod
1601 2166 1657 2197 his,
1674 2167 1722 2201 qui
1733 2166 1864 2192 tenuioris

1067 2205 1169 2232 ordinis
1185 2211 1288 2236 essent,
1312 2205 1412 2231 liceret.
1452 2205 1510 2231 Non
1521 2204 1612 2234 vides,
1629 2203 1751 2234 Luculle,
1768 2211 1783 2229 a
1798 2202 1863 2229 zeid

1067 2243 1157 2277 ipsum
1174 2248 1279 2273 natum,
1295 2247 1326 2269 ut
1340 2242 1379 2268 illi
1395 2241 1542 2276 cuperent?
1560 2241 1662 2276 quibus
1678 2240 1719 2271 id,
1735 2241 1799 2267 situ
1809 2248 1862 2267 non

1067 2279 1177 2311 taceres.
1193 2288 1245 2306 nou
1258 2279 1358 2306 liceret.
1380 2281 1422 2305 3⁴.
1435 2279 1502 2311 Quis
1515 2279 1588 2305 enim
1599 2277 1679 2304 ferret
1689 2279 1762 2308 istos,
1775 2285 1862 2312 quum

1067 2317 1170 2343 videret
1180 2325 1272 2343 eorum
1285 2316 1364 2343 villas
1374 2317 1461 2352 signis
1472 2321 1498 2342 et
1508 2315 1607 2342 tabulis
1623 2314 1745 2345 refertas,
1763 2315 1862 2349 partim

1066 2354 1199 2389 publicis,
1217 2355 1314 2389 partim
1329 2354 1409 2380 etiam
1425 2354 1509 2380 sacris
1524 2357 1549 2379 et
1563 2351 1717 2388 religiosis?
1734 2352 1797 2386 quis
1809 2360 1862 2378 non

1067 2391 1199 2427 frangeret
1209 2400 1302 2418 eorum
1314 2391 1442 2417 libidines
1451 2411 1457 2421 ‚
1475 2391 1528 2416 nisi
1539 2389 1579 2416 illi
1591 2389 1656 2425 ipsi,
1673 2389 1721 2423 qui
1732 2396 1777 2414 eas
1789 2387 1862 2416 fran—

1065 2437 1128 2464 gere
1139 2428 1276 2459 deberent,
1289 2427 1446 2463 cupiditatis
1459 2426 1581 2454 eiusdem
1592 2425 1762 2453 tenerentur?

1122 2465 1193 2492 XIV.
1215 2466 1268 2492 Nec
1279 2466 1352 2492 enim
1364 2470 1467 2492 tantum
1478 2464 1542 2490 mali
1553 2468 1593 2490 est
1603 2471 1712 2498 peccare
1723 2463 1861 2498 principes

1065 2503 1241 2538 (quamquam
1261 2508 1301 2529 est
1317 2511 1446 2538 magnum
1461 2501 1511 2528 hoc
1525 2509 1573 2536 per
1587 2509 1616 2527 se
1636 2501 1728 2535 ipsum
1748 2500 1862 2536 malum)

1064 2545 1196 2575 quantum
1209 2540 1290 2571 illud,
1312 2539 1385 2575 quod
1400 2538 1528 2574 permulti
1542 2538 1689 2564 imitatores
1705 2538 1860 2572 principum

1064 2578 1208 2604 exsistunt.
1248 2578 1316 2603 Nam
1335 2576 1397 2603 licet
1414 2576 1518 2606 videre,
1536 2576 1561 2601 si
1576 2574 1644 2601 vetis
1658 2575 1788 2609 replicare
1803 2583 1861 2601 mex

1064 2615 1177 2641 moriam
1197 2619 1362 2649 temporum,
1387 2613 1599 2648 qualescumque
1619 2613 1721 2638 summi
1741 2612 1860 2639 civitatis

1063 2652 1117 2679 viri
1128 2651 1236 2684 fuerint,
1248 2651 1328 2679 talem
1338 2651 1474 2678 civitatem
1485 2649 1584 2676 fuisse:
1597 2657 1786 2685 quaecumque
1799 2657 1861 2676 mu-
