1941 3052
266 120 328 144 42⁸0
834 117 887 142 iti.
921 116 953 141 M.
985 116 1015 141 Τ.

262 190 392 217 bernator,
407 197 438 213 an
452 186 553 220 paleae:
574 186 598 211 in
613 194 638 211 re
653 184 865 219 aliquantulum,
882 187 906 212 in
919 185 1052 218 guberna-

262 227 324 252 10ris
348 226 485 251 jusi-ivntm
508 222 574 248 nibil
599 223 713 247 ints-rost.
757 223 841 257 Lapsa
863 228 902 248 est
922 223 1005 248 libido
1027 223 1051 248 in
1080 227 1083 261 J

261 263 373 289 mutium
390 264 489 294 igunto:
508 259 624 284 «informi
639 260 775 292 pam-iures
792 261 921 294 pertinet,
938 260 1052 294 quamsi
1080 272 1082 282 ι

261 300 382 334 petulans
401 298 492 324 fuisset
511 298 534 321 iu
552 296 640 329 aliqua
655 305 781 328 generosa
795 306 824 321 ar·
837 297 919 323 nobili
934 298 1050 329 virs-'ines
1080 293 1082 333 Ξ

261 346 352 371 ,μη-«πη
363 337 379 361 it
396 345 455 360 veru
467 333 652 362 nibilominus,
662 333 801 366 siquidem
814 339 853 359 est
866 343 973 368 peccare
986 340 1053 360 tam-
1073 319 1081 374 l¹

260 383 339 408 quam
363 371 493 397 transilire
516 370 612 395 litu-as:
645 370 716 404 quod
740 379 825 404 ‹pittm
848 371 951 401 fereris,
974 372 1051 405 culpa
1073 385 1081 410 Μ

260 411 401 435 ‹anamim-a
414 413 466 433 est:
489 416 569 441 quam
584 407 659 439 long«-
673 408 857 441 pregri-(liare,
873 417 957 443 (pium
970 409 1051 434 scau-l
1073 418 1081 469 Ἡ

260 448 404 474 transieris,
419 445 450 470 ad
463 444 612 477 augendam
625 444 730 478 culpam
745 445 812 471 nibil
827 447 948 479 pertinet.
991 447 1053 471 l'‹·‹·-

258 494 316 509 rari·
329 489 396 508 verti·
411 483 470 508 licet
483 482 592 507 nemini.
627 482 701 512 Quod
714 488 803 508 autem
816 492 867 509 non
881 483 950 512 licet.
966 483 990 508 id
1005 483 1052 508 boc

259 531 310 547 unu
327 525 443 549 tenetur,
461 519 483 544 si
500 519 622 551 arguitur
637 528 687 545 non
702 519 790 545 lii-ere.

259 568 305 584 nei·
322 558 412 583 minus
428 565 555 590 umquam
574 556 628 581 lieri
650 561 745 590 potest:
771 557 907 591 (quoniam
926 558 950 583 in
968 566 998 583 eo
1014 562 1052 583 est
1073 569 1074 572 ¹

257 600 408 629 peccatum,
428 594 450 619 si
467 602 518 618 nou
536 593 623 623 li‹·uit;
642 593 714 627 quod
730 603 838 628 semper
849 603 932 620 unum
944 599 967 620 et
982 594 1050 620 idem
1072 623 1074 627 .

256 634 395 666 cst:)‹1itac
407 640 438 657 ex
451 640 482 656 eo
494 635 598 665 peccata
612 636 766 662 nascuntur,
776 632 897 666 aequalia
910 633 962 658 sint
973 641 1051 666 opor-

257 675 300 695 tet.

255 716 311 732 esst
329 707 407 732 ctiam
426 707 489 732 vitia
503 715 606 732 necessi
622 710 670 731 est.
712 705 792 741 Atqui
806 716 882 741 pares
894 715 952 732 esse
966 708 1051 732 virtu-

256 750 307 774 tes,
326 752 373 769 nec
391 743 458 769 bono
474 745 531 769 viro
543 742 693 774 meliorem,
713 753 761 769 nec
774 749 936 778 temperante
948 748 1050 778 tempe-

256 781 406 811 rantiorem,
417 790 464 806 nec
480 781 538 806 forti
553 781 695 811 fortiorem,
711 790 759 807 nec
771 782 891 816 sapiente
902 782 1049 816 sapientio-
1071 784 1073 813 ξ

255 827 309 844 rem
323 827 400 852 posse
415 818 484 847 fieri.
504 818 630 844 facillime
643 822 728 852 potest
740 819 867 853 perspici.
908 819 947 845 An
961 820 1048 844 virum

254 856 354 881 bonum
367 855 449 884 dices.
463 856 509 890 qui
522 855 674 889 depositum
688 855 761 881 nullo
773 860 850 886 teste,
865 865 949 891 quum
963 855 1050 881 lucra·
1070 867 1072 886 μ

254 894 275 919 ri
298 893 408 926 impune
425 897 514 926 posset
530 893 588 918 auri
605 893 692 927 pondo
713 892 820 923 decem,
843 893 1002 922 reddiderit,
1025 894 1048 918 si

254 930 324 956 idem
339 931 363 955 in
376 929 468 955 decem
482 929 603 956 millibus
615 930 702 964 pondo
714 939 764 956 non
778 929 870 966 [idem]
885 930 994 956 fecerit‘?
1004 935 1049 956 aut

234 976 238 983 ¹
254 972 444 1001 temperantem
463 966 556 1003 [eum],
577 968 623 1002 qui
640 976 668 993 se
686 968 711 993 in
728 967 816 1002 aliqua
834 967 947 994 libidine
963 968 1048 993 conti—

253 1005 349 1034 nuerit,
365 1005 390 1030 in
403 1004 492 1038 aliqum
504 1004 645 1030 ell'udcrit‘?
665 1006 705 1030 ⁶22.
721 1005 774 1031 Una
789 1005 873 1031 virtus
885 1010 924 1031 est
935 1013 1048 1031 consen-
1069 1027 1077 1043 4,

898 1042 970 1068 Nihil
984 1042 1047 1068 lmic
1069 1051 1077 1076 ;'

251 1078 314 1104 addi
327 1083 424 1113 potest,
438 1087 492 1113 quo
504 1079 590 1113 magis
603 1080 688 1105 virtus
700 1080 746 1105 sit:
769 1079 835 1105 nibil
849 1079 934 1110 demi,
953 1084 979 1105 ut
992 1080 1047 1105 vir—
1099 1081 1246 1102 conventus
1267 1078 1346 1103 etiam
1373 1077 1487 1103 ferorum
1514 1083 1540 1104 et
1565 1078 1743 1104 immanium?
1771 1079 1895 1105 omnisne

663 1116 767 1142 Etenim
785 1117 807 1142 si
824 1116 960 1143 benefacta
977 1121 1046 1142 recte
1068 1119 1077 1155 «¹3

253 1042 320 1068 tiens
334 1050 395 1067 cum
413 1043 512 1067 ratione
523 1046 548 1067 et
560 1046 686 1076 perpetua
699 1043 856 1068 constantia.

252 1116 315 1142 tutis
333 1124 428 1142 nomen
446 1116 621 1150 relinquatur.

252 1153 318 1179 facta
335 1158 411 1183 sunt,
429 1158 454 1179 et
470 1153 536 1179 nihil
556 1158 625 1179 recto
641 1154 751 1179 rectius:
775 1158 845 1180 certe
860 1162 892 1179 ne
905 1154 973 1180 bono
984 1154 1046 1188 qui·-

250 1190 310 1216 dem
324 1189 421 1215 melius
433 1190 583 1224 quidquam
597 1191 712 1216 inveniri
724 1195 818 1225 potest.
855 1190 983 1226 Sequitur
994 1192 1046 1226 igi-

250 1233 306 1256 tur,
333 1232 360 1253 ut
375 1228 454 1253 etiam
472 1228 534 1253 vitia
551 1228 605 1253 sint
621 1229 707 1262 paria:
735 1229 757 1253 si
774 1228 885 1262 quidem
901 1229 1046 1263 pravitates

249 1264 331 1290 animi
345 1269 412 1290 recte
426 1264 489 1290 vitia
501 1264 637 1290 dicuntur.
669 1265 750 1299 Atqui
762 1266 890 1300 quoniam
903 1274 979 1300 pares
992 1266 1046 1291 vir-

250 1306 318 1327 tutes
334 1306 409 1327 sunt:
433 1306 502 1327 recte
520 1301 600 1333 facta,
618 1302 725 1336 quando
740 1311 754 1328 a
771 1303 918 1329 virtutibus
938 1303 1046 1338 profici-

247 1343 368 1369 scuntur,
378 1339 451 1373 paria
463 1347 521 1364 esse
533 1339 644 1371 debent3
662 1340 779 1374 itemque
791 1341 1044 1375 peccata,quoniam
1067 1355 1068 1362 κ

247 1384 280 1401 ex
292 1376 365 1401 vitiis
378 1381 494 1407 manant,
508 1377 563 1403 sint
574 1376 696 1411 aequalia
708 1385 816 1403 necesse
827 1382 876 1404 est.
908 1379 939 1404 11.
961 1380 1003 1404 523.
1024 1379 1044 1404 A
1066 1399 1067 1403 ,

244 1414 407 1445 philosophis,
422 1413 522 1448 inquis,
536 1416 585 1440 isla
595 1417 683 1440 samis.
724 1415 884 1445 Metuebam,
899 1423 931 1441 ne
945 1424 958 1442 a
972 1414 1045 1441 leno-

247 1449 327 1475 nibus
340 1450 453 1476 diceres.
494 1451 613 1477 Socrates
628 1454 775 1484 disputabat
791 1455 839 1478 islo
853 1455 934 1479 morlo.
975 1453 1043 1479 Bene

247 1486 354 1513 hercule
367 1496 468 1513 narraS.
509 1488 575 1514 Nam
592 1489 672 1514 istum
685 1488 792 1515 doctum
804 1494 829 1516 et
840 1490 988 1524 sapientem
1001 1490 1044 1516 vi-

245 1533 305 1550 rum
318 1523 402 1550 fuisse
414 1526 557 1551 memoriae
570 1525 696 1552 traditum
708 1530 757 1552 est.
792 1526 845 1552 Sed
859 1532 946 1553 tamen
958 1536 1043 1562 quae-

245 1570 273 1587 ro
284 1570 317 1587 ex
329 1565 368 1587 te:
384 1562 502 1596 (quando
517 1562 608 1588 verbis
624 1563 692 1589 inter
708 1572 755 1589 nos
770 1563 970 1594 contendimus,
990 1573 1040 1591 non

243 1599 344 1633 pugnis
353 1598 370 1633 :)
384 1604 474 1625 utrum
486 1599 518 1625 de
530 1599 608 1626 bonis
619 1605 659 1626 est
669 1601 864 1635 quaerendum,
877 1601 944 1636 quid
956 1601 1041 1627 baiuli

244 1640 323 1670 atque
335 1637 459 1670 operarii,
469 1645 511 1667 an,
520 1636 586 1671 quid
599 1637 722 1664 homines
734 1637 1042 1665 doctissimisenserint‘?

242 1673 400 1706 praesertim
412 1682 496 1708 quum
510 1673 558 1700 hac
570 1675 700 1701 sententia
713 1684 764 1701 non
779 1675 858 1702 modo
873 1677 974 1707 verior,
992 1676 1039 1702 sed

244 1718 276 1735 ne
293 1709 384 1736 utilior
395 1710 505 1745 quidem
523 1711 663 1738 hominum
676 1713 745 1738 vitae
757 1713 869 1747 reperiri
882 1713 935 1739 ulla
947 1714 1038 1748 possit.

242 1745 316 1778 Quae
329 1747 370 1773 vis
382 1747 453 1773 enim
465 1753 518 1779 est,
532 1757 600 1783 quae
612 1750 699 1784 magis
711 1755 798 1776 arceat
809 1750 931 1776 homines
943 1751 976 1776 ab
988 1751 1039 1776 im—
1060 1770 1062 1780 .

241 1784 372 1818 probitate
384 1785 471 1815 omni,
487 1794 569 1820 quam
581 1787 604 1812 si
616 1787 761 1818 senserint,
776 1786 881 1813 nullum
894 1788 920 1814 in
933 1787 1038 1814 delictis
1067 1803 1069 1811 x

242 1829 300 1846 esse
318 1821 483 1848 discrimen‘.>
503 1831 587 1857 aeque
603 1832 712 1857 peccare
728 1832 770 1855 se,
788 1825 812 1850 si
826 1825 952 1858 privatis,
970 1833 1000 1851 ac
1015 1825 1038 1850 si

241 1858 444 1893 magistratibus
461 1868 556 1886 manus
572 1860 710 1887 adferant?
728 1869 928 1896 quamcumque
945 1862 971 1888 in
990 1861 1038 1888 do-

241 1903 316 1920 mum
328 1900 452 1929 stuprum
468 1896 621 1927 intulerint,
638 1897 760 1923 eamdem
772 1907 831 1924 esse
844 1898 930 1924 labem
944 1898 1038 1925 libidi-

240 1930 302 1958 nis‘?
315 1933 357 1958 24.
366 1933 469 1958 Nihilne
481 1936 560 1966 iqitur
571 1935 761 1968 interest,(nam
773 1935 823 1961 hoc
834 1935 905 1962 dicet
915 1935 1037 1970 aliquis,)

238 1973 338 2001 patrem
348 1972 406 2002 quis
417 1975 507 2000 enecet,
518 1979 551 1996 an
563 1971 684 1997 servum?
703 1971 779 1997 Nuda
792 1973 841 1998 ista
852 1973 876 1998 si
888 1981 979 2007 ponas⁴
994 1974 1037 1999 iu—

239 2005 337 2036 dicari,
356 2005 445 2041 qualia
461 2007 529 2038 sint,
548 2016 599 2033 non
615 2007 691 2034 facile
703 2014 826 2043 possunt.
867 2010 969 2036 Patrem
982 2012 1035 2037 vita

238 2043 345 2077 privare
356 2043 380 2069 si
391 2051 438 2077 per
449 2052 477 2070 se
493 2043 582 2070 scelus
598 2050 650 2071 est:
674 2045 830 2081 Saguntini,
848 2048 896 2082 qui
912 2053 1035 2081 parentes

238 2088 302 2105 suos
319 2079 418 2106 liberos
431 2082 528 2111 emori,
550 2090 632 2116 quam
650 2091 742 2109 servos
761 2084 852 2110 vivere
871 2085 1032 2116 maluerunt,

237 2117 387 2151 parricidae
409 2117 526 2144 fuerunt.
566 2119 636 2154 Ergo
657 2125 682 2146 et
702 2121 804 2155 parenti
830 2129 1032 2157 nonnumquam

237 2153 322 2180 adimi
333 2155 387 2181 vita
398 2155 457 2181 sine
468 2155 568 2181 scelere
580 2161 679 2190 potest:
702 2162 726 2184 et
741 2166 819 2184 servo
830 2167 910 2193 saepe
921 2160 980 2185 sine
992 2160 1034 2186 in-

237 2192 306 2217 iuria
318 2200 369 2218 non
381 2196 476 2226 potest.

236 2228 363 2263 stinguit;
377 2237 446 2263 quae
458 2230 565 2264 quando
577 2236 634 2257 utro
646 2233 768 2263 accessit,
777 2232 805 2258 id
817 2232 844 2259 fit
854 2234 1029 2268 propensius3

235 2265 260 2291 si
274 2270 387 2300 utroque
401 2266 526 2293 adiuncta
537 2272 590 2298 est,
607 2269 680 2302 paria
697 2269 761 2295 fiant
775 2278 885 2296 necesse
896 2275 945 2297 est.
988 2272 1030 2298 25.

235 2302 305 2328 Illud
317 2307 404 2329 tamen
417 2304 538 2335 interest,
556 2305 628 2339 quod
643 2306 670 2331 iu
685 2314 762 2332 servo
778 2307 911 2338 necando,
929 2308 952 2334 si
964 2308 991 2334 id
1004 2308 1032 2335 fit

235 2339 343 2371 iniuria,
356 2340 440 2366 semel
452 2346 590 2375 peccatur,
610 2343 636 2368 in
649 2344 732 2377 patris
744 2344 797 2370 vita
810 2344 934 2370 violanda
947 2345 1030 2372 multa

234 2382 387 2410 peccantur.
427 2378 548 2404 Violatur
560 2380 591 2409 is,
605 2380 652 2414 qui
664 2382 826 2414 procreavit:
841 2382 873 2412 is,
887 2383 935 2416 qui
947 2382 1027 2409 aluit:

233 2414 270 2444 is,
288 2415 335 2448 qui
346 2414 479 2442 erudivit:
503 2416 540 2447 is,
554 2416 602 2451 qui
613 2417 640 2442 in
652 2417 715 2443 sede
727 2426 756 2443 ac
767 2417 846 2444 domo
857 2423 936 2454 atque
948 2420 975 2445 in
988 2428 1030 2445 re-

232 2450 341 2484 publica
353 2451 502 2479 collocavit.
538 2452 710 2480 Multitudine
720 2460 890 2489 peccatorum
902 2461 1026 2490 praestat,

232 2495 317 2521 eoque
328 2497 412 2522 poena
424 2490 523 2516 maiore
534 2489 634 2526 dignus
645 2496 694 2517 est.
735 2491 789 2518 Sed
800 2501 848 2518 nos
860 2493 886 2518 in
898 2494 961 2524 vita,
975 2502 1027 2520 non

232 2531 300 2557 quae
316 2526 414 2559 cuique
430 2531 538 2560 peceato
554 2536 637 2562 poena
651 2529 700 2558 sit,
718 2528 765 2555 sed
781 2534 912 2563 quantum
928 2532 1027 2565 cuique

232 2559 318 2591 liceat,
332 2567 450 2596 spectare
461 2563 606 2591 debemus:
629 2565 764 2600 quidquid
777 2575 828 2592 non
839 2571 955 2600 oportet,
968 2576 1027 2594 sce-

232 2596 274 2622 lus
285 2605 357 2629 esse.
375 2599 510 2634 quidquid
522 2609 573 2628 non
591 2601 665 2633 licet,
683 2602 758 2629 nefas
773 2607 867 2638 putare
882 2604 1024 2631 debemus.

230 2633 352 2662 Etiamne
364 2636 391 2662 in
402 2637 523 2664 minimis
535 2638 633 2665 rebus‘?
652 2639 754 2667 Etiam:
777 2641 801 2667 si
811 2640 923 2676 quidem
935 2650 1024 2669 rerum

342 671 382 695 2¹.
405 668 481 700 Quod
497 669 519 693 si
538 669 649 695 virtutes
666 677 744 702 pares
760 674 823 695 sunt
839 670 906 696 inter
917 678 959 700 se,
979 671 1050 703 paria
1079 687 1080 690 ,

517 2192 616 2219 Caussa
629 2194 711 2229 igitur
723 2195 800 2225 haec,
819 2204 871 2222 non
886 2201 979 2223 natura
990 2197 1033 2223 di-
1061 2223 1063 2228 χ

832 520 859 546 ld
871 521 894 546 si
907 529 954 546 nce
966 521 1052 546 innius
1080 551 1081 556 1

1070 894 1071 903 ¹
1102 891 1206 915 vincam
1222 892 1356 917 necessari
1363 892 1393 917 is.

1050 115 1322 142 ‹ttttizttoNtS

1080 199 1083 215 5
1106 185 1214 211 modum
1228 186 1327 219 fingere
1339 195 1389 212 non
1402 194 1560 221 possumus,
1576 189 1727 214 animorum
1740 189 1848 216 modum
1862 196 1899 216 te-

1106 232 1166 249 nere
1179 232 1333 257 possumus.
1374 225 1415 249 26.
1439 224 1536 250 llistrio
1547 226 1569 250 si
1582 226 1701 260 paullum
1717 236 1744 252 se
1757 229 1840 253 movit
1852 236 1899 254 ex-

1106 266 1142 286 tra
1154 269 1310 289 minu-rum,
1331 266 1376 286 aut
1391 261 1413 286 si
1431 270 1523 287 versus
1539 264 1725 296 pronuntiatus
1740 270 1779 290 est
1796 264 1898 291 svllaba

1107 306 1156 323 una
1170 297 1276 323 brevior
1286 303 1330 323 aut
1343 297 1459 332 longior,
1477 300 1636 325 exsibilatur
1650 306 1675 326 et
1685 295 1852 335 exploditur:
1872 307 1898 328 tu

1107 336 1132 360 in
1160 335 1211 360 vita
1221 355 1226 364 ,
1252 344 1320 369 quae
1341 336 1413 361 omni
1433 341 1509 369 ger-tu
1532 337 1702 366 moderatior.
1725 340 1797 364 omni
1820 348 1897 365 versu

1105 372 1190 405 aptior
1201 380 1259 397 esse
1271 372 1359 401 debet,
1374 378 1401 398 ut
1415 373 1440 398 in
1452 372 1555 408 syllaba
1568 378 1591 399 te
1603 383 1711 408 peccare
1723 376 1815 401 dicen?
1835 377 1899 402 l'oe-

1105 414 1156 434 tam
1171 418 1221 434 uon
1237 409 1317 435 audio
1330 410 1355 435 in
1369 410 1462 443 nugis:
1487 411 1512 436 in
1527 412 1594 436 vitae
1605 412 1729 438 socii-tate
1740 413 1847 439 audiam
1860 414 1899 439 ci-

1107 455 1179 475 vem,
1197 446 1291 478 digitis
1307 451 1412 480 pec-cata
1428 447 1610 474 dimetientem
1628 450 1694 474 arisi?
1714 450 1786 480 Quae
1801 452 1823 476 si
1842 451 1898 476 visa

1104 488 1166 508 sunt
1179 483 1308 510 breviora.
1319 483 1416 509 leviora
1424 487 1470 518 qui
1485 486 1587 518 possint
1599 486 1704 511 videri?
1714 487 1899 521 quum,quid-

1103 520 1169 554 quid
1186 526 1322 554 peccatur,
1345 521 1544 555 perturbatione
1560 528 1683 557 peccetur
1698 525 1807 550 rationis
1819 530 1897 559 atque

1103 557 1218 584 ordinis:
1234 558 1385 592 perturbata
1397 564 1484 585 autem
1497 560 1579 585 semel
1592 561 1692 586 ratione
1703 566 1728 586 et
1739 561 1842 591 ordine,
1856 563 1898 588 ni·

1104 594 1141 620 bil
1153 595 1238 629 possit
1249 595 1321 625 addi,
1334 604 1388 630 quo
1399 597 1485 631 magis
1497 597 1600 631 peccari
1613 606 1690 631 posse
1703 598 1832 625 videatur.

1320 696 1599 723 t'AttAtioxox
1630 698 1671 724 tv.

1191 740 1243 766 ”Ort
1256 744 1306 767 Πιὶς
1317 741 1409 775 a'iqpon·
1422 744 1550 776 (miserm.

1194 779 1295 804 omnem
1307 781 1410 805 stultum
1423 782 1546 806 insanire.

1156 815 1174 840 l.
1197 816 1238 841 27.
1261 816 1316 850 Ego
1328 825 1390 843 vero
1402 822 1424 843 te
1437 826 1488 843 non
1499 817 1621 844 stultum.
1635 822 1663 843 ut
1674 826 1766 852 saepe:
1783 826 1833 844 non
1846 819 1897 844 im-

1101 852 1229 885 probum,
1243 858 1271 878 ut
1283 862 1400 888 semper:
1419 854 1465 879 sed
1478 854 1629 880 dementem
1642 860 1667 880 et
1680 856 1803 881 insanum
1816 855 1896 881 rebus

1435 892 1570 926 Sapientis
1586 893 1693 918 animus
1710 892 1896 927 magnitudine

1100 927 1220 958 consilii,
1240 927 1376 954 tolerantia
1389 938 1476 955 rerum
1491 929 1682 959 humanarum,
1699 930 1896 964 contemptione

1101 963 1234 993 fortunae.
1254 966 1400 991 virtutibus
1411 966 1528 1000 denique
1539 967 1680 996 omnibus.
1699 972 1727 993 ut
1742 967 1894 993 moenibus.

1099 1007 1191 1035 septus
1204 1002 1326 1029 vincetur
1337 1008 1361 1029 et
1377 1004 1590 1038 expugnabitur,
1609 1005 1655 1038 qui
1671 1013 1703 1030 ne
1714 1005 1822 1030 civitate
1833 1006 1895 1039 qui-

1099 1038 1159 1064 dem
1182 1038 1246 1073 pelli
1268 1040 1370 1074 potr-st?
1390 1041 1463 1072 Quae
1483 1046 1522 1066 est
1543 1041 1614 1066 enim
1631 1042 1746 1067 civitas?
1765 1041 1895 1068 Omnisnc

1099 1114 1178 1139 etiam
1201 1113 1376 1148 fugitivorum
1395 1124 1424 1140 ac
1442 1114 1572 1141 latronum
1589 1121 1748 1150 congregata
1768 1125 1851 1142 unum
1869 1117 1893 1142 in

1101 1150 1187 1176 locum
1210 1151 1373 1178 multitudo‘.>
1396 1152 1472 1178 Certe
1497 1152 1618 1187 negabis
1660 1153 1716 1178 Non
1738 1153 1821 1188 igitur
1840 1159 1895 1179 erat

1075 1183 1077 1204 s
1100 1188 1143 1213 illa
1165 1193 1221 1214 tum
1242 1189 1351 1219 civitas,
1373 1197 1458 1224 quum
1481 1189 1553 1225 leges
1575 1190 1600 1215 in
1622 1198 1652 1215 ea
1669 1190 1737 1216 nihil
1755 1189 1892 1216 valebant:

1075 1225 1076 1229 ’
1098 1233 1182 1259 quum
1201 1225 1300 1252 iudicia
1313 1226 1448 1253 iacebant:
1466 1235 1551 1261 quum
1564 1235 1621 1253 mos
1633 1228 1735 1261 patrius
1746 1227 1891 1254 occiderat:

1097 1271 1196 1297 quum,
1214 1262 1282 1289 ferro
1299 1263 1386 1298 pulsis
1402 1263 1618 1299 magistratibus,
1637 1270 1746 1291 senatus
1757 1273 1854 1291 nomen
1867 1266 1893 1291 iu

1098 1299 1236 1334 republica
1248 1309 1300 1327 non
1312 1306 1375 1327 erat.
1417 1301 1583 1328 Praedonum
1596 1301 1641 1327 ille
1652 1310 1800 1328 concursus
1815 1307 1854 1332 et.
1870 1307 1894 1328 te

1096 1337 1178 1367 duce,
1205 1337 1373 1364 latrocinium
1397 1339 1424 1365 in
1447 1338 1501 1365 foro
1523 1340 1698 1365 constitutum
1719 1344 1745 1365 et
1764 1338 1894 1374 reliquiae

1096 1376 1288 1402 coniurationis
1304 1384 1318 1402 a
1334 1376 1463 1403 Catilinae
1480 1376 1559 1402 furiis
1574 1375 1607 1402 ad
1623 1381 1698 1403 tuum
1715 1376 1805 1402 scelus
1821 1376 1894 1403 furo-

1096 1421 1206 1447 remque
1221 1422 1364 1439 conversae
1381 1422 1433 1439 non
1449 1414 1544 1439 civitas
1560 1418 1624 1440 erat.
1665 1415 1707 1440 ⁶28.
1729 1415 1820 1448 ltaque
1831 1413 1894 1448 pul-

1095 1459 1142 1476 sus
1153 1458 1202 1485 ego
1213 1451 1320 1477 civitate
1332 1459 1384 1477 non
1399 1459 1473 1481 sum,
1489 1460 1557 1486 quae
1573 1450 1645 1477 nulla
1657 1456 1724 1477 erat:
1748 1451 1893 1477 arcessitus

1095 1487 1122 1513 in
1134 1488 1271 1514 civitatem
1282 1496 1352 1519 sum,
1361 1496 1446 1523 quum
1459 1493 1527 1514 esset
1540 1489 1566 1514 in
1578 1488 1716 1523 republica
1727 1487 1831 1519 consul,
1843 1489 1893 1523 qui

1072 1523 1073 1531 ¹
1095 1529 1151 1551 tum
1163 1525 1255 1551 nullus
1267 1524 1366 1552 fuerat:
1388 1531 1458 1552 esset
1474 1530 1598 1556 senatus,
1615 1526 1730 1560 quitum
1742 1525 1890 1552 occiderat:

1070 1574 1072 1583 r
1093 1567 1163 1588 esset
1172 1571 1321 1589 consensus
1333 1563 1426 1598 populi
1441 1563 1532 1589 liberi:
1545 1568 1616 1589 esset
1628 1563 1695 1589 iuris
1706 1563 1889 1598 etaequitatis.

1093 1608 1162 1633 quae
1176 1599 1284 1626 vincula
1295 1605 1359 1626 sunt
1368 1601 1495 1630 civitatis,
1509 1601 1619 1635 repetita
1631 1601 1770 1626 memoria.
1801 1600 1839 1626 Ac
1849 1600 1892 1626 vi-

1092 1636 1138 1667 de,
1161 1645 1242 1671 quam
1259 1638 1309 1663 ista
1325 1638 1363 1664 tui
1382 1637 1514 1664 latrocinii
1530 1637 1581 1664 tela
1592 1638 1810 1672 contempserim.
1850 1637 1891 1663 Ia-

1092 1679 1161 1700 ctam
1178 1679 1204 1700 et
1219 1675 1370 1700 immissam
1386 1683 1400 1701 3
1411 1679 1435 1701 te
1447 1674 1576 1701 nefariam
1588 1676 1614 1700 in
1627 1683 1669 1700 me
1681 1675 1808 1700 iniuriam
1818 1682 1891 1700 sern-

1093 1720 1140 1745 per
1158 1711 1240 1738 duxi:
1262 1712 1418 1746 pervenisse
1434 1711 1467 1737 ad
1483 1721 1525 1738 me
1541 1720 1689 1746 numquam
1706 1712 1813 1746 putavi:
1836 1712 1889 1737 nisi

1093 1748 1167 1779 forte,
1176 1757 1261 1783 quum
1273 1750 1388 1783 parietes
1399 1748 1581 1779 disturbabas,
1590 1754 1634 1775 aut
1645 1757 1730 1783 quum
1743 1749 1819 1774 tectis
1830 1757 1889 1774 sce—

1093 1785 1187 1820 leratas
1199 1785 1270 1812 faces
1282 1785 1430 1815 inferebas,
1448 1794 1569 1812 meorum
1581 1785 1685 1820 aliquid
1698 1793 1774 1812 ruere
1785 1790 1831 1812 aut
1841 1785 1889 1811 de—

1092 1822 1202 1858 flagrare
1218 1823 1389 1849 arbitrabare.
1429 1824 1472 1849 29.
1495 1823 1567 1849 Nihil
1585 1831 1672 1858 neque
1686 1831 1775 1849 meum
1790 1827 1831 1849 est
1841 1831 1889 1849 ne-

1089 1868 1142 1895 que
1154 1861 1326 1894 cuiusquam,
1340 1859 1412 1895 quod
1424 1859 1615 1895 auferri‚quod
1626 1861 1703 1895 eripi,
1716 1859 1790 1895 quod
1801 1860 1887 1886 amitti

1089 1902 1186 1932 potest.
1227 1897 1256 1923 Si
1273 1897 1341 1923 milii
1356 1897 1504 1932 eripuisses
1520 1897 1640 1924 divinam
1657 1898 1741 1923 animi
1756 1897 1809 1923 mei
1823 1905 1888 1923 con-

1088 1935 1222 1965 stantiam,
1236 1943 1309 1961 meas
1320 1942 1408 1965 curas,
1421 1934 1539 1970 vigilias,
1548 1934 1780 1969 consilia,quibus
1792 1942 1887 1969 respu-

1088 1971 1158 1998 blica
1170 1977 1195 1998 te
1207 1973 1371 1998 invitissimo
1382 1977 1445 2004 stan
1459 1973 1483 1998 si
1495 1972 1577 1998 huius
1588 1973 1687 1998 aeterni
1700 1971 1824 1998 beneficii
1834 1972 1887 1998 im—

1088 2009 1226 2036 mortalem
1239 2010 1395 2035 memoriam
1406 2008 1569 2041 delevisses3
1583 2008 1667 2036 multo
1676 2010 1756 2035 etiam
1763 2009 1850 2044 magis
1861 2010 1885 2035 si

1088 2047 1161 2073 illam
1174 2051 1300 2077 mentem,
1309 2046 1381 2073 unde
1393 2046 1458 2072 haec
1469 2046 1581 2073 consilia
1593 2051 1744 2077 manarunt,
1753 2046 1821 2072 mihi
1832 2046 1886 2072 eri-

1063 2093 1065 2098 ⁴
1086 2085 1206 2118 puisses:
1230 2089 1288 2111 tum
1302 2092 1352 2119 ego
1367 2085 1503 2118 accepisse
1522 2092 1564 2110 me
1584 2084 1725 2110 confiterer
1744 2084 1882 2109 iniuriam.

1062 2128 1065 2136 ’
1086 2121 1139 2148 Sed
1150 2123 1174 2147 si
1189 2121 1254 2147 haec
1271 2129 1319 2147 nec
1335 2120 1436 2151 fecisti,
1455 2130 1503 2148 nec
1518 2121 1604 2147 facere
1619 2121 1743 2155 potuisti:
1767 2120 1883 2146 reditum

1085 2159 1153 2185 mihi
1163 2158 1312 2194 gloriosum
1324 2159 1424 2185 iniuria
1436 2163 1479 2185 tua
1491 2158 1578 2189 dedit,
1593 2167 1645 2184 non
1657 2158 1760 2184 exitum
1771 2157 1884 2184 calami-

1085 2201 1183 2223 tosum.
1198 2196 1269 2231 Ergo
1280 2204 1329 2231 ego
1339 2204 1446 2230 semper
1456 2197 1538 2227 civis;
1552 2200 1578 2222 et
1589 2200 1645 2222 tum
1658 2196 1785 2225 maxime,
1797 2203 1883 2230 quum

1085 2242 1172 2260 meam
1193 2233 1308 2260 salutem
1329 2238 1439 2259 senatus
1459 2233 1558 2259 exteris
1574 2232 1742 2262 nationibus,
1768 2237 1798 2258 ut
1812 2232 1882 2258 civis

1083 2272 1187 2305 optimi,
1201 2270 1419 2302 commendabat;
1442 2274 1470 2296 tu
1482 2279 1514 2296 ne
1526 2278 1598 2296 nunc
1608 2269 1734 2304 quidem:
1751 2269 1803 2295 nisi
1816 2268 1881 2294 forte

1083 2308 1156 2334 idem
1171 2316 1230 2334 esse
1245 2307 1330 2334 hostis
1341 2312 1367 2334 et
1377 2307 1447 2333 civis
1457 2311 1554 2342 potest.
1594 2307 1635 2333 An
1647 2311 1675 2333 tu
1687 2307 1774 2333 civem
1786 2305 1820 2332 ab
1831 2305 1880 2332 ho-

1082 2351 1121 2371 ste
1143 2350 1236 2372 natura
1252 2353 1282 2371 30
1298 2344 1368 2375 1000,
1391 2353 1444 2371 non
1464 2346 1554 2371 animo
1569 2343 1700 2378 factisque
1715 2342 1881 2378 distinguis‘.>

1081 2383 1113 2409 11.
1129 2384 1171 2409 30.
1186 2382 1301 2409 Caedem
1312 2382 1339 2408 iu
1351 2381 1406 2408 foro
1418 2381 1518 2407 fecisti:
1533 2381 1641 2408 armatis
1652 2380 1800 2407 latronibus
1811 2385 1880 2406 tem—

1081 2419 1123 2454 pla
1136 2420 1261 2446 tenuisti:
1282 2419 1448 2454 privatorum
1460 2418 1568 2449 domos,
1585 2418 1665 2444 aedes
1680 2426 1769 2444 sacras
1784 2417 1879 2443 incen—

1080 2457 1154 2483 disti.
1195 2457 1249 2484 Cur
1260 2456 1344 2483 hostis
1356 2456 1513 2491 Spartacus,
1526 2457 1551 2482 si
1560 2460 1588 2482 tu
1599 2453 1687 2481 civis?
1701 2455 1777 2480 Potes
1788 2459 1877 2480 autem

1080 2499 1107 2521 tu
1119 2502 1178 2520 esse
1189 2495 1268 2524 civis.
1276 2497 1384 2528 propter
1394 2501 1475 2528 quem
1487 2491 1633 2527 aliquando
1642 2492 1738 2518 civitas
1750 2490 1878 2518 nonfuit?

1079 2537 1103 2558 et
1115 2540 1157 2557 me
1169 2536 1214 2558 tuo
1225 2531 1335 2557 nomine
1346 2529 1475 2565 appellas,
1483 2538 1568 2564 quum
1579 2537 1672 2555 omnes
1683 2536 1742 2554 meo
1753 2528 1877 2554 discessu

1078 2569 1218 2595 exsulasse
1229 2567 1426 2603 rempublicam
1439 2566 1552 2602 putent?
1573 2567 1777 2600 Numquamne,
1795 2565 1876 2591 bomo

1078 2606 1277 2635 amentissime,
1295 2610 1320 2632 te
1330 2603 1552 2639 circumspicies?
1571 2611 1733 2637 numquam,
1748 2610 1797 2629 nec
1807 2602 1876 2637 quid

1078 2642 1169 2674 facias,
1183 2641 1377 2673 considerabis,
1391 2649 1440 2668 nec
1451 2640 1518 2676 quid
1530 2639 1657 2675 loquare?
1676 2640 1784 2671 Nescis,
1801 2639 1876 2666 exsi-
