1941 3052
453 106 505 132 DE
537 104 766 132 ORATORE
802 105 878 131 LIB
907 106 938 132 II.

850 527 852 576 Ι

850 598 852 640 l

35 701 102 737 quid
116 702 151 728 sit
163 701 241 733 illud,
260 709 315 736 quo
332 701 399 727 mihi
412 700 550 726 referenda
563 701 598 726 sit
611 700 698 726 omnis
713 699 759 726 illa
772 709 831 726 ora-
851 719 853 721 .

105 747 174 774 quae
197 739 232 765 sit
253 739 359 773 propria
382 738 547 773 quaestionis
565 742 590 764 et
603 737 710 770 iudicii;
733 737 830 764 deinde
851 738 853 763 Ξ

37 186 123 214 genus
137 177 186 203 hoc
200 185 364 207 caussarum,
381 176 454 211 quod
468 177 496 203 in
510 177 602 211 scripti
616 176 830 212 interpretatione

38 219 166 246 versatur,
187 215 220 241 ab
238 214 292 241 illis
306 215 419 245 caussis,
435 215 464 240 in
478 214 588 249 quibus,
604 214 693 250 qualis
707 222 830 249 quaeque

37 262 79 280 res
97 254 140 284 sit,
161 253 332 287 disceptatur,
352 252 508 287 seiungunt.
536 252 677 287 Nusquam
691 252 763 278 enim
776 256 830 277 tam

0 287 2 310 [
37 291 183 327 quaeritur,
203 289 282 324 quale
299 290 335 316 sit
351 297 437 325 genus
455 290 546 324 ipsum
563 290 611 320 rei,
627 298 709 324 quam
722 290 751 316 in
765 289 830 315 scri-

0 324 2 344 l
37 333 90 364 pto,
116 327 188 363 quod
206 331 291 353 totum
309 335 323 353 a
342 326 403 353 sacti
421 328 599 353 controversia
613 332 765 362 separatum
779 331 827 352 est.

39 368 95 393 443,
110 366 148 392 Ita
162 365 210 391 tria
224 368 288 391 sunt
300 365 409 391 omnino
421 373 526 399 genera,
539 373 608 400 quae
621 365 649 391 in
661 364 830 399 disceptatio-

37 411 98 430 nem
121 407 146 429 et
163 402 369 429 controversiam
387 402 480 428 cadere
499 403 616 437 possint:
637 402 704 437 quid
722 401 774 432 fiat,
791 401 830 427 sa-

37 445 109 468 ctum
134 439 289 466 futurumve
307 440 354 471 sit3
391 443 435 465 aut
458 439 537 474 quale
555 440 601 471 sit,
629 443 674 465 aut
696 438 829 474 quomodo

37 477 198 505 nominetur.
227 477 294 503 Nam
308 476 376 503 illud
391 476 510 512 quidem,
526 476 598 511 quod
612 476 722 511 quidam
737 476 829 503 Graeci

37 515 195 551 adiungunt,
220 519 357 541 rectumne
379 514 478 540 factum
501 515 548 544 sit,
573 518 657 540 totum
680 514 708 539 in
726 522 756 539 eo
774 518 827 539 est:

36 552 109 588 quod
122 552 201 588 quale
214 553 256 583 sit,
273 552 438 587 quaerimus.
471 551 580 577 XXVII.
608 550 662 577 Sed
674 551 727 577 iam
743 551 774 576 ad
789 551 830 577 in-

37 591 160 616 stitutum
174 594 290 616 revertar
303 597 403 615 meum.

93 629 151 654 444.
171 627 260 660 Quum
278 627 369 662 igitur,
389 629 496 660 accepto
513 633 623 651 caussae
637 633 733 660 genere
747 629 773 651 et
786 633 831 652 co-

36 665 119 700 gnito,
135 673 192 691 rem
205 668 315 690 tractare
328 664 412 698 coepi,
421 662 488 689 nihil
500 663 576 697 prius
587 663 728 694 constituo,
736 671 827 697 quam,

35 740 72 766 tio

35 760 81 803 illd
102 776 156 803 duo
178 776 384 812 diligentissime
405 775 553 806 considero,
577 784 693 810 quorum
716 775 829 801 alterum

36 813 291 841 commendationem
313 813 392 839 habet
414 817 530 839 nostram
559 817 604 838 aut
630 821 736 843 eorum,
761 821 829 847 quos
851 822 852 838 i

36 850 215 882 defendimus,
240 850 352 877 alterum
375 854 416 876 est
438 850 666 876 accommodatum
690 850 723 876 ad
737 859 829 876 eorum
851 864 852 867 =

35 888 147 920 animos,
166 888 238 923 apud
260 896 328 923 quos
350 887 475 919 dicimus,
495 887 528 913 ad
546 887 583 919 id,
604 887 677 922 quod
691 887 826 918 volumus,

35 926 250 953 commovendos.
274 927 331 952 415.
346 926 384 952 Ita
397 926 463 951 ratio
477 926 564 952 omnis
578 924 684 951 dicendi
699 925 785 951 tribus
797 925 829 951 ad

35 963 251 999 persuadendum
265 963 346 989 rebus
360 967 400 989 est
413 963 489 989 nixa:
512 967 542 989 ut
554 963 699 997 probemus
714 971 776 989 vera
787 972 830 988 es-
857 986 858 990 ,

34 1009 72 1033 se,
91 1009 161 1036 quae
178 1000 361 1033 defendimus3
384 1005 414 1026 ut
427 1000 600 1026 conciliemus
620 1000 697 1026 nobis
711 1009 764 1031 eos,
781 1001 829 1035 qui
850 1016 852 1026 >

35 1038 161 1071 audiunt;
188 1042 219 1064 ut
235 1038 338 1064 animos
356 1046 457 1069 eorum,
474 1038 507 1064 ad
520 1046 721 1072 quemcumque
734 1046 828 1064 caussa

35 1075 182 1112 postulabit
203 1079 319 1106 motum,
345 1083 481 1101 vocemus.
518 1077 574 1101 116.
595 1075 637 1101 Ad
659 1075 828 1110 probandum

35 1117 124 1140 autem
137 1112 241 1148 duplex
253 1117 294 1139 est
306 1113 402 1139 oratori
416 1113 536 1139 subiecta
551 1113 689 1139 materies:
715 1122 768 1139 una
787 1121 829 1139 re-

34 1196 62 1214 re
76 1189 177 1223 positae
189 1188 290 1215 ratione
303 1192 460 1214 tractantur:
481 1192 511 1214 ut
524 1187 644 1219 tabulae,
665 1188 825 1220 testimonia,

34 1230 118 1261 pacta,
134 1229 272 1257 conventa,
288 1226 466 1261 quaestiones,
483 1225 569 1261 10305,
585 1225 825 1257 senatusconsulta,

35 1271 78 1290 res
91 1262 236 1294 iudicatae,
257 1262 375 1294 decreta,
396 1271 522 1297 responsa
541 1267 566 1289 et
584 1262 701 1298 reliqua,
721 1264 828 1298 siquae

34 1304 106 1332 sunt,
119 1308 188 1336 quae
201 1308 253 1327 non
268 1301 409 1335 pariuntur
422 1300 455 1326 ab
468 1305 578 1331 oratore,
592 1300 639 1327 sed
653 1300 686 1326 ad
699 1306 827 1327 oratorem

34 1346 48 1364 a
62 1346 157 1364 caussa
170 1342 250 1373 atque
263 1346 278 1364 a
291 1346 319 1364 re
332 1337 501 1370 deseruntur,
528 1337 623 1369 altera,
647 1347 716 1372 quae
734 1343 787 1365 tota
801 1339 828 1364 in

34 1374 214 1410 disputatione
232 1379 258 1402 et
275 1375 302 1401 in
320 1376 548 1410 argumentatione
571 1375 682 1402 oratoris
704 1375 828 1402 collocata

34 1417 82 1439 est.
115 1413 172 1438 447.
194 1413 231 1439 lta
244 1413 272 1439 in
286 1413 422 1447 superiore
435 1421 532 1448 genere
545 1412 578 1438 de
592 1413 735 1439 tractandis
749 1422 830 1448 argu-

33 1450 144 1481 mentis,
170 1450 198 1476 in
215 1449 266 1476 hoc
283 1455 372 1476 autem
388 1450 468 1476 etiam
482 1450 514 1476 de
528 1450 697 1476 inveniendis
711 1451 830 1486 cogitan-

33 1486 99 1514 dum
113 1491 162 1513 est.
183 1487 271 1522 Atque
284 1487 328 1513 isti
343 1487 462 1522 quidem,
479 1488 526 1522 qui
540 1487 737 1523 docent,quum
752 1497 830 1514 caus-

35 1533 79 1552 sas
95 1525 123 1551 in
141 1523 219 1559 plura
242 1532 338 1560 genera
361 1530 518 1555 secuerunt,
544 1524 660 1560 singulis
684 1526 828 1560 generibus
850 1528 859 1550 31

34 1566 251 1598 argumentorum
266 1562 368 1597 copiam
383 1566 541 1597 suggerunt.
576 1562 654 1594 Quod
672 1563 777 1588 etiamsi
796 1562 829 1588 ad
850 1571 852 1578 ¹

34 1599 212 1626 instituendos
225 1599 437 1626 adolescentulos
452 1599 537 1635 magis
551 1604 643 1634 aptum
658 1604 710 1631 est,
733 1605 775 1631 ut,
792 1600 830 1626 si-
850 1610 852 1620 v

35 1636 123 1663 mulac
140 1637 225 1672 posita
242 1637 277 1663 sit
294 1645 401 1668 caussa,
428 1636 555 1668 habeant,
581 1645 635 1672 quo
653 1645 682 1663 se
704 1637 826 1668 referant,

34 1673 106 1701 unde
119 1675 207 1700 statim
221 1674 344 1709 expedita
362 1674 466 1709 possint
483 1679 639 1710 argumenta
657 1674 826 1709 depromere,

36 1756 124 1776 rerum
138 1757 189 1775 non
204 1748 303 1780 videre,
317 1754 342 1776 et
355 1749 407 1775 iam
421 1750 514 1775 aetatis
527 1754 568 1775 est
581 1758 703 1785 ususque
717 1751 799 1776 nostri
815 1759 827 1776 a

34 1786 132 1821 capite,
147 1786 221 1822 quod
234 1786 362 1818 velimus,
379 1795 511 1813 arcessere
524 1791 562 1818 et,
582 1786 654 1813 unde
667 1788 756 1814 omnia
771 1796 828 1813 ma-

35 1828 105 1856 nent,
121 1823 222 1850 videre.

91 1862 148 1888 448.
169 1861 203 1888 Et
215 1861 333 1896 primum
347 1869 433 1896 genus
447 1860 516 1887 illud
529 1869 620 1887 earum
635 1870 738 1893 rerum,
759 1870 828 1896 quae

36 1897 68 1924 ad
85 1902 214 1925 oratorem
232 1897 402 1929 deferuntur,
424 1899 581 1925 meditatum
599 1899 676 1925 nobis
690 1899 718 1925 in
732 1908 827 1934 perpe—

35 1939 112 1962 tuum
126 1935 158 1962 ad
172 1944 278 1962 omnem
293 1944 374 1962 usum
387 1935 518 1962 similium
533 1944 623 1962 rerum
637 1944 696 1963 esse
707 1936 825 1963 debebit.

34 1972 100 1999 Nam
119 1981 167 2007 pro
185 1972 284 1999 tabulis
302 1977 327 1999 ct
344 1977 432 1999 contra
452 1973 568 2005 tabulas,
597 1982 645 2008 pro
667 1974 781 2000 testibus
803 1979 828 2000 et

34 2013 122 2036 contra
141 2013 234 2041 testes,
263 2018 311 2045 pro
327 2011 531 2045 quaestionibus
549 2015 574 2037 et
589 2015 678 2037 contra
692 2012 828 2046 quaestio-

34 2055 82 2073 nes
95 2051 121 2073 et
134 2047 197 2073 item
211 2046 245 2073 de
258 2047 351 2073 ceteris
365 2048 446 2074 rebus
460 2048 581 2074 eiusdem
598 2049 705 2083 generis
724 2048 766 2075 vel
785 2058 828 2074 se-

34 2084 146 2119 paratim
165 2083 253 2110 dicere
270 2084 388 2111 solemus
405 2084 438 2110 de
456 2094 552 2121 genere
567 2086 692 2112 universo
706 2085 746 2112 vel
762 2086 828 2112 desi-

35 2122 89 2148 nite
111 2120 144 2147 de
165 2120 280 2156 singulis
303 2122 480 2156 temporibus,
510 2123 679 2154 hominibus,
707 2124 824 2156 caussis,

34 2166 102 2194 quos
116 2157 226 2194 quidem
242 2158 311 2185 locos
325 2158 411 2193 (vobis
426 2159 482 2191 lioc,
499 2160 571 2186 Cotta
585 2165 611 2186 et
625 2160 738 2195 Sulpici,
759 2160 827 2195 dico)

35 2195 118 2222 multa
132 2196 352 2222 commentatione
366 2200 444 2230 utque
455 2197 623 2224 meditatione
635 2202 737 2232 paratos
747 2203 826 2233 atque

34 2232 172 2268 expeditos
195 2232 291 2259 habere
317 2233 430 2259 debetis.
472 2235 528 2260 419.
550 2235 671 2270 Longum
694 2240 734 2262 est
755 2237 826 2262 enim

35 2278 107 2297 nunc
124 2278 166 2296 me
184 2270 330 2305 explicare,
355 2279 408 2305 qua
427 2271 524 2298 ratione
542 2277 588 2298 aut
604 2273 760 2299 confirmare
782 2278 827 2299 aut

34 2306 168 2334 infirmare
181 2311 270 2339 testes,
288 2307 400 2339 tabulas,
417 2309 586 2342 quaestiones
600 2315 727 2344 oporteat.
759 2311 826 2336 Haec

35 2348 99 2371 sunt
107 2345 195 2372 omnia
205 2345 305 2381 ingenii
317 2344 357 2370 vel
370 2345 519 2377 mediocris,
531 2347 727 2374 exercitationis
738 2352 825 2374 autem
849 2371 850 2374 ,

35 2381 179 2414 maximae3
203 2386 284 2408 artem
299 2382 409 2417 quidem
423 2387 448 2409 et
462 2388 598 2418 praecepta
612 2384 751 2411 dumtaxat
765 2385 828 2411 hac-

36 2421 114 2446 teuus
132 2419 286 2454 requirunt,
306 2425 335 2446 ut
354 2420 432 2446 certis
447 2419 552 2446 dicendi
569 2421 717 2448 luminibus
731 2431 827 2448 ornen—

35 2459 88 2482 tur.
129 2457 185 2483 ⁴20.
206 2457 326 2492 Itemque
341 2457 398 2488 illa,
423 2466 491 2492 quae
509 2463 572 2484 sunt
587 2458 696 2484 alterius
709 2460 824 2494 generis,

35 2499 104 2528 quae
121 2497 172 2520 tota
191 2494 224 2520 ab
241 2499 341 2521 oratore
359 2495 512 2529 pariuntur,
537 2496 756 2531 excogitationem
776 2505 826 2522 non

35 2527 133 2557 liabent
145 2530 292 2563 difficilem,
309 2531 513 2566 explicationem
529 2533 613 2568 inagis
625 2532 756 2559 illustrem
767 2542 827 2568 per-

35 2565 197 2603 politamque
211 2568 369 2596 desiderant.
401 2570 492 2604 Itaque
505 2578 590 2605 quum
606 2570 670 2596 haec
683 2570 737 2596 duo
750 2571 826 2597 nobis

35 2605 184 2639 quaerenda
197 2606 250 2633 sint
263 2606 291 2633 in
304 2607 416 2637 caussis.
430 2607 547 2641 primuni
562 2607 637 2642 quid,
649 2607 746 2634 deinde
759 2617 827 2643 quo-

37 2640 114 2669 modo
133 2642 267 2670 dicamus:
292 2643 417 2674 alterum,
443 2645 515 2679 quod
538 2649 621 2671 totum
641 2649 694 2671 arte
714 2646 825 2672 tinctum
855 2654 856 2657 ¹

975 105 1029 132 CA
1044 107 1073 132 Ρ.
1108 108 1195 133 21-
1216 108 1257 133 29.
1642 111 1673 135 90

882 176 995 207 videtur,
1013 178 1117 202 tametsi
1131 181 1213 203 artem
1228 178 1347 212 requirit,
1365 182 1452 204 tamen
1467 179 1624 213 prudentiae
1635 186 1675 206 est

882 222 965 248 paene
979 213 1129 245 mediocris,
1146 214 1212 249 quid
1226 214 1370 241 dicendum
1385 216 1428 246 sit,
1441 216 1545 249 videre3
1561 216 1674 244 alterum

882 255 929 282 est,
946 251 974 277 in
988 260 1042 286 quo
1055 252 1164 278 oratoris
1180 252 1220 278 vis
1234 251 1280 278 illa
1294 252 1385 278 divina
1396 253 1536 288 virtusque
1546 255 1671 285 cernitur,

882 297 924 318 ea,
941 297 1009 323 quae
1023 288 1135 315 dicenda
1149 294 1225 320 sunt,
1241 294 1344 321 ornate,
1365 291 1471 325 copiose
1490 292 1616 326 varieque
1634 292 1676 318 di-

881 334 949 351 cere.
977 326 1097 352 XXVIII.
1122 328 1179 353 424.
1195 326 1281 358 Quare
1295 327 1368 353 illam
1383 332 1485 362 partem
1499 330 1672 363 superiorem,

882 363 1009 397 quoniam
1023 363 1106 389 semel
1121 364 1156 389 ita
1171 364 1247 390 vobis
1266 364 1379 399 placuit,
1401 373 1453 391 non
1475 366 1604 392 recusabo
1622 376 1676 402 quo

882 401 972 426 minus
991 401 1137 435 perpoliam
1155 406 1234 436 atque
1252 402 1402 429 conficiam:
1423 403 1564 438 (quantum
1584 412 1677 430 conse—

881 446 962 472 quar,
988 447 1034 464 vos
1053 438 1233 474 iudicabitisz)
1256 440 1357 474 quibus
1375 449 1409 466 ex
1427 440 1491 467 locis
1510 441 1543 467 ad
1561 450 1605 467 eas
1625 447 1675 467 tres

882 483 936 505 res,
961 484 1030 510 quae
1044 475 1077 501 ad
1092 475 1171 501 fidem
1186 476 1334 503 faciendam
1348 477 1419 504 solae
1438 477 1539 509 valent,
1564 478 1676 505 ducatui·

881 513 976 543 oratio,
1001 517 1031 539 ut
1049 517 1074 539 et
1091 513 1266 540 concilientur
1285 515 1366 541 animi
1385 520 1410 541 et
1423 515 1567 542 doceantur
1580 521 1606 542 et
1619 525 1676 542 1110-

883 554 1007 582 veantur,
1032 550 1096 576 haec
1113 555 1176 576 sunt
1191 552 1261 577 enim
1277 552 1334 577 tria.
1374 552 1412 578 Ea
1426 562 1488 579 vero
1502 554 1677 588 quemadmo-

882 587 947 613 dum
962 587 1138 618 illustrentur,
1155 593 1260 622 praesto
1274 594 1322 620 est,
1339 591 1385 624 qui
1400 598 1492 616 omnes
1506 591 1600 617 docere
1614 600 1676 626 pos-

882 625 928 655 sit,
953 626 1001 659 qui
1020 625 1069 651 hoc
1088 626 1192 659 primus
1211 626 1239 651 in
1257 631 1360 652 nostros
1379 636 1465 653 mores
1482 628 1602 660 induxit,
1628 630 1675 663 qui

882 662 998 688 maxime
1013 663 1096 693 auxit,
1112 664 1160 697 qui
1174 662 1249 689 solus
1263 663 1356 690 effecit.
1400 666 1456 691 422.
1479 666 1600 700 Namque
1615 675 1673 701 ego.

883 699 988 730 Catule,
1013 700 1109 734 (dicam
1128 701 1199 726 enim
1214 709 1267 727 non
1281 710 1404 727 reverens
1419 703 1571 729 assentandi
1586 704 1676 738 suspi—

881 736 1010 772 cionem,)
1029 738 1163 763 neminem
1182 746 1240 764 esse
1255 743 1383 764 oratorem
1397 739 1488 774 paullo
1503 740 1675 767 illustriorem

882 774 1001 805 arbitror,
1019 783 1106 809 neque
1117 775 1248 802 Graecum
1264 784 1350 811 neque
1360 777 1493 808 Latinum,
1510 786 1591 812 quem
1606 783 1675 804 aetas

882 816 970 838 nostra
985 811 1083 843 tulerit,
1099 821 1180 847 quem
1196 822 1248 839 non
1262 818 1286 839 et
1300 822 1378 848 saepe
1393 819 1418 840 et
1431 814 1573 849 diligenter
1584 816 1676 841 audie—

882 850 942 875 rim.
982 850 1086 885 Itaque,
1111 850 1134 876 si
1153 850 1219 885 quid
1238 855 1277 877 est
1291 851 1318 877 in
1333 860 1387 882 me,
1408 851 1490 886 (quod
1504 852 1556 878 iam
1571 861 1676 887 sperare

881 887 986 918 videor,
1007 888 1134 922 quoniam
1149 888 1259 922 quidem
1275 897 1335 920 vos,
1356 888 1398 915 his
1412 890 1528 925 ingeniis
1542 890 1673 921 homines,

881 928 984 950 tantum
999 934 1092 959 operae
1107 925 1174 951 mihi
1188 925 1221 951 ad
1235 925 1399 952 audiendum
1414 926 1508 961 datis,)
1531 936 1564 953 ex
1582 936 1612 953 eo
1626 933 1674 956 est,

881 962 953 996 quod
967 962 1034 988 nihil
1048 964 1194 997 quisquam
1208 972 1337 998 umquam
1352 973 1394 990 me
1409 964 1533 990 audiente
1551 966 1605 1000 egit
1619 974 1677 991 ora-

881 1004 933 1031 tor,
957 1000 1031 1034 quod
1054 1009 1105 1027 non
1127 1001 1155 1026 in
1177 1001 1304 1027 memoria
1327 1010 1384 1027 mea
1407 1002 1514 1036 penitus
1537 1002 1674 1028 insederit.

880 1038 973 1072 Itaque
987 1046 1036 1073 ego
1050 1038 1086 1069 is,
1103 1039 1150 1073 qui
1165 1047 1239 1069 sum,
1260 1043 1497 1074 quantuscumque
1511 1048 1572 1066 sum
1587 1040 1619 1066 ad
1634 1040 1677 1065 iu—

881 1075 1034 1106 dicandum,
1051 1076 1177 1102 omnibus
1191 1076 1291 1102 auditis
1305 1077 1467 1108 oratoribus,
1485 1078 1542 1103 sine
1557 1077 1611 1103 ulla
1625 1078 1677 1103 du-

850 1127 859 1146 1
880 1113 1006 1139 bitatione
1021 1114 1059 1139 510
1073 1117 1159 1139 statuo
1177 1118 1202 1139 et
1219 1113 1322 1145 iudico,
1347 1115 1482 1140 neminem
1501 1115 1622 1141 omnium
1642 1120 1676 1141 tot

35 1159 95 1178 rum
109 1159 209 1182 earum,
225 1159 295 1186 quae
308 1159 361 1177 non
375 1151 559 1186 excogitantur
572 1150 605 1176 ab
618 1155 729 1181 oratore,
741 1150 788 1177 sed
800 1151 827 1176 in
850 1148 852 1176 ἶ

880 1155 905 1176 01
918 1155 1002 1182 tanta,
1027 1155 1125 1185 quanta
1140 1151 1194 1177 sint
1208 1151 1235 1177 in
1250 1151 1356 1183 Crasso,
1381 1152 1510 1178 habuisse
1523 1158 1675 1178 ornamenta

880 1188 996 1214 dicendi.
1039 1190 1096 1215 ⁴23.
1118 1188 1297 1220 Quamobrem
1311 1190 1334 1215 si
1349 1198 1396 1215 vos
1410 1198 1518 1224 quoque
1537 1190 1586 1216 1100
1604 1190 1675 1216 idem

880 1226 1053 1256 existimatis,
1075 1234 1127 1252 non
1142 1226 1203 1257 erit,
1225 1230 1255 1252 ut
1268 1227 1374 1261 opinor,
1395 1227 1488 1262 iniqua
1502 1228 1621 1262 partitio,
1642 1229 1673 1257 si,

850 1263 858 1291 ᾖ
880 1271 966 1298 quum
980 1272 1029 1299 ego
1042 1263 1115 1289 hunc
1128 1268 1266 1295 oratorem,
1279 1273 1360 1299 quem
1376 1273 1447 1291 nunc
1461 1264 1540 1300 fingo,
1557 1270 1585 1291 ut
1600 1266 1677 1291 insti-

881 1301 932 1331 tui,
949 1309 1046 1331 crearo,
1062 1300 1161 1333 aluero,
1178 1301 1342 1334 confirmaro,
1360 1302 1460 1328 tradam
1471 1311 1533 1328 eum
1544 1302 1638 1329 Crasso
1652 1308 1677 1329 et

857 1347 859 1358 ἰ
881 1338 1049 1364 vestiendum
1064 1343 1089 1364 et
1103 1338 1260 1365 ornandum.

938 1377 995 1403 424,
1018 1376 1085 1402 Tum
1101 1376 1222 1407 Crassus,
1239 1377 1278 1402 Tu
1293 1385 1363 1408 vero,
1381 1377 1478 1411 inquit,
1494 1377 1600 1409 Antoni,
1618 1386 1677 1412 per-

881 1422 928 1449 ge,
948 1418 978 1439 ut
991 1413 1142 1439 instituisti.
1184 1414 1277 1448 Neque
1291 1414 1362 1440 enim
1378 1419 1417 1440 est
1431 1415 1492 1441 boni
1509 1424 1595 1450 neque
1611 1415 1677 1441 111ιο-

881 1450 943 1477 ralis
958 1451 1088 1485 parentis,
1104 1459 1186 1485 quem
1202 1452 1344 1485 procrearit
1357 1456 1381 1478 01
1396 1451 1526 1482 eduxerit,
1547 1461 1609 1478 eum
1625 1462 1676 1479 non

881 1492 906 1514 et
920 1488 1017 1514 vestire
1032 1492 1057 1514 et
1070 1497 1176 1520 ornare,
1205 1489 1361 1523 praesertim
1376 1498 1461 1524 quum
1477 1494 1501 1515 te
1517 1489 1675 1524 locupletem

881 1534 939 1551 esse
958 1534 1053 1560 negare
1072 1534 1123 1551 non
1147 1526 1244 1560 possis.
1285 1525 1362 1558 Quod
1385 1527 1456 1552 enim
1479 1532 1673 1557 ornamentum,

880 1571 949 1597 quae
964 1563 1018 1593 vis,
1039 1563 1085 1597 qui
1105 1564 1224 1594 animus,
1248 1572 1316 1598 quae
1336 1563 1452 1599 dignitas
1467 1564 1506 1590 illi
1521 1565 1614 1590 oratori
1630 1565 1677 1591 de-

882 1600 945 1631 suit,
970 1600 1018 1635 qui
1038 1600 1063 1626 in
1081 1609 1175 1626 caussa
1190 1600 1335 1635 peroranda
1350 1610 1401 1627 non
1416 1601 1549 1628 dubitavit
1563 1602 1676 1628 excitare

857 1650 858 1653 ¹
880 1646 956 1664 reum
974 1637 1141 1664 consularem
1160 1642 1185 1664 et
1204 1638 1262 1664 eius
1281 1638 1420 1664 diloricare
1435 1640 1552 1665 tunicam
1567 1639 1677 1666 01111111-

857 1683 858 1689 *
880 1675 957 1701 cibus
972 1675 1107 1701 cicatrices
1122 1675 1247 1701 adversas
1262 1676 1333 1701 senis
1344 1676 1511 1710 imperatoris
1521 1676 1677 1703 ostendere‘?

34 1715 122 1738 tamen
140 1715 166 1738 et
183 1711 250 1738 tardi
269 1712 371 1747 ingenii
389 1717 429 1738 est
443 1712 544 1738 rivulos
558 1713 717 1743 consectari,
743 1712 828 1738 sontes
850 1721 858 1736 ω

880 1713 927 1747 (1111
945 1712 1030 1743 idem,
1056 1712 1105 1739 hoc
1123 1717 1263 1739 accusante
1278 1713 1411 1748 Sulpicio,
1435 1722 1521 1748 quuni
1540 1714 1675 1740 lioniincm

879 1750 1037 1776 seditiosum
1061 1749 1248 1785 furiosumque
1270 1750 1435 1782 defenderet,
1465 1760 1517 1777 non
1543 1751 1676 1778 dubitavit

880 1787 1025 1814 seditiones
1044 1788 1116 1822 ipsas
1138 1796 1231 1814 ornare
1253 1797 1283 1814 ac
1304 1788 1485 1814 demonstrare
1507 1789 1675 1823 gravissimis

856 1820 858 1829 '
880 1825 970 1851 verbis
984 1824 1083 1851 multos
1097 1833 1176 1860 saepe
1187 1826 1304 1860 impetus
1314 1825 1407 1860 populi
1419 1826 1596 1852 110111111115105
1606 1836 1672 1853 esse.

880 1871 948 1898 quos
962 1866 1094 1897 praestare
1105 1871 1183 1888 nemo
1193 1862 1300 1897 posset?
1314 1862 1412 1889 multas
1423 1864 1502 1889 etiam
1513 1872 1527 1889 e
1538 1864 1675 1898 republica

880 1900 1024 1926 seditiones
1043 1908 1122 1934 saepe
1139 1909 1198 1926 esse
1217 1899 1311 1931 factas,
1337 1905 1366 1926 ut
1387 1909 1472 1935 quum
1492 1910 1568 1936 reges
1587 1908 1674 1927 essent

879 1938 977 1968 exacti,
999 1942 1028 1963 ut
1041 1946 1127 1972 quum
1142 1937 1284 1964 tribunicia
1300 1942 1415 1972 potestas
1429 1942 1500 1964 esset
1517 1939 1676 1965 constituta?

879 1975 952 2001 illam
967 1975 1082 2001 Norbani
1097 1974 1255 2001 seditionem
1270 1984 1303 2002 ex
1318 1975 1391 2001 luctu
1405 1976 1507 2002 civium
1521 1980 1546 2002 et
1564 1984 1598 2002 ex
1612 1976 1676 2002 Cac—

879 2013 967 2047 pionis
981 2012 1054 2042 odio,
1079 2013 1126 2047 qui
1141 2013 1287 2038 exercitum
1302 2013 1439 2044 amiserat,
1465 2021 1551 2048 neque
1567 2015 1674 2048 reprimi

879 2050 999 2084 potuisse
1013 2054 1039 2075 et
1052 2050 1109 2076 iure
1123 2058 1182 2076 esse
1196 2049 1353 2076 conflatam?
1394 2052 1450 2077 ⁴25.
1473 2051 1561 2076 Potuit
1580 2051 1622 2077 1110
1638 2052 1675 2077 10-

878 2096 926 2114 0115
941 2091 993 2113 tam
1008 2096 1118 2121 anceps,
1143 2091 1195 2113 tam
1216 2087 1366 2118 inauditus,
1391 2092 1443 2114 tam
1463 2087 1595 2118 lubricus,
1623 2094 1674 2115 tani

879 2133 965 2151 novus
979 2125 1036 2150 sine
1050 2124 1166 2159 quadam
1181 2125 1331 2151 incredibili
1348 2126 1414 2151 viae
1429 2125 1551 2151 facultate
1568 2126 1674 2152 dicendi

879 2161 1000 2188 tractari?
1025 2161 1097 2193 Quid
1110 2170 1159 2197 ego
1175 2161 1208 2188 de
1223 2162 1271 2189 Cn.
1288 2162 1392 2193 Manlii,
1416 2162 1482 2197 quid
1501 2162 1533 2188 de
1548 2162 1578 2195 Q.
1596 2163 1674 2197 neg-'s

849 2205 851 2224 τ’
878 2199 1107 2225 commiseratione
1125 2198 1231 2225 dicani‘?
1256 2199 1322 2234 quid
1341 2199 1373 2226 do
1392 2199 1452 2226 aliis
1471 2200 1674 2226 innumerabili-

880 2235 948 2263 bus‘?
974 2237 1000 2262 in
1015 2236 1116 2271 quibus
1131 2245 1182 2263 non
1198 2236 1246 2263 hoc
1266 2237 1382 2263 maxime
1400 2237 1509 2268 enituit,
1535 2237 1606 2272 quod
1627 2238 1673 2263 tibi

878 2282 971 2300 omnes
985 2273 1061 2304 dant,
1086 2282 1198 2300 acumen
1217 2274 1351 2309 quoddam
1371 2274 1519 2309 singulare,
1544 2275 1591 2300 scd
1611 2275 1674 2301 haec

879 2312 945 2345 ipsa,
962 2319 1030 2345 quae
1045 2319 1116 2337 nunc
1130 2311 1162 2336 ad
1178 2319 1219 2337 me
1233 2311 1354 2347 delegare
1371 2312 1424 2340 vis,
1445 2320 1474 2337 ea
1488 2320 1594 2345 semper
1609 2313 1634 2338 in
1650 2318 1673 2338 tc

878 2349 976 2374 eximia
990 2352 1015 2374 et
1029 2349 1186 2382 praestantia
1202 2347 1318 2374 fuerunt.
1355 2348 1454 2374 XXlX.
1474 2350 1526 2374 ¹26.
1542 2349 1609 2375 'l'uui
1625 2350 1673 2376 Ca—

879 2385 966 2415 tulus.
982 2385 1038 2420 Ego
1054 2394 1128 2416 vero,
1149 2385 1245 2420 inquit,
1262 2386 1288 2411 in
1304 2385 1379 2411 vobis
1395 2386 1443 2411 1100
1458 2386 1574 2412 maxime
1587 2387 1673 2413 adini-

879 2423 929 2448 rari
944 2422 1024 2452 soleo,
1037 2422 1118 2456 quod,
1131 2431 1216 2457 quum
1232 2423 1300 2448 inter
1315 2432 1360 2448 vos
1376 2423 1402 2448 in
1416 2423 1529 2449 dicendo
1543 2423 1674 2450 dissimil—

880 2459 936 2486 limi
951 2459 1018 2490 sitis,
1037 2460 1070 2485 ita
1086 2463 1172 2485 tamen
1185 2464 1296 2494 uterque
1309 2464 1426 2486 vestrum
1439 2459 1517 2491 dicat,
1531 2466 1558 2487 ut
1569 2462 1592 2487 01
1606 2462 1671 2488 1111111

848 2496 857 2522 ’11
879 2505 965 2531 neque
979 2505 993 2523 a
1008 2501 1099 2522 natura
1113 2496 1273 2533 denegatum
1289 2506 1375 2532 neque
1389 2506 1403 2523 a
1417 2497 1535 2524 doctriua
1557 2507 1607 2525 nou
1626 2499 1672 2525 110-

880 2534 961 2560 latum
976 2542 1034 2560 esse
1049 2533 1180 2560 videatur.
1221 2535 1321 2566 Quare,
1343 2534 1449 2565 Crasse,
1475 2544 1561 2570 neque
1581 2541 1608 2562 tu
1629 2541 1671 2562 tua

877 2572 1008 2598 suavitate
1027 2580 1074 2597 nos
1094 2572 1225 2606 privabis,
1252 2576 1292 2602 ut,
1317 2572 1340 2598 si
1359 2572 1425 2607 quid
1444 2572 1477 2598 ab
1496 2573 1610 2599 Antonio
1627 2579 1671 2599 aut

878 2610 1095 2643 praetermissum
1110 2614 1154 2635 aut
1169 2609 1290 2635 relictum
1304 2610 1350 2640 sit,
1371 2619 1422 2636 non
1437 2609 1567 2644 explici-53
1586 2620 1671 2646 nequi·

879 2650 916 2677 te,
937 2646 1046 2677 Antoni,
1067 2647 1088 2672 si
1104 2646 1169 2681 quid
1186 2656 1236 2673 non
1251 2646 1364 2678 dixeris,
1388 2647 1604 2674 existimabimus
1620 2658 1670 2675 non

1409 2696 1436 2719 111
1454 2695 1464 2705 '
