1941 3052
409 147 500 175 PRO
531 147 563 180 Q.
597 147 779 175 ROSCIO
811 147 1052 175 COMOEDO.
1086 148 1183 175 CAP.

60 228 113 247 non
126 219 221 246 leviter
234 218 370 249 Saturius.
391 227 561 245 communem
580 218 680 245 factum
698 229 758 246 esse
771 221 855 256 gratis

60 266 122 284 cum
132 257 235 287 Roscio,
247 256 296 290 qui
310 256 394 290 pretio
408 257 532 290 proprius
547 256 645 282 fuisset
658 257 763 283 Fannii.
792 258 856 283 Lar—

59 296 133 331 gitus
147 299 187 320 est
200 293 302 320 scilicet
316 293 395 319 homo
409 293 527 320 liberalis
542 299 567 320 et
580 293 730 321 dissolutus
744 299 769 321 et
778 295 856 320 boni-

60 336 112 358 tate
126 330 238 357 affluens
252 331 371 357 Fannius
387 330 498 357 Roscio‘?
513 331 557 357 Sic
570 336 644 366 puto.
666 333 708 358 ⁶28.
724 331 855 364 Quoniam

61 369 107 395 ille
120 369 164 395 hic
177 368 295 395 constitit
308 367 469 402 paullisper,
489 369 557 394 mihi
571 377 678 403 quoque
693 377 802 395 necesse
816 373 856 394 est

61 406 182 441 paullum
195 406 362 432 commorari.
389 406 543 441 Panurgum
555 410 592 437 tu,
605 406 702 436 Saturi,
716 407 854 441 proprium

60 444 155 470 Fannii
169 443 238 469 dicis
252 442 347 468 fuisse.
382 443 416 469 At
430 452 478 477 ego
492 448 575 469 totum
590 444 679 470 Roscii
694 444 778 469 fuisse
792 452 856 469 con—

60 480 148 507 tendo.
189 480 259 512 Quid
278 484 332 506 erat
350 481 422 506 enim
437 480 550 506 Fannii‘?
571 489 679 515 corpus.
719 481 789 512 Quid
805 481 856 506 Ro-

60 517 129 544 scii?
149 517 301 552 disciplina.
342 518 433 543 Facies
449 526 500 544 non
515 522 582 548 erat,
603 527 646 543 ars
660 523 715 544 erat
728 519 853 552 pretiosa.

60 556 101 582 Ex
114 564 167 590 qua
181 560 254 590 parte
268 559 322 580 erat
336 555 440 585 Fannii,
457 563 509 581 non
524 560 578 581 erat
591 555 655 581 ihs
667 564 738 581 moa:
755 563 788 581 ex
802 563 854 589 qua

60 597 133 628 parte
147 597 202 618 erat
216 593 316 622 Roscii,
334 592 450 626 amplius
465 597 520 618 erat
533 591 597 618 H-S
613 600 730 618 ccciooo.
771 593 855 618 Nemo

60 631 133 656 enim
147 629 225 656 illum
240 638 273 655 ex
288 634 381 655 trunco
394 629 511 664 corporis
525 629 669 663 spectabat,
683 629 731 655 sed
745 637 779 655 ex
792 630 855 655 arti-

61 667 120 694 ficio
137 667 240 694 comico
257 667 422 693 aestimabat.
463 667 529 692 Nam
548 666 594 692 illa
611 666 731 692 membra
753 675 855 692 merere

60 713 108 739 per
121 713 150 731 se
164 713 216 731 non
231 704 348 738 amplius
366 708 486 738 poterant
504 703 646 730 duodecim
664 704 747 730 aeris:
772 704 856 730 disci-

61 742 142 776 plina,
158 750 227 777 quae
241 746 296 767 erat
309 741 342 767 ab
356 741 405 767 hoc
419 741 521 771 tradita,
538 740 639 767 locabat
653 749 682 766 se
696 750 748 767 non
763 741 854 767 minus

61 779 124 805 H-S
142 787 260 805 cccmoo.
300 779 342 805 29.
364 777 386 804 Ο
404 779 556 804 societatem
575 779 721 812 captiosam
740 783 766 804 et
784 778 855 804 indi—

60 817 155 852 gnam!
170 816 218 842 ubi
232 815 297 841 alter
311 815 375 841 H-S
390 824 457 846 1³³3,
474 815 539 841 alter
553 824 660 842 ccccmo
675 816 748 850 quod
762 816 809 846 sit,
826 816 854 841 in

60 854 212 880 societatem
226 853 312 879 affert:
336 853 390 878 nisi
404 852 503 879 idcirco
521 852 632 879 moleste
650 853 762 888 pateris,
783 853 855 888 quod

59 891 124 917 1{—s
139 899 196 917 1033
211 895 240 916 tu
254 898 287 916 ex
301 899 359 916 arca
375 889 539 924 proferebas,
560 890 624 916 H-S
639 899 746 917 cccmus
762 899 795 916 ex
813 890 856 916 di-

60 928 173 963 sciplina
192 932 218 953 et
235 927 346 954 artificio
360 928 471 954 Roscius
490 928 638 962 promebat.
678 927 764 960 Quam
783 928 855 954 enim

60 974 116 992 rem
130 970 156 991 et
169 965 407 999 exspectationem,
423 965 496 1000 quod
510 965 632 991 studium
647 969 671 991 et
685 974 766 999 quem
782 964 856 991 favo-

59 1012 116 1030 rem
130 1011 221 1029 secum
236 1003 263 1028 in
278 1011 385 1029 scenam
399 1003 487 1029 attulit
500 1002 658 1038 Panurgus?
677 1002 753 1034 Quod
768 1003 856 1028 Roscii

60 1040 112 1067 fuit
124 1039 286 1075 discipulus,
326 1039 378 1071 Qui
392 1039 542 1074 diligebant
555 1040 640 1071 hunc,
660 1040 700 1066 illi
715 1039 853 1066 favebant:

59 1078 108 1113 qui
121 1077 321 1104 admirabantur
334 1077 419 1108 hunc,
436 1077 513 1103 illum
530 1077 690 1111 probabant:
716 1078 764 1112 qui
778 1077 856 1103 deni—

59 1124 112 1150 que
126 1115 209 1141 huius
224 1123 320 1141 nomen
335 1115 486 1145 audierant,
507 1114 585 1140 illum
605 1114 741 1141 eruditum
756 1119 781 1141 et
795 1123 856 1149 per-

60 1152 159 1179 fectum
181 1152 380 1178 existimabant.
420 1152 465 1178 Sic
487 1157 527 1178 est
549 1152 662 1187 vulgus:
690 1161 724 1178 ex
746 1153 856 1178 veritate

60 1198 156 1225 pauca,
172 1198 206 1216 ex
219 1190 344 1224 opinione
358 1189 441 1216 multa
455 1190 586 1215 aestimat.
628 1191 669 1216 30.
691 1189 762 1221 Quid
776 1190 856 1216 sciret

59 1227 114 1259 ille,
126 1227 254 1262 perpauci
265 1227 518 1253 animadvertebant.
542 1227 593 1253 Ubi
603 1226 752 1258 didicisset,
761 1236 854 1253 omnes

60 1265 232 1300 quaerebant.
260 1264 333 1290 Nihil
348 1265 381 1290 ab
395 1264 445 1291 hoc
458 1273 572 1299 pravum
586 1269 611 1290 et
625 1273 783 1299 perversum
794 1273 856 1299 pro-

60 1302 123 1328 duci
145 1310 225 1336 posse
250 1302 455 1328 arbitrabantur.
496 1302 525 1328 Si
551 1302 653 1328 veniret
679 1302 712 1328 ab
735 1301 853 1328 Statilio:

60 1340 166 1366 tametsi
184 1339 295 1365 artificio
314 1339 438 1366 Roscium
458 1344 608 1374 superaret,
634 1339 754 1374 aspicere
777 1347 855 1366 nemo

59 1381 160 1412 posset.
192 1377 275 1403 Nemo
289 1377 370 1407 enim,
387 1377 456 1403 sicut
470 1385 503 1403 ex
517 1377 639 1411 improbo
653 1381 726 1411 patre
740 1377 855 1411 probum

60 1414 146 1440 filium
161 1414 243 1445 nasci,
260 1414 299 1440 sic
313 1422 347 1440 ex
360 1415 479 1448 pessimo
492 1414 622 1440 histrione
636 1414 736 1440 bonum
751 1422 855 1440 comoe-

59 1451 125 1478 dum
139 1451 196 1477 fieri
211 1459 290 1486 posse
304 1451 477 1477 existimaret.
505 1451 572 1484 Quia
586 1452 710 1478 veniebat
724 1460 737 1477 a
750 1452 852 1482 Roscio,
876 1466 878 1473 ι

59 1489 122 1524 plus
136 1489 215 1515 etiam
229 1489 308 1519 scire,
319 1497 400 1524 quam
415 1489 524 1520 sciebat,
538 1489 688 1515 videbatur.
716 1489 763 1515 XI.
779 1489 855 1520 Quod
877 1491 878 1496 ¹

59 1527 124 1553 item
138 1535 225 1561 nuper
238 1526 266 1552 in
279 1526 357 1552 Erote
370 1526 496 1553 comoedo
510 1535 562 1552 usu
577 1527 664 1552 venit.-
688 1527 736 1561 qui
751 1531 856 1561 postea-

58 1572 141 1599 quam
159 1572 173 1590 e
191 1572 270 1590 scena
289 1572 341 1590 non
361 1563 439 1590 modo
457 1563 559 1593 sibilis.
580 1563 628 1590 sed
642 1564 720 1589 etiam
736 1565 856 1590 convicio
877 1591 878 1597 ¹

59 1601 261 1636 explodebatur,
274 1601 344 1627 sicut
353 1601 380 1627 in
391 1610 462 1627 aram
472 1600 593 1636 confugit
602 1601 630 1627 in
641 1601 723 1627 huius
734 1601 853 1631 domum,
877 1626 879 1634 ,

59 1638 244 1673 disciplinam,
264 1639 456 1673 patrocinium,
479 1646 585 1665 nomen.
625 1639 717 1673 Itaque
731 1639 855 1673 perbrevi

60 1680 186 1711 tempore,
202 1676 251 1711 qui
265 1684 298 1702 ne
312 1676 339 1702 in
353 1676 510 1702 novissimis
524 1675 634 1710 quidem
649 1680 704 1702 erat
718 1676 856 1702 histrioni-

58 1713 121 1745 bus,
137 1713 171 1740 ad
184 1714 285 1749 primos
299 1713 421 1748 pervenit
434 1713 584 1740 comoedos.
609 1715 650 1740 31.
666 1713 739 1745 Quae
753 1722 795 1739 res
810 1722 857 1740 ex-

60 1750 122 1778 tulit
135 1750 216 1777 eum?
240 1751 298 1777 Una
311 1751 506 1777 commendatio
521 1751 617 1777 huius:
638 1751 685 1786 qui
705 1755 792 1777 tamen
807 1751 856 1777 Pa·
877 1748 879 1752 ’

59 1797 176 1824 nurgum
190 1788 277 1819 illum,
294 1797 345 1815 non
360 1788 447 1814 solum
462 1793 492 1815 ut
500 1788 590 1815 Roscii
604 1788 756 1823 discipulus
771 1788 856 1815 fuisse

59 1825 202 1857 diceretur,
217 1825 327 1852 domum
342 1826 449 1860 recepit,
466 1826 514 1852 sed
527 1826 607 1852 etiam
622 1835 729 1852 summo
742 1834 803 1852 cum
819 1826 856 1852 la-

60 1863 132 1895 bore,
148 1863 284 1890 stomacho
299 1864 461 1898 miseriaque
475 1863 583 1889 erudiit.
623 1864 698 1894 Nam,
715 1872 768 1898 quo
779 1864 857 1898 quis-

59 1909 113 1936 que
127 1905 168 1927 est
181 1900 313 1928 sollertior
327 1905 352 1927 et
365 1901 537 1937 ingeniosior,
555 1901 604 1927 hoc
613 1901 689 1927 docet
700 1901 855 1927 iracundius

60 1942 86 1965 et
100 1938 269 1965 laboriosius.
301 1938 378 1970 Quod
392 1939 464 1964 enim
478 1939 537 1973 ipse
551 1938 672 1964 celeriter
686 1939 811 1973 arripuit,
828 1938 856 1964 id

59 1984 146 2011 quum
159 1975 232 2002 tarde
247 1976 348 2010 percipi
362 1975 448 2006 videt,
464 1976 650 2002 discruciatur.
692 1976 784 2002 Paullo
800 1976 856 2002 lon-

59 2013 122 2049 gius
136 2013 219 2040 oratio
232 2021 290 2039 mea
304 2017 425 2047 provecta
441 2017 481 2039 est
495 2013 543 2039 hac
557 2013 589 2039 dc
603 2022 707 2045 caussa,
725 2017 754 2039 ut
763 2013 856 2039 condi-

61 2051 161 2077 tionem
174 2051 308 2076 societatis
323 2050 465 2086 diligenter
478 2051 684 2085 cognosceretis.
726 2052 767 2077 32.
783 2052 856 2083 Quae

59 2087 158 2114 deinde
168 2091 232 2114 sunt
241 2087 400 2114 consecuta?
414 2088 579 2123 Panurgum,
596 2088 692 2122 inquit,
706 2087 786 2117 hunc.
799 2097 856 2114 ser-

61 2133 126 2152 vum
144 2133 327 2156 communem,
347 2124 379 2157 Q.
399 2125 508 2151 Flavius
522 2125 726 2160 Tarquiniensis
744 2125 855 2160 quidam

60 2161 200 2189 interfecit.
240 2163 268 2188 In
283 2162 350 2188 hanc
364 2171 433 2193 rem,
454 2162 555 2197 inquit,
576 2171 619 2189 me
632 2163 794 2198 cognitorem
809 2162 857 2189 de—

61 2199 135 2226 disti.
176 2199 234 2226 Lite
247 2203 404 2231 contestata,
425 2199 526 2226 iudicio
538 2199 630 2226 damni
644 2200 742 2226 iniuria
756 2200 856 2227 consti-

61 2241 131 2268 tuto,
151 2241 181 2264 tu
199 2237 257 2263 sine
276 2246 318 2263 me
335 2245 397 2263 cum
412 2237 503 2263 Flavio
520 2236 654 2264 decidisti.
695 2238 789 2264 Utrum
809 2246 856 2272 pro

61 2273 173 2301 dimidia
187 2279 273 2309 parte,
290 2283 323 2301 an
337 2283 385 2309 pro
399 2279 451 2301 tota
464 2274 608 2301 societate?
633 2274 742 2301 Planius
756 2275 853 2305 dicam.

61 2316 153 2338 utrum
166 2320 214 2347 pro
227 2320 279 2344 me,
299 2320 332 2338 an
347 2320 394 2347 pro
408 2320 450 2338 me
464 2316 490 2338 et
504 2320 551 2346 pro
565 2311 607 2338 te‘?
632 2312 682 2338 Pro
696 2311 756 2338 me‘?
781 2313 856 2347 potui

61 2348 185 2384 exemplo
198 2348 357 2382 multorum,
375 2349 477 2375 licitum
491 2353 544 2376 est:
561 2349 618 2376 iure
633 2349 751 2375 fecerunt
762 2349 854 2376 multi:

63 2385 130 2413 nihil
145 2386 172 2413 in
186 2394 215 2413 ea
230 2395 257 2413 re
271 2387 320 2413 tibi
335 2387 448 2413 iniuriae
463 2386 526 2413 feci:
551 2391 611 2421 pete
625 2390 652 2413 tu
669 2391 758 2417 titum,
778 2387 856 2422 exigo

62 2427 88 2450 et
101 2422 188 2455 aufer.
208 2423 281 2459 quod
294 2424 420 2450 debetur:
449 2432 525 2450 suam
540 2424 658 2459 quisquo
672 2428 772 2458 purtem
789 2424 855 2450 iuris

63 2460 198 2496 possideat
210 2465 237 2487 et
249 2466 435 2497 persequatur.
459 2462 492 2487 At
505 2461 576 2487 enim
591 2466 620 2487 tu
631 2465 706 2487 tuum
718 2462 855 2497 negotium

80 2497 259 2525 essistibene.
288 2498 356 2526 Gere
366 2503 391 2525 et
402 2503 429 2525 tu
441 2503 516 2525 tuum
533 2499 609 2524 hene.
637 2498 733 2534 Magno
743 2503 771 2524 tu
783 2503 855 2525 tuam

81 2535 202 2562 imidiam
221 2540 323 2571 partem
341 2536 476 2563 decidisti.
516 2536 613 2571 Magno
626 2539 651 2562 et
665 2539 693 2562 tu
709 2540 780 2561 tuam
796 2544 856 2570 par-

63 2577 116 2599 tem
133 2572 236 2599 decide.
277 2573 340 2600 [1-5
359 2582 466 2600 cecina.)
486 2578 514 2599 tu
533 2572 679 2599 abstulisti.
721 2573 749 2599 Si
765 2573 793 2599 lit
807 2573 855 2599 hoc

30 2640 31 2643 Ἴ
63 2617 138 2641 vero,
157 2609 222 2637 H—S
241 2618 348 2638 ccciooo
367 2615 395 2637 tu
414 2619 522 2646 quoque
540 2610 622 2636 aufer.
662 2610 720 2636 ΧΠ.
737 2612 777 2637 33.
802 2610 854 2637 Sed

62 2645 130 2673 hanc
147 2646 310 2674 decisionem
328 2648 417 2675 Roscii
434 2649 551 2675 oratione
569 2652 594 2674 et
611 2648 736 2682 opinione
758 2656 855 2683 augere

64 2681 136 2716 licet;
156 2693 184 2711 re
201 2689 227 2711 et
245 2685 355 2712 veritate
369 2685 529 2712 mediocrem
543 2690 569 2712 et
584 2690 690 2712 tenuem
705 2693 765 2712 esse
779 2685 855 2712 inve»

1217 150 1233 175 7
1253 165 1289 168 —
1314 151 1352 176 13.
1649 154 1692 178 231

908 219 996 245 nietis.
1036 219 1146 254 Accepit
1163 220 1234 246 enim
1253 228 1346 255 agrum
1365 220 1531 255 temporibus
1546 221 1592 247 iis,
1613 230 1698 256 quum

907 257 1022 283 iacerent
1032 257 1116 291 pretia
1126 257 1309 291 praediorum:
1322 258 1369 292 qui
1380 266 1442 293 ager
1451 266 1538 292 neque
1548 258 1640 284 villam
1652 259 1699 285 ha-

907 293 967 319 buit
980 302 1067 329 neque
1082 303 1115 320 ex
1129 294 1182 320 ulla
1198 299 1270 329 parte
1285 294 1336 321 suit
1348 295 1452 326 cultus,
1468 297 1515 330 qui
1531 304 1601 322 nunc
1615 297 1700 323 multo

907 331 993 364 pluris
1013 336 1066 362 est,
1090 340 1171 366 quam
1190 336 1254 358 tunc
1273 332 1333 358 suit.
1373 333 1466 367 Neque
1484 332 1511 358 id
1530 337 1571 359 est
1589 334 1698 360 mirum.

906 368 974 394 Tum
993 369 1065 394 enim
1083 373 1190 403 propter
1208 369 1371 403 reipublicae
1393 370 1556 396 calamitates
1578 371 1699 397 omnium

907 406 1091 439 possessiones
1102 411 1175 432 erant
1185 407 1313 432 incertae:
1330 416 1401 433 nunc
1415 407 1495 433 deum
1507 408 1699 434 immortalium

906 442 1071 478 benignitate
1089 444 1210 469 omnium
1230 443 1350 470 fortunae
1369 449 1432 470 sunt
1449 450 1549 471 certae:
1570 450 1627 471 tum
1646 451 1700 472 erat

906 488 968 515 ager
987 480 1105 506 incultus
1124 481 1182 507 sine
1202 485 1282 513 tect03
1313 490 1383 508 nunc
1401 486 1442 508 est
1454 482 1624 509 cultissimus
1638 492 1700 509 cum

908 518 1007 551 optima
1022 517 1096 543 villa.
1127 519 1167 544 34.
1184 519 1381 550 Verumtamen,
1397 520 1524 554 quoniam
1539 525 1632 546 natura
1647 526 1699 546 tam

907 554 1054 580 malevolus
1069 563 1107 585 es,
1124 564 1271 590 numquam
1286 557 1336 582 ista
1350 561 1375 582 te
1389 557 1510 583 molestia
1525 562 1550 583 et
1559 566 1621 584 cura
1634 558 1701 584 libe—

906 592 978 618 rabo.
1003 591 1137 618 Praeclare
1151 601 1232 618 suum
1248 594 1384 627 negotium
1398 595 1482 626 gessit
1498 595 1622 621 Roscius:
1639 595 1702 621 sun-

906 629 971 654 dum
982 628 1229 655 fructuosissimum
1240 630 1364 656 abstulit:
1381 628 1447 665 quid
1458 632 1489 657 ad
1501 632 1544 657 te?
1557 637 1628 658 tuam
1641 641 1701 666 par-

906 671 959 691 tem
977 666 1130 696 dimidiam,
1151 667 1379 701 quemadmodum
1398 669 1453 699 vis,
1474 669 1576 695 decide.
1618 670 1701 696 Vertit

907 703 950 729 hic
964 703 1092 729 rationem
1107 708 1132 729 et
1145 704 1186 734 id,
1202 705 1275 739 quod
1290 705 1400 739 probare
1414 715 1466 732 non
1480 711 1579 740 potest,
1601 707 1700 742 fingere

906 745 1024 766 conatur.
1065 741 1101 766 De
1115 745 1167 767 tota
1181 750 1217 772 re,
1234 742 1330 776 inquit,
1347 742 1481 768 decidisti.

962 778 1031 813 Ergo
1046 778 1098 803 huc
1112 779 1237 804 universa
1256 788 1349 805 caussa
1368 780 1523 811 deducitur,
1544 786 1633 807 utrum
1649 782 1700 808 Ro-

907 815 979 841 scius
998 823 1059 841 cum
1075 815 1166 841 Flavio
1184 816 1216 841 de
1234 825 1283 842 sua
1302 822 1388 850 parte,
1410 826 1442 843 an
1460 817 1493 843 de
1512 822 1563 843 tota
1577 819 1700 845 societate

907 852 997 878 fecerit
1016 853 1173 886 pactionem.
1215 855 1256 879 35.
1280 854 1346 879 Nam
1366 862 1416 889 ego
1434 855 1572 885 Roscium,
1593 857 1615 881 si
1634 857 1699 890 quid

906 890 1043 915 communi
1062 891 1169 916 nomine
1188 891 1286 926 tetigit,
1311 891 1437 917 confiteor
1454 898 1585 926 praestare
1604 893 1701 919 debere

907 927 1034 953 societati.
1076 927 1228 959 Societatis,
1251 937 1301 954 non
1320 937 1383 954 suas
1398 929 1456 955 lites
1471 929 1594 960 redemit,
1615 939 1700 964 quum

908 964 1022 990 fundum
1041 973 1054 990 a
1069 964 1160 991 Flavio
1178 966 1287 1000 accepit.
1328 965 1399 998 Quid
1417 967 1452 992 ita
1471 968 1535 993 satis
1550 976 1601 993 non
1616 967 1697 995 dedit.

908 1011 943 1027 ,ni
953 1011 1034 1028 rmus
1047 1011 1060 1028 ,ι
1075 1011 1109 1027 sE
1123 1011 1256 1028 Νειιικειι
1273 1003 1457 1030 reriruncu‘?
1469 1004 1560 1036 Quide
1570 1014 1617 1030 sua
1629 1010 1701 1039 parte

907 1039 1014 1069 decidit,
1031 1039 1142 1074 reliquis
1158 1040 1286 1075 integram
1299 1041 1426 1075 relinquit
1437 1042 1580 1068 actionem:
1597 1043 1643 1077 qui
1655 1051 1701 1077 pro

907 1077 987 1102 sociis
1002 1078 1138 1112 transigit,
1159 1078 1270 1103 satisdat
1288 1079 1421 1104 neminem
1440 1088 1531 1105 eorum
1551 1085 1639 1114 postea
1655 1089 1702 1114 pe-

907 1115 1029 1140 titurum.
1069 1114 1140 1146 Quid
1159 1115 1194 1140 ita
1214 1115 1304 1141 Flavio
1322 1116 1373 1141 sibi
1392 1125 1485 1142 cavere
1504 1126 1554 1142 non
1581 1118 1651 1143 venit
1674 1119 1700 1143 in

908 1151 1042 1177 mentem‘?
1061 1152 1200 1178 Nesciebat
1214 1152 1338 1179 videlieet
1353 1154 1504 1189 Panurgum
1520 1154 1603 1180 fuisse
1618 1155 1644 1180 in
1659 1164 1702 1181 so—

906 1188 1016 1215 cietate‘?
1031 1189 1145 1215 Sciebat.
1180 1190 1319 1216 Nesciebat
1333 1191 1464 1217 Fannium
1480 1192 1573 1218 Roscio
1586 1200 1645 1218 esse
1659 1201 1702 1218 so-

906 1226 996 1252 cium'?
1010 1226 1152 1252 Praeclare.
1179 1227 1245 1253 Nam
1260 1228 1309 1254 iste
1323 1236 1384 1254 cum
1399 1237 1429 1255 eo
1444 1229 1515 1255 litem
1530 1234 1701 1256 contestatam

907 1263 1030 1290 habebat.
1071 1266 1111 1290 36.
1132 1264 1185 1291 Cur
1203 1265 1286 1300 igitur
1303 1265 1402 1292 decidit
1420 1271 1445 1292 et
1463 1275 1513 1292 non
1529 1267 1701 1301 restipulatur

908 1301 1041 1327 neminem
1055 1301 1172 1336 amplius
1187 1302 1351 1336 petiturum?
1364 1312 1411 1329 cur
1425 1303 1457 1329 de
1473 1303 1555 1330 fundo
1569 1304 1666 1331 decidit
1677 1310 1702 1331 et

906 1338 1006 1364 iudicio
1020 1347 1072 1365 non
1087 1339 1253 1365 absolvitur?
1265 1349 1312 1366 cur
1326 1344 1379 1366 tam
1394 1341 1515 1375 imperite
1530 1341 1598 1371 facit,
1616 1347 1643 1368 ut
1655 1351 1702 1368 nec

907 1376 1032 1402 Roscium
1050 1377 1223 1411 stipulatione
1241 1377 1332 1412 alliget
1350 1386 1437 1413 neque
1455 1388 1468 1404 a
1484 1379 1584 1405 Fannio
1603 1379 1702 1406 iudicio

883 1442 885 1449 ,
907 1422 935 1439 se
953 1413 1092 1440 absolvat?
1124 1415 1165 1440 37.
1190 1415 1237 1441 Est
1255 1412 1303 1441 hoc
1322 1416 1438 1450 primum
1458 1421 1483 1442 et
1501 1425 1534 1442 ex
1551 1417 1702 1443 conditione

906 1451 974 1477 iuris
988 1456 1013 1477 et
1027 1460 1060 1478 cx
1073 1452 1266 1478 consuetudine
1280 1453 1411 1479 cautionis
1420 1454 1611 1488 gravissimum
1622 1459 1647 1480 et
1658 1455 1702 1480 tir-

909 1489 1062 1514 missimum
1085 1495 1286 1524 argumentum:
1311 1490 1384 1524 quod
1401 1500 1450 1525 ego
1469 1491 1593 1525 pluribus
1612 1492 1701 1517 verbis

908 1526 1093 1560 amplecterer,
1118 1527 1140 1552 si
1160 1535 1211 1553 non
1230 1527 1280 1553 alia
1299 1528 1407 1553 certiora
1422 1533 1447 1554 et
1460 1528 1568 1554 clariora
1583 1529 1703 1555 testimo-

908 1563 950 1589 nia
969 1564 996 1589 in
1014 1572 1109 1589 caussa
1129 1563 1263 1590 haberem.
1304 1564 1373 1590 xm.
1396 1565 1440 1595 Et,
1462 1574 1493 1591 ne
1513 1565 1577 1591 forte
1596 1575 1638 1592 me
1654 1566 1702 1592 hoc

908 1600 1004 1626 trustra
1016 1600 1164 1635 pollicitum
1175 1610 1234 1627 csse
1245 1602 1389 1636 praedices,
1406 1607 1438 1633 te,
1456 1608 1488 1633 te,
1501 1604 1620 1637 inquam,
1634 1604 1702 1629 Fan-

908 1638 944 1668 ni,
960 1638 993 1664 ab
1008 1639 1061 1664 tuis
1075 1639 1214 1664 subselliis
1227 1644 1316 1665 contra
1332 1644 1355 1665 te
1370 1644 1462 1666 testem
1477 1641 1622 1666 suscitabo.
1646 1641 1702 1667 Cri-

908 1675 1018 1701 minatio
1033 1680 1076 1701 tua
1090 1684 1159 1710 quae
1173 1675 1231 1702 est‘?
1245 1677 1369 1702 Roscium
1384 1686 1444 1703 cum
1457 1678 1547 1703 Flavio
1558 1686 1604 1712 pro
1618 1679 1702 1704 socie—

909 1717 959 1739 tate
973 1713 1115 1739 decidisse.
1156 1713 1214 1745 Quo
1229 1714 1364 1748 tempore‘?
1377 1715 1481 1741 Abhinc
1495 1716 1571 1741 annis
1586 1724 1619 1740 tv.
1652 1716 1703 1742 bt*

908 1750 993 1777 fensio
1012 1759 1069 1776 mea
1089 1759 1158 1785 quae
1176 1750 1234 1777 est‘?
1266 1752 1390 1777 Roscium
1415 1761 1461 1786 pro
1483 1762 1530 1778 sua
1550 1758 1622 1787 parte
1640 1762 1701 1779 cum

908 1787 1000 1814 Flavio
1015 1789 1184 1823 transegisse.
1219 1789 1390 1823 chromittis
1404 1795 1431 1815 tu
1446 1790 1542 1816 abhinc
1558 1791 1701 1816 triennium

907 1826 1009 1852 Roscio.
1049 1825 1138 1858 Quid‘?
1156 1826 1234 1852 recita
1254 1827 1331 1852 istam
1350 1827 1577 1861 restipulationem
1593 1827 1699 1853 clarius.

908 1863 1028 1894 Attende,
1046 1872 1154 1897 quaeso,
1172 1864 1240 1889 Piso.
1284 1864 1413 1890 Fannium
1429 1865 1543 1890 invitum
1558 1870 1583 1890 et
1598 1865 1650 1891 huc
1664 1871 1702 1891 at—

907 1909 960 1936 que
975 1901 1039 1927 illuc
1053 1901 1270 1936 tergiversantem
1287 1902 1467 1928 testimonium
1479 1907 1566 1928 contra
1578 1910 1606 1928 se
1616 1902 1702 1928 dicere

907 1947 982 1974 cogo.
1005 1938 1076 1970 Quid
1090 1939 1161 1964 enim
1176 1938 1342 1973 restipulatio
1352 1939 1466 1965 clamat?
1479 1949 1554 1969 oron
1569 1950 1582 1965 Α
1597 1949 1664 1965 run
1676 1949 1702 1965 ιιι

908 1984 1092 2006 ABSTULERO,
1117 1985 1231 2002 PARTEM
1248 1985 1387 2002 nnttmssl
1403 1986 1468 2002 ΙΝΙἘ
1485 1986 1589 2003 Roscio
1603 1987 1639 2002 Mt:
1655 1987 1702 2003 50-

908 2022 1021 2039 ιιττιιιιιι
1029 2022 1043 2039 ιι
1058 2022 1199 2039 εροιεηιιο.
1240 2014 1294 2040 'rua
1311 2023 1362 2040 vox
1375 2019 1423 2044 cst,
1441 2015 1533 2041 Fanni.
1576 2016 1616 2040 38.
1632 2015 1702 2046 Quid

908 2055 935 2076 tu
950 2050 1054 2077 auferre
1069 2055 1142 2085 potes
1153 2060 1166 2076 a
1178 2051 1276 2077 Flavio.
1293 2053 1315 2077 si
1328 2051 1435 2077 Flavius
1447 2052 1512 2078 nihil
1524 2051 1620 2078 debet?
1633 2052 1701 2084 Quid

909 2088 952 2114 hic
967 2097 1043 2122 porro
1058 2097 1128 2114 nunc
1139 2089 1321 2123 restipulatur,
1337 2089 1408 2123 quod
1420 2089 1577 2123 iampridem
1589 2090 1645 2123 ipse
1656 2098 1702 2115 cx—

908 2126 980 2161 egit‘?
1001 2125 1067 2160 quid
1086 2134 1148 2151 vero
1163 2126 1271 2152 Flavius
1286 2127 1332 2152 tibi
1348 2127 1460 2152 daturus
1474 2132 1526 2155 est,
1547 2127 1593 2161 qui
1611 2127 1702 2152 Roscio

907 2171 998 2194 omne,
1014 2163 1086 2197 quod
1101 2163 1206 2193 debuit,
1223 2164 1364 2189 dissolvit?
1386 2164 1440 2190 Cur
1459 2164 1484 2190 in
1500 2173 1526 2190 rc
1541 2169 1593 2189 tam
1609 2165 1698 2192 veteri,

907 2201 934 2226 in
950 2201 1055 2236 negotio
1070 2205 1122 2226 tam
1141 2200 1272 2230 consecto,
1294 2201 1319 2226 in
1339 2202 1462 2227 societate
1481 2201 1610 2227 dissoluta
1635 2210 1700 2226 noxa

908 2237 972 2264 hacc
991 2238 1156 2272 restipulatio
1174 2238 1368 2273 interponitur?
1388 2239 1454 2270 Quis
1472 2244 1510 2264 est
1531 2238 1612 2264 huius
1626 2239 1702 2263 resti-

909 2275 1052 2309 pulationis
1067 2275 1196 2309 scriptor?
1215 2276 1308 2302 testis?
1325 2275 1440 2301 arbiter?
1457 2276 1538 2310 quis?
1560 2276 1612 2305 Tu,
1631 2276 1699 2302 Piso.

885 2316 887 2347 ᾗ
908 2313 927 2338 T
931 2321 947 2338 u
961 2313 1032 2338 enim
1047 2311 1078 2343 Q.
1091 2313 1216 2338 Roscium
1232 2321 1279 2347 pro
1291 2321 1380 2347 opera,
1398 2322 1444 2347 pro
1460 2313 1555 2342 labore,
1571 2313 1643 2347 quod
1658 2321 1701 2337 co-

907 2350 995 2383 gnitor
1014 2349 1122 2380 ruisset,
1143 2349 1215 2384 quod
1235 2350 1386 2376 vadimonia
1404 2350 1518 2378 obisset,
1540 2350 1650 2383 rogasti,
1673 2355 1701 2375 ut

909 2386 1007 2412 Fanmo
1021 2386 1095 2412 daret
1105 2386 1168 2413 l‘l-S
1180 2395 1288 2413 (·(·(“,ι.),ι.)
1315 2387 1361 2413 hac
1371 2387 1530 2417 conditione,
1548 2393 1584 2416 ut,
1601 2387 1623 2412 si
1634 2387 1700 2421 quid

909 2424 954 2450 ille
969 2423 1101 2458 exegisset
1115 2433 1128 2449 a
1144 2423 1248 2454 Flavio.
1265 2429 1365 2458 partem
1380 2425 1438 2450 eius
1453 2424 1592 2450 dimidiam
1608 2425 1702 2450 Roscio

906 2461 1071 2487 dissolveret.
1101 2461 1204 2487 Satisne
1219 2462 1267 2487 istu
1282 2462 1448 2496 restipulatio
1461 2461 1549 2488 dicere
1564 2462 1611 2488 tibi
1627 2462 1700 2487 xide·

907 2503 950 2525 tur
964 2503 1065 2533 aperte,
1087 2498 1211 2525 Roscium
1231 2507 1278 2533 pro
1295 2508 1323 2525 se
1337 2499 1488 2525 decidisse?
1516 2501 1556 2525 39.
1577 2500 1611 2525 At
1628 2500 1699 2525 enim

908 2535 1015 2562 forsitan
1031 2535 1079 2561 hoc
1094 2536 1141 2562 tibi
1157 2537 1245 2562 veniat
1259 2537 1284 2562 iu
1297 2542 1420 2565 mentem,
1438 2537 1622 2571 repromisisse
1634 2537 1701 2563 Fan-

907 2574 981 2599 nium
998 2573 1100 2604 Roscio,
1116 2574 1138 2600 si
1153 2574 1219 2608 quid
1234 2582 1248 2600 a
1263 2574 1354 2600 Flavio
1368 2574 1508 2609 exegisset,
1526 2575 1584 2600 eius
1599 2579 1698 2609 partem

906 2610 1060 2636 dimidium:
1076 2611 1123 2637 scd
1137 2612 1246 2637 ommno
1259 2611 1381 2645 exegisse
1396 2611 1472 2637 nihil.
1502 2611 1591 2644 Quid?
1605 2617 1632 2638 tu
1648 2620 1699 2637 uon

906 2648 1008 2674 exitum
1027 2648 1185 2679 exactionis,
1210 2649 1257 2674 sed
1276 2649 1382 2675 initium
1402 2649 1616 2684 repromissionis
1638 2658 1700 2684 spe-

906 2690 975 2712 ctaro
988 2684 1089 2712 debes?
1103 2694 1198 2721 neque,
1215 2687 1237 2713 si
1249 2686 1293 2712 ille
1305 2687 1428 2721 persequi
1440 2686 1533 2716 noluit,
1550 2695 1610 2716 non,
1627 2686 1698 2721 quod
