1941 3052
1020 478 1056 503 40.

747 554 781 583 Μ.
817 553 995 583 TULLII
1032 553 1316 583 CICERONIS

990 647 1078 668 Pno

870 721 902 770 L

821 826 1158 866 ORATI

1042 722 1080 770 A
1218 722 1248 771 C

1211 827 1254 866 Ο.

754 1004 962 1032 NOTITIA
996 1006 1317 1032 LITTERARIA.

321 1082 347 1104 L.
357 1082 468 1108 fluct-uu,
479 1082 520 1111 qui
528 1082 607 1103 Acium
618 1081 744 1104 triennium
752 1089 796 1110 pro
803 1086 909 1110 praetor«
919 1082 1078 1108 obtinuerut,a
1087 1082 1116 1104 D.
1127 1082 1205 1103 laelio
1214 1084 1240 1103 da
1249 1082 1382 1111 repetundis
1391 1086 1517 1103 aecusatus
1528 1086 1561 1104 ne
1569 1082 1664 1104 Caesare
1672 1085 1695 1104 ee
1705 1081 1787 1103 Bibulo
1797 1088 1853 1102 εοη,

215 1121 274 1145 (695.
291 1118 316 1140 U.
329 1119 361 1145 c.)
379 1118 442 1139 Umn
456 1119 482 1139 de
499 1118 571 1139 tribus
585 1118 634 1139 eine
648 1117 806 1146 defemoribus
816 1118 873 1146 suit
885 1118 971 1143 Cicero,
987 1125 1051 1146 quem
1062 1118 1176 1139 consulem
1186 1118 1287 1139 nucem
1295 1121 1390 1146 praetor
1399 1117 1425 1138 in
1435 1118 1576 1139 vindicanda
1587 1117 1747 1139 coniuratione
1755 1117 1854 1139 iuvant.

215 1155 273 1176 Item
285 1154 355 1175 eciam
366 1154 502 1175 Hortensius
516 1153 677 1182 patrocinium
687 1157 829 1181 ιιιιτφεηιε,
846 1153 913 1174 cuim
923 1154 1050 1175 orationem
1067 1153 1144 1174 Cicero
1158 1157 1269 1175 memorat
1277 1154 1309 1174 ud
1317 1153 1366 1174 Aet.
1376 1153 1412 1178 11,
1421 1155 1455 1175 25.
1486 1153 1601 1174 Ciceronis
1615 1157 1692 1174 autem
1702 1160 1747 1174 aon
1759 1157 1807 1174 eota
1817 1159 1854 1174 ιιι-

213 1194 300 1217 perun
313 1193 346 1210 est
361 1189 449 1215 oracio,
464 1190 502 1210 red
515 1189 589 1210 tribur
603 1189 715 1210 lacunam
731 1189 801 1214 locis,
813 1195 882 1216 capp.
893 1191 912 1210 2.
924 1192 944 1210 8.
955 1192 977 1210 et
986 1191 1019 1210 ³2.
1030 1189 1066 1210 Ad
1073 1188 1177 1217 primum
1187 1189 1263 1210 Iocum
1273 1195 1330 1216 quae
1340 1187 1475 1216 referuntur
1485 1188 1619 1216 fragmenta
1629 1189 1657 1209 ab
1670 1188 1757 1216 Angelo
1766 1188 1832 1209 Maio
1845 1195 1855 1209 e

216 1225 264 1246 cod.
279 1224 331 1246 bibl.
347 1224 454 1245 Vatican.
464 1228 487 1246 ee
495 1224 620 1246 Mediolun.
632 1224 684 1245 inde
694 1224 723 1245 ab
732 1231 754 1245 a.
767 1226 826 1245 181⁴.
842 1224 913 1250 edita,
924 1231 976 1245 cum
986 1224 1097 1252 Peyronia
1111 1224 1277 1252 supplementis
1291 1223 1383 1252 obliqua
1393 1223 1513 1252 scriptum
1522 1223 1609 1245 uocatis
1619 1223 1718 1244 adiicere
1729 1223 1803 1245 vicum
1813 1228 1853 1244 ul.

266 1378 285 1398 A
292 1378 311 1398 R
318 1377 344 1398 G.
375 1377 454 1398 Cicero
469 1376 492 1397 in
503 1376 604 1402 exordio,
619 1376 794 1398 commemor-tis
804 1376 879 1398 Flacci
889 1376 913 1397 in
923 1384 1009 1405 rempu-

214 1412 293 1433 blicam
310 1412 404 1437 meritis,
423 1412 501 1433 mirari
515 1419 539 1433 se
555 1412 599 1437 nit,
617 1412 655 1440 qui
670 1412 718 1433 eius
734 1412 921 1433 obtrectatoribus
935 1419 1009 1433 aurem

212 1449 319 1475 praebere
333 1447 432 1475 potuerit
446 1449 473 1468 I).
486 1447 577 1468 Laelius
592 1451 614 1468 et
628 1447 791 1468 accusationem
806 1447 926 1474 suscipere,
951 1448 1009 1468 Lau-

212 1484 263 1504 dato
273 1483 343 1508 igitur
352 1483 427 1504 Flacci
437 1486 564 1510 quaestura,
574 1482 693 1508 legatione.
705 1486 816 1510 praetura,
825 1482 902 1510 primo
913 1482 1009 1503 Graeco-

212 1526 258 1539 rum
269 1518 358 1539 testium
369 1518 432 1538 tidem
443 1517 525 1542 elevat.
541 1524 670 1545 quamquam
681 1517 815 1538 Graecorum
825 1517 915 1543 ingenia
925 1517 1009 1539 collau-

212 1554 262 1578 nlat;
281 1553 360 1574 deinde
370 1553 500 1573 ludaeorum
510 1559 586 1573 nurum
597 1560 681 1573 sacrum
692 1552 789 1580 undique
803 1552 919 1574 collectum
927 1568 932 1577 ,
952 1553 1009 1580 quod

211 1587 359 1615 intercepisse
368 1587 494 1613 dicebatur,
505 1588 646 1609 interdictum
657 1594 707 1608 esse
716 1588 792 1613 docet,
803 1594 831 1608 ne
840 1591 1008 1615 exportaretun

214 1623 310 1651 denique
320 1622 417 1650 querelis
428 1623 547 1650 respondet
557 1622 639 1643 rivium
649 1623 795 1643 Romanorum
802 1638 808 1648 ,
821 1623 843 1649 1)
853 1622 960 1647 Deci-ni,
971 1629 1008 1643 cu-

211 1658 247 1679 ius
259 1658 418 1685 turpitudinem
429 1661 451 1678 et
460 1657 612 1678 crudelitatem
628 1657 728 1682 exagitat
738 1664 756 1678 c.
767 1660 800 1679 29.
812 1664 859 1684 sqq.
883 1658 908 1683 2)
923 1657 1008 1677 Andro-

213 1693 248 1713 nis
258 1692 365 1717 Sextilii,
376 1692 414 1720 qui
425 1692 469 1713 sibi
481 1696 576 1720 ereptam
587 1699 637 1713 esse
647 1692 735 1713 dicebat
744 1691 887 1713 hereditatem
898 1692 1007 1717 coniugis,

212 1731 234 1749 et
243 1730 266 1755 3)
278 1727 381 1752 Falcidii.
392 1727 428 1748 cui
438 1727 532 1748 Flaccus
542 1730 558 1747 L
568 1727 653 1748 talenta
663 1726 774 1754 eripuisse
785 1727 903 1747 ferebatur.
924 1728 948 1748 In
959 1734 1007 1754 per-

212 1763 314 1784 oratione
324 1763 350 1783 ab
360 1762 390 1783 iis
400 1763 518 1783 cavendum
529 1769 579 1783 esse
589 1764 752 1786 commonstrat.
763 1761 801 1788 qui
810 1761 863 1782 illos
874 1769 1007 1789 persequan-

212 1803 255 1823 tur,
266 1805 356 1825 quorum
368 1804 435 1825 opera
445 1797 467 1817 in
479 1797 578 1818 Catilina
588 1797 708 1818 coercendo
719 1797 792 1822 magni
803 1796 878 1817 fuerit.

267 1867 285 1893 1.
303 1868 326 1892 ⁴.
349 1860 446 1898 Quum
461 1866 489 1892 in
505 1865 630 1892 maximis
646 1864 773 1900 periculis
787 1865 870 1891 huius
881 1865 957 1891 urbis
968 1869 1008 1891 at-

211 1912 264 1939 que
274 1904 389 1938 imperii,
397 1903 559 1939 gravissimo
569 1907 650 1938 atque
661 1903 833 1929 acerbissimo
843 1902 1007 1937 reipublicae

211 1950 289 1972 casu,
307 1941 379 1968 socio
394 1945 473 1976 atque
488 1940 608 1967 adiutore
622 1939 795 1966 consiliorum
812 1939 1007 1974 periculorum-

211 1987 264 2013 que
276 1987 396 2005 meorum
412 1979 442 2004 L.
455 1977 562 2009 Flacco,
579 1977 687 2004 caedem
699 1986 712 2003 a
725 1977 814 2008 vobis.
832 1977 1003 2013 coniugibus,

212 2016 303 2042 liberis
315 2016 425 2046 vestris.
444 2015 593 2041 vastitatem
605 2023 619 2041 a
634 2014 754 2049 templis.
772 2014 906 2045 delubris,
925 2015 1003 2045 Urbe,

211 2053 284 2079 Italia
295 2052 477 2087 depellebam:
495 2052 648 2087 sperabam,
665 2052 783 2083 iudices,
796 2052 904 2078 honoris
916 2053 1005 2086 potius

212 2091 240 2117 L.
259 2090 345 2116 Flacci
361 2099 404 2116 me
419 2089 567 2116 adiutorem
584 2089 719 2120 futurum,
737 2098 819 2124 quam
835 2090 1004 2116 miseriarum

210 2127 417 2163 deprecatorem.
443 2127 520 2159 Quod
531 2127 602 2153 enim
614 2131 683 2153 esset
695 2128 844 2161 praemium
855 2126 1002 2162 dignitatis,

210 2165 282 2200 quod
294 2165 411 2199 populus
423 2165 572 2195 Romanus,
585 2173 670 2199 quum
682 2164 765 2190 huius
775 2164 922 2190 maioribus
933 2173 1005 2190 sem-

211 2211 258 2237 per
267 2202 421 2233 detulisset,
440 2202 503 2228 huic
514 2201 669 2237 denegaret:
692 2210 778 2236 quum
790 2202 819 2227 L.
832 2201 943 2228 Flaccus
959 2210 1005 2227 veL

210 2245 293 2266 terem
304 2239 422 2266 Valeriae
437 2239 525 2275 gentis
541 2239 568 2265 in
584 2239 718 2265 liberanda
730 2239 814 2273 patria
826 2238 932 2265 laudem
944 2247 1005 2273 pro-

210 2285 243 2312 pe
257 2277 475 2312 quingentesimo
488 2285 557 2303 anno
567 2276 730 2310 reipublicae
742 2275 894 2302 retulisset?
913 2277 938 2303 2.
951 2275 1005 2302 Sed

209 2315 232 2340 si
245 2314 310 2341 forte
321 2314 465 2349 aliquando
476 2318 521 2340 aut
537 2314 658 2340 beneficii
675 2313 756 2340 huius
771 2314 941 2344 obtrectator,
959 2318 1005 2340 aut

211 2352 317 2378 virtutis
338 2351 423 2378 hostis
438 2356 484 2377 aut
500 2351 586 2377 laudis
601 2350 712 2377 invidus
727 2351 888 2377 exstitisset:
911 2351 1005 2377 existi-

210 2389 325 2420 mabam,
338 2388 469 2415 L.Flacco
480 2388 662 2415 multitudinis
674 2388 763 2423 potius
774 2388 921 2422 imperitae,
930 2387 1005 2414 nullo

210 2430 298 2452 tamen
313 2435 375 2452 cum
391 2425 523 2461 periculo,
545 2434 628 2460 quam
644 2426 905 2460 sapientissimorum
925 2430 951 2451 et
967 2425 1006 2451 le-

209 2464 391 2490 ctissimorum
402 2464 520 2490 virorum
531 2463 662 2489 iudicium
674 2471 734 2488 esse
743 2462 928 2489 subeundum.
958 2462 1005 2488 Et-

210 2500 291 2531 enim,
304 2501 404 2535 quibus
415 2500 569 2527 auctoribus
580 2504 606 2526 et
615 2499 802 2526 defensoribus
813 2500 934 2526 omnium
946 2504 1003 2526 tum

210 2536 284 2563 salus
295 2542 365 2563 esset
376 2546 428 2564 non
441 2538 542 2564 civium
558 2536 660 2568 solum,
677 2545 772 2563 verum
788 2537 866 2563 etiam
881 2537 1003 2572 gentium

210 2573 319 2600 defensa
331 2582 360 2600 ao
370 2579 482 2605 retenta,
500 2575 636 2600 nemmem
652 2582 781 2608 umquam
798 2574 890 2608 putavi
902 2582 949 2609 per
959 2582 1004 2600 eos

211 2611 283 2645 ipsos
299 2610 448 2645 periculum
465 2612 548 2638 huius
563 2611 676 2637 fortunis
687 2615 767 2646 atque
777 2610 890 2637 insidias
900 2615 1004 2637 creatu—

211 2656 280 2674 rum.
311 2647 387 2680 Quod
398 2649 421 2674 si
433 2653 503 2675 esset
513 2648 657 2682 aliquando
668 2647 802 2678 futurum,
820 2652 850 2673 ut
861 2647 959 2683 aliquis
970 2648 1004 2674 de

212 2684 240 2711 L.
254 2684 339 2711 Flacci
356 2686 472 2720 pernicie
487 2685 626 2722 cogitaret:
645 2693 791 2720 numquam
808 2689 896 2711 tamen
910 2685 1004 2712 existi-

1061 1380 1146 1411 mavi,
1160 1379 1277 1410 iudices,
1290 1379 1320 1405 D.
1334 1377 1464 1410 Laelium,
1477 1378 1571 1413 optimi
1583 1378 1635 1405 viri
1646 1377 1742 1409 filium.
1755 1378 1854 1414 optima

1061 1418 1152 1453 ipsum
1163 1425 1211 1452 spe
1223 1416 1373 1452 praeditum
1385 1424 1506 1443 summae
1519 1415 1672 1452 dignitatis,
1690 1424 1747 1442 eam
1763 1424 1856 1442 suso&

1062 1459 1170 1490 pturum
1182 1454 1391 1485 accusationem.
1409 1461 1478 1489 quae
1493 1453 1681 1480 sceleratorum
1695 1454 1796 1480 civium
1808 1461 1856 1488 po-

1061 1493 1116 1518 tius
1127 1492 1188 1519 odio
1199 1497 1224 1518 et
1235 1491 1331 1522 furori,
1349 1499 1430 1526 quam
1447 1491 1534 1526 ipsius
1549 1491 1642 1517 virtuti
1657 1495 1736 1526 atque
1747 1491 1856 1517 institu-

1061 1534 1102 1556 tae
1113 1529 1305 1556 adolescentiae
1315 1529 1478 1555 conveniret.
1499 1528 1605 1555 Etenim
1616 1537 1701 1564 quum
1713 1536 1727 1554 a
1737 1527 1856 1555 clarissi—

1061 1567 1113 1593 mis
1128 1567 1195 1593 viris
1210 1566 1374 1593 iustissimas
1389 1566 1546 1592 inimicitias
1557 1574 1636 1601 saepe
1646 1574 1708 1592 cum
1719 1565 1788 1592 bene
1799 1574 1856 1592 me.b

1060 1605 1118 1630 ritis
1133 1604 1240 1630 civibus
1256 1603 1390 1638 depositas
1406 1611 1465 1629 esse
1481 1603 1625 1634 vidissem,
1643 1611 1695 1630 non
1711 1611 1772 1629 sum
1783 1602 1856 1629 arbi-

1061 1646 1157 1672 tratus.
1174 1649 1340 1676 quemquam
1353 1641 1471 1667 amicum
1485 1640 1662 1675 reipublicae,
1680 1644 1854 1675 posteaquam

1060 1679 1090 1705 L.
1099 1678 1184 1705 Flacci
1196 1687 1269 1705 amor
1279 1678 1307 1704 in
1319 1678 1430 1712 patriam
1442 1682 1599 1712 perspectus
1610 1682 1689 1708 esset,
1698 1685 1780 1704 novas
1792 1676 1855 1703 huic

1059 1715 1229 1746 inimicitias.
1242 1714 1317 1742 nulla
1328 1719 1434 1750 accepta
1446 1715 1552 1745 iniuria,
1565 1714 1795 1741 denuntiaturum.
1827 1716 1852 1741 3.

1060 1753 1112 1780 Sed
1124 1754 1259 1788 quoniam.
1273 1752 1386 1783 iudices,
1399 1751 1483 1778 multa
1494 1760 1542 1778 nos
1553 1756 1578 1778 et
1590 1752 1617 1778 in
1629 1752 1726 1778 nostris
1737 1751 1818 1778 rebus
1829 1756 1856 1778 et

1060 1791 1086 1817 in
1098 1790 1235 1825 republica
1248 1789 1411 1820 fefellerunt,
1430 1788 1542 1815 serimus
1553 1797 1581 1815 ea
1590 1810 1596 1820 ,
1612 1797 1682 1824 quae
1692 1794 1756 1816 sunt
1767 1788 1855 1815 feren-

1059 1828 1101 1854 da.
1142 1828 1256 1854 Tantum
1271 1836 1285 1853 a
1301 1827 1378 1853 vobis
1394 1827 1524 1862 petimus,
1541 1831 1572 1853 ut
1586 1827 1675 1853 omnia
1689 1825 1854 1861 reipublicae

1059 1865 1190 1896 subsidia,
1214 1869 1298 1891 totum
1311 1869 1411 1891 statum
1427 1864 1553 1894 civitatis,
1575 1872 1682 1890 omnem
1697 1864 1853 1890 memoriam

1060 1907 1210 1937 temporum
1222 1902 1433 1937 praeteritorum,
1447 1900 1560 1927 salutem
1573 1902 1764 1936 praesentium,
1775 1909 1853 1944 spem

1059 1940 1242 1975 reliquorum
1236 1948 1263 1966 in
1274 1944 1362 1965 nestra
1373 1943 1510 1974 potestate,
1519 1939 1547 1965 in
1559 1939 1657 1965 vestris
1667 1939 1817 1969 sententiis,
1825 1939 1853 1964 in

1058 1978 1107 2004 hoc
1124 1986 1177 2004 uno
1191 1976 1292 2003 iudicio
1308 1977 1421 2011 positam
1437 1984 1497 2002 esse
1512 1981 1537 2002 et
1548 1975 1663 2002 defixam
1674 1976 1784 2011 putetis.
1824 1974 1854 2002 Si

1058 2023 1187 2058 umquam
1204 2014 1356 2049 respublica
1374 2013 1531 2045 consilium,
1554 2014 1724 2049 gravitatem,
1746 2013 1854 2048 sapien-

1059 2053 1130 2083 tiam,
1143 2051 1339 2087 providentiam
1351 2051 1472 2078 iudicum
1483 2050 1651 2086 imploravit:
1663 2050 1713 2077 hoc
1724 2055 1850 2085 tempore.

1057 2089 1115 2121 hoc,
1129 2090 1249 2124 inquam.
1263 2093 1382 2124 tempore
1394 2087 1528 2123 implorat.
1567 2088 1599 2114 11.
1612 2088 1670 2115 Non
1681 2088 1746 2114 estis
1757 2087 1790 2114 de
1801 2087 1854 2123 Ly·

1057 2127 1151 2153 dorum
1163 2131 1209 2153 aut
1220 2127 1358 2162 Mysorum
1369 2131 1415 2152 aut
1425 2125 1576 2161 Phrygum,
1593 2126 1642 2160 qui
1655 2125 1709 2151 huc
1719 2124 1853 2160 compulsi

1056 2165 1234 2199 concitatique
1249 2167 1393 2193 venerunt,
1415 2162 1463 2189 sed
1477 2162 1511 2189 de
1525 2167 1614 2189 vestra
1629 2162 1767 2197 republica
1781 2161 1854 2188 iudi-

1056 2202 1154 2232 caturi,
1172 2201 1205 2228 de
1215 2201 1332 2227 civitatis
1343 2205 1427 2231 statu,
1445 2199 1478 2226 de
1488 2201 1624 2227 communi
1638 2199 1738 2231 salute,
1755 2199 1789 2226 de
1804 2207 1853 2234 spo
1890 2223 1891 2226 ,

1056 2222 1187 2266 bonoriim
1198 2239 1329 2270 omnium,
1342 2238 1366 2264 si
1377 2246 1430 2273 qua
1442 2237 1544 2272 reliqua
1555 2242 1595 2264 est
1605 2238 1684 2264 etiam
1695 2244 1853 2271 nunc,quae

1056 2276 1165 2303 fortium
1191 2276 1293 2302 civium
1320 2280 1424 2302 mentes
1451 2275 1679 2311 cogitationesque
1704 2277 1850 2300 sustentet:
1887 2280 1891 2281 ⁷

1055 2314 1144 2340 omnia
1155 2313 1206 2339 alia
1218 2312 1339 2348 perfugia
1351 2313 1481 2339 bonorum
1489 2333 1495 2343 ,
1512 2311 1646 2347 praesidia
1655 2311 1849 2341 innocentium,

1056 2350 1179 2377 subsidia
1198 2350 1375 2385 reipublicae,
1397 2349 1521 2380 consilia,
1544 2349 1653 2379 auxilia,
1674 2350 1733 2374 iura
1748 2348 1852 2375 cecide-

1056 2393 1127 2414 runt.
1150 2389 1174 2414 4.
1187 2387 1273 2420 Quem
1285 2387 1357 2414 enim
1368 2386 1520 2421 appellem?
1528 2394 1610 2421 quem
1621 2385 1755 2412 obtester?
1768 2393 1850 2420 quem
1887 2411 1891 2419 ¹

1056 2424 1215 2460 implorem?
1225 2424 1408 2451 Senatumne?
1417 2429 1443 2450 at
1452 2424 1476 2450 is
1487 2424 1546 2466 ipse
1556 2422 1688 2449 auxilium
1700 2423 1766 2458 petit
1778 2431 1793 2449 a
1803 2430 1852 2449 vo·
1888 2448 1890 2451 ,

1057 2463 1112 2493 bis,
1134 2467 1160 2488 et
1174 2462 1402 2489 confirmationem
1413 2461 1576 2487 auctoritatis
1587 2469 1651 2486 suae
1662 2464 1765 2487 vestrae
1776 2464 1851 2494 pote-

1056 2500 1116 2526 stati
1128 2500 1288 2541 permissam
1299 2507 1358 2525 esse
1369 2498 1459 2524 sentit.
1480 2498 1521 2524 An
1531 2498 1636 2532 equites
1646 2496 1814 2524 Romanos‘?'
1807 2505 1851 2523 ιιι-
1893 2502 1898 2509 ·

1055 2537 1179 2563 dicabitis
1200 2536 1335 2571 principes
1356 2535 1415 2562 eius
1434 2534 1536 2561 ordinis
1550 2535 1760 2570 quinquaginta,
1782 2533 1850 2569 quid
1887 2552 1892 2562 .

1451 2572 1492 2598 An
1503 2571 1634 2606 populum
1646 2570 1814 2598 Romanum?
1823 2575 1850 2597 at
1890 2596 1898 2602 ,

1054 2582 1117 2600 cum
1128 2574 1254 2600 omnibus
1265 2573 1412 2599 senseritis.

1055 2611 1078 2637 is
1093 2611 1204 2646 quidem
1219 2618 1327 2637 omnem
1342 2618 1419 2636 suam
1435 2609 1468 2635 de
1484 2608 1561 2635 nobis
1573 2613 1729 2643 potestatem
1741 2608 1850 2635 tradidit

1055 2648 1142 2675 vobis
1173 2647 1361 2680 Quamobrem
1374 2646 1428 2672 nisi
1439 2646 1488 2672 hoc
1500 2645 1564 2676 loco,
1579 2646 1631 2672 nisi
1642 2645 1713 2681 apud
1725 2654 1782 2677 vos,
1795 2645 1848 2672 nisi

1032 2677 1036 2706 Ῑ
1055 2693 1102 2720 per
1113 2693 1175 2717 vos,
1191 2685 1309 2716 iudices,
1327 2692 1380 2711 non
1390 2683 1586 2713 auctoritatem
1603 2691 1673 2718 quae
1688 2683 1786 2710 amissa
1797 2687 1844 2714 est,

1903 2667 1907 2698 i
