1941 3052
5 255 7 259 *
40 225 94 249 cet:
115 226 171 248 tum
186 225 227 248 est
239 220 445 252 condemnatus,
466 229 552 256 quum
570 225 641 247 esset
657 220 740 247 iudex
753 229 837 255 quae-

40 259 144 286 stionis.
166 259 223 285 Non
238 258 316 285 modo
329 267 448 289 caussae,
465 259 513 284 sed
527 267 559 285 ne
574 258 626 294 legi
636 258 747 293 quidem
757 257 838 293 quid-

6 322 8 326 ,
39 305 121 332 quam
136 304 183 331 per
196 296 335 322 tribunum
349 295 437 331 plebis
449 296 592 322 laxamenti
602 296 694 322 datum
706 300 754 322 est.
779 295 838 327 Quo

6 365 7 368 Ἴ
41 338 159 368 ternpore
177 332 255 360 illum
274 342 288 360 a
305 334 462 368 quaestione
481 333 514 359 ad
533 333 639 359 nullum
658 333 733 359 aliud
747 333 838 367 reipu-

6 370 7 373 ’
39 371 126 398 blicae
140 379 240 397 munus
254 370 351 397 abduci
367 371 471 402 licebat,
487 379 518 397 eo
532 375 650 405 tempore
660 370 692 396 ad
703 370 839 405 quaestio-

40 417 102 435 nem
116 409 174 443 ipse
188 408 315 443 abreptus
330 413 379 435 est.
413 408 447 435 At
460 417 542 443 quam
557 407 760 443 quaestionem?
773 406 838 434 Vul-

40 450 84 473 tus
98 446 171 472 enim
184 446 280 477 vestri,
297 445 414 477 iudices,
431 454 474 472 me
488 445 614 477 invitant,
630 449 672 476 ut,
692 453 761 479 quae
775 444 839 470 reti-

7 480 10 516 2
39 483 124 510 cenda
138 486 274 518 putaram,
296 483 377 510 libeat
390 484 443 510 iam
458 483 541 510 libere
555 483 651 509 dicere.
692 484 734 508 90.
750 480 840 514 Quid?

8 527 9 553 j
40 519 86 547 illa
109 520 215 547 tandem
238 522 373 555 quaestio,
398 525 444 547 aut
466 520 622 555 disceptatio
644 524 690 546 aut
707 519 838 545 iudicium

7 555 9 592 j
41 557 110 584 fuit?
122 558 225 584 Putabo
238 557 333 585 fuisse.
360 559 440 590 Dicat,
457 559 505 593 qui
519 557 578 584 vult
591 557 670 583 hodie
684 556 717 583 de
731 556 777 582 illo
792 564 840 590 po—

7 593 9 605 *
40 595 106 630 pulo
118 596 256 627 concitato,
273 596 317 622 cui
332 600 389 622 tum
403 604 460 622 mos
474 599 567 631 gestus
582 598 635 621 est:
651 602 704 629 qua
715 593 747 619 de
758 601 785 619 re
796 594 840 619 lu-

8 681 9 686 *
41 670 222 705 respondebit,
238 671 311 706 quod
322 671 463 705 pecuniam
475 669 613 704 acceperit,
630 668 703 703 quod
712 668 840 694 innocen-

42 712 95 734 tem
109 708 325 734 circumvenerit.
347 708 395 734 Est
409 707 473 734 haec
486 707 586 742 opinio.
612 705 653 737 At,
670 705 693 732 si
707 706 743 731 ita
757 709 836 736 esset,

8 751 10 755 ’
42 745 91 771 hac
106 745 163 780 lege
176 750 331 772 accusatum
345 753 404 771 esse
417 745 542 779 oportuit,
558 752 612 778 qua
625 747 765 769 accusatur
775 742 841 769 Avi-

8 779 11 818 )
41 786 95 809 tus.
129 782 163 809 At
176 783 234 817 ipse
248 791 278 809 ea
292 782 350 818 lege
363 782 516 817 quaerebat.
556 781 657 807 Paucos
671 781 729 806 dies
744 788 840 814 exspe-

9 820 11 842 ἓ
41 824 139 847 ctasset
151 819 287 852 Quintius.
327 821 361 846 At
379 828 467 854 neque
484 819 604 854 privatus
623 825 760 849 accusare,
780 825 837 848 nec,

41 857 133 884 sedata
152 857 204 884 iam
223 857 338 888 invidia,
359 856 474 883 volebat.
515 856 617 883 Videtis
635 855 718 891 igitur
736 863 789 881 non
812 855 838 881 in

5 906 11 915 ·=
40 903 148 925 caussa,
164 894 211 920 sed
227 895 255 921 in
269 898 387 929 tempore
400 903 430 921 ac
444 898 571 929 potestate
585 901 661 928 spem
675 901 782 919 omnem
796 900 840 918 ac-

10 949 11 954 =
41 932 170 958 cusatoris
181 931 275 958 fuisse.
298 931 474 958 9l.Mulctam
485 931 589 966 petivit.
611 930 668 962 Qua
681 929 756 966 lege‘?
766 929 840 965 quod

10 981 11 984 ¹
40 969 69 996 in
93 968 178 1004 legem
202 977 255 996 non
276 970 405 996 iurasset:
433 977 502 1004 quae
524 977 566 995 res
589 968 691 994 nemini
708 975 839 1002 umquam

10 1021 11 1039 ;
41 1005 130 1033 fraudi
141 1005 205 1033 suit:
221 1011 247 1033 et
257 1007 330 1042 quod
341 1007 370 1034 C.
382 1007 486 1037 Verres,
500 1010 603 1041 praetor
614 1006 743 1036 urbanus,
760 1005 840 1031 homo

10 1047 12 1050 ’
41 1048 149 1070 sanctus
163 1048 189 1070 et
202 1043 332 1080 diligens,
353 1045 571 1071 subsortitionem
589 1044 648 1069 eius
662 1043 690 1069 in
705 1051 736 1069 eo
748 1042 840 1069 codice

11 1089 13 1121 ¹}
41 1090 94 1108 non
109 1081 226 1113 haberet,
242 1083 290 1117 qui
305 1086 362 1109 tum
377 1081 511 1109 interlitus
525 1080 719 1116 proferebatur.
745 1080 792 1106 His
806 1079 839 1105 de

11 1136 13 1142 .
41 1119 146 1146 caussis
160 1119 189 1146 C.
205 1119 299 1146 Iunius
313 1120 506 1146 condemnatus
520 1122 572 1150 est,
593 1117 711 1149 iudices,
732 1117 841 1144 levissi-

41 1157 93 1183 mis
107 1160 133 1183 et
146 1156 353 1190 infirmissimis3
369 1166 437 1193 quas
451 1157 561 1184 omnino
573 1156 602 1182 in
616 1155 749 1182 iudicium
763 1154 840 1181 affer-

11 1192 13 1216 ἶ
41 1194 64 1221 ri
82 1202 134 1221 non
152 1195 278 1229 oportuit.
318 1195 410 1230 Itaque
428 1202 575 1230 oppressus
593 1197 645 1225 est,
667 1201 719 1220 non
733 1200 837 1224 caussa,

12 1244 13 1249 =
41 1231 88 1258 sed
102 1236 230 1267 tempore.
251 1232 374 1260 XXXIV.
387 1234 429 1260 92.
444 1233 499 1259 Hoc
512 1240 560 1258 vos
571 1230 693 1258 Cluentio
706 1230 839 1257 iudicium

13 1286 14 1292 κ
41 1269 142 1305 putatis
155 1269 251 1296 obesse
264 1270 403 1305 oportere?
416 1270 502 1303 Quam
516 1269 550 1296 ob
563 1267 705 1295 caussam‘?
720 1267 748 1294 Si
758 1276 791 1294 ex
803 1267 841 1293 le-

13 1339 14 1342 *
41 1315 74 1343 ge
92 1307 256 1334 subsortitus
274 1316 327 1335 non
346 1312 401 1335 erat
414 1308 522 1340 Iunius,
542 1311 588 1333 aut
606 1307 630 1332 si
648 1306 676 1332 in
691 1305 777 1341 legem
791 1304 842 1331 ali-

13 1347 15 1356 ’
41 1344 150 1380 quando
164 1353 216 1371 non
235 1345 381 1372 iuraverat:
405 1346 505 1372 idcirco
519 1344 594 1372 illius
608 1343 778 1371 damnatione
792 1341 842 1368 ali-

41 1381 109 1418 quid
122 1381 155 1408 de
170 1381 292 1409 Cluentio
306 1382 493 1410 indicabatur?
518 1384 590 1414 Non,
610 1382 714 1417 inquit:
734 1379 779 1408 sed
795 1379 842 1407 ille

13 1422 16 1452 j
41 1419 141 1446 idcirco
162 1419 204 1446 his
228 1419 334 1455 legibus
356 1421 549 1448 condemnatus
572 1424 624 1452 est,
653 1418 726 1454 quod
751 1423 842 1445 contra

41 1456 121 1484 aliam
137 1456 221 1493 legem
235 1459 413 1485 commiserat.
454 1458 506 1491 Qui
520 1458 570 1485 hoc
587 1457 759 1487 confitentur,
780 1465 843 1491 pos-

42 1499 106 1521 sunt
119 1494 201 1521 iidem
214 1494 284 1522 illud
297 1496 429 1522 iudicium
444 1496 529 1523 fuisse
543 1494 704 1522 defendere?
717 1495 787 1530 Ergo
801 1493 843 1519 id-

14 1550 15 1556 ,
41 1532 122 1563 circo,
137 1532 235 1567 inquit,
251 1532 366 1560 infestus
381 1538 438 1560 tum
452 1537 556 1569 praetor
567 1532 596 1559 C.
607 1533 683 1558 Iunio
695 1531 753 1563 fuit,
770 1531 843 1566 quod

15 1600 16 1610 η
41 1569 111 1596 illud
125 1569 256 1596 iudicium
270 1574 426 1606 corruptum
440 1580 488 1606 per
502 1579 564 1597 eum
579 1569 732 1604 putabatur.
771 1569 842 1595 Num

41 1607 126 1643 igitur
140 1606 189 1634 hoc
203 1611 321 1643 tempore
335 1617 430 1634 caussa
445 1612 545 1635 mutata
559 1607 617 1634 est?
643 1615 708 1633 num
723 1606 773 1633 alia
788 1615 840 1637 res,

15 1643 17 1656 ³
42 1644 93 1671 alia
107 1644 174 1671 ratio
187 1644 262 1672 illius
277 1645 379 1678 iudicii,
396 1646 448 1672 alia
462 1650 555 1672 natura
569 1645 651 1672 totius
661 1644 760 1680 negotii
771 1652 843 1670 nunc

16 1706 17 1712 ,
42 1686 83 1709 est
96 1690 127 1708 ac
141 1686 198 1708 tum
212 1682 282 1709 fuit?
295 1684 353 1710 Non
367 1684 462 1718 opinor
475 1692 509 1710 ex
521 1684 555 1710 iis
565 1683 656 1713 rebus,
672 1690 742 1717 quae
751 1686 842 1717 gestae

16 1727 17 1736 ¹
42 1723 114 1751 sunt,
131 1727 187 1746 rem
202 1719 285 1747 ullam
300 1721 421 1756 potuisse
435 1722 543 1748 mutari.
584 1722 625 1747 93.
641 1719 712 1752 Quid
727 1728 789 1755 ergo
802 1723 843 1745 est

16 1767 17 1775 ¹
42 1765 162 1789 caussae,
177 1757 250 1793 quod
265 1767 338 1785 nunc
351 1763 439 1785 nostra
453 1759 575 1785 defensio
588 1757 713 1785 audiatur
724 1761 795 1783 tanto
805 1757 843 1783 si-

16 1823 17 1826 ,
43 1793 136 1824 lentio.
156 1798 221 1822 tunc
234 1796 310 1823 lunio
323 1796 485 1823 defendendi
499 1797 543 1823 sui
557 1799 673 1831 potestas
688 1799 776 1830 erepta
790 1793 844 1821 sit?

42 1831 110 1865 Quia
125 1836 182 1859 tum
196 1832 224 1859 in
238 1841 334 1860 caussa
347 1834 416 1860 nihil
430 1838 486 1861 erat
499 1838 604 1869 praeter
614 1832 754 1864 invidiam,
771 1840 843 1859 erro-

17 1874 19 1903 ]
42 1877 112 1901 rem,
132 1871 328 1905 suspicionem,
348 1872 489 1898 conciones
507 1872 692 1907 quotidianas,
712 1870 843 1896 seditione

17 1911 19 1913 ’
42 1915 72 1934 ac
86 1906 250 1942 populariter
263 1909 416 1935 concitatas.
451 1909 600 1936 Accusabat
614 1908 740 1935 tribunus
755 1907 842 1942 plebis

18 1956 19 1977 3
41 1944 115 1971 idem
129 1945 156 1971 in
169 1946 353 1978 concionibus,
369 1946 441 1973 idem
456 1947 488 1973 ad
503 1946 647 1973 subsellia:
663 1945 696 1972 ad
710 1945 842 1972 iudicium

18 1983 20 2014 l
43 1990 96 2008 non
110 1981 188 2009 modo
202 1983 235 2009 de
248 1984 388 2016 concione,
408 1984 456 2010 sed
474 1985 553 2010 etiam
567 1993 629 2010 eum
643 1984 702 2018 ipsa
716 1983 843 2009 concione

18 2046 19 2051 ,
44 2019 177 2046 veniebat.
218 2020 325 2047 Gradus
343 2020 383 2047 illi
401 2021 503 2048 Aurelii
527 2026 583 2048 tum
608 2021 670 2048 novi
693 2021 771 2055 quasi
795 2029 843 2055 pro

43 2056 146 2084 theatro
160 2056 200 2083 illi
215 2057 315 2085 iudicio
328 2058 460 2085 aedificati
470 2059 645 2085 videbantur:
661 2065 730 2092 quos
741 2058 789 2084 ubi
799 2066 843 2084 ac-

43 2099 149 2121 cusator
162 2095 299 2122 concitatis
314 2095 469 2122 hominibus
479 2096 633 2131 complerat,
650 2103 701 2122 non
713 2096 791 2123 modo
801 2096 844 2123 di-

43 2131 120 2159 cendi
139 2131 172 2158 ab
191 2140 247 2164 reo,
268 2132 316 2159 sed
331 2141 363 2159 ne
377 2134 505 2167 surgendi
519 2134 631 2168 quidem
646 2138 762 2169 potestas
777 2138 841 2160 erat.

20 2175 21 2209 ζ
44 2170 85 2196 94.
101 2169 193 2204 Nuper
206 2170 278 2205 apud
292 2170 321 2197 C.
337 2170 509 2203 Orchivium,
530 2171 659 2207 collegam
679 2180 783 2203 meum,
806 2171 844 2198 lo-

20 2217 21 2232 :
44 2214 92 2234 cus
110 2207 143 2233 ab
162 2207 299 2234 iudicibus
315 2208 413 2234 Fausto
427 2208 519 2235 Sullae
537 2208 570 2235 ‹le
588 2210 712 2244 pecuniis
727 2209 843 2235 residuis

44 2252 96 2272 non
115 2248 156 2271 est
173 2246 351 2272 constitutus:
377 2254 428 2272 non
447 2254 502 2281 quo
520 2246 559 2272 illi
578 2251 624 2273 aut
641 2247 763 2283 exlegem
783 2255 843 2273 esse

44 2280 161 2313 Sullam.
181 2287 228 2309 aut
244 2291 368 2309 caussam
384 2284 512 2318 pecuniae
527 2283 650 2318 publicae
663 2288 842 2319 contemptam

45 2323 124 2355 atque
133 2320 262 2347 abiectam
274 2325 411 2356 putarent,
428 2321 475 2347 sed
485 2321 567 2356 quod,
583 2326 724 2348 accusante
737 2322 844 2348 tribuno

44 2356 145 2392 plebis,
171 2358 323 2385 conditione
341 2367 425 2393 aequa
444 2358 586 2393 disceptari
605 2367 684 2394 posse
699 2368 750 2385 non
766 2364 844 2394 puta-

45 2398 150 2421 verunt.
190 2394 281 2428 Quid‘l
301 2395 434 2422 conferam
453 2396 591 2422 Sullamne
614 2405 676 2423 cum
695 2396 789 2423 lunio‘?
810 2405 843 2422 an

22 2449 23 2456 η
44 2429 117 2458 hunc
130 2432 269 2459 tribunum
284 2433 372 2468 plebis
386 2442 448 2459 cum
462 2433 591 2466 Quintio?
613 2442 646 2460 an
660 2442 723 2460 vero
737 2439 843 2468 tempus

45 2476 107 2496 cum
121 2470 257 2505 tempore?
282 2470 357 2497 Sulla
372 2471 498 2497 maximis
512 2471 624 2505 opibus,
640 2472 769 2507 cognatis,
786 2471 845 2497 afli-

44 2505 139 2538 nibus.
160 2508 331 2540 necessariis,
352 2508 497 2535 clientibus
513 2508 652 2543 plurimis:
678 2509 742 2535 haec
755 2513 843 2535 autem

44 2543 117 2578 apud
130 2544 238 2571 Iunium
254 2553 343 2580 parva,
359 2550 385 2572 et
399 2546 504 2572 infirma
519 2550 544 2572 et
558 2547 645 2581 ipsius
662 2546 750 2572 labore
761 2554 845 2581 quae-

46 2580 95 2607 sita
114 2585 194 2617 atque
211 2582 330 2610 collecta.
372 2584 419 2610 llic
437 2584 563 2610 tribunus
583 2583 670 2618 plebis
693 2583 842 2615 modestus.

45 2617 164 2652 pudens,
180 2628 233 2646 non
247 2620 326 2647 modo
340 2629 391 2647 non
406 2621 562 2652 seditiosus,
578 2621 625 2647 sed
640 2621 719 2647 etiam
734 2621 845 2647 seditio-

45 2654 84 2681 sis
98 2655 281 2684 adversarius:
301 2657 346 2684 ille
359 2662 448 2685 autem
462 2659 588 2690 acerbus,
605 2659 780 2690 criminosus,
797 2667 845 2693 po-

24 2721 25 2734 ]
46 2691 147 2727 puleris
162 2693 241 2721 homo
255 2703 285 2721 ao
298 2695 480 2723 turbulentus.
515 2697 634 2731 Tempus
649 2696 697 2723 hoc
711 2696 844 2731 tranquil-

366 148 552 176 ORATIO
583 147 673 176 PRO
705 147 1034 175 A.CLL·ENT10.
1070 147 1167 174 CAP.
1202 149 1354 174 30—36.

7 633 9 660 ¹.
41 632 103 659 nius
121 641 245 659 caussam
263 633 373 666 dixerit;
398 640 598 668 quemcumque
616 631 764 667 rogaveris,
789 630 840 656 hoc
861 632 862 635 ’

1632 150 1680 174 383

889 220 945 247 lum
959 228 989 246 ac
1002 224 1138 255 pacatum:
1159 219 1228 246 illud
1246 219 1373 246 omnibus
1387 218 1504 245 invidiae
1519 220 1684 254 tempestati-

889 258 940 284 bus
954 258 1124 284 concitatum.
1146 257 1219 289 Quae
1232 266 1317 292 quum
1331 258 1367 284 ita
1381 261 1480 288 essent,
1496 257 1524 283 in
1535 257 1632 282 Fausto
1646 261 1686 282 ta-

889 304 950 322 men
968 295 1008 321 illi
1026 295 1130 321 iudices
1149 299 1312 325 statuerunt,
1333 294 1426 329 iniqua
1444 294 1594 320 conditione
1609 302 1685 320 reum

889 341 1012 359 caussam
1026 332 1127 364 dicere,
1148 341 1234 367 quum
1252 332 1404 358 adversario
1422 332 1480 358 eius
1498 331 1531 358 ad
1550 332 1594 358 ius
1608 340 1687 358 accu-

890 371 1001 396 sationis
1016 379 1123 396 summa
1137 371 1179 396 vis
1193 370 1332 405 potestatis
1345 369 1490 396 accederet.

945 407 1058 434 XXXV.
1074 409 1114 433 95.
1129 407 1214 439 Quam
1229 407 1339 442 quidem
1354 407 1483 433 rationem
1497 415 1554 437 vos,
1570 405 1684 437 iudices,

889 444 1044 480 diligenter,
1065 453 1113 480 pro
1132 450 1218 471 vestra
1232 445 1361 479 sapientia
1376 449 1401 470 et
1415 444 1593 475 humanitate,
1613 444 1687 479 cogi-

890 486 944 508 tare
958 486 984 508 et
998 483 1106 517 penitus
1120 483 1271 517 perspicere
1284 482 1401 513 debetis,
1422 482 1489 516 quid
1502 481 1580 512 mali,
1601 489 1688 516 quan—

890 524 947 545 tum
966 519 1080 554 periculi
1099 521 1146 545 uni
1165 520 1263 554 cuique
1282 524 1402 546 nostrum
1423 519 1519 545 inferre
1537 519 1624 554 possit
1645 518 1688 545 vis

890 557 1045 588 tribunicia,
1066 556 1175 583 conflata
1190 557 1345 591 praesertim
1360 557 1461 583 invidia
1476 561 1501 583 et
1514 555 1688 582 concionibus

891 594 1019 621 seditiose
1044 595 1191 621 concitatis.
1232 593 1348 628 Optimis
1375 594 1483 620 hercule
1509 593 1686 628 temporibus,

891 636 961 663 tum,
982 640 1067 667 quum
1083 632 1205 658 homines
1220 640 1249 657 se
1263 640 1315 657 non
1331 632 1469 658 iactatione
1484 631 1620 666 populari,
1641 630 1688 657 sed

890 669 1019 704 dignitate
1037 674 1117 704 atque
1134 669 1285 695 innocentia
1304 669 1460 700 tuebantur,
1485 674 1572 695 tamen
1591 676 1640 694 nec
1658 668 1686 694 P.

890 706 1030 741 Popillius,
1047 715 1096 733 nec
1108 706 1140 738 Q.
1152 706 1285 737 Metellus,
1301 706 1444 732 clarissimi
1459 710 1538 741 atque
1551 705 1690 740 amplissi-

891 744 927 770 mi
942 744 1002 775 viri,
1019 744 1074 770 vim
1089 744 1260 770 tribuniciam
1271 744 1404 770 sustinere
1415 748 1571 778 potuerunt:
1589 743 1688 769 nedum

891 781 934 807 his
948 781 1128 816 temporibus,
1145 781 1186 807 his
1201 781 1331 812 moribus,
1348 780 1391 807 his
1404 780 1614 816 magistratibus,
1631 781 1689 806 sine

892 823 978 845 vestra
997 819 1127 853 sapientia
1145 827 1175 844 ac
1193 818 1251 844 sine
1269 818 1431 844 iudiciorum
1456 817 1594 848 remediis,
1620 817 1689 844 salvi

891 865 950 882 esse
964 857 1110 891 possimus.
1132 857 1173 882 96.
1186 856 1244 882 Non
1258 855 1310 882 fuit
1322 856 1406 892 igitur
1418 855 1488 882 illud
1502 855 1632 881 iudicium
1647 855 1690 881 iu-

891 893 955 920 dicii
969 893 1068 925 simile,
1084 893 1197 924 iudices,
1215 902 1267 920 non
1282 893 1346 926 fuit;
1362 893 1390 919 in
1404 901 1458 928 quo
1472 901 1524 919 non
1539 892 1636 919 modus
1650 896 1691 918 est

891 931 1009 963 habitus,
1025 940 1077 958 non
1092 940 1150 957 mos
1164 931 1386 966 consuetudoque
1399 935 1511 961 servata,
1529 939 1581 956 non
1595 938 1690 956 caussa

891 968 1011 995 defensa.
1051 969 1098 996 Vis
1116 968 1163 995 illa
1182 968 1233 995 fuit
1250 973 1288 1000 et,
1308 973 1339 995 ut
1356 976 1436 1003 saepe
1449 968 1502 994 iam
1516 967 1587 998 dixi,
1613 967 1690 993 ruina

890 1006 1023 1042 quaedam
1037 1011 1117 1042 atque
1131 1010 1290 1041 tempestas,
1314 1010 1340 1032 et
1357 1005 1467 1041 quidvis
1482 1006 1584 1040 potius,
1608 1013 1690 1040 quam

890 1044 1023 1071 iudicium
1037 1048 1082 1071 aut
1096 1044 1253 1078 disceptatio
1268 1048 1314 1070 aut
1327 1044 1459 1079 quaestio.
1499 1042 1576 1075 Quod
1591 1043 1613 1068 si
1628 1042 1691 1077 quis

892 1086 945 1113 est,
971 1082 1019 1117 qui
1037 1081 1106 1108 illud
1123 1081 1255 1107 iudicium
1274 1081 1359 1108 fuisse
1377 1081 1520 1107 arbitretur
1538 1084 1564 1106 et
1581 1080 1628 1115 qui
1648 1079 1692 1106 his

892 1120 973 1146 rebus
986 1118 1111 1146 iudicatis
1125 1119 1252 1145 standum
1270 1123 1359 1154 putet,
1379 1119 1402 1144 is
1421 1122 1510 1145 tamen
1528 1118 1596 1144 hanc
1614 1126 1693 1144 caus-

892 1165 950 1183 sam
965 1156 998 1183 ab
1011 1156 1058 1183 illa
1071 1156 1151 1183 debet
1164 1157 1316 1192 seiungere.
1337 1156 1378 1182 Ab
1392 1155 1439 1182 illo
1453 1156 1534 1186 enim,
1551 1156 1608 1182 sive
1619 1154 1692 1190 quod

892 1195 920 1221 in
935 1194 1021 1229 legem
1036 1202 1088 1220 non
1102 1194 1230 1225 iurasset,
1251 1195 1309 1220 sive
1322 1193 1395 1229 quod
1408 1202 1442 1220 ex
1456 1193 1514 1228 lege
1528 1193 1692 1219 subsortitus

892 1232 1010 1258 iudicem
1024 1240 1077 1258 non
1091 1236 1170 1263 esset,
1186 1231 1286 1258 mulcta
1301 1232 1382 1266 petita
1395 1239 1455 1258 esse
1465 1231 1573 1257 dicitur.
1594 1230 1693 1257 Cluen-

892 1270 922 1296 tii
936 1273 1025 1296 autem
1040 1269 1106 1296 ratio
1119 1278 1181 1296 cum
1195 1269 1251 1295 illis
1267 1269 1383 1304 legibus,
1399 1269 1500 1304 quibus
1511 1277 1524 1294 a
1535 1269 1611 1294 lunio
1621 1268 1693 1294 mul-

892 1311 933 1334 cta
952 1307 1034 1342 petita
1052 1311 1105 1338 est,
1126 1306 1200 1333 nulla
1219 1311 1307 1341 potest
1324 1315 1358 1333 ex
1375 1311 1449 1341 parte
1467 1314 1526 1332 esse
1539 1306 1691 1332 coniuncta.

893 1346 934 1371 97.
954 1345 988 1371 At
1006 1344 1078 1371 enim
1096 1345 1176 1372 etiam
1190 1344 1293 1372 Bulbus
1307 1348 1349 1370 est
1361 1344 1565 1370 condemnatus
1606 1343 1690 1374 Adde,

893 1382 1055 1410 maiestatis:
1075 1387 1106 1409 ut
1123 1383 1271 1418 intelligas,
1293 1382 1342 1409 hoc
1355 1381 1488 1408 iudicium
1502 1389 1564 1408 cum
1579 1380 1625 1407 illo
1640 1389 1692 1407 nou

894 1430 952 1447 esse
971 1421 1155 1448 coniunctum.
1195 1421 1229 1447 At
1246 1425 1286 1447 est
1305 1420 1354 1446 hoc
1373 1420 1411 1446 illi
1430 1420 1531 1445 crimen
1546 1419 1690 1445 obiectum.

894 1459 1001 1485 Fateor:
1018 1458 1065 1485 sed
1079 1459 1158 1485 etiam
1174 1457 1305 1494 legionem
1320 1466 1379 1484 esse
1393 1457 1426 1483 ab
1440 1466 1471 1483 eo
1481 1456 1649 1483 sollicitatam
1665 1456 1693 1482 in

894 1496 1013 1532 Illyrico,
1035 1496 1064 1523 C.
1079 1496 1202 1523 Cosconii
1222 1495 1316 1521 litteris
1331 1499 1356 1521 et
1370 1494 1516 1521 multorum
1531 1494 1692 1520 testimoniis

894 1534 1006 1569 planum
1021 1533 1120 1560 factum
1135 1538 1188 1559 est:
1204 1533 1277 1568 quod
1291 1533 1393 1559 crimen
1403 1536 1458 1558 erat
1469 1532 1606 1566 proprium
1619 1530 1693 1557 illius

894 1572 1069 1607 quaestionis,
1086 1575 1112 1597 et
1125 1579 1194 1606 quae
1208 1579 1250 1597 res
1266 1570 1323 1606 lege
1334 1570 1480 1596 maiestatis
1491 1569 1639 1595 tenebatur.
1660 1568 1694 1594 At

895 1609 944 1635 hoc
957 1608 1046 1635 obfuit
1059 1609 1083 1635 ei
1097 1609 1222 1635 maxime.
1256 1609 1309 1634 lam
1324 1608 1374 1634 ista
1389 1607 1519 1634 divinatio
1533 1612 1586 1633 est:
1602 1615 1655 1641 qua
1670 1606 1693 1632 si

894 1647 934 1673 uti
949 1646 1023 1678 licet,
1048 1646 1123 1677 vide,
1145 1655 1177 1672 ne
1196 1654 1252 1672 mea
1273 1645 1424 1671 coniectura
1443 1644 1528 1671 multo
1546 1645 1580 1670 sit
1595 1644 1688 1670 verior.

894 1684 951 1720 Ego
964 1684 1036 1710 enim
1051 1684 1090 1710 sic
1104 1683 1225 1714 arbitror,
1242 1682 1368 1713 Bulbum,
1385 1682 1457 1718 quod
1471 1682 1551 1708 homo
1566 1690 1691 1716 nequam,

895 1722 992 1756 turpis,
1008 1721 1157 1756 improbus,
1175 1720 1268 1747 multis
1282 1720 1389 1756 flagitiis
1403 1720 1599 1746 contaminatus
1614 1719 1640 1745 in
1652 1719 1694 1745 iu-

894 1759 996 1785 dicium
1011 1759 1046 1785 sit
1060 1758 1202 1789 adductus,
1219 1758 1318 1784 ideirco
1333 1757 1438 1784 facilius
1452 1766 1511 1783 esse
1525 1757 1692 1783 damnatum.

895 1797 934 1823 Tu
949 1797 1016 1823 mihi
1031 1805 1065 1823 ex
1079 1801 1130 1823 tota
1145 1805 1239 1822 caussa
1254 1795 1346 1826 Bulbi,
1367 1794 1439 1830 quod
1459 1795 1508 1821 tibi
1522 1794 1692 1821 commodum

894 1839 943 1866 est,
959 1834 1047 1868 eligis,
1064 1838 1094 1860 ut
1106 1834 1133 1860 id
1148 1842 1206 1860 esse
1221 1837 1326 1860 secutos
1341 1833 1444 1859 iudices
1459 1833 1542 1858 dicas.
1693 1850 1696 1856 .

950 1871 1075 1898 XXXVI.
1091 1873 1133 1897 98.
1158 1870 1324 1906 Quapropter
1339 1870 1387 1896 lioc
1401 1870 1480 1896 Bulbi
1495 1869 1627 1896 iudicium
1643 1877 1694 1896 non

895 1909 956 1945 plus
971 1909 1034 1936 huic
1047 1909 1143 1935 obesse
1153 1917 1264 1935 caussae
1274 1908 1361 1939 debet,
1377 1916 1458 1943 quam
1472 1907 1525 1938 illa,
1542 1915 1611 1942 quae
1621 1915 1696 1933 com-

895 1951 1039 1974 memorata
1053 1951 1117 1973 sunt
1131 1946 1164 1973 ab
1178 1950 1339 1976 accusatore.
1356 1945 1410 1972 (luo
1424 1945 1532 1975 iudicia,
1546 1946 1573 1971 Ρ.
1588 1943 1695 1979 Popillii

894 1989 920 2012 et
933 1985 963 2011 T.
979 1984 1090 2011 Guttae:
1110 1984 1158 2020 qui
1176 1992 1299 2010 caussam
1317 1983 1351 2009 (le
1369 1983 1471 2009 ambitu
1486 1982 1625 2009 dixerunt:
1646 1982 1695 2016 qui

894 2022 1011 2049 accusati
1030 2026 1095 2048 sunt
1112 2022 1146 2048 ab
1164 2022 1211 2053 iis,
1231 2022 1279 2056 qui
1298 2025 1373 2047 erant
1390 2021 1442 2055 ipsi
1461 2020 1579 2046 ambitus
1598 2020 1695 2045 conde-

894 2060 992 2086 mnati:
1008 2068 1076 2095 quos
1091 2068 1140 2095 ego
1154 2068 1205 2086 non
1220 2059 1319 2085 idcirco
1329 2066 1388 2084 esse
1399 2058 1511 2084 arbitror
1521 2058 1547 2084 in
1560 2058 1694 2093 integrum

894 2098 1044 2129 restitutos,
1064 2097 1137 2132 quod
1156 2096 1266 2132 planum
1282 2096 1404 2126 fecerint,
1426 2095 1486 2121 illos
1505 2095 1538 2121 ob
1554 2103 1608 2121 rem
1624 2094 1696 2121 iudi-

894 2135 1006 2161 candam
1021 2135 1162 2170 pecuniam
1178 2134 1322 2169 accepisse,
1338 2133 1386 2159 sed
1400 2132 1473 2168 quod
1485 2132 1621 2159 iudicibus
1635 2140 1696 2166 pro-

895 2172 1030 2203 baverint,
1052 2172 1126 2207 quod
1140 2172 1166 2198 in
1181 2171 1274 2197 eodem
1292 2179 1403 2207 genere,
1424 2171 1450 2196 in
1469 2178 1524 2205 quo
1542 2170 1593 2205 ipsi
1613 2169 1695 2195 offen-

894 2210 1012 2241 dissent,
1032 2209 1099 2236 alios
1118 2209 1367 2244 reprehendissent,
1393 2216 1422 2234 se
1440 2207 1472 2234 ad
1491 2207 1608 2242 praemia
1629 2207 1695 2241 legis

895 2247 986 2274 venire
1004 2251 1134 2282 oportere.
1174 2246 1342 2281 Quapropter
1361 2245 1495 2271 neminem
1510 2245 1634 2271 dubitare
1648 2253 1695 2270 cx-

895 2285 994 2315 istimo,
1009 2285 1077 2319 quin
1092 2284 1136 2310 illa
1148 2283 1283 2310 damnatio
1294 2282 1412 2309 ambitus
1423 2282 1495 2308 nulla
1506 2291 1539 2309 ex
1551 2286 1623 2316 parte
1633 2290 1694 2307 eum

895 2330 989 2348 caussa
1001 2321 1117 2348 Cluentii
1133 2326 1276 2356 vestroque
1291 2320 1391 2347 iudicio
1404 2320 1544 2345 coniuncta
1559 2328 1618 2345 esse
1634 2327 1696 2353 pos-

895 2360 940 2386 sit.
975 2360 1017 2385 99.
1033 2358 1113 2391 Quid.
1130 2358 1202 2393 quod
1217 2358 1342 2384 Staienus
1357 2362 1397 2383 est
1411 2355 1623 2383 condemnatus?
1637 2357 1694 2383 Non

895 2397 956 2423 (lico
974 2396 1023 2422 boc
1043 2401 1175 2430 tempore,
1202 2395 1318 2426 iudices,
1346 2395 1373 2420 id
1391 2394 1464 2429 quod
1484 2395 1572 2420 neseio
1590 2403 1623 2420 an
1642 2393 1695 2420 dici

895 2438 1023 2468 oporteat,
1040 2433 1117 2460 illum
1133 2433 1279 2458 maiestatis
1293 2441 1352 2458 esse
1363 2432 1534 2458 dmnnatum:
1551 2440 1602 2457 non
1615 2431 1696 2457 recito

896 2472 1046 2498 testimonia
1066 2470 1205 2497 hominum
1226 2469 1490 2498 honestissimorum,
1511 2469 1620 2504 quaein
1636 2469 1696 2495 Sta-

896 2510 986 2535 ienum
1001 2513 1064 2534 sunt
1078 2508 1147 2534 dieta
1166 2508 1199 2533 ab
1217 2508 1264 2538 iis,
1284 2508 1331 2542 qui
1348 2507 1382 2533 Μ.
1399 2506 1524 2536 Aemilio,
1545 2506 1696 2532 clarissimo

897 2547 966 2576 viro,
989 2545 1067 2581 legati
1082 2550 1106 2571 ct
1121 2545 1246 2580 praefecti
1260 2549 1285 2571 et
1303 2544 1404 2571 tribuni
1423 2544 1551 2570 militares
1572 2543 1692 2570 fuerunt:

896 2592 1011 2619 quorum
1027 2583 1186 2609 testimoniis
1202 2582 1311 2617 planum
1328 2581 1425 2608 factum
1440 2587 1489 2612 est,
1507 2582 1622 2608 maxime
1636 2582 1695 2607 eius

896 2629 988 2656 opera,
1008 2629 1094 2655 quum
1108 2625 1234 2655 quaestor
1248 2625 1331 2650 esset,
1353 2619 1379 2645 in
1398 2620 1515 2645 exercitu
1535 2619 1693 2645 seditionem

896 2666 955 2684 esso
977 2657 1125 2684 conflatam,
1168 2658 1204 2683 Nc
1227 2657 1272 2683 illa
1296 2656 1405 2692 quidem
1430 2657 1581 2683 testimonia
1603 2657 1692 2687 recito,

896 2704 964 2731 quae
979 2695 1049 2722 dicta
1063 2700 1136 2726 sunt,
1152 2694 1184 2721 (le
1200 2694 1255 2721 ll-S
1271 2703 1325 2727 i.›c;
1341 2703 1410 2730 quae
1424 2694 1469 2721 illc
1479 2702 1564 2729 quum
1576 2694 1695 2728 accepis-
