1941 3052
421 158 607 185 ORATIO
639 157 729 184 PRO
762 158 792 184 L.
827 156 1031 184 FLACCO.
1066 157 1163 183 CAP.
1198 158 1332 182 5—12.

59 239 109 258 non
121 228 253 265 potnerit?
263 229 413 256 Mirandum
425 238 488 256 vero
499 233 546 261 est,
555 229 677 256 homines
688 237 742 259 eoS,
751 228 851 263 quibus

57 267 118 294 odio
129 271 193 293 sunt
203 271 307 293 nostrae
317 275 434 297 secures,
447 275 543 293 nomen
555 267 700 297 acerbitati,
709 267 850 301 scriptura,

57 305 197 335 decumae,
215 305 362 339 portorium
379 305 469 335 morti,
488 303 601 331 libenter
615 305 730 338 arripere
742 303 854 330 faculta-

57 346 111 368 tem
123 341 255 372 laedendi,
267 350 454 376 quaecumque
464 341 552 368 detur.
579 343 619 368 ⁴9.
633 342 791 367 Mementote
802 341 854 376 igi-

57 384 110 410 tur,
123 387 209 414 quum
221 378 335 405 audietis
347 379 538 414 psephismata,
552 388 604 405 non
616 378 708 405 audire
719 387 767 405 vos
778 378 854 404 testi-

59 417 160 449 monia:
174 416 266 442 audire
277 417 452 443 temeritatem
464 416 548 452 vulgi,
562 416 655 442 audire
667 424 758 442 vocem
772 415 854 441 levis-

57 454 119 481 simi
131 454 277 489 cuiusque,
291 453 384 480 audire
395 454 537 488 strepitum
548 454 747 489 imperitorum,
761 452 854 479 audire

57 491 212 518 concionem
235 492 392 518 concitatam
416 491 568 518 levissimae
597 491 721 517 nationis.
762 491 853 524 ltaque

57 529 263 564 perscrutamini
284 529 392 563 penitus
414 534 534 555 naturam
556 529 739 562 rationemque
762 527 854 554 erimi-

57 574 137 594 num:
160 566 212 592 iam
225 566 291 593 nihil
304 570 407 601 praeter
417 575 506 601 spem,
525 565 593 592 nihil
608 569 711 601 praeter
727 569 852 591 terrorem

57 612 87 630 ac
98 604 185 630 minas
196 604 344 639 reperietis.

277 642 368 667 Deesse
378 643 497 667 videntur
506 641 639 666 nonnulla.

113 678 159 705 IX.
175 680 216 705 20.
239 679 269 705 In
284 679 384 705 aerario
398 677 465 704 nihil
482 677 580 704 habent
594 677 728 708 civitates,
747 676 813 703 nihil
826 677 853 702 in

58 715 245 752 vectigalibus.
266 716 338 742 Duae
349 716 463 742 rationes
474 714 653 741 conficiendae
664 714 800 749 pecuniae,
809 718 854 740 aut

58 761 176 784 versura,
191 758 236 779 aut
247 753 356 780 tributo.
383 754 437 779 Nec
448 752 553 779 tabulae
564 752 702 778 creditoris
714 751 854 786 proferun-

58 795 114 822 tur,
133 799 181 817 nec
197 790 288 817 tributi
304 790 434 817 confectio
449 789 503 816 ulla
519 790 653 816 recitatur.
694 788 779 821 Quam
792 798 854 815 vero

58 828 135 854 facile
151 827 230 854 falsas
246 828 361 854 rationes
376 827 474 854 inferre
490 832 515 854 et
529 828 556 854 in
568 827 686 857 tabulas,
704 826 855 862 quodcum—

57 874 110 900 que
124 864 295 891 commodum
311 869 364 897 est,
382 864 479 892 referre
495 865 610 895 soleant,
629 873 662 891 ex
674 864 721 891 Cn.
734 864 853 898 Pompeii

58 903 153 929 litteris
169 902 202 928 ad
213 903 379 938 Hypsaeum.
398 907 423 929 et
434 903 549 938 Hypsaei
565 902 598 929 ad
613 902 772 936 Pompeium
787 902 854 928 mis-

57 940 109 971 sis,
122 948 236 975 quaeso,
249 940 409 976 cognoscite.
443 949 588 966 urrann:
609 949 729 966 vomenti
749 948 783 965 ετ
801 948 854 965 ar-

58 986 150 1004 rsAEI.
183 977 288 1004 Satisne
303 978 380 1004 vobis
396 986 538 1013 coarguere
550 977 591 1004 his
603 977 757 1004 auctoribus
768 976 855 1003 (lisso-

59 1015 141 1041 lutam
153 1015 316 1042 Graecorum
328 1015 550 1042 consuetudinem
564 1014 752 1050 licentiamque
764 1015 856 1049 impu-

57 1052 164 1079 dentem
177 1052 319 1079 videmur‘?
339 1053 397 1079 Nisi
409 1052 487 1083 sorte,
501 1053 548 1087 qui
560 1052 608 1079 Cn.
622 1052 793 1087 Pompeium,
807 1052 854 1087 qui

58 1094 237 1125 praesentem,
255 1090 303 1125 qui
314 1090 390 1117 nullo
404 1090 558 1125 impellente
575 1090 713 1121 fallebant,
732 1098 790 1120 eos,
809 1098 856 1115 ur·-

57 1132 135 1163 gente
146 1127 248 1159 Laelio,
270 1129 298 1154 in
314 1128 451 1154 absentem
468 1132 493 1154 et
508 1128 535 1154 in
547 1128 577 1154 L.
590 1127 715 1154 Flaccum
727 1132 773 1153 aut
783 1127 856 1153 timi-

57 1165 105 1191 dos
117 1164 202 1191 fuisse
213 1169 259 1191 aut
269 1164 409 1201 religiosos
420 1170 558 1200 putamus.
584 1167 627 1191 ⁶21.
640 1165 691 1191 Sed
705 1165 802 1191 fuerint
814 1165 856 1191 in-

57 1206 196 1237 corruptae
212 1202 314 1229 litterae
331 1203 417 1229 domi:
440 1211 512 1230 nunc
528 1212 590 1229 vero
605 1211 686 1237 quam
699 1202 796 1228 habere
808 1211 855 1228 au—

58 1240 204 1266 ctoritatem
225 1245 270 1266 aut
290 1249 371 1275 quam
393 1240 472 1266 tidem
493 1240 626 1275 possunt?
645 1239 744 1266 Triduo
766 1240 807 1266 lex
823 1239 855 1266 ad

59 1282 204 1312 praetorem
226 1277 337 1309 deferri,
363 1278 485 1304 iudicum
505 1279 591 1314 signis
611 1278 748 1314 obsignari
770 1277 854 1304 iubet.

58 1315 204 1341 Tricesimo
218 1314 261 1341 die
277 1315 324 1341 vix
339 1315 506 1342 deferuntur.
546 1316 585 1342 Ne
599 1315 733 1350 corrumpi
751 1315 856 1341 tabulae

60 1351 136 1378 facile
153 1353 269 1387 possint,
293 1352 391 1379 idcirco
407 1352 450 1379 lex
465 1353 619 1388 obsignatas
634 1353 660 1379 in
673 1352 782 1387 publico
794 1352 856 1387 poni

58 1389 153 1416 voluit.
180 1389 213 1416 At
223 1390 400 1425 obsignantur
410 1395 559 1425 corruptae.
589 1390 660 1422 Quid
673 1389 752 1416 ret'ert
762 1390 853 1426 igitur,

59 1431 131 1454 tauto
142 1431 202 1462 post
212 1427 246 1454 ad
257 1427 360 1454 iudices
372 1427 537 1459 deferantur,
555 1436 588 1455 an
599 1428 707 1454 omnino
719 1436 771 1454 non
782 1427 857 1454 dele-

59 1464 169 1491 rantur‘?

114 1501 149 1528 X.
170 1501 260 1534 Quid?
274 1502 296 1528 si
313 1502 422 1529 testium
438 1501 558 1529 studium
575 1511 636 1529 cum
652 1507 803 1529 accusatore
814 1511 858 1529 so-

58 1540 157 1566 ciatum
170 1544 224 1566 est:
248 1544 370 1566 tamenne
386 1540 431 1566 isti
446 1544 526 1566 testes
542 1539 731 1567 habebuntur?
751 1540 802 1567 Ubi
818 1544 858 1566 est

59 1576 198 1611 igiturilla
209 1577 384 1612 exspectatio,
402 1586 471 1612 quae
487 1577 587 1604 versari
602 1577 630 1604 in
648 1577 755 1604 iudiciis
773 1577 858 1604 solet?

59 1614 126 1641 Nam
142 1618 232 1646 antea,
253 1623 338 1649 quum
354 1614 458 1641 dixerat
473 1619 610 1642 accusator
625 1616 721 1641 acriter
735 1619 761 1641 et
777 1615 858 1641 velie-

59 1656 175 1683 menter,
198 1660 340 1687 quumque
360 1651 485 1679 defensor
505 1652 664 1687 suppliciter
684 1652 857 1687 demisseque

58 1689 239 1725 responderat,
248 1689 393 1716 tertiusille
403 1694 458 1716 erat
468 1694 638 1725 exspectatus
651 1689 724 1717 locus
736 1690 855 1721 testium,

58 1727 106 1762 qui
117 1731 162 1754 aut
173 1727 232 1754 sine
245 1727 299 1754 ullo
313 1727 403 1754 studio
416 1727 554 1758 dicebant,
571 1732 618 1754 aut
628 1736 689 1754 cum
701 1727 858 1754 dissimula-

58 1765 129 1792 tione
139 1764 229 1800 aliqua
240 1764 405 1800 cupiditatis.
445 1766 487 1792 22.
509 1765 563 1791 Hoc
575 1774 637 1792 vero
647 1765 713 1800 quid
725 1765 782 1792 est?
802 1765 857 1792 Una

59 1801 166 1836 sedent;
180 1811 212 1829 ex
223 1806 407 1829 accusatorum
419 1802 558 1829 subselliis
570 1808 698 1838 surgunt3
713 1811 764 1829 non
776 1802 858 1830 dissi-

59 1839 176 1873 mulant;
194 1848 246 1867 non
258 1844 393 1866 verentur.
433 1840 469 1866 De
481 1839 619 1867 subselliis
630 1839 746 1875 queror?
761 1849 812 1867 una
825 1849 858 1867 ex

59 1876 138 1904 domo
149 1877 294 1912 prodeunt:
317 1878 341 1904 si
353 1877 434 1905 verbo
445 1878 597 1909 titubarint,
615 1886 670 1912 quo
681 1882 855 1909 revertantur,

59 1923 111 1941 non
124 1914 270 1941 habebunt.
301 1914 341 1942 An
353 1915 498 1950 quisquam
510 1923 570 1942 esse
581 1916 656 1942 testis
668 1920 762 1950 potest,
776 1924 857 1950 quem

59 1956 196 1978 accusator
207 1952 265 1978 sine
276 1960 338 1979 cura
350 1953 494 1988 interroget
505 1961 552 1979 nec
564 1957 677 1983 metuat.
696 1962 728 1979 ne
742 1953 795 1980 sibi
810 1953 860 1979 ali-

58 1988 138 2024 quid,
157 1989 230 2024 quod
242 1989 299 2024 ipse
315 1989 394 2020 nolit,
411 1989 588 2024 respondeat?
608 1990 658 2017 Ubi
670 1990 858 2026 estigiturilla

59 2025 118 2053 laus
129 2027 240 2053 oratoris
249 2047 255 2057 ‚
272 2034 342 2061 quae
354 2027 394 2053 vel
407 2027 434 2053 in
445 2031 598 2054 accusatore
611 2032 686 2054 antea
695 2047 701 2056 .
719 2028 760 2054 vel
773 2028 800 2054 in
813 2036 860 2062 pa-

58 2068 135 2090 trono
146 2064 259 2098 spectari
271 2063 391 2091 solebat?
410 2065 479 2091 Bene
491 2069 584 2091 testem
597 2064 782 2100 interrogavit:
805 2065 860 2092 cal-

60 2100 114 2128 lide
124 2101 250 2128 accessit:
263 2101 448 2136 reprehendit:
461 2110 516 2136 quo
527 2102 620 2133 voluit,
629 2102 754 2129 adduxit:
768 2103 861 2130 convi-

61 2138 96 2166 cit
111 2142 138 2164 et
152 2138 289 2174 elinguem
306 2138 431 2166 reddidit.
471 2141 513 2166 23.
535 2139 607 2171 Quid
623 2144 650 2166 tu
668 2140 750 2166 istum
771 2149 857 2175 roges,

62 2175 147 2207 Laeli,
165 2176 226 2210 qui,
245 2176 403 2211 priusquam
417 2176 479 2207 hoc,
497 2185 529 2203 ra
545 2186 631 2208 noco,
649 2176 763 2208 dixeris,
783 2178 859 2212 plura

61 2213 141 2240 etiam
152 2213 283 2244 effundet,
301 2222 382 2249 quam
399 2218 427 2240 tu
443 2214 467 2240 ei
482 2213 555 2240 domi
567 2218 626 2241 ante
639 2215 861 2250 praescripseris?

61 2249 132 2283 Quid
143 2259 193 2287 ego
209 2255 297 2278 autem
313 2251 438 2278 defensor
453 2250 562 2287 rogem?
581 2252 647 2278 Nam
664 2256 709 2279 aut
723 2253 806 2279 oratio
822 2258 861 2279 te-

61 2287 145 2315 stium
159 2287 247 2315 refelli
263 2288 343 2320 solet,
361 2293 407 2315 aut
423 2289 476 2315 vita
493 2288 570 2315 laedi.
610 2289 667 2321 Qua
678 2289 860 2324 disputatione

62 2325 206 2353 orationem
228 2325 347 2353 refellam
364 2326 436 2357 eius,
459 2326 506 2361 qui
523 2325 600 2357 dicit,
623 2335 768 2354 anninus:
792 2328 859 2354 nihil

62 2362 198 2398 amplius?
209 2363 237 2390 In
250 2363 386 2390 hominem
397 2363 541 2390 dicendum
554 2368 594 2390 est
606 2364 696 2398 igitur,
705 2372 790 2399 quum
801 2374 860 2392 ora-

64 2399 100 2428 tio
109 2401 366 2436 argumentationem
379 2409 430 2427 non
443 2401 531 2427 habet.
563 2400 634 2432 Quid
645 2400 732 2428 dicam
744 2402 770 2428 in
783 2403 861 2437 igno-

63 2436 138 2464 tum?
156 2436 329 2470 Querendum
345 2442 385 2465 est
401 2447 465 2473 ergo
479 2442 505 2464 et
520 2437 727 2472 deplorandum,
746 2439 772 2465 id
787 2440 859 2474 quod

62 2473 222 2502 iamdudum
234 2475 310 2508 facio,
322 2475 355 2503 de
364 2476 437 2503 omni
449 2476 625 2502 accusationis
637 2475 791 2511 iniquitate:
805 2477 860 2511 pri-

64 2519 138 2538 mum
158 2512 193 2539 de
211 2514 349 2540 communi
364 2521 461 2549 genere
477 2513 600 2539 testium:
621 2512 686 2539 dicit
701 2514 772 2539 enim
790 2515 860 2541 natio

65 2547 175 2576 minime
185 2549 213 2577 in
226 2551 386 2578 testimoniis
397 2550 518 2577 dicendis
529 2550 662 2585 religiosa.
692 2550 805 2585 Propius
817 2559 860 2577 ac-

64 2585 143 2614 cedo:
165 2595 233 2623 nego
243 2596 303 2615 esse
314 2588 364 2615 ista
377 2587 540 2619 testimonia,
558 2596 627 2622 quae
639 2592 666 2613 tu
679 2587 737 2622 ipse
750 2588 860 2623 psephi-

65 2626 149 2650 smata
159 2624 288 2659 appellas,
299 2624 366 2662 [sed]
379 2630 405 2652 et
416 2625 552 2652 tremitum
565 2625 711 2660 egentium,
720 2630 746 2652 et
757 2630 858 2652 motum

65 2660 208 2694 quemdam
225 2663 395 2690 temerarium
408 2662 553 2690 Graeculae
568 2663 714 2690 concionis.
755 2663 860 2690 latrabo

65 2697 144 2724 etiam
156 2699 251 2734 magis.
291 2699 342 2733 Qui
353 2701 451 2737 gessit,
469 2708 521 2727 non
533 2700 622 2727 adest:
645 2701 692 2735 qui
705 2709 859 2728 munerasse

1649 158 1697 183 459

903 228 1010 259 dicitur,
1024 236 1076 254 non
1087 232 1127 254 est
1138 227 1283 254 deductus:
1298 228 1414 262 privatae
1427 226 1528 253 litterae
1540 226 1628 253 nullae
1639 236 1701 262 pro-

905 265 1040 292 feruntur:
1055 265 1177 300 publicae
1190 269 1305 291 retentae
1317 265 1418 291 suntin
1430 269 1613 291 accusatorum
1626 269 1701 299 pote-

905 307 984 329 state:
1003 312 1108 329 summa
1119 303 1197 328 estin
1209 303 1338 328 testibus:
1351 302 1379 328 hi
1391 302 1485 328 vivunt
1497 311 1559 328 cum
1570 302 1697 333 inimicis,

905 340 1002 366 adsunt
1013 349 1074 366 cum
1086 340 1258 370 adversariis,
1278 340 1398 366 habitant
1412 348 1473 366 cum
1489 340 1698 366 accusatoribus.

907 379 946 403 24.
964 378 1057 404 Utrum
1074 378 1116 403 hic
1132 377 1238 403 tandem
1255 377 1474 412 disceptationem
1486 381 1511 403 et
1521 377 1700 413 cognitionem

905 415 1037 445 veritatis,
1060 424 1092 441 an
1113 415 1279 441 innocentiae
1301 414 1386 441 labem
1402 414 1519 449 aliquam
1535 419 1581 440 aut
1595 415 1701 441 ruinam

906 452 960 478 sore
972 451 1090 486 putatis?
1110 451 1193 478 Multa
1205 452 1275 478 enim
1288 456 1351 478 sunt
1362 451 1509 483 eiusmodi,
1526 452 1643 483 iudices,
1661 456 1699 482 ut,

905 490 1010 515 etiamsi
1030 490 1058 516 in
1079 489 1186 515 homine
1206 490 1278 523 ipso,
1302 489 1334 515 de
1349 498 1404 524 quo
1418 490 1519 525 agitur,
1543 489 1701 525 negligenda

905 527 972 557 sint,
995 531 1082 552 tamen
1098 527 1125 553 in
1141 527 1292 553 conditione
1308 531 1387 562 atque
1402 528 1429 553 in
1442 526 1565 561 exemplo
1576 527 1703 562 pertime-

905 564 1003 590 scenda
1015 564 1166 590 videantur.
1207 564 1253 590 XI.
1277 564 1305 590 Si
1320 573 1401 599 quem
1417 564 1510 591 infimo
1526 564 1582 591 loco
1598 569 1699 595 natum,

906 601 981 628 nullo
992 601 1134 636 splendore
1145 602 1223 632 vitae,
1232 601 1305 627 nulla
1317 601 1547 628 commendatione
1554 601 1647 632 famae,
1656 602 1703 628 de-

906 639 1055 665 fenderem:
1073 643 1161 665 tamen
1173 639 1259 665 civem
1271 648 1284 664 a
1295 640 1402 665 civibus
1413 640 1565 665 communis
1576 639 1703 666 humani-

906 677 966 702 tatis
979 677 1035 702 iure
1047 685 1076 702 ac
1087 676 1268 702 misericordia
1280 676 1447 711 deprecarer,
1466 685 1498 703 ne
1515 677 1614 712 ignotis
1628 677 1704 703 testi—

906 714 966 744 bus,
981 722 1013 739 ne
1024 714 1154 744 incitatis,
1170 723 1202 740 ne
1214 714 1374 740 accusatoris
1385 714 1597 744 consessoribus,
1610 715 1704 741 convi-

907 751 961 781 vis,
976 751 1227 782 contubernalibus,
1241 760 1274 777 ne
1286 751 1451 782 bominibus,
1466 751 1571 777 levitate
1583 752 1700 782 Graecis,

906 788 1062 815 crudelitate
1074 788 1208 819 barbaris,
1226 789 1312 815 civem
1324 798 1353 814 ac
1365 788 1515 823 supplicem
1528 793 1645 815 vestrum
1657 788 1704 815 de-

906 826 1018 852 deretis:
1036 834 1069 852 ne
1084 826 1263 860 periculosam
1274 826 1450 852 imitationem
1462 826 1579 861 exempli
1591 826 1703 861 reliquis

905 864 933 890 in
945 868 1080 898 posterum
1094 863 1251 898 proderetis.
1293 865 1335 891 25.
1349 864 1410 895 Sed,
1424 873 1509 899 quum
1521 864 1550 890 L.
1564 863 1650 890 Flacci
1662 873 1704 890 res

906 905 1011 936 agatur,
1028 901 1107 927 cuius
1119 910 1151 927 ex
1164 901 1262 928 familia
1274 902 1321 936 qui
1335 902 1438 936 primus
1450 901 1543 927 consul
1556 901 1641 928 factus
1653 907 1702 933 est,

906 939 1010 973 primus
1023 939 1050 964 in
1063 939 1111 965 hac
1122 939 1229 965 civitate
1240 938 1333 965 consul
1346 938 1409 971 suit,
1432 939 1510 965 cuius
1525 939 1623 965 virtute
1635 940 1705 974 regn'-

906 977 958 1003 hus
969 976 1166 1007 exterminatis,
1185 976 1292 1002 libertas
1308 977 1335 1002 in
1347 976 1484 1011 republica
1495 977 1638 1003 constituta
1650 981 1702 1007 est,

906 1022 975 1049 quae
988 1022 1074 1048 usque
1085 1013 1117 1040 ad
1128 1014 1178 1040 hoc
1189 1018 1295 1049 tempus
1307 1014 1462 1045 honoribus
1471 1015 1602 1049 imperiis,
1616 1023 1705 1040 rerum

906 1056 1042 1087 gestarum
1058 1051 1155 1087 gloria,
1173 1052 1324 1078 continuata
1338 1052 1497 1086 permansit:
1519 1060 1660 1086 quumque
1672 1051 1705 1078 ab

907 1090 956 1115 bac
967 1090 1087 1124 peremni
1099 1094 1298 1124 contestataque
1312 1090 1408 1115 virtute
1420 1089 1551 1115 maiorum
1564 1098 1615 1115 non
1628 1089 1706 1116 modo

907 1135 959 1153 non
970 1126 1138 1162 degenerarit
1148 1127 1177 1153 1..
1186 1127 1305 1157 Flaccus,
1319 1127 1375 1156 sed,
1384 1128 1411 1153 in
1423 1135 1475 1162 qua
1488 1127 1603 1153 maxime
1615 1126 1706 1153 llorere

906 1165 1013 1200 generis
1024 1165 1067 1190 sui
1078 1164 1191 1200 gloriam
1204 1164 1314 1195 viderat,
1330 1164 1436 1191 laudem
1449 1165 1548 1199 patriae
1559 1165 1586 1190 in
1599 1164 1707 1190 liberta-

908 1207 961 1229 tem
977 1202 1153 1228 vindicandae
1170 1207 1274 1237 praetor
1289 1202 1430 1228 adamarit:
1454 1202 1480 1228 in
1498 1202 1547 1228 hoc
1558 1210 1607 1237 ego
1618 1210 1661 1228 reo
1673 1210 1706 1228 ne

908 1239 979 1275 quod
992 1240 1172 1274 perniciosum
1185 1239 1340 1274 exemplum
1353 1239 1493 1274 prodatur,
1508 1240 1704 1274 pertimescam,

908 1278 934 1304 in
946 1286 1014 1312 quo,
1032 1278 1137 1303 etiamsi
1149 1277 1215 1312 quid
1230 1281 1356 1308 errasset,
1373 1285 1466 1304 omnes
1484 1277 1545 1303 boni
1561 1278 1708 1303 conniven-

908 1315 973 1341 dum
990 1323 1048 1341 esse
1064 1314 1274 1342 arbitrarentur?
1302 1316 1344 1342 26.
1367 1314 1443 1347 Quod
1459 1314 1569 1349 quidem
1586 1323 1634 1350 ego
1655 1323 1707 1341 non

909 1352 988 1379 modo
998 1361 1049 1379 non
1061 1352 1180 1387 postulo,
1198 1352 1246 1379 sed
1257 1357 1360 1383 contra,
1378 1352 1494 1383 iudices,
1509 1360 1556 1378 vos
1567 1360 1612 1378 oro
1624 1356 1649 1378 et
1659 1352 1707 1378 ob-

908 1394 998 1421 testor,
1013 1394 1042 1416 ut
1054 1394 1133 1416 totam
1145 1399 1267 1416 caussam
1279 1398 1361 1425 quam
1374 1390 1489 1416 maxime
1502 1390 1610 1415 intentis
1621 1389 1707 1416 oculis

908 1427 948 1462 (ut
967 1427 1052 1462 aiunt)
1073 1428 1200 1454 acerrime
1219 1427 1447 1462 contemplemini.
1489 1426 1563 1453 Nihil
1580 1426 1707 1462 religione

910 1469 1044 1495 testatum,
1054 1465 1120 1491 nihil
1134 1465 1243 1491 veritate
1257 1464 1406 1495 fundatum,
1417 1464 1483 1490 niliil
1496 1464 1586 1490 dolore
1597 1473 1708 1499 expres-

909 1511 984 1533 sum,
1007 1507 1152 1537 contraque
1168 1503 1257 1529 omnia
1274 1507 1398 1536 corrupta
1415 1502 1540 1533 libidine,
1558 1502 1705 1532 iracundia,

909 1540 1007 1570 studio,
1023 1540 1116 1574 pretio,
1130 1541 1247 1575 periurio
1259 1541 1424 1574 reperientur

965 1578 1023 1604 xu.
1037 1579 1079 1604 27.
1095 1578 1201 1604 Etenim
1219 1578 1270 1604 iam
1284 1578 1408 1603 universa
1420 1577 1532 1603 istorum
1544 1577 1649 1612 cognita
1661 1586 1709 1603 cu-

910 1615 1034 1650 piditate,
1047 1615 1170 1642 accedam
1183 1615 1215 1641 ad
1226 1614 1348 1650 singulas
1360 1614 1483 1649 querelas
1494 1614 1709 1641 criminationes-

909 1662 962 1688 que
974 1653 1146 1679 Graecorum.
1169 1652 1269 1679 Classis
1282 1652 1389 1678 nomine
1400 1652 1540 1686 pecuniam
1553 1652 1708 1678 civitatibus

910 1691 1067 1725 imperatam
1079 1695 1242 1724 queruntur:
1256 1689 1329 1725 quod
1342 1698 1388 1716 nos
1401 1689 1509 1720 sactum,
1524 1689 1708 1719 iudicesmon-

910 1728 1025 1754 fitentur.
1048 1727 1100 1754 Sed
1111 1728 1134 1754 si
1146 1728 1194 1754 hoc
1205 1728 1305 1753 crimen
1318 1732 1367 1757 est,
1376 1732 1421 1753 aut
1432 1727 1458 1753 in
1471 1736 1501 1753 co
1511 1731 1560 1757 est,
1572 1726 1644 1761 quod
1657 1736 1708 1753 non

911 1765 1015 1792 licuerit
1027 1765 1171 1800 imperare,
1185 1770 1230 1791 aut
1243 1765 1268 1791 in
1281 1773 1325 1795 eo,
1341 1764 1413 1798 quod
1426 1773 1477 1791 non
1489 1773 1557 1799 opus
1571 1764 1651 1790 suerit
1663 1773 1710 1790 na-

910 1803 1005 1834 vibus,
1018 1808 1063 1830 aut
1075 1803 1101 1829 in
1113 1811 1157 1833 eo,
1171 1802 1242 1838 quod
1256 1802 1339 1832 nulla,
1353 1802 1402 1828 hoc
1414 1807 1541 1837 praetore,
1555 1801 1650 1828 classis
1663 1811 1710 1828 na-

910 1841 1018 1876 vigarit.
1058 1841 1181 1867 Licuisse
1198 1845 1226 1867 ut
1241 1839 1390 1875 intelligas,
1409 1848 1551 1875 cognosce,
1570 1839 1650 1874 quid,
1668 1848 1709 1866 me

910 1878 1034 1908 consule,
1048 1883 1157 1904 senatus
1168 1877 1324 1908 decreverit,
1340 1886 1424 1912 quum
1437 1877 1546 1912 quidem
1560 1877 1626 1903 nihil
1639 1886 1651 1902 a
1663 1886 1711 1903 su-

911 1916 1062 1950 perioribus
1078 1916 1266 1942 continuorum
1283 1924 1414 1941 annorum
1428 1915 1542 1941 decretis
1553 1914 1708 1941 decesserit.

911 1954 1236 1981 Ssmruseousuuum.
1277 1953 1432 1979 Proximum
1445 1957 1484 1978 est
1496 1960 1572 1988 ergo,
1586 1956 1627 1983 ut,
1641 1961 1710 1986 opus

912 1990 991 2017 fuerit
1006 1990 1104 2022 classe,
1124 1999 1220 2021 necne,
1237 1999 1410 2025 quaeramus.
1451 1990 1546 2016 Utrum
1563 1990 1645 2025 igitur
1661 1989 1710 2016 lior

912 2028 1005 2056 Gracci
1021 2032 1139 2055 statuent
1154 2033 1199 2054 aut
1215 2027 1285 2054 ullae
1301 2032 1406 2054 exterae
1423 2028 1556 2058 nationes,
1579 2036 1611 2054 an
1629 2028 1708 2054 vestri

912 2070 1054 2101 praetores,
1069 2066 1150 2092 vestri
1162 2065 1258 2096 duces,
1272 2066 1352 2092 vestri
1366 2064 1557 2100 imperatores?
1576 2065 1709 2100 Equidem

911 2103 1050 2134 existimo,
1068 2104 1095 2130 in
1108 2103 1240 2130 eiusmodi
1253 2103 1360 2138 regione
1376 2107 1456 2137 atquc
1473 2103 1623 2137 provincia,
1641 2111 1710 2137 quae

913 2141 978 2167 mari
989 2140 1085 2171 cincta.
1099 2141 1221 2175 portibus
1233 2140 1368 2171 distincta,
1382 2140 1480 2166 insulis
1492 2140 1655 2166 circumdata
1668 2149 1710 2166 cs-

912 2182 965 2209 set,
988 2187 1040 2205 non
1053 2178 1141 2205 solum
1155 2178 1294 2212 praesidii,
1317 2177 1365 2204 sed
1381 2178 1459 2204 ctiam
1475 2177 1587 2204 ornandi
1605 2178 1709 2211 imperii

911 2224 1007 2241 caussa
1024 2216 1206 2250 navigandum
1225 2215 1320 2241 fuisse.
1360 2217 1402 2242 ⁶28.
1426 2215 1495 2241 ilaec
1510 2215 1582 2241 enim
1600 2215 1666 2241 ratio
1681 2223 1710 2241 ac

913 2252 1070 2288 magnitudo
1085 2253 1235 2279 animorum
1252 2253 1279 2278 in
1296 2252 1442 2278 maioribus
1464 2252 1561 2278 nostris
1583 2251 1645 2281 suit.
1671 2257 1707 2281 ut,

911 2298 997 2325 quum
1015 2290 1041 2317 in
1058 2290 1170 2324 privatis
1186 2289 1266 2316 rebus
1281 2290 1393 2324 suisque
1405 2289 1574 2323 sumptibus,
1599 2289 1710 2315 minimo

911 2327 1026 2353 contenti
1036 2347 1042 2357 ,
1056 2327 1214 2353 tenuissimo
1225 2326 1298 2352 cultu
1313 2327 1446 2356 viverent,
1465 2327 1490 2352 in
1508 2326 1620 2361 imperio
1630 2330 1709 2361 atque

912 2365 939 2391 in
952 2364 1060 2399 publica
1071 2364 1200 2397 dignitate
1211 2364 1300 2389 onmia
1312 2363 1343 2389 ad
1356 2363 1468 2397 gloriam
1485 2363 1710 2398 splendoremque

913 2406 1075 2428 revocarent.
1101 2401 1244 2433 Quaeritur
1255 2402 1326 2427 euim
1339 2401 1365 2427 in
1378 2410 1404 2427 re
1415 2401 1560 2427 ‹lntncstica
1571 2401 1710 2428 continen-

913 2439 963 2465 tiae
977 2438 1047 2469 laus,
1066 2439 1092 2464 in
1106 2438 1213 2472 publica
1225 2438 1374 2472 diguitatis.
1418 2438 1494 2470 Quod
1507 2438 1528 2463 si
1542 2438 1620 2464 etiam
1634 2447 1710 2473 prae-

912 2476 974 2502 sidii
986 2484 1081 2502 caussa
1092 2475 1204 2502 classem
1219 2475 1391 2510 liabuit.quis
1402 2476 1450 2502 crit
1463 2480 1514 2501 tam
1528 2476 1647 2510 iniquus,
1661 2477 1708 2511 qni

913 2513 1106 2548 reprehendat?
1121 2513 1192 2539 Nulli
1205 2518 1279 2540 erant
1291 2512 1447 2547 praedones.
1469 2513 1558 2545 Quid?
1569 2512 1658 2540 nullos
1671 2513 1710 2541 so-

911 2559 952 2581 re,
975 2551 1038 2585 quis
1054 2555 1187 2585 praestare
1203 2550 1322 2585 poterat?
1343 2551 1451 2581 Minuis,
1475 2551 1571 2585 inquit,
1594 2550 1707 2586 gloriam

911 2588 1041 2622 Pompeii.
1082 2589 1122 2614 29.
1144 2589 1228 2615 immo
1245 2592 1271 2614 tu
1284 2596 1366 2623 auges
1378 2587 1537 2615 molestiam.
1578 2588 1624 2615 llle
1635 2589 1706 2615 enim

911 2625 1010 2652 classes
1023 2625 1200 2660 praedonum,
1215 2625 1308 2655 urbes,
1323 2629 1424 2659 portus,
1438 2625 1602 2660 receptacula
1614 2631 1707 2652 sustu-

912 2662 950 2693 lit,
960 2671 1051 2697 pacem
1064 2664 1224 2690 maritimam
1237 2671 1342 2689 summa
1355 2663 1452 2689 virtute
1464 2667 1543 2698 atque
1554 2663 1706 2690 incredibili

910 2700 1044 2727 celeritate
1058 2700 1183 2728 confecit:
1208 2700 1277 2727 illud
1293 2708 1356 2727 vero
1371 2708 1458 2736 neque
1479 2701 1598 2736 suscepit
1620 2709 1707 2736 neque

1445 2747 1502 2774 58·
