1941 3052
394 184 448 210 AD
481 183 778 210 HERENNIUM
812 184 830 209 L

26 264 166 299 ponemus3
191 259 224 285 et,
249 255 469 289 quotiescumque
487 263 542 280 rem
565 255 719 280 meminisse
738 253 811 280 1010-
832 254 835 290 J

26 303 94 325 mus,
110 294 133 320 si
147 293 289 320 formarum
303 292 476 326 dispositione
490 297 514 318 et
528 292 675 327 imaginum
689 291 810 327 diligenti
833 304 841 329 3.

840 327 841 351 J
861 329 956 363 ginum
970 338 1050 355 renov
1053 329 1181 356 andarum
1192 338 1285 355 caussa
1296 329 1416 355 celeriter
1426 330 1514 356 animo
1526 339 1590 365 perv
1592 339 1654 366 age-

25 331 155 359 notatione
172 334 286 359 utemur,
308 328 383 355 facile
397 338 435 360 ea,
456 338 523 364 quae
538 329 667 360 volemus,
684 329 810 354 memoria

25 376 223 403 consequemur.
256 366 329 392 XXI.
349 366 438 398 Quum
456 366 598 392 verborum
621 366 811 392 similitudines

24 405 186 441 imaginibus
199 404 347 438 exprimere
361 403 490 433 volemus,
507 403 569 438 plus
584 404 682 439 negotii
696 403 835 437 suscipi-

25 451 99 469 emus
117 446 142 468 et
158 441 243 476 magis
260 441 399 475 ingenium
414 445 533 467 nostrum
548 441 742 467 exercebimus.

24 488 72 507 nos
85 479 134 506 hoc
147 478 224 505 modo
237 477 322 503 facere
335 478 474 512 oportebit.

60 549 96 554 —
107 548 144 552 —-
155 547 192 552 —-
205 532 259 558 Iam
273 534 451 557 domuitionem
465 535 535 564 reyes
548 533 656 557 Atridae
665 536 769 564 parant.

23 572 51 598 In
74 571 159 606 primo
181 569 238 595 loco
255 569 414 595 constituere
432 573 533 603 oportet
551 577 646 594 manus
661 568 693 594 ad
707 568 811 594 coelum

23 608 156 636 tollentem
177 607 331 636 Domitium,
356 615 442 640 quum
461 615 475 632 a
493 606 602 641 regibus
620 606 725 631 Marciis
749 605 811 631 loris

23 645 152 672 caedatur.
174 644 227 670 Hoc
240 644 302 669 erit:
319 644 373 669 Iam
387 645 565 669 domuitionem
579 652 656 676 reyes.
687 644 715 669 In
730 642 812 668 altero
840 658 841 665 1

23 682 79 709 loco
99 681 232 716 Aesopum
256 685 281 707 et
304 680 442 707 Cimbrum
466 680 611 706 subornare
633 680 808 715 Iphigeniam

21 719 245 756 Agamemnonem
259 722 284 743 et
297 717 457 744 Menelaum.
491 718 544 743 Hoc
558 718 619 743 erit:
644 720 751 743 Atridae
762 727 811 750 po—

22 741 173 783 rant.1{oc
195 755 274 781 modo
291 756 379 781 omnia
396 755 476 781 verba
495 759 571 780 erunt
589 763 724 789 expressa.

23 794 86 820 haec
102 793 249 828 imaginum
266 791 437 818 conformatio
459 796 516 818 tum
531 792 609 822 valet,
626 792 648 818 si
664 791 811 818 naturalem

22 830 175 858 memoriam
188 830 441 856 exsuscitaverimus
456 829 505 855 1130
518 829 658 860 notatione,
676 833 713 860 ut,
730 838 810 855 versu
840 835 841 851 1

21 868 114 903 posito,
129 867 181 902 ipsi
196 867 336 893 nobiscum
350 867 467 901 primum
482 871 648 892 transeamus
662 866 704 892 bis
714 871 759 892 aut
773 871 811 892 ter

22 913 83 932 eum
101 913 222 937 versum;
249 904 345 930 deinde
363 913 425 930 cum
443 904 608 939 imaginibus
622 904 702 930 verba
720 905 811 938 expri-

21 951 132 969 mamus.
165 942 218 968 Hoc
241 941 319 968 modo
343 946 451 967 naturae
472 941 654 976 suppeditabit
676 941 807 967 doctrina:

21 988 82 1006 nam
96 984 206 1014 utraque
217 978 296 1005 altera
307 983 396 1014 parata
406 979 492 1014 magis
502 979 551 1004 erit
562 978 650 1010 firma3
664 978 699 1004 ita
711 983 806 1009 tamen,
832 990 833 993 ¹

20 1021 50 1043 ut
71 1016 156 1043 multo
179 1015 241 1051 plus
264 1016 292 1042 in
314 1016 431 1042 doctrina
449 1021 528 1051 atque
546 1020 600 1042 arte
619 1016 745 1050 praesidii
764 1016 808 1041 sit.

20 1053 97 1086 Quod
118 1053 211 1080 docere
233 1062 285 1080 non
308 1062 488 1089 gravaremur,
514 1053 542 1079 ni
561 1057 748 1084 metueremus,
766 1062 807 1084 ne,

20 1100 104 1126 quum
118 1091 151 1117 ab
165 1091 285 1117 instituto
299 1095 387 1117 nostro
401 1091 614 1121 recessissemus,
632 1091 722 1116 minus
737 1099 810 1116 com—

19 1128 97 1155 mode
111 1132 259 1155 servaretur
272 1127 336 1154 haec
349 1127 467 1154 dilucida
477 1128 593 1154 brevitas
605 1128 807 1162 praeceptionis.

19 1299 141 1331 excitare,
163 1307 217 1334 qua
233 1298 267 1325 de
283 1307 378 1326 caussa
396 1303 541 1334 utrumque
564 1299 616 1330 fiat,
638 1300 809 1326 consideran-
830 1310 832 1313 ’

20 1337 85 1363 dum
103 1341 156 1368 est,
183 1340 220 1367 ut,
240 1337 344 1372 cognita
357 1345 459 1368 caussa,
480 1345 547 1372 quas
569 1337 685 1363 vitemus
704 1341 729 1363 et
742 1346 809 1372 quas

18 1382 163 1409 sequamur
176 1373 314 1409 imagines,
329 1374 397 1400 scire
410 1374 556 1409 possimus.
571 1374 657 1400 XXII.
670 1375 748 1401 Docet
758 1375 810 1409 igi-

18 1416 62 1438 tur
75 1420 123 1438 nos
137 1411 194 1446 ipsa
209 1415 310 1442 natura,
326 1411 392 1446 quid
406 1416 524 1446 oporteat
538 1411 603 1437 fieri.
628 1412 695 1437 Nam
706 1412 729 1437 si
741 1420 808 1446 quas
838 1438 840 1447 ‚

18 1457 60 1475 res
73 1449 101 1475 in
115 1449 169 1474 vita
183 1448 307 1474 videmus
321 1457 425 1483 parvas,
442 1449 561 1480 usitatas,
578 1449 755 1483 quotidianas,
765 1458 808 1475 eas
838 1448 840 1470 1¹

18 1485 173 1512 meminisse
191 1494 243 1511 non
261 1485 392 1518 solemus;
416 1490 553 1520 propterea
571 1486 644 1520 quod
669 1486 742 1512 nulla
757 1486 809 1512 nisi

18 1532 85 1550 nova
104 1527 148 1550 aut
166 1522 317 1549 admirabili
336 1531 362 1549 10
380 1528 562 1549 commovetur
580 1523 695 1549 animus.
734 1524 768 1549 At
785 1524 807 1549 si

17 1560 83 1596 quid
101 1560 224 1587 videmus
242 1564 288 1586 aut
305 1560 431 1586 audimus
449 1561 554 1596 egregie
572 1565 650 1595 turpe
668 1565 713 1587 aut
726 1561 810 1587 bone—

18 1602 98 1629 stum,
118 1598 284 1628 inusitatum,
305 1606 442 1633 magnum,
462 1597 628 1629 incredibile,
652 1598 806 1630 ridiculum,
838 1623 840 1628 ,

17 1635 46 1662 id
67 1635 115 1662 diu
137 1635 292 1661 meminisse
314 1635 515 1661 consuevimus.
549 1636 668 1670 Itemque
685 1644 753 1670 quas
767 1645 809 1662 res

18 1677 77 1699 ante
90 1681 134 1699 ora
147 1672 271 1699 videmus
285 1676 330 1698 aut
343 1672 415 1707 quod
429 1681 520 1699 recens
535 1673 688 1699 audivimus
711 1672 810 1699 oblivi-

18 1710 118 1737 scimur
131 1709 303 1745 plerumque,
327 1718 395 1744 quae
409 1709 560 1736 aeciderunt
573 1710 600 1736 in
615 1710 737 1744 pueritia,
754 1719 810 1736 mc*

18 1747 146 1774 minimus
160 1748 258 1782 optime
272 1755 364 1782 saepe,
381 1755 428 1773 nec
442 1747 492 1773 boc
505 1747 555 1773 alia
570 1747 602 1773 (10
615 1756 709 1773 caussa
725 1752 810 1782 potest

18 1784 144 1816 accidere,
160 1785 211 1811 nisi
226 1785 299 1820 quod
313 1785 424 1811 usitatae
438 1793 480 1811 res
495 1784 571 1811 facile
585 1793 599 1810 e
614 1785 740 1811 memoria
755 1785 810 1811 ela-

18 1821 127 1854 buntur,
142 1822 263 1858 insignes
278 1826 303 1848 et
317 1830 399 1848 novae
414 1826 521 1848 manent
534 1822 646 1848 diutius.
682 1824 722 1848 36.
739 1822 808 1849 Solis

17 1864 134 1891 exortus,
154 1867 258 1891 cursus,
279 1867 388 1886 occasus
407 1868 484 1885 nemo
498 1859 651 1891 admiratur,
672 1865 809 1894 propterea
831 1878 833 1884 .

18 1896 90 1932 quod
103 1896 223 1932 quotidie
237 1896 317 1929 fiunt3
342 1901 367 1923 at
385 1896 498 1931 eclipses
511 1896 576 1923 solis
591 1897 728 1927 mirantur,
745 1898 808 1932 quia

17 1942 75 1961 raro
88 1934 219 1966 accidunt,
236 1938 261 1960 et
278 1933 342 1960 solis
356 1933 469 1968 eclipses
485 1935 571 1969 magis
584 1934 715 1961 mirantur
728 1943 808 1969 quam

19 1970 105 2003 lunae,
125 1971 251 2007 quoniam
269 1971 318 1998 hae
335 1971 480 1998 crebriores
499 1975 571 1998 sunt.
605 1972 684 1998 Docet
701 1980 763 2007 ergo
781 1981 809 1998 se

18 2013 110 2035 natura
129 2008 233 2044 vulgari
251 2013 277 2035 et
290 2009 386 2035 usitata
400 2017 427 2034 re
442 2017 492 2035 non
511 2009 677 2040 exsuscitari,
695 2010 809 2035 novitate
830 2025 832 2042 ;

18 2050 44 2073 et
55 2045 154 2082 insigni
168 2045 284 2080 quodam
298 2046 402 2082 negotio
415 2046 586 2072 commoveri.

17 2087 61 2110 tur
73 2092 116 2110 ars
130 2087 249 2110 naturam
264 2087 297 2115 et,
313 2083 385 2118 quod
400 2092 429 2109 ea
440 2083 580 2114 desiderat,
594 2083 724 2110 inveniat:
736 2084 807 2119 quod

18 2120 140 2152 ostendit.
157 2125 294 2155 sequatur.
328 2120 401 2147 Nihil
421 2125 460 2147 est
473 2121 554 2152 enim,
570 2121 642 2155 quod
657 2125 702 2147 aut
716 2126 808 2147 natura

18 2162 166 2185 extremum
190 2158 321 2184 invenerit
346 2162 392 2184 aut
414 2157 532 2184 doctrina
547 2158 678 2192 primum3
706 2158 753 2184 sed
768 2168 809 2184 re-
830 2164 839 2191 J«

18 2203 77 2222 rum
92 2195 222 2230 principia
235 2195 268 2221 ab
282 2195 388 2231 ingenio
406 2195 521 2230 profecta
540 2199 610 2226 sunt,
627 2200 652 2221 et
665 2196 752 2222 exitus
766 2195 809 2222 di-
838 2218 839 2226 ,

374 2233 416 2258 37.
432 2233 564 2268 Imagines
578 2233 660 2268 igitur
674 2242 722 2259 nos
737 2233 763 2259 in
778 2242 808 2259 eo
830 2230 839 2264 ,f

18 2232 130 2268 sciplina
144 2236 339 2266 comparantur.

18 2277 113 2306 genere
129 2269 290 2296 constituere
307 2269 446 2304 oportebit,
466 2269 538 2304 quod
555 2279 641 2305 genus
660 2279 766 2296 manere
781 2270 807 2296 in
830 2265 832 2287 3

18 2306 144 2333 memoria
161 2306 314 2333 diutissime
328 2310 422 2341 potest.
452 2306 480 2333 Id
494 2307 602 2338 accidet,
619 2307 640 2333 si
655 2316 736 2342 quam
752 2317 808 2333 ma-

17 2344 90 2370 xime
99 2348 199 2370 notatas
207 2343 398 2370 similitudines
407 2344 610 2375 constituemus,
626 2345 649 2371 si
660 2353 710 2370 non
721 2349 807 2371 mutas
829 2358 831 2366 ι

18 2389 67 2408 nec
80 2389 170 2417 vagas,
185 2381 233 2407 sed
247 2381 348 2416 aliquid
363 2385 469 2416 agentes
483 2381 613 2417 imagines
624 2390 768 2416 ponemus3
784 2382 806 2408 si

18 2418 151 2461 egregiam
171 2418 399 2453 pulchritudinem
421 2422 466 2444 aut
487 2419 592 2444 unicam
615 2419 807 2461 turpitudinem

18 2455 57 2482 eis
70 2455 259 2482 attribuemus:
274 2455 296 2481 si
312 2455 416 2490 aliquas
427 2455 624 2486 exornabimus,
634 2456 693 2482 11151
703 2465 806 2483 0010315

18 2496 64 2519 aut
73 2497 145 2519 veste
157 2485 299 2527 purpurea,
314 2501 369 2527 quo
383 2493 459 2519 nobis
473 2493 585 2518 notatior
598 2493 632 2519 sit
643 2493 805 2522 similitudo2

17 2533 63 2556 aut
80 2529 102 2556 si
121 2538 202 2564 quam
220 2538 275 2556 rem
294 2529 513 2560 deformabimuS,
533 2534 563 2556 ut
576 2530 598 2556 si
612 2535 747 2556 cruentam
762 2535 807 2557 aut
830 2547 831 2551 =

17 2574 98 2593 coeno
111 2566 220 2593 oblitam
234 2571 280 2593 aut
293 2567 398 2593 rubrica
412 2566 558 2593 delibutam
573 2567 740 2598 inducemus,
753 2577 807 2603 quo

17 2603 103 2646 magis
117 2603 243 2640 insignita
256 2604 291 2630 sit
304 2603 401 2637 forma3
416 2608 462 2630 aut
474 2604 497 2630 si
511 2604 637 2630 ridiculas
652 2613 693 2630 res
704 2605 806 2640 aliquas

18 2639 181 2677 imaginibus
199 2641 389 2668 attribuemus.
418 2650 479 2668 nam
497 2649 527 2667 ea
541 2650 582 2667 res
596 2650 703 2676 quoque
719 2641 803 2673 faciet,

782 432 841 469 Id]

759 754 811 780 Sed
840 767 841 775 1

832 933 833 937 ’
862 924 930 949 alius
950 924 1034 958 magis
1053 928 1243 949 commovetur.

832 978 833 983 .
861 970 943 996 quam
965 960 1081 986 similem
1103 961 1220 995 cuipiam
1243 961 1390 987 dixerimus
1409 970 1474 992 esse,
1496 970 1547 988 non
1562 970 1653 987 omnes

625 2047 744 2073 Imitetur
758 2047 809 2082 igi·
838 2070 839 2077 ,

831 2086 839 2101 *¹
859 2083 945 2109 betur.

847 184 898 209 IB.
934 185 976 210 Ill.
1011 184 1108 211 CAP.
1135 187 1164 211 46
1185 200 1221 204 —
1243 187 1282 211 21.
1623 189 1647 211 2¹

863 255 1016 280 meminisse
1035 264 1087 281 non
1106 254 1215 281 difficile
1229 260 1277 281 est.
1317 255 1369 281 Sed
1388 254 1454 281 illud
1474 255 1557 281 facere
1576 265 1654 290 opor—

862 292 939 323 tebit,
970 296 999 318 ut
1026 292 1170 318 identidem
1198 293 1299 327 primos
1332 301 1454 327 quosque
1486 293 1556 319 locos
1588 294 1654 319 ima-

863 375 888 391 m
892 375 908 392 U
911 376 922 392 1·
927 387 931 392 .

918 440 1014 466 xxm.
1031 442 1070 466 38.
1094 440 1153 467 Seio
1176 440 1317 475 plerosque
1336 440 1458 472 Graecos,
1479 441 1525 476 qui
1553 441 1585 467 de
1599 451 1655 468 me-

863 478 945 503 moria
971 478 1143 512 scripserunt,
1171 478 1273 509 fecisse,
1299 482 1328 504 ut
1352 478 1497 504 multorum
1512 479 1653 505 verborum

840 517 841 536 l
864 514 993 549 imagines
1011 515 1216 545 conscriberent,
1233 515 1281 545 uti,
1298 516 1345 550 qui
1359 524 1402 541 cas
1413 515 1529 541 ediscere
1545 516 1651 546 vellent,

840 553 841 578 l
863 557 966 585 paratas
985 552 1120 582 haberent,
1143 561 1174 578 ne
1192 552 1259 587 quid
1278 553 1305 578 in
1318 553 1470 587 quaerendo
1483 562 1577 587 operae
1591 562 1651 579 con-

863 593 1006 614 sumerent.
1041 588 1160 620 Quorum
1179 590 1306 615 rationem
1325 590 1425 624 aliquot
1439 590 1472 615 de
1485 590 1588 616 caussis
1603 591 1655 616 im-

862 626 1019 660 probamus:
1036 627 1164 660 primum,
1176 627 1247 660 quod
1258 627 1284 652 in
1296 627 1436 653 verborum
1452 627 1655 653 innumerabili-

864 672 908 688 um
928 662 1100 688 multitudine
1119 663 1263 689 ridiculum
1283 665 1324 695 sit,
1343 664 1415 690 mille
1431 665 1572 690 verborum
1588 665 1654 690 ima-

862 701 937 735 gines
952 709 1113 734 comparare.
1135 699 1299 732 Quantulum
1314 701 1384 727 enim
1399 706 1522 736 poterunt
1532 702 1596 727 haec
1607 710 1655 727 va-

840 745 841 762 }
864 737 915 763 lere
941 746 1026 772 quum
1044 746 1076 763 ex
1094 737 1197 763 infinita
1215 737 1356 764 verborum
1375 739 1450 773 copia
1477 739 1554 765 modo
1568 739 1650 769 alind,

840 785 841 791 ¹
862 774 940 800 modo
954 774 1027 800 aliud
1042 783 1089 800 nos
1103 775 1215 800 verbum
1227 775 1380 801 meminisse
1390 776 1538 810 oportebit?
1555 776 1654 802 Deinde

840 822 841 830 ¹
861 821 909 838 cur
932 811 1057 838 volumus
1076 812 1109 838 ab
1127 811 1258 837 industria
1276 821 1440 847 quemquam
1461 822 1603 844 removere,
1626 819 1654 839 ut

839 868 841 874 ,
862 858 894 875 110
917 849 983 884 quid
1007 849 1065 883 ipse
1087 853 1203 883 quaerat,
1229 858 1314 883 quum
1334 858 1381 875 nos
1400 850 1437 875 illi
1458 851 1545 876 omnia
1565 856 1653 885 parata

861 887 1035 921 quaesitaque
1063 886 1216 912 tradamus‘?
1246 887 1380 912 Praeterea
1404 887 1580 913 similitudine
1603 888 1652 913 alia

1278 924 1344 949 Nam
1360 929 1388 950 ut
1401 932 1488 958 saepe,
1504 924 1615 951 formam
1631 926 1652 950 si

862 998 991 1024 babemus
1010 1006 1171 1030 assensores,
1192 998 1264 1032 quod
1282 998 1325 1024 alii
1342 999 1447 1024 videtur
1461 999 1546 1025 aliud:
1577 1000 1610 1025 ita
1627 1000 1653 1024 lit

831 1034 840 1051 '¹
862 1036 889 1062 in
908 1036 1080 1070 imaginibus,
1101 1039 1139 1067 ut,
1160 1044 1228 1070 quae
1247 1035 1323 1061 nobis
1345 1036 1486 1071 diligenter
1503 1041 1590 1062 notata
1608 1037 1651 1066 sit,

831 1088 840 1095 π
861 1082 890 1099 03
913 1081 1008 1107 parum
1034 1073 1157 1099 videatur
1180 1073 1294 1108 insignis
1318 1073 1387 1098 aliis.

1427 1075 1468 1099 39.
1493 1072 1579 1105 Quare
1601 1074 1653 1100 sibi

838 1129 839 1143 J
860 1119 995 1145 quemque
1013 1119 1061 1136 suo
1080 1110 1219 1136 commodo
1237 1111 1360 1136 convenit
1374 1111 1503 1146 imagines
1518 1120 1654 1146 compara-

831 1167 839 1184 ¹.
860 1156 896 1173 re.
920 1148 1054 1174 Postremo
1068 1147 1245 1182 praeceptoris
1260 1152 1299 1173 est
1313 1147 1414 1179 docere,
1427 1148 1653 1182 quemadmodum

75 1188 116 1214 35.
140 1187 224 1218 Nunc,
249 1186 376 1222 quoniam
399 1186 465 1213 solet
488 1187 614 1218 accidere,
635 1191 664 1213 ut
678 1187 809 1223 imagines
831 1214 839 1224 ,J

18 1225 114 1260 partim
133 1224 224 1250 firmae
241 1228 267 1250 et
284 1224 318 1250 ad
334 1225 497 1251 monendum
511 1224 621 1250 idoneae
634 1225 696 1255 sint,
712 1225 808 1259 partim
831 1230 839 1253 i*

19 1261 167 1289 imbecilles
185 1266 211 1287 et
228 1261 356 1293 infirmae,
381 1270 450 1297 quae
467 1262 514 1288 vix
531 1262 687 1288 memoriam
706 1262 809 1296 possint
830 1268 839 1284 ι’

860 1186 952 1220 quaeri
970 1184 1090 1220 quidque
1104 1185 1251 1215 conveniat,
1272 1189 1296 1210 et
1310 1194 1395 1210 unum
1409 1185 1517 1220 aliquod
1531 1190 1576 1211 aut
1589 1185 1654 1211 alte—

860 1232 928 1254 ium,
955 1231 1008 1248 non
1029 1223 1118 1248 onmia
1143 1230 1211 1257 quae
1230 1222 1287 1248 eius
1305 1223 1410 1258 generis
1436 1227 1521 1253 erunt,
1538 1223 1652 1257 exempli

860 1269 954 1286 caussa
973 1259 1113 1291 subiicere,
1133 1268 1187 1294 quo
1205 1268 1246 1285 res
1264 1260 1350 1294 possit
1363 1268 1420 1286 0550
1434 1260 1586 1286 dilucidior
1622 1261 1654 1287 Lt

860 1306 946 1332 quum
960 1297 992 1323 de
1005 1297 1148 1331 prooemiis
1162 1297 1322 1332 quaerendis
1333 1297 1512 1332 disputamus,
1526 1297 1653 1324 rationem

860 1335 956 1361 damus
979 1334 1138 1376 quaerendi,
1164 1343 1216 1360 non
1240 1334 1313 1360 mille
1335 1335 1531 1369 prooemiorum
1557 1344 1653 1371 genera

860 1372 1065 1414 conscribimus,
1082 1372 1117 1398 ita
1130 1372 1290 1398 arbitramur
1303 1371 1335 1398 de
1350 1372 1513 1408 imaginibus
1525 1372 1579 1398 fieri
1590 1381 1654 1399 con-

861 1410 961 1437 venire.

916 1484 1012 1511 XXIV.
1041 1485 1126 1516 Nune,
1152 1493 1183 1511 ne
1202 1484 1267 1511 forte
1282 1484 1424 1511 verborum
1440 1485 1594 1511 memoriam
1609 1490 1653 1510 aut

838 1532 840 1553 1
862 1521 942 1548 nimis
961 1521 1098 1548 difficilem
1117 1526 1163 1548 aut
1176 1531 1271 1557 parum
1287 1522 1378 1548 utilem
1393 1522 1527 1553 arbitrere,
1544 1527 1568 1548 et
1582 1523 1654 1557 ipsa-

832 1556 840 1584 ’ἶ
861 1568 920 1585 rum
940 1559 1065 1586 memoria
1085 1568 1173 1585 rerum
1187 1564 1328 1586 contentus
1346 1559 1393 1590 sis,
1409 1559 1481 1594 quod
1495 1564 1520 1585 et
1534 1559 1653 1586 utiliores

860 1597 914 1622 sint
927 1601 952 1623 et
965 1596 1026 1631 plus
1039 1596 1152 1623 babeant
1162 1596 1304 1628 facilitatis,
1329 1596 1512 1623 admonendus
1523 1605 1559 1628 05,
1572 1606 1654 1632 quare

861 1634 1004 1660 verborum
1023 1635 1178 1660 memoriam
1196 1643 1248 1660 non
1267 1634 1459 1668 improbemus.
1495 1634 1561 1660 Nam
1576 1639 1654 1669 puta-

861 1680 922 1697 mus
936 1675 1055 1705 oportere
1070 1680 1122 1702 eos,
1139 1671 1186 1706 qui
1201 1671 1284 1697 velint
1298 1680 1340 1697 res
1355 1671 1485 1697 faciliores
1496 1671 1553 1697 sine
1566 1672 1654 1698 labore

861 1713 886 1735 et
905 1709 1026 1735 molestia
1044 1708 1120 1735 facile
1139 1709 1302 1739 meminisse,
1320 1709 1346 1735 in
1361 1709 1442 1734 rebus
1455 1708 1653 1735 difficilioribus

861 1754 919 1772 esse
938 1750 997 1772 ante
1015 1747 1180 1772 exercitatos.
1216 1747 1269 1772 Nec
1287 1754 1335 1772 nos
1355 1746 1422 1772 hanc
1436 1746 1578 1772 verborum
1598 1756 1654 1772 me-

861 1784 973 1810 moriam
992 1783 1155 1815 inducimus,
1176 1788 1205 1810 ut
1224 1792 1318 1810 versus
1337 1783 1492 1809 meminisse
1506 1784 1650 1818 possimus,

860 1821 907 1847 sed
930 1825 960 1848 ut
983 1821 1031 1847 1130
1053 1821 1239 1848 exercitatione
1262 1820 1307 1847 illa
1326 1829 1414 1847 rerum
1435 1821 1569 1852 memoria,
1585 1830 1653 1856 quae

860 1859 974 1893 pertinet
987 1858 1020 1885 ad
1034 1859 1184 1889 utilitatem,
1201 1858 1385 1890 confirmetur3
1403 1862 1430 1884 ut
1443 1858 1476 1884 ab
1491 1858 1539 1885 bac
1549 1858 1651 1885 difficili

860 1896 1053 1922 consuetudine
1067 1896 1125 1922 sine
1140 1896 1227 1922 labore
1241 1895 1274 1922 ad
1288 1895 1361 1921 illam
1376 1895 1527 1922 facilitatem
1543 1897 1652 1922 transire

838 1945 840 1963 1
860 1934 1006 1968 possimus.
1042 1934 1082 1960 40.
1099 1933 1151 1960 Sed
1165 1942 1250 1968 quum
1265 1933 1291 1959 in
1306 1933 1378 1959 omni
1392 1932 1534 1968 disciplina
1550 1934 1652 1960 infirma

838 1978 839 1985 ¹
860 1975 900 1997 est
918 1971 981 1997 artis
1000 1972 1149 2006 praeceptio
1166 1971 1224 1997 sine
1237 1979 1342 1997 summa
1357 1970 1512 1997 assiduitate
1525 1972 1652 1998 exercita—

859 2008 948 2039 tionis,
964 2013 1021 2034 tum
1036 2017 1098 2035 vero
1112 2009 1138 2035 in
1147 2010 1313 2043 μνημονικῶς
1323 2008 1465 2034 minimum
1477 2007 1652 2035 valetdoctri-

860 2054 902 2077 na,
919 2046 970 2072 nisi
986 2045 1126 2077 industria,
1143 2045 1242 2076 studio,
1261 2044 1357 2077 labore,
1378 2045 1516 2081 diligentia
1531 2054 1652 2081 compro-

980 2082 1065 2115 Quam
1079 2083 1210 2118 plurimos
1226 2083 1295 2109 locos
1309 2087 1337 2108 ut
1353 2082 1449 2109 babeas
1464 2087 1488 2109 et
1501 2091 1582 2118 quam
1597 2093 1652 2110 ma-

859 2120 930 2147 xime
944 2120 976 2147 ad
992 2125 1128 2155 praecepta
1142 2120 1361 2151 accommodatos,
1376 2129 1467 2146 curare
1481 2119 1601 2147 debebis.
1625 2123 1651 2148 ln

860 2158 1023 2193 imaginibus
1046 2158 1208 2184 collocandis
1232 2158 1346 2184 exerceri
1370 2158 1488 2192 quotidie
1502 2159 1649 2185 conveniet.

859 2195 916 2221 Non
931 2195 1011 2226 enim,
1028 2195 1097 2222 sieut
1110 2204 1124 2222 a
1138 2195 1230 2222 ceteris
1241 2195 1339 2221 studiis
1349 2195 1508 2221 abducimur
1520 2204 1652 2222 nonnum-

858 2241 940 2267 quam
959 2233 1139 2267 occupatione,
1161 2233 1223 2259 item
1242 2232 1275 2258 al)
1294 2232 1342 2259 1130
1356 2242 1383 2258 10
1398 2242 1444 2258 nos
1459 2237 1543 2267 potest
1557 2242 1651 2260 caussa

858 2270 989 2296 deducere
1007 2270 1106 2305 aliqua.
1141 2271 1295 2305 Numquam
1314 2274 1353 2296 cst
1372 2270 1452 2300 enim,
1468 2270 1534 2304 quin
1549 2270 1651 2305 aliquid

838 2311 839 2319 ¹
860 2307 1002 2333 memoriae
1024 2307 1125 2333 tradere
1149 2307 1272 2338 velimus,
1298 2311 1323 2333 et
1342 2312 1397 2333 tum
1417 2307 1540 2337 maxime,
1566 2317 1650 2342 quum

859 2344 949 2379 aliquo
971 2345 1069 2371 maiore
1093 2345 1198 2380 negotio
1220 2344 1379 2371 detinemur.
1414 2344 1500 2376 Quare
1517 2353 1602 2379 quum
1617 2346 1651 2372 sit

860 2382 933 2413 utile,
951 2381 1026 2408 facile
1041 2382 1204 2413 meminisse,
1223 2391 1273 2407 non
1289 2386 1312 2407 te
1328 2381 1482 2416 [attium-od
1493 2386 1563 2408 tanto
1572 2391 1651 2417 opere

837 2418 839 2430 ’“
861 2419 925 2445 utile
939 2419 982 2450 sit,
998 2423 1098 2454 quanto
1113 2418 1200 2445 labore
1213 2419 1248 2445 sit
1262 2418 1453 2453 appetemlum;
1470 2418 1541 2453 quod
1553 2421 1650 2454 poteris

859 2456 1020 2487 existimare,
1038 2456 1149 2482 utilitate
1163 2456 1279 2491 cognita.
1303 2455 1428 2481 Pluribus
1443 2456 1532 2482 verbis
1545 2457 1578 2483 ad
1592 2466 1649 2484 eam

859 2498 883 2519 te
902 2493 998 2520 hortari
1014 2502 1065 2519 non
1082 2498 1121 2519 est
1135 2493 1273 2523 sententia,
1303 2502 1335 2519 ne
1349 2497 1393 2518 aut
1408 2498 1452 2519 tuo
1466 2493 1555 2520 studio
1568 2494 1648 2521 diffisi

858 2535 903 2556 aut
927 2531 1025 2561 minus,
1053 2539 1134 2565 quam
1160 2539 1200 2556 res
1224 2529 1347 2565 postula,
1376 2529 1477 2556 dixisse
1501 2531 1648 2558 videamur.

858 2568 893 2593 De
907 2568 1000 2603 quinta
1015 2572 1088 2602 parte
1103 2567 1246 2593 1111101113(
1260 2567 1386 2602 ‹hinceps
1400 2567 1535 2595 dietwinus
1553 2573 1579 2595 tu
1596 2570 1649 2604 pri·

836 2602 837 2608 ¹
859 2613 915 2631 mas
940 2613 1062 2640 quasque
1085 2609 1171 2639 partes
1195 2605 1221 2631 in
1244 2605 1332 2631 animo
1357 2603 1493 2640 frequenta
1523 2611 1556 2638 ct,
1577 2606 1649 2642 quod

836 2655 837 2665 1
858 2642 973 2669 maxime
988 2651 1096 2669 necesse
1110 2646 1159 2674 est,
1175 2642 1360 2669 exercitatione
1373 2642 1508 2670 confirma.

17 2681 48 2704 ut
60 2661 165 2705 facilius
179 2678 333 2705 meminisse
346 2679 490 2714 possimus.
505 2678 580 2709 Nam,
593 2687 661 2713 quas
675 2688 716 2705 res
731 2688 806 2706 veras
835 2707 836 2712 J

18 2713 95 2742 facile
107 2715 290 2748 meminimus,
305 2716 411 2742 easdem
427 2716 499 2743 fictas
513 2720 538 2742 et
551 2699 694 2752 diligenter
705 2721 805 2744 notatas

1143 2727 1353 2740 ——n-eat--ffi
