1941 3052
246 118 306 143 titi.
808 113 863 138 ⁴:17.
898 112 932 138 M.

242 188 390 223 pertinens.
414 194 466 220 qun
488 189 560 219 pest<-
575 192 643 218 «litae
665 188 822 218 potestesse
842 182 942 208 maior‘?
962 182 1033 207 llanc
1054 197 1055 206 l

242 226 313 250 cuim
325 224 359 249 ob
371 231 492 248 :witus-siun
506 222 634 250 unumne.
654 225 681 246 ut
692 229 739 246 suu
753 224 884 248 tenerent.
899 218 1035 253 respubli-
1054 216 1055 220 ¹

242 271 287 286 vm·
299 262 337 286 cit
347 262 474 293 itate-apic
486 259 643 284 vmistitutat·
655 262 726 283 sunt.
768 257 833 282 Num
845 257 894 282 etsi
907 256 974 282 duce
987 263 1035 281 na-
1054 255 1055 258 ’

243 304 300 325 turn
316 296 546 330 ‹animetis-bantur
568 295 702 323 boumn-a.
727 298 813 320 tamen
834 302 882 328 ape
896 293 1034 319 custodiae

243 344 330 361 rcruui
343 342 450 359 sitarum
464 332 571 357 urbium
584 331 715 366 praesidia
726 330 900 365 quaerebant.
915 330 1035 357 74.l)an-

242 372 274 397 ‹ln
291 372 369 396 vuum
385 378 463 403 ope-ra
482 374 534 398 cst,
559 378 603 397 nc,
627 368 698 403 quod
714 368 785 402 apud
802 368 915 394 maiores
932 372 1034 393 nostros

241 418 317 442 hai-pi·
335 407 413 433 tis-bat
429 411 535 440 propter
553 406 646 431 aerarii
663 407 817 432 tenuitatem
834 404 1035 431 assiduitatem-

241 454 293 480 que
313 444 458 474 bellorum,
480 443 609 469 tributum
626 444 660 468 sit
675 441 880 473 conscrendun1;
904 441 985 476 idque
1002 450 1034 467 ne

241 482 355 509 exc-nint.
373 480 456 507 multo
467 485 526 506 ante
537 481 586 506 erit
597 480 806 515 providendum.
846 479 894 506 Sin
906 487 975 514 quae
988 488 1034 504 ne-

241 519 351 545 cessitas
368 518 449 544 liuius
466 518 585 543 muneris
599 517 680 543 alicui
698 516 862 552 reipublicae
877 516 1031 543 obvenerit:

240 555 320 590 (malo
334 556 415 583 enim.
429 564 510 589 quam
523 559 635 583 nostrae.
651 555 780 586 ominari3
799 563 885 589 neque
902 558 988 580 tamen
1001 552 1034 578 de

241 598 342 622 nostra,
364 592 411 617 sed
427 591 459 618 (le
474 593 547 618 omni
565 591 701 626 republica
722 591 856 626 disputoz)
877 591 963 617 danda
985 590 1035 616 crit
1054 608 1055 614 1

239 639 328 664 opera,
338 634 467 655 utomncs
480 628 638 664 intelligunt,
651 629 674 655 si
686 628 754 655 salvi
765 637 823 655 esse
836 627 927 658 velint,
942 636 1035 654 neces-
1054 621 1055 637 1

239 667 311 693 sitati
323 675 380 692 esse
393 666 549 701 parendum.
589 667 675 701 Atque
687 666 766 692 etiam
780 674 887 695 omnes,
905 666 951 700 qui
965 673 1035 691 rem-

240 749 328 768 rerum
340 742 415 775 copia
427 741 470 770 sit.
484 749 552 775 quae
564 746 627 767 sunt
639 741 814 767 necessariae.
836 739 955 772 Quarum
967 748 1035 774 qua-

241 778 273 805 lis
287 779 449 813 comparatio
465 778 521 804 lieri
537 777 619 804 soleat
634 782 659 804 et
673 778 782 807 debeat,
804 786 855 804 non
868 782 908 804 est
924 785 1033 803 necesse

239 816 391 850 disputare:
407 820 447 841 cst
462 816 533 841 enim
552 816 577 841 in
594 820 732 850 promptu:
755 820 856 841 tantum
869 814 942 841 locus
954 814 1034 840 attin-

239 852 344 889 gendus
361 852 420 878 l'uit.
1054 834 1056 889 l

240 703 376 739 publicam
388 703 587 737 gubernabunt,
599 703 739 730 consulere
749 703 895 733 debebunt,
905 707 933 728 ut
942 711 1033 728 carum
1054 680 1063 747 l

1054 762 1063 779 ι,

1054 783 1055 795 1

239 929 319 954 etiam
336 927 447 953 minima
463 927 592 962 suspicio.
636 928 751 957 L'tinam,
774 927 862 961 inquit
877 926 906 953 C.
924 927 1034 953 Pontius

229 964 359 993 Samnis.
370 967 404 990 ud
416 966 461 990 sua
473 969 585 998 tempora
595 974 632 990 me
641 967 745 998 fortuna
758 967 935 990 reservavisse!
949 969 970 989 el
983 969 1033 989 tum

239 1010 316 1028 essem
326 1006 410 1030 natus,
422 1004 445 1027 εἰ
456 1004 558 1035 quando
564 1002 671 1028 Romani
680 1004 747 1028 dona
757 1004 873 1034 accipere
884 1001 1035 1034 coepissent!

241 1039 297 1065 Non
307 1047 383 1064 essem
392 1047 484 1071 passus
495 1041 592 1065 diutius
603 1048 644 1065 eos
656 1041 790 1072 imperare.
830 1039 884 1064 Nae
899 1038 938 1064 illi
951 1037 1033 1064 multa

239 1075 345 1102 saecula
357 1075 534 1110 exspectanda
547 1076 664 1102 luerunt.
699 1076 776 1102 Modo
787 1077 859 1102 enirn
872 1075 920 1102 hoc
933 1075 1033 1101 malum

241 1113 267 1139 in
287 1113 355 1139 banc
376 1113 571 1147 rempublicam
594 1114 701 1140 invasit.
742 1114 832 1147 ltaque
854 1113 930 1139 l'acile
949 1113 1034 1147 patior

239 1155 296 1176 tum
308 1151 396 1184 potius
409 1151 531 1177 Pontium
545 1151 641 1181 fuisse,
664 1151 687 1176 si
703 1150 812 1185 quidem
829 1151 856 1176 in
873 1150 919 1176 illo
931 1155 1033 1176 tantum

240 1186 289 1213 l'uit
302 1186 436 1223 [roboris].
477 1187 601 1214 Nondum
616 1192 724 1214 centum
739 1193 764 1214 et
777 1188 870 1214 decem
882 1188 944 1213 anni
959 1192 1031 1217 sunt,
1054 1209 1055 1220 ,

238 1233 324 1259 quum
339 1224 372 1250 de
388 1225 510 1259 pecuniis
522 1225 678 1259 repetundis
689 1234 702 1250 a
716 1225 744 1251 L.
758 1226 852 1251 Pisone
865 1224 915 1251 lata
928 1224 971 1251 lex
982 1229 1031 1255 est.

239 1261 311 1287 nulla
324 1267 398 1288 antea
410 1270 496 1296 quum
507 1261 612 1288 suisset.
647 1263 680 1288 At
692 1271 754 1288 vero
765 1267 855 1297 postea
866 1267 902 1288 tot
913 1261 994 1297 leges.
1008 1266 1034 1287 et
1054 1256 1063 1278 ff

238 1299 375 1333 proximae
387 1307 509 1334 quaeque
521 1299 656 1330 duriores,
670 1304 705 1325 tot
717 1300 768 1330 rei,
783 1305 818 1326 tot
829 1299 957 1330 damnati,
975 1304 1033 1325 tan·
1054 1320 1055 1326 .

239 1341 294 1362 tum
307 1335 428 1362 italicum
439 1336 541 1363 bellum
555 1342 661 1372 propter
673 1337 834 1364 iudiciorum
847 1342 947 1364 metum
959 1336 1034 1363 exci-
1054 1356 1055 1359 .

239 1377 332 1402 tatum.
345 1379 424 1404 tanta,
437 1374 551 1401 sublatis
563 1374 669 1409 legibus
680 1380 705 1400 et
718 1375 835 1406 iudiciis,
851 1375 980 1410 expilatio
991 1373 1033 1400 di-
1054 1392 1055 1398 ,

238 1411 376 1445 reptioque
387 1412 530 1442 sociorum,
549 1417 577 1438 ut
589 1411 772 1439 imbecillitate
784 1412 907 1442 aliorum.
921 1421 973 1438 non
985 1421 1034 1438 no·
1054 1422 1055 1428 ¹

237 1452 289 1473 stra
302 1448 399 1474 virtute
414 1448 562 1475 valeamus.
602 1449 688 1475 XXII.
703 1450 745 1476 76.
761 1450 864 1476 Laudat
875 1449 1032 1476 Africanum

237 1484 392 1516 Panaetius,
415 1485 487 1520 quod
503 1485 584 1513 fuerit
599 1486 746 1513 abstinens.
786 1487 858 1519 Quid
877 1487 904 1513 ni
926 1485 1034 1513 laudet?

237 1521 289 1548 Sed
302 1523 328 1548 in
342 1521 387 1549 illo
398 1522 449 1549 alia
461 1524 570 1550 maiora.
610 1524 681 1550 Laus
692 1524 869 1550 abstinentiae
880 1533 933 1550 non
944 1523 1034 1550 homi-

237 1560 279 1585 nis
291 1564 331 1585 est
345 1559 447 1590 solum.
465 1560 512 1587 sed
528 1561 607 1587 etiam
625 1566 775 1596 temporum
793 1561 911 1588 illorum.
951 1561 1032 1587 Omni

460 853 502 879 75.
524 852 609 887 Caput
624 858 712 879 autem
729 857 769 878 est
785 853 811 878 in
823 853 896 878 omni
907 860 1035 886 procura·
1061 875 1064 885 ,

240 891 310 917 tione
322 890 421 925 negotii
432 894 457 916 et
468 891 587 916 muneris
599 890 716 924 publici,
740 894 768 916 ut
782 890 908 916 avaritiae
919 888 1034 923 pellatur
1054 888 1063 915 11

236 1596 412 1623 Macedonum
423 1606 497 1632 gaza,
510 1606 578 1632 quae
591 1597 641 1625 suit
652 1599 779 1629 maxima,
792 1599 892 1633 potitus
903 1603 942 1625 est
952 1598 1033 1624 Paul-

238 1632 293 1659 lus:
311 1638 412 1660 tantum
430 1635 456 1660 in
473 1636 605 1661 aerarium
622 1637 752 1670 pecuniae
768 1637 886 1666 invexit,
906 1640 935 1662 ut
950 1636 1033 1662 unius

238 1671 404 1705 imperatoris
425 1672 523 1706 praeda
545 1672 626 1699 finem
651 1673 769 1700 attulerit
788 1673 960 1700 tributorum.
999 1673 1034 1699 At
1054 1684 1055 1694 ι

237 1746 427 1779 sempiternam
439 1745 544 1773 detulit.
580 1747 702 1774 Imitatus
712 1752 814 1782 patrem
824 1747 977 1778 Africanus.
991 1747 1033 1773 ni-

238 1781 293 1807 hilo
301 1782 457 1817 locupletior
464 1783 626 1819 Karthagine
638 1793 742 1811 eversa.
758 1784 848 1817 Quid‘?
857 1783 1033 1819 quieiuscol-

238 1818 296 1854 lega
309 1818 359 1846 suit
371 1820 396 1846 in
408 1828 520 1847 censura
532 1821 561 1847 L.
570 1822 726 1852 Mummius,
743 1822 876 1856 numquid
887 1822 1029 1856 copiosior,
1053 1845 1054 1850 .

236 1864 322 1890 quum
334 1857 548 1891 copiosissimam
559 1858 654 1885 urbem
665 1858 788 1885 funditus
799 1857 972 1885 sustulisset?
982 1859 1032 1884 lta·
1053 1889 1054 1892 Ἰ

238 1892 301 1919 liam
316 1901 423 1925 ornare,
446 1903 527 1929 quam
546 1895 656 1922 domum
672 1904 763 1926 suam,
785 1895 890 1922 maluit.
926 1895 1033 1927 Quam-

237 1938 319 1964 quam
332 1930 404 1957 ltalia
412 1937 513 1961 ornata,
529 1931 625 1958 domus
634 1933 694 1967 ipsa
707 1933 774 1959 mibi
786 1933 894 1959 videtur
904 1933 1030 1959 ornatior.

237 1967 278 1992 77.
292 1967 403 1993 Nullum
416 1969 498 2003 igitur
509 1969 606 1995 vitium
619 1970 737 2000 taetrius,
746 1974 775 1996 ut
786 1978 825 2000 eo,
839 1969 910 1996 unde
921 1969 1033 2005 degres-

237 2012 265 2029 sa
277 2009 329 2034 est,
348 2004 443 2031 reserat
453 2014 481 2031 se
493 2007 588 2036 oratio,
601 2015 682 2041 quam
695 2008 820 2036 avaritia,
836 2008 992 2041 praesertim
1004 2008 1031 2033 in

237 2041 407 2076 principibus
436 2042 631 2077 rempublicam
660 2043 885 2079 gubernantibus.
929 2044 1032 2070 Habere
1052 2070 1053 2075 ,

237 2078 309 2104 enim
321 2080 445 2113 quaestui
457 2080 651 2114 rempublicam
667 2089 718 2107 non
731 2081 808 2108 modo
823 2086 900 2116 turpe
914 2086 967 2112 est,
983 2081 1032 2108 sed
1052 2094 1053 2103 ι

237 2115 395 2142 sceleratum
417 2117 496 2143 etiam
518 2123 543 2143 et
559 2117 701 2144 nefarium.
741 2119 832 2154 Itaque
848 2118 921 2153 quod
936 2118 1032 2154 Apollo

237 2152 350 2188 Pythius
361 2153 468 2180 oraculo
479 2153 572 2185 edidit,

273 2190 396 2223 Spartam
407 2192 477 2217 nullu
490 2201 524 2222 re,
537 2195 588 2218 nisi
597 2195 710 2218 avaritia
720 2195 872 2226 periturmn,

237 2226 263 2252 id
277 2227 383 2253 videtur
394 2236 445 2254 non
456 2228 542 2255 solum
550 2229 777 2261 Lacedaemoniis,
791 2230 839 2256 sed
850 2231 930 2257 etiam
941 2231 1031 2257 omni-

237 2263 287 2290 bus
302 2264 437 2298 opulentis
458 2266 566 2300 populis
584 2267 762 2300 praedixisse.

235 2301 377 2328 conciliare
385 2301 710 2330 faciliusbenevolentiam
723 2303 906 2330 multitudinis
917 2310 1031 2339 possunt

236 2338 265 2364 ii.
278 2339 325 2372 qui
337 2339 501 2374 reipublicae
513 2347 648 2375 praesunt,
664 2350 746 2376 quam
758 2341 920 2368 abstinentia
931 2347 956 2368 et
966 2351 1030 2368 con-
1050 2339 1059 2356 ³*

396 2377 438 2403 78.
459 2377 511 2409 Qui
524 2386 585 2404 vero
595 2387 624 2404 se
635 2378 778 2413 populares
792 2378 895 2409 volunt,
911 2379 945 2405 ob
956 2388 1031 2405 eam·
1049 2362 1059 2422 l:

236 2418 288 2446 que
299 2421 420 2439 caussam
432 2419 477 2440 aut
488 2415 619 2450 agrariam
632 2424 686 2441 rem
699 2420 808 2445 tentant,
821 2421 850 2442 ut
861 2424 1029 2450 possessores
1056 2429 1058 2442 ι

236 2375 356 2402 tinentia.

236 2449 293 2474 suis
304 2449 416 2476 sedibus
427 2451 568 2485 pellantur,
577 2458 622 2478 aut
633 2453 762 2486 pecunias
773 2452 888 2478 creditas
899 2453 1029 2479 debitori-
1049 2469 1051 2474 .

238 2484 288 2511 bus
303 2486 489 2514 condonandas
505 2494 611 2523 putant.
636 2490 654 2515 ii
676 2489 835 2516 labefaciant
855 2489 1028 2517 fundamenta
1048 2510 1051 2554 Ι

237 2522 413 2556 reipublicae:
434 2525 603 2552 concordiam
615 2527 748 2561 primum,
765 2535 834 2561 quae
845 2535 905 2553 esse
917 2536 968 2553 non
980 2535 1029 2562 po-

236 2562 299 2587 test,
317 2568 400 2593 quum
412 2561 472 2588 aliis
486 2562 654 2591 adimuntur.
677 2563 739 2589 aliis
749 2563 934 2590 condonantur
945 2573 1029 2598 pecu·-
1048 2561 1051 2596 1

236 2596 308 2626 niae;
323 2596 419 2623 deinde
431 2600 677 2636 aequitatem‚quae
688 2600 896 2631 tollituromnis,
910 2602 934 2627 si
945 2601 1029 2628 habe-
1047 2590 1057 2664 ll
1079 2643 1138 2665 mea
1178 2639 1204 2665 ’n
1214 2647 1248 2674 pe
1270 2639 1286 2666 d
1306 2647 1331 2665 m
1355 2644 1382 2666 ω
1406 2639 1467 2665 me·
1511 2639 1545 2666 ,ω
1567 2638 1579 2665 r
1695 2638 1776 2672 eoqo
1799 2639 1877 2666 ,det

1054 2661 1057 2665 .
1142 2648 1213 2669 r,1i
1251 2648 1392 2670 na„
1460 2648 1693 2670 an1,ruarem
1734 2660 1740 2664 .
1778 2648 1805 2666 ui
1851 2648 1865 2666 s

237 2640 263 2657 re
274 2641 354 2659 suum
367 2635 464 2669 cuique
476 2644 526 2662 non
539 2636 609 2663 lices.
650 2637 678 2664 ld
689 2638 762 2664 enim
773 2643 814 2664 est
828 2639 981 2673 proprium,
999 2644 1029 2665 ut

237 1706 282 1733 hic
298 1708 365 1734 nihil
385 1708 495 1735 domum
516 1718 593 1736 suam
613 1715 717 1744 praeter
737 1711 894 1737 memoriam
915 1710 1033 1737 nominis
1053 1703 1055 1754 1

802 2267 881 2294 Nulla
897 2273 986 2294 autem
1002 2276 1030 2294 re
1058 2291 1059 2294 ,

1058 2312 1059 2330 1
1082 2305 1171 2331 virum
1187 2313 1316 2340 magnum
1331 2303 1515 2340 dignumque,
1537 2305 1626 2340 quiin
1640 2310 1729 2331 nostra
1739 2303 1878 2338 republica

963 111 994 137 T.
1024 109 1298 136 (ztctinoxts

1060 181 1063 190 ¹
1085 190 1164 215 supra
1177 180 1249 210 dixi.
1266 180 1385 206 civitatis
1400 184 1480 215 atquc
1495 180 1585 211 urbia.
1603 186 1630 208 ut
1648 182 1683 208 sit
1694 181 1777 208 libera
1789 187 1814 208 et
1825 191 1878 210 non

1085 218 1198 244 sollicita
1210 226 1274 243 stiae
1286 218 1323 243 rei
1335 217 1468 252 cuiusque
1479 217 1610 244 custodia.
1640 219 1682 245 79.
1694 220 1780 254 Atque
1793 221 1818 246 in
1831 220 1881 246 hac

1086 255 1203 290 pernicie
1224 253 1389 289 reipublicae
1404 263 1437 280 ne
1451 253 1525 280 illam
1540 255 1651 290 quidem
1666 262 1879 291 consequuntur.

1085 301 1166 327 quam
1179 296 1285 326 putant.
1303 292 1427 325 gratiam.
1468 292 1535 318 Nam
1549 293 1594 318 cui
1610 301 1652 319 res
1666 299 1755 329 erepta
1771 299 1823 324 est.
1841 299 1882 321 est

1087 329 1227 359 inimicum
1249 329 1294 355 cui
1309 327 1384 359 data,
1401 329 1480 355 etiam
1496 328 1819 366 dissimulatseeccipere
1835 340 1882 358 νο-

1062 364 1063 373 *
1088 366 1184 396 luisse.
1201 370 1227 392 et
1243 366 1359 392 maxime
1376 366 1402 392 in
1418 366 1542 400 pecuniis
1555 366 1664 393 creditis
1674 368 1789 395 occultat
1799 376 1881 395 suum

1086 403 1232 436 gaudium,
1255 412 1286 429 ne
1304 402 1427 429 videatur
1437 412 1489 430 non
1502 403 1586 430 fuisse
1597 403 1735 432 solvendo.
1775 407 1808 432 At
1819 414 1882 432 vem

1088 440 1146 471 ille,
1164 441 1210 475 qui
1227 440 1324 475 accipit
1340 440 1480 470 iniuriam,
1502 445 1528 467 et
1542 441 1665 468 meminit
1679 447 1704 468 et
1718 451 1780 477 prae
1791 452 1819 469 se
1832 442 1883 470 sert

1086 477 1204 504 dolorem
1215 486 1310 504 suum:
1324 485 1382 507 nec.
1395 478 1418 504 si
1429 477 1521 512 plures
1532 483 1595 504 sunt
1607 479 1635 508 ii,
1647 479 1750 514 quibus
1761 480 1882 515 improbe

1086 515 1178 541 datum
1189 520 1241 545 est.
1259 523 1340 550 quam
1358 514 1411 545 illi.
1428 514 1530 549 quibus
1547 516 1646 542 iniuste
1660 515 1816 551 ademptum
1830 521 1880 548 est,

1087 552 1186 578 idcirco
1207 551 1269 587 plus
1289 552 1370 578 etiam
1387 551 1486 578 valent.
1527 552 1584 578 Non
1600 554 1672 579 enim
1689 562 1801 580 numero
1817 553 1882 580 haec

1087 589 1253 619 iudicantur,
1271 588 1319 615 sed
1330 588 1458 624 pondere.
1497 588 1583 622 Quam
1595 595 1684 617 autem
1697 590 1777 618 habet
1787 591 1882 626 aequi-

1087 632 1175 657 tatem,
1193 631 1340 662 ntegrum,
1355 626 1447 652 multis
1458 627 1536 653 annis
1547 632 1593 653 aut
1604 628 1684 654 etiam
1694 627 1810 654 saeculis
1821 633 1882 655 ante

1086 673 1250 699 possessum,
1264 664 1311 698 qui
1324 663 1429 690 nullum
1443 663 1546 695 habuit,
1555 663 1659 695 habeat,
1672 666 1720 700 qui
1732 670 1821 692 autem
1833 664 1882 692 ha-

1086 702 1152 732 huit.
1166 700 1286 728 amittat?
1314 701 1410 727 xxm.
1423 703 1464 728 80.
1477 701 1514 727 Ac
1526 707 1633 736 propter
1646 702 1695 729 hoc
1706 703 1820 729 iniuriae
1833 710 1883 738 ge-

1088 748 1138 765 nus
1151 739 1354 765 Lacedaemonii
1371 738 1539 774 Lysandrum
1555 739 1686 774 ephorum
1703 739 1879 775 expulerunt:

1085 777 1154 812 Agin
1170 785 1274 812 regem,
1291 775 1363 811 quod
1381 784 1529 811 numquam
1545 782 1621 803 antea
1637 776 1709 812 apud
1719 786 1765 803 eos
1775 776 1882 803 acciti&

1086 818 1137 844 rat.
1156 818 1333 840 necaverunt:
1356 822 1444 848 exque
1459 822 1490 840 eo
1505 819 1623 849 tempore
1635 819 1721 841 tantae
1731 813 1882 841 discordiae

1085 856 1192 877 secutae
1202 855 1274 881 sunt.
1283 855 1312 877 ut
1322 855 1347 877 et
1358 851 1637 886 tyranniexsisterent,
1645 857 1671 878 et
1681 853 1823 886 optimates
1833 859 1883 878 ex·

1086 889 1300 919 terminarentur,
1309 893 1335 914 et
1348 888 1563 922 praeclarissime
1573 889 1716 915 constituta
1728 887 1881 924 respublica

1085 925 1258 952 dilaberetur.
1300 925 1353 951 Nec
1369 933 1432 952 vero
1446 925 1534 952 solum
1550 926 1607 960 ipsa
1618 926 1729 957 cecidit.
1741 925 1790 952 sed
1800 926 1881 952 etiam

1086 962 1217 998 reliquam
1236 962 1375 990 Graeciam
1395 963 1491 989 evertit
1510 963 1717 999 contagionibus
1738 962 1880 993 malorum,

1085 1009 1168 1035 quae,
1192 1009 1206 1026 a
1232 999 1450 1026 Lacedaemoniis
1470 999 1601 1034 prosecta,
1627 1006 1769 1027 manarunt
1790 1000 1881 1027 latius.

1085 1037 1174 1069 Quid?
1189 1043 1292 1063 nostros
1304 1037 1452 1068 Gracchos,
1466 1037 1507 1064 Ti.
1520 1037 1644 1068 Gracchi.
1657 1038 1759 1064 summi
1770 1038 1836 1068 viri,
1850 1037 1883 1063 ti-

1087 1074 1149 1104 lios,
1170 1074 1288 1101 Africani
1306 1079 1428 1109 nepotes,
1451 1083 1538 1101 nonne
1559 1076 1678 1110 agrariae
1698 1075 1882 1102 contentiones

1085 1111 1278 1146 perdiderunt?
1307 1113 1348 1137 81.
1371 1112 1404 1138 At
1419 1119 1481 1138 vero
1493 1113 1588 1138 Aratus
1598 1111 1742 1148 Sicyonius
1754 1113 1811 1138 iure
1823 1111 1882 1138 lau-

1085 1149 1176 1179 datur,
1193 1150 1255 1184 qui.
1273 1157 1358 1184 quum
1374 1149 1434 1175 eius
1449 1149 1546 1175 civitas
1560 1149 1758 1185 quinquaginta
1773 1157 1857 1176 annos
1867 1157 1881 1174 a

1085 1187 1206 1222 tyrannis
1217 1191 1358 1216 teneretur,
1373 1185 1508 1221 profectus
1519 1186 1598 1222 Argis
1605 1186 1759 1222 Sicyonem.
1772 1185 1883 1212 clande-

1084 1225 1154 1250 stino
1170 1224 1278 1250 introitu
1295 1223 1362 1249 urbe
1377 1228 1416 1249 est
1432 1224 1542 1258 potitus.
1581 1223 1727 1259 Quumque
1738 1229 1882 1259 tyrannum

1085 1260 1220 1287 Nicoclem
1236 1261 1383 1295 improviso
1396 1261 1589 1295 oppressisset.
1606 1266 1746 1288 sexcentos
1761 1260 1879 1291 exsules.

1084 1299 1132 1333 qui
1154 1297 1258 1324 fuerant
1278 1298 1337 1324 eius
1361 1298 1478 1324 civitatis
1504 1298 1725 1333 locupletissimi,
1753 1298 1879 1329 restituit,

1085 1344 1196 1370 remque
1212 1335 1350 1370 publicam
1366 1335 1482 1362 adventu
1497 1344 1546 1362 suo
1558 1335 1693 1362 liberavit.
1732 1335 1881 1370 Sedquum

1085 1381 1210 1407 magnam
1231 1372 1455 1400 animadverteret
1475 1373 1503 1400 in
1524 1373 1603 1400 bonis
1618 1378 1643 1400 et
1662 1372 1882 1408 possessionibus

1084 1410 1280 1441 difficultatem,
1293 1411 1366 1446 quod
1377 1416 1401 1437 et
1412 1419 1471 1442 eos,
1487 1419 1556 1446 quos
1567 1412 1626 1446 ipse
1637 1411 1801 1441 restituerat,
1813 1418 1882 1445 quo-

1085 1457 1144 1475 rum
1156 1449 1225 1475 bona
1237 1448 1283 1475 alii
1296 1448 1482 1483 possederant,
1501 1457 1579 1484 egere
1591 1449 1795 1483 iniquissimum
1808 1447 1882 1474 arbi—

1085 1486 1216 1516 trabatur,
1239 1491 1265 1512 et
1275 1487 1473 1521 quinquaginta
1485 1494 1616 1512 annorum
1628 1486 1814 1521 possessiones
1824 1492 1883 1511 mo-

1085 1524 1141 1549 veri
1153 1532 1205 1550 non
1221 1524 1303 1550 nimis
1318 1532 1434 1557 aequum
1450 1523 1573 1557 putabat,
1592 1528 1729 1558 propterea
1743 1521 1816 1557 quod
1827 1526 1881 1548 tam

1085 1560 1164 1595 longo
1177 1561 1263 1595 spatio
1275 1560 1357 1587 multa
1371 1560 1574 1589 hereditatibus,
1591 1560 1674 1587 multa
1685 1559 1879 1595 emptionibus,

1084 1598 1168 1624 multa
1179 1598 1289 1624 dotibus
1300 1598 1460 1624 tenebantur
1469 1598 1527 1624 sine
1539 1598 1647 1628 iniuria,
1657 1597 1882 1631 iudicavitneque

1084 1635 1140 1661 illis
1151 1635 1249 1666 adimi,
1262 1643 1350 1670 neque
1361 1635 1404 1661 his
1416 1643 1467 1661 non
1479 1634 1618 1665 satisfieri,
1635 1643 1751 1670 quorum
1765 1633 1810 1660 illa
1822 1633 1883 1660 sue-

1084 1677 1150 1703 rant=
1163 1678 1294 1707 oportere.
1325 1674 1368 1699 82.
1389 1672 1479 1704 Quum
1491 1673 1574 1707 igitur
1584 1672 1730 1702 statuisset,
1741 1679 1811 1705 opus
1821 1678 1882 1697 esse

1083 1709 1116 1736 ad
1127 1717 1186 1735 eam
1199 1718 1254 1736 rem
1270 1709 1484 1736 constituendam
1501 1709 1629 1743 pecunia,
1645 1708 1836 1735 Alexandriam
1852 1715 1882 1734 se

1083 1747 1219 1781 proficisci
1239 1746 1309 1772 velle
1325 1746 1408 1777 dixit.
1430 1754 1542 1781 remque
1558 1746 1688 1781 integram
1710 1746 1743 1772 ad
1764 1745 1882 1771 reditum

1083 1792 1164 1810 suum
1185 1784 1265 1810 iussit
1284 1791 1356 1810 esse:
1390 1783 1468 1818 isque
1493 1782 1616 1810 celeriter
1634 1782 1667 1809 ad
1687 1782 1878 1812 Ptolemaeum,

1083 1829 1164 1847 suum
1180 1821 1328 1855 hospitem,
1344 1821 1431 1851 venit,
1453 1820 1502 1855 qui
1517 1825 1574 1847 tum
1591 1820 1719 1856 regnabat
1734 1820 1800 1846 alter
1822 1824 1882 1854 post

1083 1857 1274 1884 Alexandriam
1286 1857 1432 1884 conditam.
1472 1857 1522 1884 Cui
1533 1866 1619 1892 quum
1630 1858 1815 1892 exposuisset,
1833 1865 1881 1891 pa-

1083 1896 1161 1921 triam
1173 1904 1202 1921 se
1215 1895 1327 1921 liberare
1339 1894 1603 1930 velle,caussamque
1617 1894 1767 1926 docuisset,
1790 1902 1804 1920 a
1819 1902 1881 1930 rege

1082 1931 1210 1967 opulento
1222 1933 1263 1958 vir
1276 1940 1401 1958 summus
1412 1931 1490 1958 facile
1501 1932 1669 1967 impetravit,
1687 1936 1717 1958 ut
1726 1931 1823 1968 grandi
1831 1939 1882 1966 pe-

1083 1970 1162 1996 cunia
1174 1969 1356 1996 adiuvaretur.
1387 1968 1473 2001 Quam
1485 1977 1571 2004 quum
1582 1969 1725 2005 Sicyonem
1737 1968 1878 2000 attulisset,

1060 2002 1061 2007 ¹
1083 2006 1208 2033 adhibuit
1221 2007 1275 2033 sibi
1287 2007 1314 2033 in
1325 2005 1471 2033 consilium
1482 2006 1639 2041 quindecim
1650 2007 1802 2042 principes,
1817 2014 1880 2032 cum

1083 2043 1184 2079 quibus
1195 2052 1305 2070 caussas
1316 2044 1441 2079 cognovit
1451 2048 1477 2070 et
1486 2052 1588 2074 eorum,
1596 2043 1737 2079 quialiena
1744 2042 1878 2073 tenebant.

1082 2086 1108 2108 et
1118 2090 1221 2112 eorum,
1234 2081 1282 2116 qui
1293 2089 1342 2107 sua
1354 2081 1511 2107 amiserant:
1527 2080 1694 2116 perfecitque
1705 2079 1880 2107 aestimandis

1082 2118 1315 2153 possessionibus,
1328 2123 1358 2144 ut
1368 2117 1542 2153 persuaderet
1552 2118 1627 2149 aliis,
1640 2123 1670 2145 ut
1679 2118 1824 2153 pecuniam
1835 2125 1880 2144 ac-

1081 2157 1170 2190 cipere
1182 2155 1302 2186 mallent,
1310 2155 1530 2190 possessionibus
1541 2155 1678 2188 cederent;
1692 2155 1763 2186 aliis,
1771 2159 1880 2181 utcom—

1051 2209 1059 2224 ,3
1082 2193 1189 2220 modius
1209 2197 1346 2228 putarent,
1370 2193 1508 2219 numerari
1526 2193 1595 2224 sibi,
1619 2192 1693 2227 quod
1713 2192 1780 2219 tanti
1797 2197 1877 2222 esset,

1081 2239 1164 2265 quam
1175 2239 1256 2256 suum
1267 2238 1435 2264 recuperare.
1464 2230 1501 2256 Ita
1513 2229 1662 2264 perfectum
1672 2235 1721 2261 est,
1733 2234 1764 2256 ut
1773 2237 1877 2260 omnes,

1081 2267 1222 2294 concordia
1233 2268 1385 2298 constituta,
1398 2268 1457 2293 sine
1467 2267 1576 2302 querela
1587 2267 1767 2294 discederent.
1797 2268 1840 2293 83.
1855 2265 1878 2293 Ο

1081 2347 1159 2368 natus
1175 2343 1257 2368 esset!
1279 2342 1324 2368 Sic
1339 2350 1387 2376 par
1401 2347 1441 2368 est
1455 2350 1535 2378 agere
1549 2350 1612 2369 cum
1627 2342 1750 2372 civibus,
1766 2349 1819 2367 non
1837 2340 1877 2376 (ut

1081 2379 1124 2405 bis
1140 2380 1192 2405 iam
1209 2379 1340 2413 vidimus)
1363 2379 1467 2406 hastam
1486 2380 1514 2406 in
1529 2379 1586 2407 foro
1600 2387 1699 2414 ponere
1713 2383 1740 2406 et
1754 2377 1822 2405 bona
1837 2379 1877 2404 ci—

1081 2417 1156 2442 vium
1173 2417 1232 2442 voci
1247 2416 1383 2443 subiicere
1403 2417 1554 2451 praeconis.
1591 2418 1627 2443 At
1645 2416 1690 2443 ille
1704 2416 1823 2443 Graecus
1839 2415 1876 2450 (id

1080 2453 1153 2487 quod
1169 2452 1220 2480 fuit
1233 2454 1365 2488 sapientis
1378 2459 1403 2480 et
1418 2455 1579 2489 praestantis
1594 2454 1656 2488 viri)
1669 2452 1797 2480 omnibus
1812 2461 1878 2480 con-

1079 2490 1226 2516 sulendum
1241 2491 1360 2525 putavit:
1381 2499 1468 2526 eaque
1481 2496 1523 2518 est
1537 2499 1643 2517 summa
1655 2490 1722 2517 ratio
1733 2495 1758 2516 et
1768 2491 1878 2525 sapien-

1079 2527 1115 2553 tia
1127 2527 1190 2554 boni
1201 2528 1284 2558 civis,
1301 2528 1441 2554 commoda
1455 2529 1559 2555 civium
1572 2537 1625 2555 non
1635 2526 1778 2558 divellere,
1796 2533 1876 2563 atque

1056 2574 1057 2587 ι
1079 2572 1173 2590 omnes
1183 2565 1316 2599 aequitate
1327 2564 1420 2591 eadem
1432 2566 1578 2592 continere.
1617 2564 1743 2591 Habitent
1752 2565 1837 2600 gratis
1848 2565 1876 2592 in

1079 2601 1184 2628 alieno?
1203 2601 1274 2634 Quid
1286 2601 1340 2628 ita‘?
1356 2602 1396 2633 Ut,
1408 2610 1496 2637 quum
1505 2610 1556 2637 ego
1565 2602 1686 2632 emerim,
1700 2602 1874 2632 aedificat-im,
