1941 3052
873 409 915 435 33.

569 487 606 516 M.
643 486 849 516 TULLII
883 484 1218 515 CICERONIS

872 575 915 596 lx

397 650 428 700 C
541 650 580 699 A

694 651 734 701 T
848 651 864 700 1

977 650 1011 698 L
1125 649 1141 698 I
1255 648 1291 697 N
1407 649 1445 697 A
1560 650 1607 698 M

709 758 896 786 ORATIO
928 757 1083 784 PRIMA

316 835 852 875 ΗΑΒΙΤΑΙ

129 1025 150 1052 Ι.
163 1027 188 1052 4.
205 1020 361 1061 Quousque
372 1024 478 1052 tandem
490 1024 613 1057 abutere,
629 1024 755 1057 Catilina,
768 1025 873 1060 patien-

73 1063 109 1090 tia
120 1063 228 1090 nostra?
243 1063 378 1096 Quamdiu
391 1063 470 1089 etiam
482 1063 556 1090 furor
566 1064 617 1089 iste
629 1068 692 1090 tuus
705 1072 752 1090 nos
764 1061 872 1089 eludet?

72 1099 159 1133 Quem
174 1100 207 1127 ad
219 1100 299 1127 finem
311 1109 371 1128 sese
381 1100 504 1127 effrenata
515 1101 624 1127 iactabit
634 1100 764 1127 audacia?
784 1100 873 1127 Nihil-

72 1146 107 1165 ne
117 1142 143 1165 te
154 1143 314 1165 nocturnum
326 1138 492 1174 praesidium
504 1138 611 1169 Palatii,
629 1138 697 1165 nihil
710 1138 788 1165 Urbis
800 1138 873 1173 vigi-

74 1174 138 1207 liae,
162 1176 230 1203 nihil
251 1176 330 1203 timor
350 1175 457 1212 populi,
481 1176 549 1202 nihil
570 1185 718 1202 concursus
739 1176 871 1202 bonorum

72 1213 210 1244 emnium,
227 1213 295 1240 nihil
311 1213 355 1240 hic
370 1214 571 1240 munitissimus
583 1214 699 1240 habendi
711 1218 821 1240 senatus
835 1213 873 1239 lo-

72 1259 132 1282 cus,
145 1250 213 1277 nihil
225 1250 320 1278 horum
332 1260 376 1278 ora
387 1251 534 1287 vultusque
546 1250 705 1278 moverunt?
724 1251 815 1277 Patere
828 1255 872 1277 tua

73 1287 186 1314 consilia
202 1297 253 1315 non
265 1288 368 1315 sentis‘?
388 1288 564 1316 Constrictam
576 1290 628 1315 iam
641 1290 762 1315 omnium
776 1289 871 1315 horum

73 1326 236 1352 conscientia
261 1326 344 1352 teneri
370 1326 580 1353 coniurationem
605 1331 679 1353 tuam
705 1335 757 1353 non
780 1325 874 1352 vides‘?

73 1361 146 1395 Quid
157 1363 288 1398 proxima,
300 1363 367 1398 quid
378 1364 515 1398 superiore
528 1368 602 1390 nocte
613 1364 710 1400 egeris.
718 1364 765 1390 ubi
778 1363 871 1395 fueris,

73 1408 143 1436 quos
159 1401 361 1432 convocaveris,
383 1401 450 1436 quid
466 1401 572 1428 consilii
588 1402 705 1436 ceperis.
728 1409 810 1436 quem
826 1409 875 1427 no-

74 1441 160 1464 strum
171 1439 293 1474 ignorare
304 1438 459 1465 arbitraris?
474 1440 499 1465 2.
512 1438 534 1465 O
545 1443 661 1474 tempora
672 1439 677 1465 l
690 1447 705 1465 o
716 1439 817 1465 mores!
831 1447 874 1465 se—

74 1480 153 1502 natus
175 1475 239 1502 haec
254 1475 393 1512 intelligit:
416 1476 509 1503 consul
526 1476 612 1503 videt:
636 1476 679 1502 hic
695 1481 783 1502 tamen
795 1477 872 1503 vivit.

73 1512 165 1539 vivit?
184 1514 268 1540 immo
283 1522 346 1540 vero
356 1514 435 1540 etiam
447 1514 474 1540 in
486 1519 609 1540 senatum
621 1515 707 1547 venit;
732 1514 760 1540 fit
771 1513 873 1548 publici

73 1550 180 1578 consilii
197 1551 343 1586 particeps3
367 1556 438 1578 notat
453 1556 478 1578 et
489 1551 612 1587 designat
622 1551 708 1578 oculis
721 1551 753 1577 ad
765 1551 873 1577 caedem

73 1596 160 1615 unum
172 1596 308 1624 quemque
320 1593 452 1616 nostrum.
483 1590 536 1616 Nos
548 1594 636 1616 autem
645 1610 651 1620 ,
666 1589 715 1615 viri
729 1589 818 1620 sortes,
831 1598 873 1615 sa—

73 1625 196 1652 tisfacere
208 1626 372 1659 reipublicae
383 1626 515 1657 videmur.
529 1627 552 1653 si
564 1628 643 1653 istius
655 1626 770 1653 furorem
782 1635 812 1653 ac
824 1626 874 1652 tela

74 1663 202 1690 vitemus.
228 1663 269 1690 Ad
282 1668 392 1690 mortem
406 1668 438 1695 te,
453 1664 575 1695 Catilina,
589 1664 652 1691 duci
664 1665 742 1691 iussu
754 1664 874 1691 consulis

73 1700 234 1736 iampridem
255 1701 406 1736 oportebat:
429 1702 456 1728 in
477 1706 502 1728 te
522 1702 637 1728 conferri
659 1707 762 1737 pestem
783 1702 873 1733 istam,

74 1746 156 1774 quam
169 1743 197 1766 tu
208 1739 236 1765 in
249 1748 296 1766 nos
307 1748 400 1766 omnes
413 1740 515 1766 iamdiu
528 1740 699 1766 machinaris,
723 1742 747 1766 3.
761 1740 801 1766 An
813 1748 875 1766 vero

75 1776 117 1803 vir
137 1775 332 1811 amplissimus,
355 1777 385 1804 P.
403 1776 502 1812 Scipio.
526 1777 647 1812 pontifex
667 1778 812 1806 maximus.
835 1777 874 1803 Ti.

75 1813 226 1841 Gracchum
238 1814 407 1841 mediocriter
419 1814 620 1842 labefactantem
632 1819 731 1842 statum
745 1814 876 1850 reipubli-

75 1859 121 1878 cae
136 1852 258 1887 privatus
274 1851 419 1879 interfecit:
443 1852 583 1879 Catilinam
601 1861 663 1879 vero
678 1853 769 1880 orbem
792 1857 875 1879 terrae

75 1888 156 1916 caede
170 1894 250 1925 atque
265 1890 398 1917 incendiis
410 1895 514 1917 vastare
525 1891 677 1925 cupientem
690 1899 738 1917 nos
749 1890 874 1917 consules

76 1925 262 1961 perferemus?
281 1927 347 1954 Nam
359 1927 405 1954 illa
417 1928 498 1954 nimis
509 1929 620 1964 antiqua
636 1933 784 1963 praetereo.
802 1928 875 1963 quod

76 1963 106 1991 C.
119 1963 252 1991 Servilius
267 1964 351 1991 Ahala
367 1964 415 2000 Sp.
428 1965 555 1992 Maelium
573 1966 649 1992 novis
666 1966 747 1992 rebus
763 1965 876 1992 studen-

76 2004 129 2028 tem
141 2010 223 2028 manu
234 2010 282 2028 sua
294 2002 399 2029 occidit.
432 2003 502 2033 Fuit.
517 2002 568 2029 fuit
579 2003 628 2030 ista
640 2003 775 2038 quondam
788 2003 814 2029 in
827 2003 875 2029 bac

75 2038 215 2073 republica
236 2039 336 2071 virtus,
359 2045 388 2066 ut
404 2040 454 2066 viri
471 2039 551 2066 fortes
567 2041 715 2067 acrioribus
731 2040 875 2076 suppliciis

76 2077 163 2102 civem
175 2076 367 2111 perniciosum,
376 2086 457 2112 quam
469 2078 674 2104 acerbissimum
688 2078 790 2105 bostem
803 2086 876 2104 coer-

77 2117 176 2140 cerent.
217 2113 353 2140 Habemus
368 2115 633 2141 senatusconsultum
650 2116 677 2142 in
695 2120 732 2146 te,
750 2115 873 2146 Catilina.

78 2150 224 2178 vehemens
240 2155 265 2177 et
279 2160 375 2187 grave:
399 2161 450 2179 non
466 2152 541 2178 deest
557 2152 720 2188 reipublicae
730 2152 875 2179 consilium

77 2196 166 2224 neque
177 2189 320 2215 auctoritas
332 2189 415 2216 huius
426 2189 543 2216 ordinis:
561 2199 618 2221 nos.
633 2199 690 2222 nos,
703 2190 764 2217 dico
775 2195 873 2226 aperte,

78 2225 203 2253 consules
214 2225 356 2253 desumus.
392 2227 424 2253 11.
438 2228 462 2254 ά.
475 2227 596 2254 Decrevit
606 2228 742 2263 quondam
754 2233 874 2258 senatus,
898 2230 900 2237 ¹

77 2267 108 2290 ut
119 2263 149 2290 L.
161 2262 286 2299 Opimius
297 2263 390 2291 consul
405 2264 518 2295 videret,
537 2273 569 2291 ne
584 2265 650 2300 quid
666 2265 819 2300 respublica
830 2265 878 2291 de·-

78 2301 195 2327 trimenti
216 2305 331 2337 caperet.
363 2302 421 2328 Nox
443 2301 517 2328 nulla
533 2303 697 2330 intercessit:
721 2303 877 2329 interfectus

78 2341 120 2365 est
133 2342 241 2374 propter
255 2339 386 2374 quasdam
398 2339 562 2366 seditionum
573 2340 741 2375 suspiciones
753 2340 782 2367 C.
796 2340 878 2367 Grac-

78 2374 160 2408 chus,
182 2375 334 2403 clarissimo
349 2381 432 2412 patre,
455 2385 513 2408 avo.
537 2377 697 2404 maioribus:
721 2378 827 2404 occisus
838 2382 878 2404 est

78 2420 141 2440 cum
157 2412 250 2440 liberis
265 2414 300 2440 M.
318 2414 433 2441 Fulvius
448 2414 608 2441 consularis.
650 2414 738 2441 Simili
754 2419 879 2441 senatus-

79 2449 201 2477 consulto
216 2450 246 2478 C.
263 2451 347 2478 Mario
361 2457 387 2478 et
402 2452 431 2478 L.
448 2451 553 2478 Valerio
567 2451 726 2478 consulibus
747 2453 878 2487 permissu

79 2491 120 2514 est
139 2488 307 2523 respublica:
331 2498 395 2516 num
417 2498 502 2516 unum
519 2489 590 2515 diem
608 2494 697 2524 postea
715 2489 744 2516 L.
757 2489 879 2516 Saturni—

80 2532 146 2551 num
157 2525 297 2552 tribunum
309 2526 396 2561 plebis
408 2531 433 2553 et
444 2526 472 2554 C.
487 2526 632 2553 Servilium
646 2531 792 2562 praetorem
806 2535 877 2553 mors

81 2569 111 2589 nc
121 2562 153 2589 R.
164 2562 194 2589 P.
207 2571 291 2598 poena
303 2568 431 2590 remorata
448 2563 506 2591 est‘?
526 2564 559 2590 At
576 2573 638 2590 vero
653 2573 701 2590 nos
717 2565 877 2590 vicesimum

79 2598 134 2626 iam
149 2599 220 2627 diem
237 2601 355 2635 patimur
370 2601 514 2628 hebescere
529 2601 612 2628 aciem
630 2601 724 2628 borum
737 2603 879 2628 auctorita-

81 2636 125 2663 tis.
146 2636 282 2664 Habemus
292 2638 364 2665 enim
376 2638 533 2665 huiusmodi
545 2638 818 2670 senatusconsultum,
834 2647 879 2665 ve-

81 2677 231 2701 rumtamen
247 2675 383 2702 inclusum
399 2676 426 2702 in
439 2676 551 2708 tabulis,
569 2681 705 2712 tamquam
717 2675 837 2713 gladium
851 2677 877 2703 in

81 2711 179 2748 vagina
189 2712 371 2740 reconditum:
384 2721 439 2749 quo
449 2721 483 2741 ex
493 2714 726 2741 senatusconsulto
735 2713 877 2740 confestim

902 833 1475 873 NSENATU.

922 1022 1092 1051 interfectum
1104 1028 1130 1050 te
1140 1031 1209 1054 esse,
1223 1022 1345 1055 Catilina,
1358 1024 1490 1050 convenit.
1512 1024 1601 1050 Vivis:
1615 1028 1641 1050 et
1651 1023 1722 1050 vivis

923 1071 976 1089 non
988 1062 1021 1088 ad
1032 1061 1218 1096 deponendam
1226 1082 1232 1092 ,
1245 1061 1294 1088 sed
1305 1061 1338 1088 ad
1349 1061 1559 1088 confirmandam
1571 1061 1721 1088 audaciam.

923 1100 1023 1135 Cupio,
1041 1104 1129 1134 patres
1140 1099 1299 1134 conscripti,
1318 1107 1362 1126 me
1377 1108 1436 1126 esse
1447 1099 1620 1126 clementem:
1643 1099 1724 1134 cupio

922 1138 950 1164 in
963 1137 1043 1163 tantis
1055 1136 1219 1172 reipublicae
1231 1136 1359 1171 periculis
1375 1146 1418 1163 me
1434 1145 1486 1163 non
1503 1136 1666 1163 dissolutum
1684 1137 1725 1163 vi-

923 1175 989 1206 deri,
1002 1174 1049 1201 sed
1060 1175 1112 1200 iam
1124 1183 1166 1200 me
1177 1174 1235 1209 ipse
1245 1175 1356 1201 inertiae
1366 1175 1556 1210 nequitiaeque
1566 1174 1723 1201 condemno.

924 1214 949 1239 5.
967 1212 1059 1239 Castra
1074 1217 1138 1238 sunt
1153 1213 1181 1238 in
1198 1212 1272 1238 Italia
1288 1217 1377 1239 contra
1393 1212 1589 1247 rempublicam
1604 1213 1632 1238 in
1644 1212 1725 1238 Etru-

924 1251 978 1277 riae
999 1250 1124 1276 faucibus
1144 1249 1285 1276 collocata:
1308 1251 1404 1276 crescit
1419 1251 1446 1276 in
1463 1250 1520 1276 dies
1537 1250 1660 1285 singulos
1677 1250 1725 1276 ho-

924 1288 1007 1314 stium
1019 1296 1163 1314 numerus:
1176 1296 1269 1314 eorum
1281 1292 1370 1314 autem
1382 1288 1567 1322 imperatorem
1577 1291 1726 1313 castrorum

924 1325 1076 1360 ducemque
1092 1325 1211 1352 hostium
1226 1325 1295 1351 intra
1308 1326 1411 1352 moenia
1424 1330 1502 1360 atque
1514 1325 1580 1352 adeo
1591 1326 1617 1351 in
1630 1329 1725 1351 senatu

925 1363 1064 1394 videmus,
1080 1363 1235 1389 intestinam
1252 1362 1370 1398 aliquam
1382 1363 1503 1398 quotidie
1516 1363 1660 1397 perniciem
1674 1363 1726 1388 rei-

926 1400 1050 1435 publicae
1062 1400 1228 1426 molientem.
1260 1400 1288 1426 Si
1301 1405 1324 1426 te
1335 1401 1398 1431 iam,
1413 1400 1535 1430 Catilina,
1549 1400 1726 1434 comprehen-

925 1438 966 1469 di,
980 1438 1002 1464 si
1015 1438 1128 1464 interfici
1140 1439 1257 1469 iussero.
1271 1437 1362 1469 credo,
1377 1439 1427 1464 erit
1438 1437 1585 1464 verendum
1599 1437 1678 1467 milii,
1694 1446 1726 1463 ne

926 1484 978 1502 non
991 1476 1039 1502 boc
1051 1475 1140 1510 potius
1156 1483 1250 1502 omnes
1265 1475 1327 1501 boni
1344 1476 1432 1502 serius
1448 1484 1461 1501 a
1478 1484 1534 1504 mc,
1551 1484 1633 1510 quam
1649 1475 1727 1510 quis-

925 1522 1007 1548 quam
1023 1513 1162 1539 crudelius
1179 1512 1278 1539 factum
1295 1521 1354 1539 esse
1370 1513 1449 1539 dicat.
1490 1513 1588 1539 Verum
1605 1521 1654 1548 ego
1666 1513 1724 1543 hoc,

926 1551 998 1586 quod
1010 1550 1169 1585 iampridem
1183 1550 1281 1576 factum
1293 1559 1352 1576 esse
1363 1551 1492 1585 oportuit.
1506 1555 1575 1576 certa
1587 1550 1619 1575 de
1631 1558 1726 1576 caussa

927 1588 1046 1615 nondum
1058 1588 1184 1619 adducor,
1199 1593 1228 1614 ut
1240 1587 1344 1614 faciam.
1362 1588 1429 1614 Tum
1442 1588 1558 1623 denique
1570 1587 1726 1614 interficiam

927 1631 960 1657 te,
974 1635 1059 1661 quum
1072 1627 1124 1652 iam
1138 1634 1216 1652 nemo
1227 1630 1279 1651 tnm
1292 1626 1445 1660 improbus,
1460 1630 1512 1651 tam
1526 1625 1659 1660 perditus,
1673 1630 1726 1651 tam

927 1665 966 1690 tui
978 1663 1077 1690 similis
1089 1663 1204 1690 inveniri
1218 1664 1326 1698 poterit.
1340 1664 1387 1698 qui
1400 1663 1426 1689 id
1440 1672 1490 1689 non
1504 1663 1560 1689 iure
1573 1662 1671 1688 factum
1684 1672 1728 1689 es-

927 1710 955 1728 se
968 1701 1089 1727 fateatur.
1121 1703 1146 1727 6.
1163 1700 1298 1733 Quamdiu
1311 1702 1456 1736 quisquam
1469 1700 1526 1731 erit.
1540 1701 1587 1735 qui
1600 1706 1623 1726 te
1635 1700 1728 1726 defen-

927 1739 989 1765 dere
1001 1739 1106 1770 audeat,
1120 1739 1210 1765 vives:
1234 1743 1259 1764 et
1271 1739 1346 1764 vives
1358 1739 1402 1768 ita.
1417 1743 1446 1764 ut
1458 1747 1528 1764 nunc
1541 1739 1620 1767 vivis.
1635 1738 1728 1764 multis

928 1777 994 1803 meis
1006 1781 1031 1803 et
1048 1776 1132 1802 firmis
1149 1776 1290 1811 praesidiis
1305 1776 1448 1807 obsessus,
1472 1784 1504 1802 ne
1520 1784 1688 1801 commovere
1705 1780 1729 1801 te

927 1819 1017 1841 contra
1033 1814 1229 1849 rempublicam
1243 1814 1346 1848 possis:
1369 1813 1517 1840 multorum
1530 1818 1554 1839 te
1565 1813 1645 1839 etiam
1657 1813 1727 1839 oculi

927 1857 953 1878 et
964 1860 1042 1878 aures
1055 1860 1107 1878 non
1119 1851 1293 1882 sentientem,
1307 1851 1377 1877 sicut
1389 1851 1476 1877 adbuc
1489 1850 1618 1881 fecerunt,
1632 1859 1729 1885 specu-

928 1889 1056 1916 labuntur
1066 1894 1146 1924 atque
1157 1889 1318 1915 custodient.

985 1928 1028 1954 ΙΙΙ.
1046 1927 1152 1953 Etenim
1164 1926 1232 1962 quid
1244 1931 1297 1956 est.
1316 1926 1442 1956 Catilina.
1461 1925 1533 1961 quod
1546 1926 1598 1952 iam
1610 1925 1728 1960 amplius

927 1969 1080 2000 exspectes.
1098 1965 1120 1991 si
1134 1973 1221 1999 neque
1234 1973 1286 1990 nox
1298 1964 1414 1990 tenebris
1426 1963 1569 1990 obscurare
1580 1968 1671 1990 coetus
1684 1972 1729 1989 ne-

929 2002 1022 2033 farios.
1046 2011 1094 2028 nec
1106 2002 1208 2037 privata
1220 2001 1317 2028 (lomus
1330 2001 1478 2036 parietibus
1489 2001 1625 2027 continere
1637 2010 1728 2027 vocem

927 2040 1120 2067 coniurationis
1133 2044 1192 2066 tuae
1205 2038 1310 2074 potest?
1320 2040 1343 2065 si
1356 2038 1534 2068 illustrantur,
1548 2040 1571 2064 si
1584 2043 1729 2073 erunipunt

927 2077 1036 2105 omnia?
1056 2078 1128 2104 Muta
1140 2078 1192 2103 iam
1206 2078 1283 2103 istam
1296 2081 1426 2103 mentem:
1449 2077 1515 2102 milii
1528 2076 1619 2106 crede,
1633 2076 1730 2102 oblivi-

928 2124 1001 2142 scere
1021 2115 1111 2142 caedis
1127 2119 1207 2149 atque
1224 2114 1420 2140 incendiorum.
1462 2114 1570 2140 Teneris
1593 2114 1727 2148 undique:

929 2153 987 2179 luce
998 2158 1061 2179 sunt
1072 2152 1182 2179 clariora
1196 2152 1272 2178 nobis
1285 2156 1328 2178 tua
1339 2151 1450 2177 consilia
1462 2152 1560 2180 omnin,
1569 2160 1637 2186 quae
1649 2152 1728 2177 etiam

928 2199 1034 2217 mecum
1052 2190 1112 2216 licet
1127 2198 1311 2225 recognoscas,
1351 2190 1377 2215 7.
1400 2189 1593 2219 Meministine,
1618 2198 1659 2214 me
1671 2194 1729 2214 nnte

928 2228 1000 2254 diem
1017 2236 1064 2253 λιι.
1078 2227 1210 2253 Kalendas
1223 2226 1368 2253 Novembr.
1385 2226 1473 2252 dicere
1490 2227 1516 2252 in
1533 2231 1641 2255 seruitii,
1659 2230 1730 2251 certo

928 2266 971 2291 die
985 2265 1038 2291 fore
1050 2265 1077 2291 in
1093 2265 1188 2295 armis,
1206 2264 1253 2299 qui
1269 2263 1328 2289 dies
1341 2263 1447 2289 futurus
1459 2268 1528 2289 esset
1541 2268 1600 2289 ante
1611 2263 1681 2289 diem
1695 2271 1729 2288 vi.

929 2302 988 2329 Kal.
1002 2302 1176 2332 Novembris,
1193 2301 1221 2327 C.
1236 2300 1365 2327 Manlium
1375 2322 1380 2331 ,
1399 2300 1525 2326 audaciae
1537 2300 1678 2326 satellitem
1691 2305 1730 2325 at-

929 2348 982 2375 que
994 2339 1183 2366 administrum
1197 2337 1275 2364 tune?
1286 2338 1356 2364 Num
1369 2347 1410 2364 me
1424 2337 1526 2367 fefellit,
1540 2338 1662 2366 Catilina.
1677 2346 1728 2363 non

930 2376 1009 2404 modo
1021 2385 1062 2403 res
1075 2381 1153 2405 tanta.
1168 2381 1220 2402 tam
1232 2380 1315 2403 atrox.
1331 2380 1382 2401 tam
1396 2374 1570 2404 incredibilis.
1586 2384 1688 2405 verum,
1703 2374 1729 2400 id

929 2414 1001 2449 quod
1018 2413 1104 2440 multo
1119 2413 1207 2448 magis
1223 2417 1263 2438 cst
1278 2411 1480 2442 admirandum,
1504 2411 1580 2438 dies?
1605 2413 1664 2438 Dixi
1681 2420 1730 2447 ego

930 2452 1000 2478 idem
1019 2451 1045 2477 in
1063 2456 1171 2480 senam,
1193 2449 1301 2476 caedem
1319 2455 1342 2476 te
1358 2450 1527 2484 optimatium
1544 2449 1729 2476 contulissem

929 2495 990 2515 ante
1007 2489 1077 2515 diem
1091 2497 1116 2514 v.
1131 2487 1264 2514 Kalendas
1280 2487 1454 2517 Novembris,
1479 2492 1534 2513 tum
1552 2496 1637 2522 quum
1651 2487 1729 2513 multi

931 2527 1066 2562 principes
1087 2526 1203 2552 civitatis
1225 2525 1306 2551 Romu
1329 2534 1380 2551 non
1403 2529 1455 2551 tum
1476 2525 1519 2550 sui
1540 2524 1727 2553 conservandi.

929 2573 1011 2599 quam
1041 2568 1148 2590 tuorum
1174 2562 1348 2589 consiliorum
1375 2561 1604 2597 reprimendorum
1634 2571 1729 2588 caussa

931 2601 1116 2637 profugerunt.
1141 2601 1210 2627 Num
1223 2600 1330 2626 inlitinri
1344 2604 1418 2634 potes
1432 2604 1455 2626 tc
1467 2599 1513 2626 illo
1525 2600 1584 2635 ipso
1595 2599 1647 2629 die.
1662 2600 1729 2626 meis

931 2638 1085 2674 praesidiis=
1104 2647 1160 2664 mea
1173 2637 1312 2673 diligentia
1323 2636 1548 2667 circumclusum.
1561 2645 1730 2664 commovere

929 2682 953 2703 te
964 2681 1053 2703 contra
1066 2675 1259 2711 rempublicam
1273 2683 1324 2701 non
1336 2676 1464 2710 potuisse,
1478 2683 1563 2710 quum
1576 2679 1614 2705 tu,
1627 2674 1730 2701 disces—

929 2723 962 2741 su
973 2718 1135 2744 ceterorum.
1150 2717 1238 2740 nostra
1250 2717 1347 2743 tamen.
1360 2713 1408 2748 qui
1420 2713 1656 2743 remansissemus.
1670 2720 1730 2738 cae-

1491 2761 1522 2787 53
