1941 3052
283 149 311 172 ‘Ji
865 150 888 171 Β.
926 148 957 172 Μ.
987 147 1007 172 Τ

283 218 376 244 butum
393 222 464 252 puto,
487 217 538 243 Sed
555 226 604 243 non
619 218 910 251 omnimqnnoenmth
925 216 1068 251 loquimur,

283 256 347 281 milti
363 256 487 281 videntur
501 255 532 280 ml
548 259 628 280 artem
643 259 667 279 et
682 254 712 279 nd
728 258 863 288 prm-repta
875 262 932 278 esse
946 262 1071 280 revocan-

281 293 312 318 dn
345 294 385 319 ket.
403 293 440 318 lit
457 292 497 318 his
511 292 580 318 enim
597 291 803 318 suntilms.tin‹le
816 291 904 316 onmia
917 296 1069 317 ornamenta

281 330 385 356 dicendi
405 334 557 358 sumuntur.
580 328 667 353 tim-hit
681 328 758 353 etiam
775 327 952 353 laudationem
967 336 1067 357 ornare.

1052 146 1327 173 CtCEnoNts

283 376 367 401 neque
383 366 424 392 illa
440 366 568 391 elementa
582 365 744 393 ‹lusan-rann
761 373 830 398 quae
842 369 870 390 ut
885 373 961 390 nemo
976 365 1067 394 tradat,
1091 387 1092 390 ,

281 405 342 438 ‘ptis
356 408 404 433 eat,
420 404 466 438 qui
483 403 589 431 nesciat,
610 410 677 436 quae
692 402 744 426 sint
759 402 784 427 in
800 401 906 427 homino
923 401 1070 428 laudanda?

283 442 376 466 Positis
395 441 465 466 enim
486 441 517 466 iis
534 439 621 468 rebus.
638 447 704 473 quas
719 439 831 464 Crassus
845 439 871 464 in
887 438 960 464 illius
974 439 1070 465 oratio-
1090 436 1092 447 ¹

282 487 322 503 rus
336 487 408 506 suae,
428 485 508 511 quam
527 481 614 502 contra
629 475 756 510 collegam
770 484 863 501 censor
878 475 979 506 habuit.
997 477 1070 511 prin-
1090 476 1092 500 ἰ

280 516 350 549 cipio
367 515 448 540 dixit:
474 516 544 545 Quare
563 518 656 538 malurn
674 518 720 538 aut
733 516 837 546 [ortuum
851 515 977 538 darentur
989 515 1068 539 honri-

282 554 362 581 nilms,
390 555 414 577 in
439 554 470 576 iis
494 552 567 575 rebus
589 559 616 575 se
633 552 701 576 vinci
717 559 790 582 pos-xc
807 553 893 576 (inimo
906 559 988 583 nequo
999 554 1069 583 plui}

280 598 344 621 quae
362 591 411 621 ipsi
428 589 476 613 sibi
494 589 605 613 hommes
619 596 715 620 purure
730 592 840 620 passe-nt.
861 590 887 612 iu
906 589 938 613 iis
957 589 1031 613 reluta
1043 597 1069 613 aa

277 629 333 658 puli
347 634 395 651 non
408 634 479 658 posse
494 627 574 650 vinci:
596 625 642 659 qui
660 623 776 650 laudabit
789 624 954 659 quempiam,
970 624 1070 651 intelli—

278 668 321 695 μιιι
334 661 490 696 exponenda
504 661 555 688 sibi
571 671 629 687 esse
645 661 763 687 fortunae
778 662 854 688 bona.
890 663 930 688 46.
952 662 987 688 Ea
1006 666 1069 688 sunt

279 700 392 732 uenerit-2,
414 699 549 733 pecuniae,
567 699 787 733 propinquorum,
803 699 959 730 amicorum,
975 708 1066 734 opum,

281 736 448 766 valetudinis,
474 736 584 766 formae,
610 736 721 766 virium.
747 736 846 771 ingenii
868 741 1069 771 ceterarumque

279 783 376 804 reruni,
396 782 464 808 quae
483 778 546 800 sunt
563 777 608 799 aut
621 774 737 808 corporis
752 779 796 799 aut
811 778 962 805 extraneae,
985 775 1006 799 si
1023 774 1070 799 ha·

279 811 373 842 buerit,
400 811 466 837 bene
491 811 532 836 his
554 819 647 843 usum;
674 811 696 836 si
716 819 766 836 uon
786 811 917 840 habuerit,
937 811 1070 845 sapienter
1090 836 1091 842 ,

277 848 409 880 caruisso3
437 849 459 874 si
474 848 600 877 amiserit,
618 847 748 874 moderate
763 848 865 874 tulisse.
888 848 994 878 Deinde,
1002 847 1067 882 quid

279 886 411 920 sapienter
428 885 459 915 is.
475 894 556 920 quem
572 885 669 915 laudet,
685 885 750 919 quid
768 885 918 914 libor-alitor,
934 885 1000 920 quid
1017 884 1068 911 sor-

279 923 346 953 titer,
362 923 427 958 quid
441 923 516 953 iuste¹
533 922 598 957 quid
614 922 834 957 magnificequid
847 923 972 957 pie,quid
984 927 1065 957 grate,

277 960 342 994 quid
358 960 517 989 humaniter.
534 960 599 994 quid
613 960 730 994 denique
743 969 804 985 cum
816 959 904 994 aliqua
916 960 1012 986 virtute
1023 964 1067 985 aut

278 997 367 1023 fecerit
381 1001 425 1023 aut
439 997 538 1023 tulerit.
561 998 627 1023 llaec
641 1001 666 1023 et
679 1005 748 1031 quae
762 997 814 1023 sint
829 997 887 1023 eius
900 997 1014 1033 generi&
1029 996 1068 1023 sa-

276 1034 326 1060 cile
340 1034 450 1065 videbit,
466 1035 512 1069 qui
529 1034 598 1060 volet
617 1034 722 1060 laudare
735 1035 904 1069 quempiam:
927 1039 952 1060 et
965 1035 1011 1069 qui
1027 1035 1068 1060 vi-
1088 1043 1091 1050 *

278 1076 406 1106 tuperare,
428 1072 566 1097 contraria.
603 1072 643 1098 ΓΙ.
663 1071 716 1097 Cur
734 1072 815 1105 igitur
836 1071 954 1102 dubitas,
979 1072 1067 1106 inquit

277 1108 395 1140 Catulus,
413 1108 496 1135 facere
511 1109 559 1135 hoc
573 1110 678 1135 tertium
693 1117 788 1143 genus,
800 1109 926 1144 quoniam
937 1109 1012 1135 estin
1027 1118 1067 1134 ra-

277 1147 346 1172 tione
360 1145 466 1172 rerum‘?
485 1146 542 1172 Non
556 1146 636 1176 enim,
653 1147 675 1172 si
690 1151 730 1172 est
745 1145 896 1176 l'acilius,eo
909 1147 942 1172 de
957 1154 1067 1172 numero

275 1192 382 1218 quoque
396 1187 436 1209 est
451 1183 657 1218 excerpendum.
687 1183 754 1215 Quia
770 1183 837 1214 nolo,
855 1184 950 1218 inquit,
966 1184 1064 1214 omnia,

275 1229 344 1255 quae
362 1220 460 1246 cadunt
477 1220 620 1255 aliquando
634 1221 660 1246 in
675 1225 812 1251 oratorem,
829 1221 954 1256 quamvis
968 1221 1065 1255 exigua

276 1258 336 1287 sint,
353 1266 381 1283 ea
396 1258 434 1284 sic
449 1262 565 1289 tractare.
582 1259 659 1293 quasi
674 1257 739 1284 nihil
755 1259 839 1292 possit
852 1258 904 1284 dici
918 1258 976 1284 sine
991 1266 1067 1292 prae-

275 1295 358 1329 ceptis
373 1295 439 1321 suis*
463 1296 503 1321 48.
520 1296 584 1321 Nam
599 1299 625 1321 et
639 1295 819 1321 testimonium
831 1304 910 1330 saepe
921 1295 1065 1321 dicendum

276 1336 323 1363 est.
333 1341 362 1358 ac
373 1341 575 1367 nonnumquam
582 1333 659 1359 etiam
673 1333 831 1364 accuratius,
841 1337 870 1359 ut
880 1333 946 1359 mihi
957 1341 1066 1359 necesse

276 1369 325 1395 suit
342 1370 369 1395 in
389 1369 450 1396 Sex.
472 1370 581 1400 Titium,
605 1369 763 1396 seditiosum
781 1370 866 1396 civem
887 1374 911 1396 et
926 1369 1066 1396 turbulen-

274 1411 344 1439 tum;
367 1406 497 1442 explicavi
516 1407 543 1433 in
563 1415 593 1433 eo
612 1407 762 1433 testimonio
775 1406 888 1433 dicendo
901 1407 988 1433 omnia
1002 1415 1065 1433 con-

273 1443 332 1470 silia
355 1444 509 1470 consulatus
532 1445 594 1475 mei,
618 1444 720 1479 quibus
738 1444 777 1470 illi
797 1444 904 1470 tribuno
917 1444 1004 1479 plebis
1018 1452 1065 1479 pro

273 1480 409 1515 republica
428 1482 592 1512 restitissem,
612 1489 735 1516 quaeque
753 1481 786 1507 ab
805 1490 835 1507 eo
853 1486 941 1508 contra
956 1490 1065 1516 rempu-

273 1518 369 1544 blicam
388 1517 454 1545 sacta
469 1518 617 1549 arbitrarer,
638 1519 760 1553 exposui.
795 1519 844 1545 Diu
860 1523 977 1545 retentus
991 1527 1062 1550 sum,

273 1555 355 1581 multa
377 1556 478 1587 audivi,
504 1555 587 1582 multa
609 1555 744 1590 respondi.
778 1556 848 1582 Num
868 1557 950 1592 igitur
967 1555 1061 1590 placet,

272 1601 357 1627 quum
375 1592 408 1619 de
427 1592 578 1628 eloquentia
596 1593 752 1628 praecipias,
769 1592 871 1628 aliquid
885 1594 964 1619 etiam
979 1593 1012 1619 de
1026 1598 1065 1619 te-
1085 1607 1093 1615 4ι

272 1630 404 1656 stimoniis
418 1630 633 1665 dicendis,quasi
648 1631 675 1656 in
689 1635 752 1661 arte,
769 1629 888 1656 tradere?
901 1630 1064 1656 xl1.49.Ni-

272 1667 310 1693 hil
325 1676 396 1698 sane,
414 1668 501 1702 inquit
515 1667 634 1698 Catulus,
656 1675 763 1693 necesse
777 1672 826 1693 est.
860 1667 930 1699 Quid
943 1668 967 1694 si
981 1667 1062 1702 (quod

272 1712 350 1739 saepe
361 1705 475 1730 summis
492 1705 555 1730 viris
569 1704 673 1739 accidit)
686 1704 809 1731 mandata
823 1705 877 1731 sint
895 1704 1060 1739 exponenda,

272 1745 317 1767 aut
329 1741 357 1767 in
373 1746 465 1768 senatu
479 1741 512 1767 ab
526 1742 694 1776 imperatore,
710 1746 755 1768 aut
769 1741 802 1768 ad
820 1742 1006 1776 imperatorem
1018 1746 1063 1768 aut

272 1778 304 1804 ad
323 1787 411 1814 regem
431 1783 475 1804 aut
496 1778 528 1805 ad
542 1778 673 1813 populum
688 1778 806 1814 aliquem
820 1787 834 1805 a
848 1779 960 1805 senatu?
991 1779 1062 1805 Num

271 1815 335 1850 quia
353 1824 449 1852 genere
467 1817 593 1842 orationis
611 1816 638 1842 in
657 1816 813 1842 huiusmodi
831 1817 935 1843 caussis
954 1825 1063 1842 accura—

272 1854 337 1879 tiore
350 1857 391 1879 est
404 1853 543 1883 utendum,
552 1853 650 1880 idcirco
663 1862 724 1888 pars
738 1854 816 1879 etiam
830 1853 895 1880 haec
905 1862 1061 1880 caussarum

271 1890 434 1916 numeranda
453 1890 559 1917 videtur
577 1895 622 1917 aut
640 1891 754 1925 propriis
768 1891 914 1926 praeceptis
928 1891 1063 1917 instruen-

271 1926 322 1953 da‘?
347 1928 456 1954 Minime
470 1936 541 1958 vero,
566 1928 654 1962 inquit
668 1927 788 1954 Catulus.
822 1928 879 1954 Non
893 1928 965 1954 enim
978 1928 1062 1954 deerit

271 1964 372 1991 homini
393 1964 491 1991 diserto
505 1965 531 1991 in
545 1965 678 1991 eiusmodi
692 1965 772 1991 rebus
787 1964 906 1996 facultas,
921 1973 955 1991 ex
967 1965 1062 1991 ceteris

271 2001 352 2028 rebus
370 2006 396 2028 et
413 2003 516 2028 caussis
535 2007 694 2037 comparata.
728 2003 770 2028 50.
789 2003 860 2038 Ergo
873 2003 946 2033 item,
962 2003 1059 2037 inquit,

270 2038 324 2070 illa,
333 2047 402 2074 quae
415 2048 494 2074 saepe
507 2039 604 2065 diserte
615 2039 715 2075 agenda
727 2044 790 2065 sunt
800 2044 825 2065 et
834 2047 903 2074 quac
912 2047 961 2075 ego
971 2039 1062 2074 paullo

271 2080 329 2102 ante
343 2076 438 2111 (quum
453 2076 631 2111 eloquentiam
647 2076 854 2111 laudarem)dixi
867 2077 977 2103 oratoris
991 2085 1058 2107 esse,

271 2121 357 2148 neque
376 2113 474 2140 habent
490 2122 570 2140 suum
591 2113 679 2140 locum
698 2113 783 2140 ullum
802 2113 828 2139 in
847 2113 979 2140 divisione
1001 2122 1061 2148 par-

271 2150 337 2176 tium
361 2159 448 2185 neque
461 2155 562 2177 certum
580 2155 780 2185 praeceptorum
798 2159 893 2186 genus,
914 2155 939 2177 et
960 2150 1061 2186 agenda

270 2192 333 2214 sunt
350 2196 402 2214 non
416 2188 506 2214 minus
519 2187 624 2218 diserte.
645 2196 726 2223 quam
740 2196 809 2223 quae
823 2188 850 2214 in
865 2187 910 2214 lite
923 2188 1058 2219 dicuntur,

269 2225 426 2261 obiurgatio,
444 2225 600 2255 cohortatio,
612 2224 769 2257 consolatio,
793 2233 908 2260 quorum
923 2224 991 2251 nihil
1009 2229 1058 2255 est,

269 2261 341 2296 quod
360 2271 411 2288 non
430 2271 535 2288 summa
554 2262 660 2288 dicendi
674 2267 826 2288 ornamenta
840 2261 984 2289 desideret:
1013 2261 1060 2288 sed

269 2308 303 2325 ex
316 2299 426 2325 artificio
439 2307 480 2325 res
494 2300 560 2326 istae
574 2304 711 2334 praecepta
726 2307 778 2326 non
792 2304 933 2334 quaerunt.
967 2299 1057 2330 Plane,

269 2336 356 2371 inquit
371 2335 489 2367 Catulus,
505 2337 643 2363 assentior.

324 2374 366 2400 5⁴.
381 2374 437 2409 Age
459 2382 534 2405 vero,
559 2374 648 2409 inquit
669 2372 813 2404 Antonius.
839 2372 928 2408 qualis
950 2377 1060 2399 oratoris

269 2415 295 2436 et
311 2411 405 2444 quanti
423 2410 540 2437 hominis
557 2411 585 2437 in
603 2410 716 2437 dicendo
737 2414 815 2445 putas
829 2418 896 2441 esse,
922 2409 1059 2436 historiam

269 2446 402 2473 scribere?
430 2447 467 2478 Si,
483 2453 514 2474 ut
531 2448 624 2475 Graeci
641 2448 814 2482 scripserunt,
839 2447 948 2478 summi,
972 2447 1061 2482 inquit

270 2483 394 2516 Catulus;
421 2485 445 2511 si
467 2489 497 2511 ut
519 2485 610 2516 nostri,
634 2484 701 2511 nihil
719 2493 787 2519 opus
801 2489 841 2511 est
854 2488 968 2517 oratore;
995 2484 1059 2510 satis

269 2525 317 2552 est,
342 2529 394 2547 non
415 2530 474 2548 esse
494 2522 658 2549 mendaeem.
692 2522 784 2557 Atqui,
804 2530 837 2548 ne
854 2525 957 2548 nostros
970 2525 1060 2547 conte-

269 2566 354 2588 mnas,
375 2558 463 2593 inquit
479 2559 619 2590 Antonius,
636 2560 729 2586 Graeci
742 2567 851 2594 quoque
864 2559 917 2593 ipsi
930 2559 969 2584 sic
982 2558 1059 2584 initio

269 2595 464 2630 scriptitarunt,
492 2600 522 2622 ut
543 2601 632 2623 noster
657 2596 733 2627 Cato,
761 2600 792 2623 ut
813 2596 908 2627 Pictor,
936 2599 966 2621 ut
986 2595 1057 2622 Piso.

269 2633 311 2657 52.
326 2632 388 2658 Erat
400 2633 472 2659 enim
486 2633 595 2660 historia
609 2633 676 2660 nihil
690 2632 773 2665 aliud,
785 2633 837 2660 nisi
849 2631 986 2660 annalium
995 2641 1060 2659 oon·

270 2668 359 2701 fectio;
385 2669 464 2696 cuius
486 2671 524 2697 rei
547 2671 743 2705 memoriaeque
765 2669 889 2705 publicae
906 2669 1058 2697 retinendae

1086 1239 1096 1320 l

1093 1323 1095 1408 i

1092 1429 1095 1458 l

1092 1522 1094 1568 Ι

1091 1569 1094 1605 l

1084 1617 1093 1645 ιι

1091 1704 1093 1738 j
1114 1708 1154 1730 est
1171 1704 1199 1730 in
1218 1704 1355 1739 republica
1374 1709 1503 1735 versatus,
1526 1713 1560 1731 ex
1573 1713 1684 1731 numero
1697 1705 1849 1740 accepimus
1861 1705 1913 1732 eo—*

1090 1778 1092 1792 ³
1114 1779 1200 1813 psisse
1219 1778 1324 1810 dicitur,
1345 1787 1430 1814 quum
1449 1787 1463 1805 a
1478 1779 1614 1814 republica
1632 1783 1749 1805 remotus
1766 1775 1913 1814 atque,11'‹l

1097 607 1099 614 ,
1120 587 1255 622 permulti,
1273 588 1332 614 talis
1347 581 1434 615 noster
1448 589 1510 615 Cato
1523 593 1548 614 et
1562 589 1648 615 Pictor
1657 595 1681 615 et
1691 590 1813 624 Piso,qui
1825 599 1913 626 neque
1931 593 1935 612 ἒ

1097 750 1099 757 ι
1122 735 1206 762 lulum
1225 746 1254 763 se
1271 738 1355 763 erexit
1372 742 1398 763 et
1415 737 1517 764 addidit
1536 738 1660 764 historiae
1675 738 1800 764 maiorem
1814 747 1919 766 sonum,

1098 800 1099 803 ,
1121 774 1193 799 vocis
1208 774 1248 800 vir
1261 775 1388 808 optimus.
1405 774 1492 801 Crassi
1507 774 1809 810 familiaris,Antipater.
1825 775 1928 816 Ceteri,⁴

1096 969 1097 974 ¹
1121 959 1171 985 leni
1189 964 1215 985 et
1233 960 1366 994 aequabili
1382 960 1523 995 perpolivit
1537 960 1604 986 illud
1618 969 1699 995 opus;
1727 960 1775 987 sed
1789 965 1819 987 ut
1831 958 1925 999 borum}

1094 1137 1096 1161 ἶ
1117 1145 1284 1180 eloquentiae
1303 1151 1452 1173 nostrorum
1472 1146 1624 1178 hominum,
1644 1147 1696 1173 nisi
1715 1151 1745 1173 ut
1761 1147 1788 1173 in
1806 1143 1922 1181 caussiql

1094 1193 1096 1220 j
1117 1187 1197 1217 atque
1211 1184 1237 1209 in
1253 1183 1308 1210 [οι-ο
1321 1183 1436 1210 eluceat:
1463 1183 1535 1219 apud
1549 1183 1662 1211 Graecos
1679 1188 1767 1210 autem
1781 1183 1919 1225 eloquen-3

1094 1226 1095 1230 ¹
1118 1220 1215 1247 tissimi
1230 1220 1360 1251 homines,
1377 1221 1469 1247 remoti
1488 1230 1502 1247 a
1521 1221 1624 1247 caussis
1642 1220 1802 1251 forensibus,
1822 1226 1919 1259 quumq‘

1121 225 1213 242 caussa
1228 216 1261 242 ab
1276 217 1351 243 initio
1364 222 1452 243 rtrum
1467 217 1642 245 Romanarum
1663 226 1749 254 usque
1762 220 1794 245 ad
1810 220 1837 246 Ρ,
1854 220 1912 247 Mu-
1928 215 1938 236 Ἃ

1121 255 1192 279 rium
1217 254 1366 288 pontificem
1390 255 1538 280 maximum
1561 263 1603 281 res
1625 264 1717 282 omnes
1743 256 1929 292 singulorum

1121 299 1250 316 annorum
1269 290 1410 317 mandabat
1428 291 1521 318 litteris
1535 291 1654 326 pontifex
1667 293 1802 320 maximus
1816 293 1915 321 relere-
1934 289 1940 304 ”

1122 327 1219 362 batque
1230 328 1240 338 ⁴
1256 328 1281 354 in
1296 327 1388 354 album
1401 333 1427 354 et
1441 329 1603 363 proponebat
1617 329 1734 356 tabulam
1748 330 1915 366 domnizone-

1121 369 1174 390 ,κιαι
1190 369 1218 390 ut
1231 369 1301 390 esset
1315 365 1414 399 populo
1427 366 1617 401 cognoscendi,
1642 367 1669 397 ii.
1685 368 1732 402 qui
1747 368 1826 394 etium
1841 376 1914 396 nune
1934 355 1939 376 ⁴

1121 401 1229 427 annales
1243 402 1352 428 maximi
1368 403 1547 429 nominantur.
1563 404 1605 429 53.
1621 404 1692 430 itanc
1706 404 1912 432 similitudinem
1935 417 1937 430 ε

1121 438 1253 465 scribendi
1269 439 1345 465 multi
1361 440 1443 465 secuti
1458 441 1585 475 sunt.qui
1599 441 1658 467 sine
1672 441 1919 474 ullispmamentis,
1933 439 1937 472 ζ

1122 480 1291 502 monumenta
1313 475 1401 502 solnm
1425 481 1584 511 temporum,
1609 477 1757 509 hominum.
1783 478 1910 511 locorum.
1928 488 1937 502 ··

1119 517 1310 548 gestarumque
1325 522 1411 540 rerum
1427 514 1602 549 reliquerunt.
1634 515 1724 550 ltaque
1737 516 1826 550 qualis
1839 515 1913 551 apud
1931 520 1936 541 5

1121 551 1234 576 Graecos
1250 551 1423 581 l'herecvdes.
1440 551 1600 581 Hellanicus,
1614 552 1735 578 Acusilas
1748 552 1797 579 suit
1811 553 1912 588 aliique

1121 629 1218 655 tenent.
1234 626 1334 660 quibus
1349 626 1429 652 rebus
1442 631 1550 652 ornetur
1563 627 1654 657 oratio,
1669 626 1758 660 (modo
1770 627 1842 654 enim
1857 627 1910 654 hue
1930 629 1935 658 l

1120 662 1169 687 ista
1183 667 1246 688 sunt
1261 663 1408 697 importata)
1421 668 1455 694 et,
1470 663 1536 689 dum
1551 663 1797 699 intelligatur,quid
1810 664 1908 696 dicant.
1929 672 1930 675 ’

1121 707 1200 725 unam
1210 699 1314 726 dicendi
1327 700 1430 726 laudem
1443 705 1535 735 putant
1545 709 1604 726 esse
1615 701 1912 728 brevitatem.5t.1>aut-
1923 720 1925 722 -

1121 819 1172 837 non
1189 816 1357 837 exornatores
1376 820 1474 842 rerum,
1498 812 1546 838 sed
1565 812 1748 838 tantummodo
1764 817 1929 842 narratores·

1121 847 1238 874 suerunt.
1260 848 1330 875 Xlll.
1346 849 1400 879 Est,
1418 849 1505 884 inquit
1519 849 1638 879 Catulus,
1655 854 1683 875 ut
1696 849 1774 876 dicis.
1794 849 1846 876 Sed
1860 846 1926 878 istm*A

1121 885 1177 919 ipse
1191 885 1298 911 Caelius
1312 894 1399 920 neque
1412 886 1535 912 distinxit
1549 886 1685 912 historiam
1702 887 1826 913 varietate
1841 886 1927 930 loco-13:

1120 930 1179 948 rum
1191 922 1202 934 ’
1218 931 1305 957 neque
1320 923 1460 949 verborum
1474 923 1645 949 collocatione
1654 928 1680 949 et
1692 928 1774 950 tractu
1784 924 1925 956 orationis„

1120 1005 1206 1031 neque
1219 996 1313 1023 doctus
1328 1006 1414 1032 neque
1429 998 1544 1023 maxime
1556 1002 1635 1032 aptus
1648 997 1681 1024 ad
1692 997 1845 1029 dicendum,
1858 999 1924 1031 sic-v

1120 1038 1149 1059 ut
1163 1035 1256 1068 potuit,
1278 1034 1391 1066 dolat-iu
1421 1035 1485 1061 vicit
1499 1039 1596 1065 tamen,
1611 1039 1641 1061 ut
1654 1035 1731 1066 dicis,
1746 1035 1908 1070 superiores.

1118 1072 1160 1097 55.
1177 1071 1286 1097 Minime
1301 1072 1407 1102 mirum,
1420 1072 1509 1107 inquit
1520 1072 1659 1103 Antonius,
1667 1073 1690 1098 si
1705 1073 1754 1099 ista
1769 1080 1810 1099 ren
1820 1072 1919 1103 adhuc,

1119 1113 1206 1134 nostra
1226 1108 1316 1144 lingua
1335 1109 1466 1135 illustrata
1485 1118 1536 1136 non
1555 1113 1603 1135 est.
1638 1110 1722 1136 Nemo
1735 1109 1806 1136 enim
1820 1109 1925 1137 studet„

1117 1257 1149 1283 ad
1163 1262 1262 1284 ceteras
1277 1266 1318 1284 res
1331 1258 1459 1289 illustres,
1472 1263 1528 1284 tum
1542 1258 1575 1284 ad
1589 1258 1757 1284 scribendam
1772 1258 1917 1295 historiam¹

1117 1295 1233 1320 maxime
1247 1304 1275 1321 se
1289 1295 1500 1330 applicaverunt.
1527 1296 1648 1330 Namque
1661 1300 1686 1321 et
1701 1294 1861 1322 Herodotum
1876 1294 1921 1328 it-:=

1118 1331 1183 1362 lum,
1199 1333 1245 1367 qui
1260 1333 1385 1367 princeps
1398 1341 1484 1368 genus
1498 1333 1548 1359 hoc
1561 1333 1672 1363 ornavit,
1689 1333 1716 1358 in
1727 1333 1830 1359 caussis
1840 1332 1909 1359 nibil

1116 1369 1225 1395 omnino
1247 1374 1382 1396 versatum
1404 1378 1464 1396 esse
1486 1370 1648 1404 accepimus
1684 1369 1766 1404 Atqui
1785 1373 1854 1396 tanta
1868 1374 1911 1398 est

1116 1405 1276 1441 eloquentia.
1292 1411 1321 1433 ut
1335 1415 1377 1433 me
1390 1407 1509 1442 quidem,
1525 1411 1656 1442 quantum
1670 1415 1720 1442 ego
1733 1407 1832 1434 Graece
1842 1408 1917 1442 scri-.-

1116 1447 1160 1478 pta
1174 1443 1321 1480 intelligere
1337 1453 1458 1479 possum,
1479 1452 1575 1480 magno
1587 1453 1666 1479 opere
1679 1443 1804 1476 delectet;
1825 1445 1867 1471 56.
1882 1448 1910 1471 et

1116 1485 1177 1515 post
1194 1480 1272 1507 illum
1290 1481 1462 1517 Thucydides
1479 1490 1572 1508 omnes
1589 1481 1695 1508 dicendi
1713 1481 1832 1513 artificio,
1848 1489 1910 1508 mea

1116 1518 1255 1549 sententia,
1276 1517 1353 1545 facile
1371 1519 1447 1551 vicit3
1475 1519 1523 1553 qui
1541 1519 1576 1545 ita
1593 1519 1686 1545 creber
1698 1523 1739 1545 est
1752 1527 1841 1545 rerum
1856 1517 1910 1545 l're-

1115 1555 1233 1590 quentia,
1254 1560 1283 1581 ut
1300 1555 1443 1582 verborum
1460 1564 1542 1591 prope
1559 1564 1701 1582 numerum
1716 1555 1914 1592 sententiarum,

1115 1601 1227 1619 numero
1239 1597 1431 1628 consequatur3
1459 1594 1494 1619 ita
1507 1601 1585 1628 porro
1598 1593 1688 1620 verbis
1701 1598 1780 1628 aptus
1793 1598 1819 1619 et
1833 1601 1909 1628 pres-

1115 1638 1171 1660 sus,
1188 1634 1218 1656 ut
1231 1630 1342 1661 nescias,
1359 1635 1449 1656 utrum
1463 1639 1505 1656 res
1518 1631 1643 1661 emtione,
1659 1639 1692 1656 an
1706 1630 1786 1656 verba
1800 1635 1914 1670 senten-⁸

1115 1667 1159 1693 tiis
1173 1666 1350 1693 illustrentur.
1381 1667 1463 1702 Atqui
1479 1676 1510 1694 ne
1525 1668 1597 1694 hunc
1609 1667 1729 1703 quidem,
1740 1675 1907 1702 quamquam

1115 1750 1183 1772 rum.
1199 1742 1247 1776 qui
1265 1750 1374 1768 caussas
1385 1741 1552 1774 dictitarunt;
1572 1746 1597 1768 et
1611 1742 1659 1768 hos
1674 1741 1756 1768 libros
1770 1746 1826 1768 tum
1840 1750 1869 1768 sc

1113 1816 1186 1850 quod
1199 1816 1300 1850 optimo
1312 1817 1411 1851 cuique
1425 1816 1536 1842 Athenis
1554 1816 1672 1843 accidere
1685 1816 1795 1843 solitum
1813 1820 1862 1847 est,
1877 1824 1910 1854 ug

1113 1853 1241 1880 exsilium
1255 1853 1352 1887 pulsus
1365 1858 1444 1879 esset.
1478 1854 1520 1880 57.
1540 1854 1616 1880 Hunc
1629 1857 1789 1880 consecutus
1801 1857 1842 1880 est
1854 1852 1892 1889 Sy

1113 1890 1235 1917 racusius
1249 1890 1389 1922 Philistus,
1404 1891 1461 1925 qui,
1476 1899 1562 1926 quum
1575 1891 1695 1926 Dionysii
1709 1891 1814 1926 tyranni
1827 1889 1907 1917 tami-

1114 1927 1274 1954 liarissimus
1288 1932 1366 1958 esset,
1383 1929 1467 1954 otium
1481 1936 1562 1954 suum
1575 1928 1744 1962 consumpsit
1756 1927 1784 1954 in
1795 1927 1896 1954 histor-i

1113 1965 1262 1995 scribenda,
1286 1966 1456 2000 maximeque
1478 1964 1663 2000 Thucydidem
1685 1969 1734 1996 est,
1754 1965 1825 1991 sicut
1837 1963 1908 1991 mih‘

1113 2001 1227 2033 videtur.
1251 2002 1381 2029 imitatus.
1414 2002 1507 2028 Postea
1525 2010 1596 2032 vero.
1619 2002 1698 2037 quasi
1711 2010 1746 2028 ex
1757 2001 1888 2028 clarissim

1113 2038 1226 2066 rhetoris
1243 2038 1360 2070 officina,
1379 2039 1434 2066 duo
1447 2044 1610 2074 praestantes
1623 2039 1739 2075 ingenio,
1754 2038 1883 2074 Theopon
1896 2061 1902 2068 ,

1113 2084 1164 2110 pus
1182 2080 1208 2102 et
1224 2076 1359 2110 Ephorus,
1379 2076 1412 2102 ab
1426 2077 1538 2102 Isocrate
1552 2077 1679 2112 magistro
1692 2075 1813 2111 impulsi,
1828 2084 1857 2102 se
1875 2088 1878 2098 τ
1891 2088 1895 2097 ι

1113 2113 1250 2140 historiam
1272 2113 1454 2146 contulerunt;
1487 2122 1596 2140 caussas
1621 2113 1730 2140 omnino
1755 2121 1869 2148 numqu
1884 2126 1907 2139 ιι.

1112 2151 1264 2186 attigerunt.
1299 2151 1369 2177 xlv.
1394 2151 1436 2177 58.
1456 2151 1577 2186 Denique
1599 2151 1679 2177 etiam
1701 2158 1716 2177 a
1732 2149 1870 2185 philosop
1879 2150 1885 2156 '
1905 2165 1907 2174 ·

1111 2187 1246 2222 profectus
1259 2188 1383 2222 princeps
1397 2187 1714 2222 Xenophon,Socraticus
1727 2186 1782 2218 ille,
1797 2191 1857 2222 post
1875 2206 1877 2209 ι

1111 2224 1251 2251 Aristotele
1265 2224 1450 2255 Callisthenes,
1469 2233 1559 2251 comes
1572 2224 1724 2255 Alexandri.
1740 2224 1848 2259 scripsit
1881 2224 1887 2230 '

1112 2261 1229 2292 storiam,
1253 2267 1279 2288 et
1300 2262 1344 2288 hic
1365 2262 1475 2296 quidem
1498 2262 1628 2288 rhetorico
1648 2269 1733 2297 paene
1746 2269 1832 2293 more;
1857 2261 1875 2288 il
1894 2280 1898 2282 -

1111 2303 1199 2325 autem
1213 2300 1335 2333 superior
1349 2299 1447 2325 leniore
1460 2299 1576 2334 quodam
1589 2307 1655 2325 sono
1667 2303 1708 2325 est
1720 2307 1797 2330 usus,
1815 2302 1842 2325 et
1860 2310 1865 2321 ·
1881 2308 1903 2320 ιιι

1111 2335 1189 2362 illum
1203 2335 1333 2370 impetum
1343 2337 1453 2362 oratoris
1462 2345 1515 2363 non
1525 2336 1629 2367 habeat,
1637 2335 1782 2362 vehemens
1791 2335 1819 2362 fo
1848 2348 1852 2358 «-
1863 2348 1894 2370 v,

1112 2373 1211 2404 minus,
1230 2373 1277 2399 sed
1296 2373 1432 2408 aliquanto
1449 2378 1537 2400 tamen
1550 2378 1598 2404 ost,
1614 2377 1644 2399 ut
1657 2372 1724 2399 mihi
1736 2372 1847 2408 quidem
1869 2372 1890 2406 ·“,

1110 2409 1196 2440 detur,
1212 2409 1324 2437 dulcior.
1340 2411 1469 2437 Minimus
1483 2414 1546 2436 natu
1559 2410 1655 2436 horum
1665 2410 1786 2436 omnium
1797 2409 1865 2436 Tim
1879 2428 1899 2440 »Ρ

1110 2455 1152 2478 us,
1167 2451 1299 2482 quantum
1313 2452 1402 2474 autem
1417 2447 1534 2474 iudicare
1547 2455 1667 2482 possum,
1685 2446 1764 2482 longe
1773 2446 1851 2473 erudi
1859 2458 1882 2469 ν
1894 2451 1895 2454 ’

1109 2484 1196 2510 simus
1209 2489 1235 2510 et
1247 2493 1338 2511 rerum
1351 2485 1426 2519 copia
1439 2489 1466 2511 et
1477 2485 1668 2511 sententiarum
1682 2485 1806 2511 varietate
1815 2484 1868 2511 ahu
1876 2497 1879 2507 ·
1888 2503 1897 2514 ,-

1109 2520 1285 2548 dantissimus
1303 2527 1329 2548 et
1346 2522 1405 2557 ipsa
1422 2521 1613 2556 compositione
1626 2521 1770 2548 verborum
1783 2529 1836 2547 non
1848 2521 1892 2557 ἰιι>

1109 2558 1217 2592 potitus,
1233 2567 1358 2594 magnam
1372 2558 1552 2594 eloquentiam
1565 2558 1599 2585 ad
1613 2557 1785 2585 scribendum
1799 2540 1896 2585 attus}

1108 2595 1156 2622 sed
1169 2595 1276 2622 nullum
1290 2596 1372 2622 usum
1386 2595 1528 2622 forensem.

1164 2634 1206 2659 5⁹.
1221 2633 1290 2659 Haec
1303 2641 1389 2668 quum
1402 2632 1449 2659 ille
1461 2632 1583 2664 dixisset,
1598 2631 1669 2665 Quid
1682 2636 1730 2664 ωε,
1741 2631 1839 2668 inquit,
1876 2652 1878 2654 v
1889 2642 1895 2665 ,-

1109 2669 1173 2701 tule,
1189 2669 1303 2696 Caesar?
1321 2670 1372 2697 Ubi
1385 2674 1457 2700 sunt,
1469 2670 1518 2704 qui
1532 2670 1676 2696 Antonium
1690 2669 1788 2696 Graece
1802 2676 1862 2705 neg
1877 2682 1879 2690 ι
