1941 3052
239 127 301 153 ⁴272
805 124 861 148 ⁴40.
895 122 929 147 M.

234 197 366 230 terfugerc
383 205 433 221 nou
452 194 528 220 ruodo
544 194 704 228 sapientiae,
727 192 774 218 sed
790 193 869 218 etiam
890 191 1026 218 felicitatis

234 234 332 260 (liceret
344 234 396 258 nitu
411 232 504 258 videri.

293 271 336 296 xi.
354 273 392 295 1363.
409 268 586 300 Quamobrem
601 266 625 292 id
639 268 756 301 primum
771 266 919 295 videamus,
934 266 956 291 si
969 265 1026 299 pla-

1054 314 1057 324 ι
1079 303 1187 328 modum
1201 302 1265 328 haec
1278 303 1353 332 liant,
1371 311 1452 336 quam
1468 302 1696 337 quemadmodum
1709 303 1752 329 bis
1764 304 1873 330 resista·

1055 340 1057 365 Ι
1079 344 1130 365 tur.
1164 340 1203 365 Η..
1219 340 1352 371 Quorsum
1366 338 1448 365 haec?
1460 339 1528 371 Quia
1539 341 1596 366 sine
1611 341 1691 366 sociis
1703 349 1781 367 nemo
1791 339 1873 375 quid-

1054 369 1057 402 l
1078 385 1158 411 quam
1176 376 1227 402 tale
1243 382 1362 402 conatur.

234 313 424 342 conquestu-uus
436 315 508 331 numr
521 306 545 330 in
559 305 674 330 amicitia
688 303 811 338 progredi
823 303 928 328 debeat.
945 303 1024 332 Num,

234 346 257 371 si
270 344 424 371 Coriolanus
438 343 530 367 habuit
542 342 655 371 amicos,
679 340 745 366 ferre
760 345 848 365 contra
862 341 972 374 patriam
985 349 1027 365 ar-

236 392 276 408 ma
300 382 337 407 illi
359 389 420 405 cum
441 379 579 405 (Inriolano
600 378 734 404 debucre‘!
759 378 827 403 Num
851 377 1024 403 Viscelluium

235 419 322 447 amici,
341 426 450 450 reguum
464 421 642 450 appetentem,
657 424 720 441 num
731 414 777 449 Sp.
787 414 912 440 Maelium
924 414 1026 440 debuc-

235 461 295 482 ruut
309 454 417 480 iuvari-‘2
446 455 487 480 ³7.
508 454 548 479 Τί,
566 452 676 487 quidem
694 452 859 481 Gracchum,
877 451 1026 485 rempubli-

233 502 290 518 cam
305 496 457 520 vexanti-m.
474 500 487 516 a
503 492 534 522 Q.
548 490 686 516 Tuberone
703 489 917 523 aequalibusque
932 489 1026 514 amicis

233 529 389 556 (lert-lictum
418 528 586 553 videbamus.
627 527 660 553 ΛΙ.
684 528 713 553 (3.
737 527 856 552 Blossius
877 527 1024 555 Cumanus,

235 567 331 600 hospes
345 565 460 591 familiae
474 570 588 594 vestrae,
605 563 743 593 Scaevola.
762 573 846 598 quum
859 563 891 589 ad
905 572 959 594 me,
978 563 1024 597 qui

233 604 339 630 mleram
353 603 459 629 Laenati
471 607 496 629 ct
509 601 615 636 ltupilio
625 601 784 627 consulibus
798 602 822 627 in
835 601 960 630 consilio,
978 600 1026 626 de-

234 646 369 677 precatum
384 640 509 670 venisset,
519 639 596 668 hanc.
610 643 638 665 ut
648 639 701 664 sibi
714 639 888 673 ignoscerem.
901 646 1024 664 caussam

233 678 366 707 afferebat,
379 677 451 712 quud
465 677 528 703 tanti
540 677 580 703 Ti.
594 676 744 702 Gracchum
758 675 872 706 fecisset,
890 680 927 706 ut,
943 674 1025 710 quid-

232 715 298 750 quid
318 715 361 741 ille
378 714 470 745 vellet,
488 714 541 740 sibi
559 713 710 740 faciendum
727 718 841 748 putaret.
882 713 949 738 Tum
965 721 1024 748 ego,

234 754 361 782 Etiamne,
379 755 402 778 si
417 757 438 778 te
453 755 478 777 ιἰι
493 752 644 784 Capitulium
657 754 727 784 [aces
741 753 809 784 serre
820 749 911 777 veltet?
932 750 1026 776 »Num-

232 800 321 824 qumn,
339 790 440 824 inquit,
465 791 581 815 votuisse-e
598 791 623 814 id
637 790 744 821 quidem.
784 788 846 818 Sed,
861 789 1025 817 aiveina-1³21,

230 830 399 861 parnissem.«
440 826 555 856 videus,
573 834 653 860 quam
671 825 770 852 nefaria
785 834 847 851 vox.
887 824 920 850 Et
938 823 1026 850 hercle

234 866 267 891 ita
281 864 354 893 fecie
370 863 410 889 vel
425 863 485 898 plus
497 864 585 893 etiam,
599 872 680 897 quam
691 863 773 889 dixit:
791 871 842 889 non
854 862 925 888 enim
938 862 1027 896 paruit

234 902 278 928 ille
290 902 330 927 Ti.
344 901 458 927 Gracchi
471 901 620 931 temeritati,
637 900 683 926 sed
696 899 824 935 praefuit3
843 908 891 926 nec
902 908 930 925 se
941 899 1026 925 comi-

233 944 286 966 tem
303 938 377 965 illius
394 938 504 967 furoris,
522 938 568 964 sed
584 937 680 964 ducem
697 937 829 972 praebuit.
870 937 961 971 ltaque
978 936 1026 962 hac

232 977 358 1003 amentia.
371 976 526 1010 quaestione
539 984 604 1001 nova
617 975 780 1009 perterritus,
794 975 820 1000 in
831 974 921 1000 Asiam
935 973 1026 1008 profu-

232 1015 285 1049 git,
303 1013 336 1039 ad
353 1013 442 1039 hostes
458 1022 486 1038 se
501 1012 626 1042 contulit,
644 1021 743 1047 poenas
755 1011 918 1046 reipublicae
930 1020 1026 1046 graves

232 1052 372 1085 iustasque
389 1050 527 1084 persolvit.

232 1089 294 1117 cati,
308 1089 331 1114 si
342 1088 420 1114 amici
433 1096 527 1113 caussa
540 1087 703 1121 peccaveris.

234 1125 323 1151 liatrix
343 1125 476 1151 amicitiae
499 1125 605 1150 virtutis
625 1125 716 1158 opinio
738 1123 830 1153 fuerit,
855 1122 966 1149 difficile
987 1127 1027 1148 est

232 1163 379 1189 amicitiam
392 1170 512 1192 manere,
530 1162 553 1187 si
570 1170 583 1187 a
596 1162 694 1187 virtute
705 1161 845 1187 defeceris.
886 1162 927 1187 38.
949 1159 1025 1191 Quod

232 1201 256 1226 si
268 1204 369 1226 rectum
381 1199 562 1227 statuerimus,
573 1198 613 1223 vel
626 1198 770 1224 concedere
778 1196 1026 1232 amicis,quidquid

233 1237 325 1267 velint,
339 1236 380 1262 vel
395 1237 535 1270 impetrare
547 1236 579 1261 ab
592 1236 633 1265 iis,
646 1235 782 1270 quidquid
794 1235 923 1267 velimus;
939 1234 1026 1269 perfe-

231 1280 271 1301 cta
283 1274 394 1308 quidem
408 1273 538 1307 sapientia
552 1274 652 1303 simus,
675 1273 698 1298 si
711 1272 778 1298 nihil
792 1272 887 1298 habeat
897 1281 939 1298 res
951 1272 1023 1298 vitii:

231 1311 278 1338 sed
292 1311 429 1346 loquimur
439 1310 471 1336 de
483 1311 516 1336 iis
528 1311 631 1341 amicis,
640 1311 688 1345 qui
699 1314 759 1337 ante
770 1309 862 1336 oculos
873 1315 944 1341 sunt,
958 1317 1026 1344 quos

232 1348 365 1379 vidimus,
383 1352 428 1374 aut
443 1347 476 1373 ‹le
491 1348 592 1382 quibus
605 1349 760 1374 memoriam
772 1348 940 1382 accepimus,
958 1355 1025 1381 quos

231 1387 306 1412 novit
316 1386 369 1412 vita
381 1386 543 1412 communis.
578 1385 617 1411 Ex
630 1385 678 1411 hoc
691 1393 802 1411 numero
814 1384 891 1411 nobis
903 1384 1026 1419 exempla

230 1422 362 1449 sumenda
377 1427 452 1453 sunt,
471 1427 496 1449 et
507 1431 599 1449 eorum
610 1422 722 1457 quidem
734 1423 865 1453 maxime,
878 1423 927 1457 qui
938 1422 972 1449 ad
983 1431 1027 1448 sa-

230 1461 360 1495 pientiam
382 1460 504 1494 proxime
524 1459 664 1486 accedunt.
705 1461 746 1486 39,
773 1459 903 1486 Videmus
924 1461 1025 1494 Papum

230 1497 376 1524 Aemilium
389 1497 418 1524 C.
434 1498 549 1523 Luscino
562 1497 720 1523 familiarem
737 1496 834 1527 fuisse,
857 1497 906 1531 (sic
918 1506 931 1523 a
943 1497 1027 1532 patri-

230 1535 282 1561 bus
293 1534 469 1569 accepimus,)
481 1535 523 1560 bis
538 1543 590 1561 una
601 1534 739 1565 consules,
757 1534 873 1570 collegas
889 1535 917 1560 in
929 1543 1027 1560 censu—

230 1581 272 1598 ra:
295 1577 351 1598 tum
367 1577 392 1598 et
407 1580 468 1598 cum
485 1572 518 1597 iis
534 1576 560 1598 et
576 1572 644 1598 inter
654 1580 683 1597 se
694 1572 930 1598 coniunctissimos
942 1571 1026 1598 fuisse

230 1610 274 1635 Μ’.
289 1609 400 1636 Curium
417 1614 442 1635 et
456 1609 497 1635 Ti.
515 1608 713 1636 Coruncanium
730 1610 874 1635 memoriae
889 1609 1025 1644 proditum

230 1652 279 1673 est.
321 1647 404 1682 {gitur
424 1655 456 1672 ne
471 1647 604 1680 suspicari
622 1646 733 1681 quidem
749 1655 908 1681 possumus,
931 1655 1027 1681 quem-

230 1692 312 1718 quam
328 1684 424 1710 horum
438 1683 471 1710 ab
489 1685 576 1710 amico
591 1684 731 1718 quippiam
747 1684 932 1714 contendisse,
954 1683 1026 1718 quod

230 1725 321 1747 contra
338 1720 430 1750 fidem,
449 1726 539 1747 contra
555 1721 758 1752 iusiurandum,
775 1726 864 1747 contra
877 1721 1027 1755 rempubli-

230 1766 289 1784 cam
310 1762 390 1784 esset.
430 1758 496 1784 Nam
519 1758 567 1784 hoc
588 1758 699 1792 quidem
715 1759 742 1784 in
761 1758 860 1784 talibus
876 1759 943 1784 viris
959 1758 1026 1792 quid

231 1796 324 1821 attinet
335 1795 463 1825 dicere‚si
475 1795 665 1825 contendisset,
678 1796 882 1830 impetraturum
894 1804 945 1822 non
958 1795 1026 1821 fuis—

230 1832 277 1858 se‘?
297 1841 382 1867 quum
398 1832 438 1858 illi
453 1833 617 1859 sanctissimi
634 1833 685 1859 viri
702 1832 813 1863 fuerint,
836 1841 920 1867 aeque
936 1837 1025 1859 autem

231 1869 306 1896 nefas
316 1870 360 1899 sit,
374 1869 424 1896 tale
438 1869 541 1904 aliquid
553 1874 579 1896 et
590 1869 675 1896 facere
687 1874 808 1905 rogatum
820 1875 844 1896 et
856 1878 958 1905 rogare.
992 1869 1025 1896 At

230 1914 294 1932 vero
305 1907 346 1932 Ti.
359 1906 512 1933 Gracchum
523 1907 706 1941 sequebantur
716 1907 746 1933 C.
759 1906 857 1937 Carbo,
869 1907 899 1933 C.
912 1907 984 1937 Cato,
1001 1911 1026 1933 et

230 1944 343 1970 minime
355 1948 418 1970 tunc
429 1943 540 1978 quidem
551 1944 631 1970 Caius
645 1944 736 1974 frater,
754 1952 826 1970 nunc
841 1944 913 1970 idem
927 1944 1026 1969 acerri-

230 1989 302 2007 mus.
342 1980 401 2007 ΧΠ.
420 1981 461 2007 40.
483 1981 552 2006 Haec
563 1981 647 2016 igitur
659 1981 739 2007 lexin
751 1981 868 2007 amicitia
879 1981 1023 2011 sanciatur,

230 2023 261 2044 ut
281 2025 368 2052 neque
388 2025 512 2053 rogemus
534 2026 575 2044 res
594 2022 698 2052 turpes,
720 2026 769 2044 nec
783 2017 913 2044 faciamus
929 2019 1024 2053 rogati.

230 2055 329 2089 Turpis
340 2055 412 2080 enim
423 2055 561 2081 excusatio
571 2055 759 2081 estetminime
770 2055 925 2090 accipienda
939 2064 1025 2090 quum

230 2093 258 2118 in
269 2092 365 2118 ceteris
377 2092 502 2126 peccatis,
511 2096 568 2118 tum
579 2093 602 2118 si
613 2093 675 2127 quis
687 2097 776 2119 contra
789 2093 985 2127 rempublicam
997 2101 1025 2118 se

230 2129 311 2155 amici
321 2137 416 2156 caussa
428 2128 523 2155 fecisse
535 2128 658 2156 fateatur.
697 2129 804 2156 Etenim
815 2139 846 2156 eo
857 2130 923 2161 loco,
940 2130 1025 2156 Fanni

230 2172 255 2193 et
274 2166 415 2197 Scaevola,
438 2166 516 2192 locati
535 2175 644 2197 sumus,
665 2171 695 2193 ut
715 2175 763 2193 nos
780 2167 857 2203 longe
872 2167 1025 2202 prospicere

229 2208 348 2238 oporteat
358 2203 461 2230 futuros
471 2212 550 2230 casus
562 2203 736 2238 reipublicae.
765 2203 877 2231 Dessexit
887 2205 960 2231 enim
971 2205 1024 2230 iam

230 2240 428 2276 aliquantulum
445 2240 478 2267 de
492 2242 579 2275 spatio
589 2241 779 2276 curriculoque
790 2242 957 2268 consuetudo
968 2251 1026 2268 ma-

230 2278 328 2304 iorum.
368 2278 409 2304 Ti.
425 2277 563 2304 Gracchus
579 2287 692 2314 regnum
706 2287 836 2314 occupare
847 2284 958 2306 conatus
969 2284 1022 2311 est3

230 2315 272 2341 vel
283 2316 406 2351 regnavit
417 2315 440 2341 is
450 2315 561 2350 quidem
573 2324 672 2350 paucos
683 2325 800 2343 menses.
821 2317 862 2343 4⁴.
875 2317 946 2342 Num
957 2316 1025 2351 quid

229 2352 318 2379 simile
334 2351 452 2388 populus
463 2353 598 2379 Romanus
613 2353 734 2380 audierat
748 2358 794 2380 aut
808 2353 929 2380 viderat?
949 2354 1026 2380 Hunc

229 2390 309 2416 etiam
320 2394 380 2424 post
390 2394 502 2416 mortem
517 2391 603 2417 secuti
619 2391 699 2417 amici
712 2395 738 2417 et
752 2392 899 2425 propinqui
914 2391 981 2425 quid
996 2391 1024 2417 in

229 2427 258 2453 P.
271 2427 397 2461 Scipione
408 2426 556 2458 effecerint,
573 2428 632 2454 sine
650 2427 768 2454 lacrimis
780 2436 832 2454 non
842 2436 912 2463 queo
923 2428 1023 2454 dicere.

229 2464 296 2489 Nam
307 2464 465 2494 Carbonem.
478 2473 588 2500 quoquo
604 2464 682 2491 modo
693 2465 845 2500 potuimus,
864 2470 972 2500 propter
982 2474 1026 2491 re-

229 2505 333 2527 centem
353 2510 466 2536 poenam
492 2502 534 2528 Ti.
560 2501 676 2528 Gracchi
700 2503 893 2528 sustinuimus.
933 2503 970 2528 De
993 2502 1023 2529 C.

231 2537 345 2564 Gracchi
361 2543 449 2564 autem
465 2539 603 2566 tribunatu
618 2538 686 2574 quid
700 2544 868 2574 exspectem,
890 2548 943 2566 non
960 2539 1026 2566 libet

229 2576 367 2609 augurari.
400 2575 488 2610 Serpit
498 2576 597 2603 deinde
608 2585 650 2603 res
658 2597 664 2608 ,
680 2585 750 2611 quae
760 2576 908 2611 proclivius
920 2576 953 2603 ad
963 2585 1026 2611 per-

229 2612 338 2642 niciem,
350 2620 435 2646 quum
446 2613 530 2639 semel
541 2614 642 2648 coepit,
660 2613 769 2640 labitur.
808 2613 926 2645 Videtis,
942 2614 971 2640 in
985 2618 1025 2640 ta-

228 2648 300 2675 bella
311 2649 364 2675 iam
379 2654 439 2676 ante
454 2655 552 2684 quanta
568 2651 604 2678 sit
619 2649 685 2678 facta
699 2650 787 2682 labes,
804 2651 893 2686 primo
907 2651 1023 2678 Gabinia

743 1087 823 1115 Nam,
840 1095 925 1120 quum
937 1086 1027 1111 conci-

1054 200 1056 225 g
1080 191 1150 225 lege,
1169 191 1278 217 biennio
1289 196 1377 216 autem
1390 190 1560 225 postcassia.

1054 234 1056 256 1
1078 228 1208 262 populum
1221 238 1234 253 a
1245 233 1338 254 senatu
1350 227 1532 258 disiunctum,
1550 228 1788 264 multitudinisque
1799 229 1872 255 arbi-

568 1049 646 1075 Nulla
662 1054 701 1076 est
716 1050 799 1085 igitur
813 1049 950 1075 excusatio
964 1057 1027 1082 pec·
1055 1074 1057 1078 ,

1054 1086 1057 1124 ’1
1078 1085 1135 1111 nori
1151 1093 1230 1111 curae
1245 1090 1298 1115 est,
1316 1084 1405 1120 qualis
1421 1085 1573 1120 respublica
1590 1090 1649 1120 post
1663 1090 1774 1112 mortem
1786 1092 1873 1111 meam

1055 1147 1057 1160 ἴ
1078 1121 1166 1148 futura
1187 1123 1235 1153 sit,
1256 1131 1337 1157 quam
1359 1122 1447 1157 qualis
1469 1122 1548 1149 hodie
1564 1123 1608 1148 sit.

963 121 993 147 T.
1025 120 1296 147 ClCEltONlS

1602 190 1698 218 videre
1713 191 1766 218 iam
1778 190 1871 219 videor

1079 266 1128 291 trio
1140 274 1181 291 res
1193 266 1325 291 maximas
1336 266 1389 300 agi.
1431 265 1523 291 Plures
1534 266 1606 292 enim
1618 266 1730 295 discent,
1741 265 1873 301 quemad·

1405 377 1625 411 Praecipiendum
1639 382 1679 404 est
1691 378 1773 413 igitur
1783 377 1871 408 bonis.

1080 419 1115 443 ut,
1129 415 1151 439 si
1167 414 1191 439 in
1203 413 1336 440 eiusmodi
1349 414 1481 440 amicitias
1495 415 1579 448 ignari
1591 423 1654 440 casu
1666 414 1758 449 aliquo
1770 414 1874 441 incide-

1055 458 1056 461 *
1079 452 1139 479 rint.
1159 460 1190 477 ne
1201 452 1365 482 existiment.
1383 451 1416 477 ita
1429 460 1456 477 se
1469 451 1599 485 alligatos,
1614 457 1642 478 ut
1653 451 1686 478 ab
1698 452 1792 478 amicis
1807 453 1834 479 in
1845 460 1873 478 re

1079 488 1186 522 publica
1203 488 1378 522 peccantibus
1394 497 1445 515 non
1461 484 1614 515 discedant:
1638 489 1768 524 improbis
1784 494 1873 515 autem

1054 538 1056 554 μ
1079 534 1161 559 poena
1178 525 1318 552 statuenda
1334 530 1386 551 est:
1409 534 1456 552 nec
1469 535 1530 552 vero
1542 526 1628 552 minor
1641 526 1687 555 iis,
1704 526 1752 561 qui
1764 526 1873 561 sequuti

1054 557 1056 594 l
1078 568 1155 589 crunt
1171 563 1297 594 alterum,
1315 572 1396 598 quam
1415 564 1461 593 iis,
1480 564 1527 597 qui
1545 564 1596 598 ipsi
1614 563 1713 589 fuerint
1729 563 1873 598 impietatis

1078 600 1170 626 duces.
1210 601 1277 632 Quis
1296 600 1392 627 clarior
1412 601 1438 626 in
1460 600 1571 627 Graecia
1593 599 1790 627 Themistocle?
1809 601 1873 635 quis

1078 637 1227 672 potentior?
1240 639 1291 669 Qui
1304 646 1388 672 quum
1401 638 1543 672 imperator
1557 638 1628 665 bello
1640 638 1745 664 Persico
1756 638 1874 664 servitu-

1079 679 1102 700 te
1118 675 1257 700 Graeciam
1277 675 1415 701 liberasset
1431 680 1592 710 propterque
1610 675 1740 701 invidiam
1758 675 1784 701 in
1799 675 1874 701 exsi-

1079 711 1144 738 lium
1157 713 1257 738 missus
1268 717 1347 743 esset,
1357 713 1475 747 ingratae
1488 713 1587 747 patriae
1600 713 1726 739 iniuriam
1738 720 1789 739 non
1801 711 1871 743 tulit,

1077 758 1157 784 quam
1171 749 1237 775 ferre
1249 749 1352 776 debuit.
1395 750 1467 776 Fecit
1480 749 1564 780 idem,
1583 749 1656 784 quod
1671 757 1710 775 xx
1725 750 1803 776 annis
1814 754 1874 776 ante

1078 786 1149 820 apud
1167 796 1214 813 nos
1231 786 1327 813 fecerat
1338 787 1505 813 Coriolanus.
1547 787 1593 813 ttis
1608 786 1714 813 adiutor
1724 791 1813 813 contra
1825 795 1874 821 pa-

1078 824 1154 850 triam
1167 824 1292 851 inventus
1303 829 1343 850 est
1355 833 1445 851 nemo:
1470 825 1559 860 itaque
1571 829 1682 851 mortem
1694 824 1748 850 sibi
1760 828 1874 859 uterque

1077 862 1218 888 conscivit.
1261 863 1301 888 43.
1327 861 1414 893 Quare
1440 861 1499 888 talis
1526 862 1711 897 improborum
1732 861 1874 888 consensio

1078 907 1129 924 non
1142 898 1220 925 modo
1231 899 1403 925 excusatione
1414 900 1548 925 amicitiae
1560 899 1671 935 tegenda
1687 907 1738 925 non
1755 903 1807 928 est,
1825 897 1874 924 sed

1079 936 1167 970 potius
1181 937 1254 962 omni
1271 936 1406 971 supplicio
1423 936 1599 966 vindicanda,
1621 941 1650 962 ut
1670 944 1703 962 ne
1717 936 1780 971 quis
1797 934 1872 972 [sibi]

1077 981 1235 999 concessum
1245 979 1329 1008 putet,
1342 975 1459 1000 amicum
1473 973 1514 1000 vel
1527 973 1628 1000 bellum
1644 974 1743 1008 patriae
1756 971 1874 999 inseren-

1078 1015 1130 1036 tem
1151 1012 1239 1045 sequi.
1279 1010 1355 1043 Quod
1371 1010 1495 1046 quidem.
1522 1017 1551 1038 ut
1566 1020 1607 1037 res
1623 1011 1711 1045 coepit
1726 1011 1777 1041 ire,
1800 1009 1872 1036 haud

1077 1048 1142 1078 scio,
1156 1057 1188 1074 an
1200 1047 1345 1083 aliquando
1357 1047 1478 1074 futurum
1489 1049 1534 1074 sit.
1574 1047 1640 1074 Mihi
1655 1052 1744 1074 autem
1757 1056 1808 1074 non
1821 1048 1874 1073 mi-

1649 1121 1719 1148 Xllt.
1741 1123 1782 1149 Η.
1804 1122 1874 1148 Haec

1079 1159 1160 1194 igitur
1171 1160 1257 1194 prima
1273 1159 1316 1186 lex
1327 1160 1460 1186 amicitiae
1471 1160 1620 1189 sanciatur,
1634 1163 1663 1185 ut
1673 1159 1707 1185 ab
1718 1159 1813 1186 amicis
1825 1159 1874 1185 ho-

1079 1202 1151 1223 nesta
1168 1202 1304 1231 petamus;
1328 1198 1475 1223 amicorum
1491 1205 1586 1223 caussa
1603 1196 1712 1223 honesta
1727 1195 1871 1227 faciamus;

1078 1242 1110 1259 ne
1117 1234 1505 1269 exspectemusquidem,dum
1518 1242 1655 1270 rogemur;
1669 1233 1790 1260 studium
1801 1241 1874 1260 sem—

1078 1280 1125 1305 per
1138 1271 1221 1301 adsit,
1239 1273 1373 1298 cunctatio
1389 1272 1472 1304 absit;
1495 1271 1640 1298 consilium
1656 1279 1718 1298 vero
1732 1271 1794 1298 dare
1805 1279 1874 1307 gau-

1078 1308 1190 1335 deamus
1203 1308 1295 1336 libere.
1313 1309 1464 1335 Plurimum
1477 1309 1505 1335 in
1516 1309 1634 1335 amicitia
1645 1309 1794 1335 amicorum
1804 1308 1874 1335 bene

1077 1346 1250 1373 suadentium
1263 1346 1350 1373 valeat
1361 1347 1516 1376 auctoritas,
1534 1354 1619 1381 eaque
1633 1351 1659 1372 et
1670 1345 1830 1372 adhibeatur
1839 1344 1874 1372 ad

1078 1383 1242 1410 monendum
1255 1393 1306 1411 non
1319 1384 1398 1411 modo
1409 1388 1507 1419 aperte,
1519 1383 1567 1410 sed
1578 1383 1659 1410 etiam
1670 1384 1779 1414 acriter,
1795 1383 1821 1410 si
1831 1391 1873 1409 res

1054 1443 1056 1451 ,
1077 1421 1239 1456 postulabit;
1253 1427 1278 1448 et
1288 1421 1426 1448 adhibitae
1437 1425 1571 1456 pareatur.

1133 1459 1174 1485 45.
1197 1459 1262 1485 Nam
1275 1458 1455 1494 quibusdam,
1473 1467 1541 1493 quos
1556 1457 1636 1484 audio
1647 1458 1782 1492 sapientes
1793 1456 1874 1483 habi-

1077 1501 1116 1522 tos
1127 1496 1155 1522 in
1169 1496 1295 1527 Graecia,
1312 1497 1446 1531 placuisse
1462 1496 1558 1530 opinor
1574 1494 1708 1522 mirabilia
1724 1494 1870 1529 quaedam:

1077 1533 1134 1568 (sed
1151 1533 1219 1560 nihil
1235 1539 1288 1564 est,
1305 1533 1378 1568 quod
1395 1533 1435 1559 illi
1451 1541 1502 1559 non
1518 1537 1715 1567 persequantur
1725 1531 1874 1567 argutiusz)

1077 1571 1174 1605 partim
1187 1570 1329 1606 fugiendas
1341 1579 1400 1597 esse
1411 1571 1509 1597 nimias
1520 1570 1662 1600 amicitias,
1675 1578 1708 1596 ne
1720 1577 1829 1596 necesse
1839 1569 1875 1595 sit

1078 1617 1162 1634 unum
1173 1608 1319 1635 sollicitum
1330 1617 1389 1634 esse
1400 1617 1448 1643 pro
1459 1608 1598 1643 pluribu53
1612 1607 1677 1635 satis
1688 1614 1824 1642 superque
1830 1614 1875 1633 es-

1077 1653 1106 1671 se
1117 1654 1228 1672 suarum
1240 1647 1339 1681 cuique
1351 1654 1453 1677 rerumg
1471 1645 1567 1671 alienis
1577 1646 1660 1672 nimis
1671 1645 1806 1680 implicari
1816 1651 1874 1670 mo-

1078 1681 1176 1709 lestum
1187 1691 1260 1709 esse:
1273 1682 1525 1710 commodissimum
1539 1690 1612 1713 esse,
1625 1690 1707 1717 quam
1721 1682 1874 1708 laxissimas

1078 1719 1196 1746 habenas
1211 1720 1309 1747 habere
1325 1720 1471 1746 amicitiae:
1495 1728 1563 1754 quas
1578 1719 1621 1745 vel
1637 1719 1770 1749 adducas,
1787 1726 1872 1753 quum

1079 1757 1156 1788 velis,
1169 1757 1211 1783 vel
1224 1758 1354 1784 remittas.
1394 1757 1481 1791 Caput
1490 1757 1563 1782 enim
1575 1764 1634 1782 esse
1645 1755 1678 1782 ad
1690 1756 1765 1782 beate
1777 1757 1874 1782 viven—

1076 1793 1142 1820 dum
1153 1795 1337 1825 securitatem3
1351 1802 1404 1829 qua
1417 1793 1469 1820 frui
1482 1802 1533 1820 non
1546 1794 1631 1827 possit
1641 1794 1757 1823 animus,
1770 1793 1794 1819 si
1805 1798 1875 1819 tam-

1076 1839 1158 1865 quam
1169 1832 1299 1866 parturiat
1315 1840 1385 1858 unus
1400 1839 1447 1865 pro
1458 1830 1594 1865 pluribus.
1636 1831 1678 1857 46.
1700 1830 1774 1856 Alios
1783 1835 1874 1856 autem

1077 1868 1166 1894 dicere
1183 1869 1258 1895 aiunt
1272 1868 1356 1895 multo
1371 1869 1450 1894 etiam
1467 1868 1658 1898 inhumanius,
1678 1868 1770 1902 (quem
1785 1866 1873 1894 locum

1077 1905 1194 1932 breviter
1205 1906 1350 1940 perstrinxi
1362 1905 1452 1940 paullo
1466 1910 1526 1931 ante
1535 1905 1553 1940 z)
1567 1904 1696 1939 praesidii
1710 1904 1876 1931 adiumenti-

1076 1951 1130 1978 que
1141 1951 1246 1974 caussa,
1259 1952 1311 1969 non
1324 1942 1524 1969 benevolentiae
1536 1950 1623 1977 neque
1635 1942 1765 1973 caritatis,
1779 1941 1874 1968 amici—

1077 1981 1127 2006 tias
1138 1989 1197 2006 esse
1209 1980 1382 2015 expetendas.
1400 1981 1500 2015 ltaque,
1509 1980 1661 2014 utquisque
1672 1980 1816 2005 minimum
1829 1978 1874 2005 fir-

1077 2018 1177 2044 mitatis
1188 2017 1285 2044 habeat
1295 2018 1494 2052 minimumque
1506 2017 1616 2047 virium,
1632 2016 1669 2043 ita
1683 2016 1815 2043 amicitias
1825 2024 1875 2051 ap-

1077 2059 1166 2089 petere
1177 2056 1304 2082 maxime.
1321 2055 1362 2081 Ex
1372 2063 1403 2081 eo
1415 2053 1481 2085 fieri,
1490 2058 1519 2080 ut
1531 2053 1705 2080 mulierculae
1712 2054 1798 2089 magis
1804 2054 1874 2080 ami-

1076 2093 1201 2119 citiarum
1222 2091 1357 2127 praesidia
1372 2096 1515 2126 quaerant,
1537 2099 1619 2126 quam
1634 2091 1700 2122 viri,
1723 2095 1749 2117 et
1768 2092 1872 2125 inopes.

1077 2138 1159 2164 quam
1169 2130 1300 2165 opulenti,
1313 2134 1338 2156 et
1348 2129 1507 2159 calamitosi,
1519 2136 1601 2163 quam
1612 2128 1694 2155 beati.
1709 2129 1751 2154 47.
1763 2126 1786 2154 Ο
1795 2136 1874 2163 prae-

1077 2166 1175 2193 claram
1191 2167 1364 2202 sapientiam!
1383 2165 1471 2193 Solem
1490 2166 1564 2192 euim
1578 2173 1593 2191 e
1608 2164 1710 2192 mundo
1724 2164 1816 2192 tollere
1831 2165 1874 2191 vi—

1077 2203 1187 2235 dentur,
1204 2205 1253 2239 qui
1267 2204 1413 2230 amicitiam
1425 2211 1439 2229 e
1451 2204 1505 2229 vita
1516 2202 1626 2229 tollunt:
1649 2211 1703 2237 qua
1713 2201 1782 2229 nihil
1794 2211 1808 2229 a
1819 2201 1873 2228 diis

1077 2241 1276 2268 immortalibus
1288 2241 1386 2267 melius
1398 2239 1781 2271 habemus,nihitiucundius.
1799 2238 1874 2272 Quae

1077 2284 1117 2305 est
1132 2279 1205 2305 enim
1220 2279 1269 2305 ista
1285 2277 1434 2305 securitas?
1453 2277 1548 2312 Specie
1564 2276 1675 2312 quidem
1691 2276 1802 2307 blanda,
1824 2276 1872 2302 sed

1078 2324 1170 2351 reapse
1182 2315 1275 2342 multis
1287 2315 1352 2342 locis
1364 2314 1541 2350 repudianda.
1572 2314 1665 2348 Neque
1675 2314 1748 2340 enim
1758 2318 1798 2340 est
1808 2321 1872 2340 con-

1077 2358 1235 2380 sentaneum
1243 2374 1249 2384 ,
1266 2352 1350 2379 ullam
1360 2353 1499 2379 honestam
1510 2360 1567 2378 rem
1578 2352 1756 2381 actionemve,
1773 2359 1806 2377 ne
1817 2349 1872 2376 sol-

1077 2391 1168 2417 licitus
1178 2391 1230 2421 sis,
1249 2395 1295 2417 aut
1309 2399 1362 2417 non
1377 2389 1515 2424 suscipere
1531 2393 1577 2415 aut
1590 2392 1743 2423 susceptam
1753 2387 1873 2422 depone-

1076 2436 1114 2454 re.
1135 2428 1212 2460 Quod
1224 2429 1247 2454 si
1259 2436 1351 2454 curam
1363 2426 1494 2463 fugimuS,
1506 2426 1593 2452 virtus
1604 2424 1731 2461 fugienda
1740 2429 1789 2455 est,
1801 2433 1872 2459 quae

1076 2473 1186 2492 necesse
1200 2470 1241 2492 est
1255 2473 1318 2491 cum
1332 2464 1422 2500 aliqua
1432 2472 1496 2490 cura
1506 2471 1548 2489 res
1559 2462 1613 2488 sibi
1623 2462 1768 2488 contrarias
1779 2470 1872 2496 asper-

1077 2507 1154 2529 netur
1173 2507 1253 2538 atque
1267 2502 1366 2534 oderit;
1390 2506 1419 2527 ut
1436 2501 1542 2527 bonitas
1557 2498 1702 2530 malitiam,
1718 2503 1871 2534 temperan-

1076 2540 1112 2566 tia
1127 2539 1269 2566 libidinem
1278 2560 1284 2570 ,
1297 2539 1434 2575 ignaviam
1447 2536 1583 2564 fortitudo.
1623 2536 1714 2570 Itaque
1726 2536 1818 2563 videas
1829 2544 1871 2562 re-

1076 2577 1128 2603 bus
1140 2577 1248 2604 iniustis
1260 2577 1345 2603 iustos
1356 2576 1474 2602 maxime
1483 2573 1586 2603 dolere,
1604 2573 1762 2600 imbellibus
1778 2572 1868 2603 fortes,

1075 2613 1215 2650 flagitiosis
1231 2613 1376 2640 modestos.
1415 2612 1486 2647 Ergo
1502 2611 1551 2637 hoc
1565 2610 1705 2645 proprium
1726 2615 1767 2637 est
1786 2610 1870 2637 animi

1076 2651 1144 2678 bene
1154 2652 1306 2682 constituti,
1324 2655 1351 2677 et
1365 2649 1456 2676 laetari
1471 2648 1550 2674 bonis
1566 2647 1647 2674 rebus
1662 2653 1687 2675 et
1701 2647 1792 2675 dolere
1805 2656 1871 2674 con-
