1941 3052
229 128 293 154 ⁴332
801 126 859 152 262.
890 125 927 151 M.

227 199 330 225 Scitin-1
341 199 402 224 haec
413 198 485 229 tanga
497 201 553 222 rata
564 198 663 228 sert-ida
675 195 743 221 Solis
754 198 779 221 in
791 204 859 221 anno

225 241 346 269 permeat.
359 239 403 260 aut
412 236 501 267 pelago
512 235 621 259 caruli-ns
631 242 707 266 quum
718 235 800 265 surgit
812 232 871 262 Iz'ao,

226 277 272 299 aut
285 274 359 298 ruber
370 273 469 297 occidui
480 279 555 303 qutun
567 272 691 303 mergitur
701 272 821 302 aequoris
832 271 915 298 arulis,

228 314 319 335 runrta
330 318 402 334 suam
413 312 526 340 ,wa-etant
537 309 597 332 dum
609 309 674 332 curli
684 309 771 332 niati-ra
783 308 872 333 lucem.

227 348 300 372 Scire
312 348 356 372 tibi
367 347 412 370 hoc
424 346 500 377 facile
511 349 559 370 est:
576 353 684 377 namque
695 345 788 370 isthaec
798 346 884 370 onmia
895 353 964 370 mon-

633 385 717 406 strant

227 422 264 446 bis
275 421 347 453 quini
358 423 434 451 utqui·
445 427 530 443 novem
543 418 644 443 Phoebei
655 420 758 443 luminis
768 419 846 444 arbes.

229 458 296 489 (tuid
305 459 371 489 serat
384 456 462 481 (trion
473 465 489 480 a
503 463 568 480 :ona
581 457 667 481 clarus
677 458 712 481 ad
723 458 808 484 imum,

226 497 277 519 iam
290 495 354 518 nosti
365 497 386 518 et
398 494 487 518 rabida
498 494 648 524 flagrantem
659 493 746 518 Sirion
757 497 837 522 aestu,

227 534 278 556 ium
290 532 377 556 rarius
388 534 468 555 sortes
479 534 563 555 terrm·
573 534 595 555 et
607 532 686 555 maris
697 539 709 555 e
721 530 788 555 Iovis
797 532 876 556 astris

226 576 297 593 nosse
306 572 375 600 potes
386 568 514 600 stellisque
526 569 680 600 tridentiferi
695 567 812 600 Neptuni.

226 605 273 630 llis
283 613 385 637 operum
397 613 463 629 nava
471 614 478 629 .·
493 613 537 629 nee
547 606 580 630 sit
592 606 637 630 tibi
647 613 769 637 quaerere
779 606 881 635 durum,

225 644 248 667 si
259 646 281 667 te
290 643 400 667 sollu-ito
411 643 500 674 cupias
511 643 664 667 committere
673 646 758 674 ponto,

225 687 290 712 quae
302 680 347 704 tibi
357 680 395 704 vet
406 680 496 711 (luctus
508 681 546 704 vet
556 681 624 705 venti
634 680 739 711 flamina
751 683 896 704 monstrent.

225 716 270 742 Est
281 717 354 741 labor
364 717 404 741 liic
414 724 526 748 parvus:
546 724 596 742 non
605 718 721 749 praemia
732 725 815 749 parra
826 717 917 746 labori,

224 755 385 786 grandiaque
395 755 514 779 assiduas
524 754 642 780 edulcant
656 754 753 786 gaudia
766 762 852 784 curas,

225 793 278 823 ipse
289 793 378 816 etenim
389 798 441 816 sese
450 795 535 816 serrat
545 792 603 820 sibi,
615 795 700 816 serrat
712 795 734 816 et
746 791 827 820 illum,

224 836 297 861 quem
308 832 388 853 mom-t
399 829 560 857 horrendum,
573 830 682 860 sapiens,
694 830 776 853 vitare
784 828 924 860 periclum:

223 873 298 897 saepe
308 867 371 890 adeo
382 873 470 890 navem
480 866 570 898 pelago
579 866 625 890 sub
636 869 707 890 nocte
716 873 831 891 serenam

223 904 350 931 subducit,
364 906 472 928 metuens
484 907 616 928 venturam
626 911 699 928 mane
707 903 855 935 procellam.

228 939 314 965 Tertia
325 948 392 965 nunc
404 941 484 967 illam,
497 948 564 965 nunc
575 944 670 972 quarta
680 940 781 965 Aurora
792 940 899 964 videbit:

224 978 292 1002 hunc
302 978 386 1002 subita
401 979 517 1002 incautos
527 979 608 1003 veniet
617 985 701 1010 super.
742 976 833 1002 Omnia
846 977 955 1001 nondum

224 1014 339 1046 Iuppiter
350 1015 487 1039 humanum
498 1016 583 1040 docuit
593 1022 672 1047 genus
678 1023 686 1039 .·
697 1015 785 1039 abdita
796 1016 879 1039 caecis

223 1052 305 1077 multa
317 1052 395 1077 latent
406 1053 522 1081 tenebris,
536 1060 609 1084 quae,
622 1059 699 1084 quum
710 1052 782 1083 volet,
797 1053 848 1083 ipse
858 1051 954 1076 docebit

224 1090 373 1117 altitonans,
386 1091 486 1121 quinos
495 1089 640 1120 praeclaris
650 1090 761 1121 undique
769 1090 851 1120 signis

223 1127 330 1151 adiurat
341 1129 364 1150 et
373 1128 450 1151 sortis
462 1127 541 1151 tradit
552 1130 711 1151 monumenta
722 1127 833 1158 suturae.

223 1162 308 1188 Multa
318 1167 399 1188 monet
409 1165 489 1195 facies
498 1167 543 1188 aut
554 1164 690 1188 dimidiata
701 1163 808 1191 Dianae,

223 1204 270 1226 aut
281 1204 390 1232 utraque
400 1208 495 1232 augens
505 1204 550 1225 aut
562 1204 638 1225 aucto
648 1201 742 1225 lumine
750 1201 859 1233 fulgens.

222 1237 307 1263 Multa
318 1239 393 1263 etiam
404 1236 458 1262 an
468 1245 575 1270 surgens
588 1236 632 1263 Sol
643 1245 738 1262 aureus
748 1245 803 1267 ora,

223 1276 386 1300 occiduamve
395 1278 495 1306 petens:
510 1278 532 1299 et
542 1278 601 1299 sunt
611 1276 687 1299 etiam
698 1275 782 1300 altera.
791 1282 875 1307 signa,

219 1313 336 1344 plurima
346 1320 412 1344 quae
422 1315 497 1337 noctu
509 1312 548 1337 vet
560 1312 633 1337 clara
645 1312 699 1337 luce
709 1313 838 1337 videntur.

224 1348 336 1375 Observa
346 1351 456 1381 primum
467 1350 564 1374 nitidae
575 1350 625 1374 duo
636 1357 734 1374 cornua
745 1349 841 1379 Lunae,

222 1387 295 1412 illam
306 1387 373 1411 alias
385 1386 438 1411 atio
448 1387 561 1418 depingit
574 1387 667 1411 lumine
682 1386 781 1419 Vesper,

222 1427 245 1449 et
256 1425 357 1448 diversa
369 1425 434 1448 redit
446 1426 563 1449 variatae
573 1425 658 1456 forma
668 1423 777 1453 Dianae,

222 1469 299 1494 quum
309 1462 392 1493 primo
404 1463 502 1489 crescit,
518 1468 595 1494 quum
607 1465 701 1494 quarta
712 1465 734 1486 et
745 1462 822 1486 tertia
832 1461 921 1494 fulget.

221 1498 292 1523 Ilaec
303 1500 378 1523 etiam
390 1500 525 1523 instantem
534 1500 626 1530 poterit
640 1500 686 1524 tibi
696 1500 788 1524 ducere
797 1506 905 1524 mensem
910 1508 919 1530 ,-

222 1537 299 1561 tertia
311 1543 370 1560 nam
381 1536 458 1564 tenui,
470 1537 514 1560 sed
521 1543 588 1568 puro
598 1537 681 1561 sidere
691 1537 790 1568 fulgens

221 1574 287 1598 suda
298 1574 360 1597 erit:
372 1576 398 1598 at
409 1580 472 1598 raro
481 1573 598 1605 paullum
606 1575 711 1605 perfusa
722 1574 815 1598 rubore

221 1613 326 1635 ventosa
336 1613 386 1635 est:
398 1611 469 1635 nullo
479 1612 502 1635 si
513 1618 610 1635 cornua
620 1611 738 1635 acumine
747 1614 864 1643 surgant,

221 1650 366 1680 quartaque
376 1655 442 1680 quae
451 1649 568 1679 sequitur
578 1655 666 1672 crasso
675 1649 724 1680 sace
735 1648 855 1680 langueat
866 1649 928 1680 igni,

221 1688 267 1709 aut
278 1684 372 1709 Austro
382 1688 427 1709 aut
435 1685 540 1716 pluviae
549 1686 668 1716 properis
678 1685 828 1710 obtunditur
836 1686 920 1710 undis.

224 1720 297 1752 Quod
307 1723 330 1746 si
340 1729 385 1746 nec
396 1725 484 1747 nutent
497 1724 625 1747 nascentis
637 1729 734 1747 cornua
745 1721 841 1751 Lunae,

222 1760 299 1784 tertia
310 1766 354 1783 nec
366 1760 448 1784 iaceat
459 1760 581 1790 resupina
590 1767 637 1791 per
650 1760 753 1784 aethera
765 1759 866 1789 Phoebe,

222 1803 320 1821 cornua
330 1796 374 1820 sed
383 1799 450 1821 recte
459 1804 505 1828 par
516 1797 571 1821 caet
574 1804 614 1820 um
623 1804 707 1828 prona
716 1798 844 1829 serantur,

222 1840 282 1858 cras
295 1832 463 1858 Tartessiacis
473 1832 607 1865 Zephyrus
616 1834 726 1866 spirabit
736 1835 768 1859 ab
779 1835 841 1858 oris.

221 1869 254 1895 At
265 1878 343 1902 quum
354 1874 424 1895 recta
435 1872 511 1895 etiam
522 1874 617 1902 quarta
628 1871 674 1896 sub
685 1871 740 1896 luce
750 1872 856 1900 renidet,

223 1908 354 1932 collectam
364 1910 456 1932 metues
465 1908 589 1939 pluviam,
603 1911 662 1933 tunc
673 1909 757 1932 omnia
768 1909 852 1932 nimbo

220 1946 319 1977 fervere
329 1945 435 1969 deciduo
447 1952 547 1969 cernes:
569 1952 647 1970 cornu
658 1945 738 1969 altius
747 1945 811 1969 abde
820 1958 858 1962 —

220 1982 344 2012 inflexum
355 1980 464 2010 Borean,
475 1983 623 2013 resupinum
634 1983 751 2013 parturit
760 1982 874 2006 Austros.

221 2017 273 2044 Sed
282 2019 306 2043 si
314 2021 371 2050 post
382 2019 496 2043 triduum
508 2018 595 2043 lunam
605 2019 683 2043 ruber
695 2019 792 2043 ambiat
805 2019 883 2048 orbis,

222 2059 355 2087 tempestas
364 2055 462 2087 pelago,
475 2058 608 2086 tempestas
618 2056 731 2080 imminet
741 2057 812 2087 agris
819 2064 827 2080 :

222 2100 320 2125 quoque
330 2092 410 2117 rubor
420 2099 511 2121 maior,
522 2093 606 2117 maior
616 2093 678 2118 solet
689 2100 741 2117 esse
749 2093 874 2124 procella.

224 2130 267 2155 Bis
277 2137 354 2162 quum
365 2130 480 2159 dimidio,
493 2137 570 2162 quum
578 2130 653 2161 pleno
663 2130 756 2154 lumine
765 2130 854 2162 fulget,

221 2168 307 2199 aspice
317 2174 395 2199 quum
406 2168 504 2195 crescit,
517 2174 594 2199 quum
607 2174 703 2192 cornua
712 2169 801 2199 prisca
811 2168 925 2196 resumit,

220 2205 320 2236 aspice:
331 2206 405 2236 signa
417 2205 463 2229 tibi
473 2204 543 2229 color
553 2204 622 2229 haud
632 2205 702 2230 dabit
714 2205 792 2230 irrita
802 2205 902 2230 mensis.

221 2241 337 2274 Namque
348 2249 441 2266 auram
450 2242 530 2273 [acies
538 2242 667 2273 portendit
676 2249 745 2273 pura
755 2249 885 2273 serenam.¹

220 2282 247 2303 at
259 2286 336 2311 quum
347 2282 400 2304 tota
410 2279 490 2307 rubet,
502 2280 654 2310 furibundos
664 2280 763 2304 indicat
773 2279 894 2309 Austros;

220 2317 301 2341 imber
311 2317 368 2345 erit,
380 2317 454 2348 nigro
465 2317 488 2340 si
497 2317 531 2340 sit
542 2317 647 2341 variata
658 2316 752 2341 calore.

223 2352 346 2385 Tempora
359 2354 402 2378 sed
413 2354 492 2378 tantis
500 2360 550 2377 non
560 2357 619 2378 sunt
627 2361 706 2385 paria
716 2354 801 2378 omnia
811 2354 902 2385 signis.

220 2389 288 2414 Nam
298 2398 363 2422 quae
373 2393 469 2423 quarta
480 2390 538 2415 tulit
549 2389 642 2415 Phoebe
651 2391 690 2415 vel
702 2392 786 2419 tertia,
799 2391 896 2415 durant

219 2428 352 2452 dimidiam
363 2428 397 2452 ad
410 2427 514 2456 Lunam,
527 2435 592 2460 quae
603 2429 719 2457 dimidia,
734 2428 819 2452 omnia
830 2429 935 2452 tendunt

220 2465 254 2488 ad
261 2465 363 2495 plenam
369 2473 377 2495 ,·
389 2472 454 2497 quae
463 2465 540 2496 plena
551 2466 627 2493 dedit,
638 2468 754 2496 spectare
764 2465 884 2489 videntur

220 2502 352 2526 dimidiam
363 2509 476 2531 rursum,
488 2505 512 2526 et
523 2509 588 2534 quae
599 2506 659 2527 tunc
667 2502 824 2534 praebentur
833 2502 866 2526 ab
876 2501 932 2530 illa,

219 2539 328 2569 excipiet
342 2539 493 2564 moribunda
503 2543 548 2564 aut
558 2543 654 2572 quarta
662 2542 707 2563 aut
719 2540 795 2564 tertia
805 2540 905 2564 mensis.

219 2573 249 2599 Si
261 2575 355 2606 parilis
369 2579 446 2600 totam
457 2575 567 2601 Latoida
577 2576 690 2601 circulus
700 2577 790 2605 ambit,

219 2615 264 2636 aut
275 2613 341 2636 terni
351 2614 473 2644 geminine
484 2616 637 2645 utraqueeoe
646 2616 721 2645 parte
732 2613 823 2640 locati:

218 2650 311 2674 unicus
320 2652 366 2674 aut
376 2653 462 2674 ventos
472 2650 544 2675 nobis
553 2653 599 2675 aut
610 2651 708 2676 indicat
719 2650 848 2675 aethram:

988 754 1020 779 30

988 939 1020 964 35

989 1125 1020 1150 40

989 1311 1021 1337 45

988 1684 1020 1710 55

989 1870 1020 1895 60

988 2055 1020 2081 65

985 2613 1017 2638 80

959 124 990 151 Τ.
1020 124 1273 152 Clennoms

1072 197 1191 228 diruptae
1203 201 1288 222 centon
1300 198 1423 223 evanidus
1435 198 1531 223 indicat
1541 199 1664 227 aethram.

1072 234 1211 266 horriferos
1223 235 1318 259 nimbus
1328 237 1470 266 geminatae
1478 241 1623 267 praemonet
1633 238 1710 267 orbiu,

1072 273 1230 304 maiora-sque
1241 272 1319 296 trahit
1331 272 1463 303 triplicata
1474 280 1568 298 corana
1577 275 1704 306 procellas
1711 284 1718 304 ,-

1073 310 1190 336 nmioree,
1205 310 1227 332 ei
1242 310 1317 340 nigra
1329 310 1402 337 iacet,
1414 311 1437 334 ei
1447 310 1574 335 scinditur
1584 311 1662 336 ultro.
1835 311 1866 337 85

1073 344 1141 370 llaec
1153 346 1199 370 tibi
1210 346 1247 370 rel
1259 347 1349 370 metuis
1361 346 1398 370 vel
1410 345 1502 372 Phoebe
1512 352 1640 373 menan-ua
1651 349 1744 374 dicent.

1074 381 1124 407 Nec
1137 383 1219 407 Solem
1231 384 1330 414 gemina
1339 387 1453 415 spectare
1467 385 1493 408 in
1504 384 1598 409 tiuorie
1607 389 1668 409 acta

1071 421 1197 451 poeniteat
1205 428 1212 443 .·
1223 421 1300 444 solem
1311 421 1453 445 certissima
1464 422 1538 453 signa
1549 426 1699 453 sequentur:

1048 473 1049 483 1
1072 465 1149 488 quum
1160 461 1245 488 surget
1256 458 1346 489 gelidis
1356 461 1378 482 et
1390 465 1466 490 quum
1476 466 1502 483 so
1514 459 1600 483 comit-1
1611 461 1637 483 in
1648 460 1731 485 undis.

1074 493 1157 518 ‚voum
1170 495 1363 522 interstinctam,
1375 502 1453 527 quum
1462 496 1557 520 deseret
1571 504 1693 528 aequora,
1709 497 1788 522 lucem
1835 497 1867 522 90

1073 539 1182 559 cernere,
1195 533 1218 555 si
1232 530 1303 556 son-n
1313 535 1393 563 optem
1404 533 1510 557 radiare
1519 540 1635 564 serenos,¹

1072 569 1159 593 malim
1174 577 1250 592 unum
1262 569 1340 593 nullis
1351 569 1459 594 maculis
1468 573 1582 601 spectare
1593 570 1701 596 colorem
1708 580 1716 595 .-

1071 607 1094 630 si
1106 607 1165 637 iuga
1175 606 1258 630 (lenuit
1269 607 1340 638 equis
1349 610 1442 637 pacato
1453 607 1546 631 lumine
1560 606 1642 635 Titan.

1072 643 1180 667 blandus
1190 646 1212 667 et
1225 642 1330 675 Hesperi
1333 651 1373 668 um
1383 645 1470 668 subeat
1481 645 1536 668 sine
1546 645 1654 669 nubibus
1663 652 1768 678 aequor,

1047 712 1049 722 ,
1069 680 1178 712 pulchra
1189 688 1279 705 serena
1289 682 1330 705 die
1339 682 1435 712 poteris
1444 688 1550 713 sperare
1559 683 1682 714 sequenti.
1835 683 1867 707 95

1072 716 1129 742 Non
1140 719 1175 742 ita
1186 719 1208 742 si
1219 725 1325 743 ret-avus
1335 725 1432 743 summo
1441 719 1472 742 de
1481 720 1596 751 margine
1604 723 1703 750 surgat,

1070 755 1166 787 fulgeat
1178 758 1222 779 aut
1233 756 1331 787 sparsis
1342 756 1438 780 radiis:
1451 763 1515 787 ραν-ε
1528 757 1613 781 tendat
1624 757 1659 781 ad
1668 756 1798 785 Austrum.

1069 800 1133 824 pars
1143 795 1183 816 eat
1195 793 1229 816 ad
1241 792 1340 817 Borean
1351 793 1497 825 mediusque
1507 794 1622 818 renident
1632 794 1716 824 orbis,-

1072 833 1132 854 tunc
1142 833 1187 854 aut
1198 833 1328 861 suspectus
1339 830 1384 855 tibi
1394 831 1427 854 sit
1440 829 1521 854 Notus
1531 833 1576 854 aut
1586 832 1675 862 grat-is
1688 831 1774 855 imber.

1075 865 1106 891 Ut
1117 867 1212 895 videas,
1227 868 1339 892 subsitne
1349 874 1395 891 suo
1406 867 1453 891 Ius:
1465 867 1598 898 splendida
1609 866 1672 896 Soli,

1071 905 1167 935 inspice
1179 904 1264 928 Solem
1276 905 1357 936 ipsum
1370 903 1489 936 (namque
1500 906 1522 928 is
1533 906 1690 929 certissimus
1699 906 1811 938 auctor),

1071 942 1175 973 inspice,
1187 949 1246 966 num
1258 942 1354 969 rubeat,
1368 942 1436 973 (fieri
1446 942 1513 973 quod
1523 949 1597 973 saepe
1608 943 1734 968 videmus:

1072 979 1159 1003 creber
1168 980 1233 1002 enim
1244 979 1327 1004 educit
1337 982 1469 1003 contracta
1480 979 1544 1003 nube
1556 980 1673 1003 ruborem
1680 987 1687 1003 :
1686 980 1699 1012 )

1071 1023 1105 1040 an
1115 1016 1187 1047 niger
1197 1016 1312 1040 obscuret
1322 1017 1427 1048 [aciem.-
1441 1017 1514 1047 niger
1524 1017 1622 1041 indicat
1633 1016 1732 1045 imbres,

1071 1053 1201 1084 rubroque
1212 1056 1330 1078 venturos
1341 1054 1436 1084 species
1445 1054 1578 1077 denuntiat
1589 1052 1682 1079 Euros.

1072 1088 1118 1115 Sin
1130 1091 1207 1115 ruber
1218 1091 1322 1122 incipiet
1333 1090 1403 1115 color
1414 1091 1579 1115 immiscerier
1591 1094 1658 1118 utro,

1071 1129 1156 1151 omnia
1168 1130 1227 1152 tunc
1237 1126 1320 1152 Borea
1329 1128 1430 1159 pariter
1437 1127 1577 1159 pluviaque
1587 1127 1683 1152 videbis

1071 1165 1182 1196 ser-vere:
1191 1166 1232 1189 sin
1244 1165 1327 1189 radiis
1337 1165 1426 1189 coeant
1437 1168 1602 1197 crescuntque
1611 1164 1658 1189 sub
1669 1172 1755 1194 unum,

1072 1209 1149 1234 quum
1158 1201 1249 1233 pelago
1262 1201 1337 1226 Titan
1348 1203 1455 1226 terrisve
1463 1202 1604 1226 adunaverit
1615 1201 1707 1231 orbem,

1072 1242 1117 1263 aut
1128 1239 1206 1263 lateat
1217 1240 1299 1264 victus
1307 1246 1354 1271 per
1364 1239 1453 1263 nubila
1466 1240 1519 1264 sive
1529 1239 1621 1264 relicta

1071 1279 1143 1300 nocte
1151 1279 1238 1308 petens
1248 1276 1336 1305 lucem,
1348 1283 1393 1301 seu
1403 1279 1500 1301 noctem
1511 1276 1567 1301 tuce
1576 1276 1676 1304 relicta,

1071 1313 1119 1338 illa
1129 1314 1184 1338 dies
1191 1313 1296 1345 pluvias
1307 1317 1329 1338 et
1340 1321 1406 1346 quae
1416 1317 1537 1338 nascetur
1546 1314 1579 1338 ab
1589 1313 1638 1338 itta

1070 1352 1196 1383 proferet:
1216 1350 1268 1376 Eoo
1279 1358 1323 1376 nec
1333 1352 1356 1375 si
1365 1352 1517 1383 praeeuntia
1528 1351 1598 1376 caelo

1071 1388 1160 1412 nubila
1171 1387 1216 1413 Sol
1226 1389 1310 1413 radiis
1318 1389 1388 1420 picto
1397 1389 1527 1413 disiecerit
1537 1392 1617 1416 astro,

1071 1427 1107 1450 sis
1115 1425 1219 1457 pluviae
1230 1427 1351 1457 ignarus:
1365 1427 1389 1450 si
1398 1433 1425 1450 se
1438 1424 1555 1450 Titanius
1564 1425 1634 1450 orbis

1072 1462 1124 1487 Eoo
1135 1463 1185 1487 late
1195 1463 1328 1495 diffuderit
1339 1470 1450 1495 aequore
1459 1470 1575 1495 surgens,

1071 1501 1130 1525 inde
1139 1501 1271 1532 magisque
1279 1501 1410 1532 magisque
1420 1507 1573 1532 exsparsum
1584 1499 1718 1525 contrahat
1728 1500 1819 1531 ignem,

1071 1537 1173 1562 dulcior
1183 1537 1273 1562 aethra
1283 1538 1374 1565 subest,
1385 1537 1474 1569 pluvio
1483 1544 1510 1562 se
1521 1540 1630 1569 tempore
1640 1543 1797 1569 quamquam

1071 1575 1198 1599 abdiderit
1211 1573 1335 1600 Phoebus:
1345 1575 1368 1599 si
1379 1575 1449 1599 caelo
1459 1575 1553 1599 decidit
1565 1575 1652 1603 imber,

1071 1619 1104 1636 ea:
1116 1613 1192 1636 imbri
1202 1612 1311 1636 alterius
1320 1615 1413 1636 sortem
1426 1615 1449 1636 te
1459 1619 1583 1644 quaerere
1593 1612 1658 1637 lucis

1071 1649 1210 1681 nubilaque
1221 1652 1243 1673 et
1253 1649 1331 1673 solem
1340 1656 1428 1674 moneo
1437 1653 1553 1681 spectare
1563 1649 1701 1674 cadentem.

1073 1685 1139 1711 Nam
1149 1687 1173 1710 si
1183 1687 1273 1717 nigrae
1283 1687 1368 1711 obiens
1379 1687 1505 1711 condatur
1515 1693 1619 1711 carcere
1629 1686 1704 1710 nubis

1072 1722 1183 1748 Phoebus
1195 1727 1218 1748 et
1231 1724 1326 1755 exiguo
1335 1724 1406 1747 radii
1415 1723 1515 1755 [uigore
1525 1724 1647 1748 micantes

1072 1761 1221 1785 immensum
1231 1760 1329 1785 nebulis
1340 1761 1582 1792 circumfundantur
1594 1761 1622 1784 in
1632 1759 1724 1788 orbem,

1072 1805 1123 1822 non
1133 1798 1181 1821 erit
1191 1797 1300 1821 alterius
1310 1797 1400 1821 melior
1407 1798 1513 1829 fortuna
1523 1798 1584 1822 diei.

1072 1833 1156 1859 Purus
1165 1835 1200 1858 ad
1210 1834 1339 1865 hesperias
1348 1835 1372 1859 si
1382 1832 1427 1859 Sol
1438 1834 1543 1859 labatur
1553 1836 1578 1859 in
1591 1834 1682 1861 undas.

1072 1878 1198 1904 quumque
1207 1874 1285 1902 parat
1296 1872 1373 1895 terris
1384 1872 1411 1895 in
1420 1878 1503 1903 aquas
1514 1873 1626 1903 migrare
1636 1871 1742 1899 relictis,

1822 868 1868 893 100

1822 1054 1868 1079 105

1823 1239 1869 1264 410

1823 1424 1870 1450 445

1822 1610 1870 1635 ⁴20

1821 1795 1868 1821 125

1072 1910 1171 1934 vicinae
1181 1909 1288 1933 rubeant
1300 1908 1384 1935 nubes.
1399 1915 1450 1933 non
1460 1910 1590 1933 crastinus
1600 1908 1687 1937 imber,

1071 1953 1121 1970 non
1133 1946 1178 1970 tibi
1189 1949 1314 1969 nocturno
1323 1948 1359 1969 est
1371 1946 1518 1970 metuendus
1528 1949 1638 1977 tempore
1647 1945 1756 1970 ηὲηιὸῑιδ.

1072 1982 1102 2008 Si
1112 1981 1180 2007 Solis
1190 1983 1260 2007 radii
1272 1983 1354 2014 nigris
1363 1982 1488 2008 absconsa
1499 1983 1609 2007 tenebris

1071 2023 1212 2044 marcentes
1222 2021 1303 2044 nitido
1313 2020 1462 2051 depromant
1473 2020 1571 2044 lumina
1583 2019 1660 2047 caelo,

1071 2061 1114 2082 »ut
1125 2064 1209 2090 quum
1222 2055 1285 2081 luna
1297 2063 1389 2081 means
1402 2056 1562 2091 Hyperionis
1572 2054 1657 2081 officit
1668 2054 1737 2086 orbi,

1072 2094 1262 2128 »stinguuntur
1275 2092 1342 2118 radii
1354 2100 1431 2119 caeca
1442 2092 1558 2128 caligine
1569 2093 1630 2119 tecti
1638 2101 1644 2125 ;
1653 2102 1665 2117 α

1070 2135 1115 2156 aut
1127 2131 1222 2156 Phoebo
1232 2132 1367 2156 instantem
1379 2132 1495 2156 tardanti
1505 2132 1610 2156 reddere
1621 2131 1710 2160 lucem,

1069 2176 1096 2194 se
1107 2171 1157 2193 toto
1166 2169 1276 2201 fundant
1287 2169 1338 2193 late
1348 2169 1421 2201 ignea
1432 2168 1522 2193 nubila
1532 2168 1610 2197 caelo,

1069 2213 1120 2231 non
1128 2207 1197 2231 sicco
1205 2213 1352 2237 praegnans
1361 2206 1443 2231 arebit
1452 2205 1557 2237 pulvere
1567 2205 1649 2234 tellus,

1068 2251 1114 2268 nec
1126 2243 1179 2272 tibi,
1190 2243 1222 2271 si,
1236 2244 1337 2274 superis
1347 2250 1425 2275 quum
1435 2241 1480 2268 Sol
1490 2246 1526 2267 est
1534 2243 1671 2274 proximus
1680 2243 1742 2271 oris.

1070 2281 1178 2305 obscura
1189 2280 1278 2304 radios
1287 2283 1437 2311 praeeuntes
1448 2280 1503 2304 luce
1514 2280 1617 2308 videbis,

1069 2319 1103 2342 sit
1111 2317 1196 2349 pudor
1204 2320 1249 2341 aut
1257 2317 1373 2348 pluriam
1383 2320 1429 2341 aut
1439 2320 1526 2342 ventos
1536 2318 1618 2341 vitare
1626 2318 1735 2349 suturas.

1072 2353 1176 2386 Quoque
1185 2355 1248 2378 adeo
1257 2361 1365 2386 surgens
1373 2355 1458 2386 primo
1468 2354 1545 2379 iubar
1554 2360 1665 2386 aequore
1675 2354 1785 2378 condunt

1069 2399 1180 2416 maiores
1189 2391 1314 2420 tenebrae,
1326 2392 1410 2416 maior
1418 2391 1586 2423 supereminet
1597 2391 1683 2415 imber.

1070 2427 1117 2453 Sin
1131 2429 1200 2453 tenui
1213 2428 1309 2453 lateant
1320 2429 1391 2453 radii
1401 2428 1518 2460 caligine,
1530 2427 1617 2460 qualis

1069 2469 1105 2490 est
1116 2469 1216 2489 tenerae
1225 2467 1306 2497 [acies
1315 2465 1421 2490 nebulae
1431 2469 1454 2490 et
1464 2465 1600 2490 subtilibus
1609 2464 1714 2493 umbris,

1068 2506 1191 2527 venturus
1200 2503 1301 2534 rapidis
1311 2501 1356 2527 Sol
1365 2503 1547 2527 obscurabitur
1558 2501 1668 2526 Austris.

1069 2537 1119 2564 Sed
1129 2547 1216 2571 neque,
1230 2540 1254 2564 si
1265 2541 1351 2571 cingat
1361 2540 1436 2571 nigro
1445 2539 1579 2571 splendore
1589 2537 1694 2567 corolla,

1068 2577 1133 2601 suda
1144 2577 1222 2605 dabit,
1235 2584 1333 2609 guoque
1343 2580 1379 2601 est
1389 2575 1457 2601 Solis
1466 2576 1576 2601 vicinior
1584 2577 1664 2603 astro,

1068 2620 1118 2645 qao
1129 2615 1229 2645 nigrior
1237 2615 1323 2645 peior:
1335 2614 1409 2639 binae
1417 2614 1566 2638 saevissima
1576 2613 1658 2644 signa.

1068 2651 1166 2682 Aspice,
1177 2658 1246 2681 num,
1259 2654 1344 2675 terras
1353 2657 1431 2683 quum
1441 2648 1486 2675 Sol
1493 2650 1556 2681 petit
1566 2652 1611 2674 aut
1618 2650 1682 2681 petit
1692 2648 1783 2677 undas,

1821 1981 1868 2006 ⁴30

1820 2166 1868 2192 ⁴35

1818 2352 1866 2378 tto

1818 2537 1864 2562 155
