<?xml version="1.0" encoding="UTF-8"?>
<!DOCTYPE html PUBLIC "-//W3C//DTD XHTML 1.0 Transitional//EN"
    "http://www.w3.org/TR/xhtml1/DTD/xhtml1-transitional.dtd">
<html xmlns="http://www.w3.org/1999/xhtml" xml:lang="en" lang="en">
 <head>
  <title>
</title>
<meta http-equiv="Content-Type" content="text/html;charset=utf-8" />
  <meta name='ocr-system' content='tesseract 3.04.00' />
  <meta name='ocr-capabilities' content='ocr_page ocr_carea ocr_par ocr_line ocrx_word'/>
</head>
<body>
  <div class='ocr_page' id='page_1' title='image "./operaomniaunovol00ciceuoft_0342.png"; bbox 0 0 1941 3052; ppageno 0'>
   <div class='ocr_carea' id='block_1_1' title="bbox 232 156 911 182">
    <p class='ocr_par' dir='ltr' id='par_1_1' title="bbox 232 156 911 182">
     <span class='ocr_line' id='line_1_1' title="bbox 232 156 911 182; baseline 0.003 -3"><span class='ocrx_word' id='word_1_1' title='bbox 232 158 279 180; x_wconf 60' lang='grc' dir='ltr'>,ΚΗ</span> <span class='ocrx_word' id='word_1_2' title='bbox 802 159 842 182; x_wconf 64' lang='lat'>23.</span> <span class='ocrx_word' id='word_1_3' title='bbox 879 156 911 181; x_wconf 75' lang='lat' dir='ltr'>M.</span> 
     </span>
    </p>
   </div>
   <div class='ocr_carea' id='block_1_2' title="bbox 230 225 1050 304">
    <p class='ocr_par' dir='ltr' id='par_1_2' title="bbox 230 225 1050 304">
     <span class='ocr_line' id='line_1_2' title="bbox 230 225 1050 261; baseline -0.002 -9"><span class='ocrx_word' id='word_1_4' title='bbox 230 232 304 260; x_wconf 77' lang='grc' dir='ltr'>μοιοιι</span> <span class='ocrx_word' id='word_1_5' title='bbox 319 227 463 256; x_wconf 83' lang='lat' dir='ltr'>mitterent.</span> <span class='ocrx_word' id='word_1_6' title='bbox 483 227 530 261; x_wconf 88' lang='lat' dir='ltr'>qui</span> <span class='ocrx_word' id='word_1_7' title='bbox 549 235 610 251; x_wconf 78' lang='lat' dir='ltr'>eum</span> <span class='ocrx_word' id='word_1_8' title='bbox 628 227 721 251; x_wconf 59' lang='lat' dir='ltr'>ceteris</span> <span class='ocrx_word' id='word_1_9' title='bbox 737 226 816 251; x_wconf 67' lang='lat' dir='ltr'>who»</span> <span class='ocrx_word' id='word_1_10' title='bbox 831 225 897 251; x_wconf 82' lang='lat' dir='ltr'>illud</span> <span class='ocrx_word' id='word_1_11' title='bbox 912 234 1020 260; x_wconf 84' lang='lat' dir='ltr'>quoque</span> <span class='ocrx_word' id='word_1_12' title='bbox 1041 226 1050 236; x_wconf 78' lang='lat'>&#39;&#39;</span> 
     </span>
     <span class='ocr_line' id='line_1_3' title="bbox 231 253 1050 304; baseline -0.001 -15"><span class='ocrx_word' id='word_1_13' title='bbox 231 265 359 289; x_wconf 77' lang='lat' dir='ltr'>eximium</span> <span class='ocrx_word' id='word_1_14' title='bbox 379 273 408 289; x_wconf 81' lang='lat' dir='ltr'>nc</span> <span class='ocrx_word' id='word_1_15' title='bbox 427 262 635 297; x_wconf 81' lang='lat' dir='ltr'>pulcherrimum</span> <span class='ocrx_word' id='word_1_16' title='bbox 651 263 751 288; x_wconf 72' lang='lat' dir='ltr'>«lotium</span> <span class='ocrx_word' id='word_1_17' title='bbox 767 263 792 288; x_wconf 89' lang='lat' dir='ltr'>in</span> <span class='ocrx_word' id='word_1_18' title='bbox 807 262 967 296; x_wconf 74' lang='lat' dir='ltr'>Capitolium</span> <span class='ocrx_word' id='word_1_19' title='bbox 982 262 1021 288; x_wconf 76' lang='lat' dir='ltr'>ut·</span> <span class='ocrx_word' id='word_1_20' title='bbox 1042 253 1050 304; x_wconf 31' lang='grc' dir='ltr'><em>Α</em></span> 
     </span>
    </p>
   </div>
   <div class='ocr_carea' id='block_1_3' title="bbox 230 300 1021 630">
    <p class='ocr_par' dir='ltr' id='par_1_3' title="bbox 230 300 1021 630">
     <span class='ocr_line' id='line_1_4' title="bbox 232 300 336 326; baseline 0 0"><span class='ocrx_word' id='word_1_21' title='bbox 232 300 336 326; x_wconf 75' lang='lat' dir='ltr'>ferrent.</span> 
     </span>
     <span class='ocr_line' id='line_1_5' title="bbox 230 336 1019 370; baseline 0.001 -9"><span class='ocrx_word' id='word_1_22' title='bbox 230 338 273 363; x_wconf 78' lang='lat' dir='ltr'>«ln.</span> <span class='ocrx_word' id='word_1_23' title='bbox 316 338 379 362; x_wconf 77' lang='lat' dir='ltr'>Num</span> <span class='ocrx_word' id='word_1_24' title='bbox 396 346 438 363; x_wconf 75' lang='lat' dir='ltr'>rex</span> <span class='ocrx_word' id='word_1_25' title='bbox 454 337 565 362; x_wconf 63' lang='lat' dir='ltr'>velatum</span> <span class='ocrx_word' id='word_1_26' title='bbox 582 336 711 361; x_wconf 79' lang='lat' dir='ltr'>voluerat:</span> <span class='ocrx_word' id='word_1_27' title='bbox 738 345 788 362; x_wconf 88' lang='lat' dir='ltr'>non</span> <span class='ocrx_word' id='word_1_28' title='bbox 803 345 857 370; x_wconf 88' lang='lat' dir='ltr'>quo</span> <span class='ocrx_word' id='word_1_29' title='bbox 871 336 1019 370; x_wconf 75' lang='lat' dir='ltr'>quidquam</span> 
     </span>
     <span class='ocr_line' id='line_1_6' title="bbox 232 373 1020 407; baseline -0.003 -7"><span class='ocrx_word' id='word_1_30' title='bbox 232 379 359 400; x_wconf 67' lang='lat' dir='ltr'>metueret</span> <span class='ocrx_word' id='word_1_31' title='bbox 373 379 416 399; x_wconf 85' lang='lat' dir='ltr'>uut</span> <span class='ocrx_word' id='word_1_32' title='bbox 431 374 619 407; x_wconf 61' lang='lat' dir='ltr'>suspicaretur,</span> <span class='ocrx_word' id='word_1_33' title='bbox 636 373 681 398; x_wconf 67' lang='lat' dir='ltr'>ned</span> <span class='ocrx_word' id='word_1_34' title='bbox 698 378 725 398; x_wconf 94' lang='lat' dir='ltr'>ut</span> <span class='ocrx_word' id='word_1_35' title='bbox 740 382 771 398; x_wconf 90' lang='lat' dir='ltr'>ne</span> <span class='ocrx_word' id='word_1_36' title='bbox 787 373 863 399; x_wconf 83' lang='lat' dir='ltr'>multi</span> <span class='ocrx_word' id='word_1_37' title='bbox 880 373 947 398; x_wconf 88' lang='lat' dir='ltr'>illud</span> <span class='ocrx_word' id='word_1_38' title='bbox 961 378 1020 398; x_wconf 81' lang='lat' dir='ltr'>unte</span> 
     </span>
     <span class='ocr_line' id='line_1_7' title="bbox 232 410 1021 445; baseline 0.001 -10"><span class='ocrx_word' id='word_1_39' title='bbox 232 412 395 445; x_wconf 66' lang='lat' dir='ltr'>perciperent</span> <span class='ocrx_word' id='word_1_40' title='bbox 409 411 501 439; x_wconf 72' lang='lat' dir='ltr'>oculis,</span> <span class='ocrx_word' id='word_1_41' title='bbox 517 419 597 443; x_wconf 77' lang='lat' dir='ltr'>quani</span> <span class='ocrx_word' id='word_1_42' title='bbox 613 410 729 444; x_wconf 69' lang='lat' dir='ltr'>populun</span> <span class='ocrx_word' id='word_1_43' title='bbox 744 411 887 436; x_wconf 68' lang='lat' dir='ltr'>nonianus.</span> <span class='ocrx_word' id='word_1_44' title='bbox 911 411 961 436; x_wconf 70' lang='lat' dir='ltr'>late</span> <span class='ocrx_word' id='word_1_45' title='bbox 976 419 1021 444; x_wconf 84' lang='lat' dir='ltr'>pe—</span> 
     </span>
     <span class='ocr_line' id='line_1_8' title="bbox 232 446 1021 481; baseline 0 -8"><span class='ocrx_word' id='word_1_46' title='bbox 232 449 261 473; x_wconf 88' lang='lat' dir='ltr'>tit</span> <span class='ocrx_word' id='word_1_47' title='bbox 275 458 287 472; x_wconf 81' lang='lat' dir='ltr'>n</span> <span class='ocrx_word' id='word_1_48' title='bbox 305 457 363 480; x_wconf 58' lang='lat' dir='ltr'>regi·</span> <span class='ocrx_word' id='word_1_49' title='bbox 378 453 402 472; x_wconf 73' lang='lat' dir='ltr'>vt</span> <span class='ocrx_word' id='word_1_50' title='bbox 416 455 475 472; x_wconf 84' lang='lat' dir='ltr'>eum</span> <span class='ocrx_word' id='word_1_51' title='bbox 492 446 616 480; x_wconf 78' lang='lat' dir='ltr'>pluribus</span> <span class='ocrx_word' id='word_1_52' title='bbox 637 447 724 472; x_wconf 74' lang='lat' dir='ltr'>verbis</span> <span class='ocrx_word' id='word_1_53' title='bbox 743 452 828 481; x_wconf 69' lang='lat' dir='ltr'>rogat,</span> <span class='ocrx_word' id='word_1_54' title='bbox 851 452 879 473; x_wconf 89' lang='lat' dir='ltr'>ut</span> <span class='ocrx_word' id='word_1_55' title='bbox 898 447 923 473; x_wconf 84' lang='lat' dir='ltr'>id</span> <span class='ocrx_word' id='word_1_56' title='bbox 942 448 974 473; x_wconf 81' lang='lat' dir='ltr'>nd</span> <span class='ocrx_word' id='word_1_57' title='bbox 993 456 1021 473; x_wconf 71' lang='lat' dir='ltr'>se</span> 
     </span>
     <span class='ocr_line' id='line_1_9' title="bbox 232 484 1021 519; baseline 0 -9"><span class='ocrx_word' id='word_1_58' title='bbox 232 490 328 510; x_wconf 80' lang='lat' dir='ltr'>imunt:</span> <span class='ocrx_word' id='word_1_59' title='bbox 346 493 442 517; x_wconf 77' lang='lat' dir='ltr'>cupere</span> <span class='ocrx_word' id='word_1_60' title='bbox 456 493 483 508; x_wconf 73' lang='lat' dir='ltr'>se</span> <span class='ocrx_word' id='word_1_61' title='bbox 497 484 562 509; x_wconf 81' lang='lat' dir='ltr'>dicit</span> <span class='ocrx_word' id='word_1_62' title='bbox 576 484 706 518; x_wconf 80' lang='lat' dir='ltr'>inspicere</span> <span class='ocrx_word' id='word_1_63' title='bbox 721 493 807 519; x_wconf 88' lang='lat' dir='ltr'>neque</span> <span class='ocrx_word' id='word_1_64' title='bbox 819 494 847 510; x_wconf 73' lang='lat' dir='ltr'>se</span> <span class='ocrx_word' id='word_1_65' title='bbox 857 484 917 510; x_wconf 79' lang='lat' dir='ltr'>aliis</span> <span class='ocrx_word' id='word_1_66' title='bbox 929 484 1021 510; x_wconf 91' lang='lat' dir='ltr'>viden-</span> 
     </span>
     <span class='ocr_line' id='line_1_10' title="bbox 230 520 1021 556; baseline 0.001 -10"><span class='ocrx_word' id='word_1_67' title='bbox 230 522 255 546; x_wconf 88' lang='lat' dir='ltr'>di</span> <span class='ocrx_word' id='word_1_68' title='bbox 272 526 425 554; x_wconf 61' lang='lat' dir='ltr'>potestne-ni</span> <span class='ocrx_word' id='word_1_69' title='bbox 440 529 497 546; x_wconf 76' lang='lat' dir='ltr'>esse</span> <span class='ocrx_word' id='word_1_70' title='bbox 513 520 653 547; x_wconf 68' lang='lat' dir='ltr'>[netur-uu.</span> <span class='ocrx_word' id='word_1_71' title='bbox 676 523 716 547; x_wconf 73' lang='lat'>65.</span> <span class='ocrx_word' id='word_1_72' title='bbox 733 522 889 552; x_wconf 68' lang='lat' dir='ltr'>Antiochus.</span> <span class='ocrx_word' id='word_1_73' title='bbox 905 522 952 556; x_wconf 85' lang='lat' dir='ltr'>qui</span> <span class='ocrx_word' id='word_1_74' title='bbox 965 522 1021 547; x_wconf 83' lang='lat' dir='ltr'>ani-</span> 
     </span>
     <span class='ocr_line' id='line_1_11' title="bbox 231 557 1021 593; baseline 0.003 -11"><span class='ocrx_word' id='word_1_75' title='bbox 231 567 273 583; x_wconf 84' lang='lat' dir='ltr'>mo</span> <span class='ocrx_word' id='word_1_76' title='bbox 287 563 310 583; x_wconf 82' lang='lat' dir='ltr'>et</span> <span class='ocrx_word' id='word_1_77' title='bbox 326 557 420 591; x_wconf 81' lang='lat' dir='ltr'>puerili</span> <span class='ocrx_word' id='word_1_78' title='bbox 435 562 504 583; x_wconf 61' lang='lat' dir='ltr'>esst-t</span> <span class='ocrx_word' id='word_1_79' title='bbox 519 562 543 583; x_wconf 83' lang='lat' dir='ltr'>et</span> <span class='ocrx_word' id='word_1_80' title='bbox 557 558 641 592; x_wconf 76' lang='lat' dir='ltr'>regio,</span> <span class='ocrx_word' id='word_1_81' title='bbox 663 558 728 584; x_wconf 90' lang='lat' dir='ltr'>nihil</span> <span class='ocrx_word' id='word_1_82' title='bbox 748 559 780 584; x_wconf 93' lang='lat' dir='ltr'>de</span> <span class='ocrx_word' id='word_1_83' title='bbox 799 559 878 585; x_wconf 74' lang='lat' dir='ltr'>istius</span> <span class='ocrx_word' id='word_1_84' title='bbox 893 559 1021 593; x_wconf 80' lang='lat' dir='ltr'>improhi—</span> 
     </span>
     <span class='ocr_line' id='line_1_12' title="bbox 231 595 1020 630; baseline 0.004 -11"><span class='ocrx_word' id='word_1_85' title='bbox 231 600 280 620; x_wconf 77' lang='lat' dir='ltr'>tnte</span> <span class='ocrx_word' id='word_1_86' title='bbox 294 595 445 629; x_wconf 72' lang='lat' dir='ltr'>suspicatus</span> <span class='ocrx_word' id='word_1_87' title='bbox 460 600 512 620; x_wconf 82' lang='lat' dir='ltr'>est:</span> <span class='ocrx_word' id='word_1_88' title='bbox 530 596 641 629; x_wconf 83' lang='lat' dir='ltr'>imperat</span> <span class='ocrx_word' id='word_1_89' title='bbox 654 596 720 626; x_wconf 75' lang='lat' dir='ltr'>suis,</span> <span class='ocrx_word' id='word_1_90' title='bbox 739 601 767 622; x_wconf 88' lang='lat' dir='ltr'>ut</span> <span class='ocrx_word' id='word_1_91' title='bbox 781 596 806 622; x_wconf 93' lang='lat' dir='ltr'>id</span> <span class='ocrx_word' id='word_1_92' title='bbox 822 597 847 622; x_wconf 92' lang='lat' dir='ltr'>in</span> <span class='ocrx_word' id='word_1_93' title='bbox 861 597 1020 630; x_wconf 80' lang='lat' dir='ltr'>praetorium</span> 
     </span>
    </p>
   </div>
   <div class='ocr_carea' id='block_1_4' title="bbox 231 631 1866 706">
    <p class='ocr_par' dir='ltr' id='par_1_4' title="bbox 231 631 1866 706">
     <span class='ocr_line' id='line_1_13' title="bbox 231 631 1050 668; baseline 0.002 -11"><span class='ocrx_word' id='word_1_94' title='bbox 231 631 378 657; x_wconf 84' lang='lat' dir='ltr'>involutum</span> <span class='ocrx_word' id='word_1_95' title='bbox 394 640 474 666; x_wconf 73' lang='lat' dir='ltr'>qutun</span> <span class='ocrx_word' id='word_1_96' title='bbox 489 632 668 658; x_wconf 65' lang='lat' dir='ltr'>occultissime</span> <span class='ocrx_word' id='word_1_97' title='bbox 681 633 823 659; x_wconf 70' lang='lat' dir='ltr'>deferrent,</span> <span class='ocrx_word' id='word_1_98' title='bbox 845 633 903 665; x_wconf 84' lang='lat' dir='ltr'>Quo</span> <span class='ocrx_word' id='word_1_99' title='bbox 917 638 1021 668; x_wconf 76' lang='lat' dir='ltr'>postea·</span> <span class='ocrx_word' id='word_1_100' title='bbox 1042 653 1050 660; x_wconf 70' lang='grc'>,,</span> 
     </span>
     <span class='ocr_line' id='line_1_14' title="bbox 1048 670 1866 706; baseline 0.004 -11"><span class='ocrx_word' id='word_1_101' title='bbox 1048 674 1049 679; x_wconf 75' lang='grc'>’</span> <span class='ocrx_word' id='word_1_102' title='bbox 1073 679 1102 696; x_wconf 76' lang='lat' dir='ltr'>ac</span> <span class='ocrx_word' id='word_1_103' title='bbox 1121 675 1240 704; x_wconf 81' lang='lat' dir='ltr'>potentes</span> <span class='ocrx_word' id='word_1_104' title='bbox 1259 670 1356 697; x_wconf 81' lang='lat' dir='ltr'>habent</span> <span class='ocrx_word' id='word_1_105' title='bbox 1376 670 1491 705; x_wconf 77' lang='lat' dir='ltr'>profecto</span> <span class='ocrx_word' id='word_1_106' title='bbox 1509 672 1536 698; x_wconf 88' lang='lat' dir='ltr'>in</span> <span class='ocrx_word' id='word_1_107' title='bbox 1549 672 1639 698; x_wconf 79' lang='lat' dir='ltr'>animo</span> <span class='ocrx_word' id='word_1_108' title='bbox 1652 671 1812 706; x_wconf 80' lang='lat' dir='ltr'>Capitolium</span> <span class='ocrx_word' id='word_1_109' title='bbox 1826 673 1866 699; x_wconf 77' lang='lat' dir='ltr'>eie</span> 
     </span>
    </p>
   </div>
   <div class='ocr_carea' id='block_1_5' title="bbox 228 668 1043 854">
    <p class='ocr_par' dir='ltr' id='par_1_5' title="bbox 228 668 1043 854">
     <span class='ocr_line' id='line_1_15' title="bbox 229 668 1018 705; baseline 0.003 -11"><span class='ocrx_word' id='word_1_110' title='bbox 229 677 309 703; x_wconf 83' lang='lat' dir='ltr'>quam</span> <span class='ocrx_word' id='word_1_111' title='bbox 325 668 469 695; x_wconf 80' lang='lat' dir='ltr'>attuleruut</span> <span class='ocrx_word' id='word_1_112' title='bbox 484 669 682 705; x_wconf 81' lang='lat' dir='ltr'>involucrisque</span> <span class='ocrx_word' id='word_1_113' title='bbox 697 671 800 697; x_wconf 79' lang='lat' dir='ltr'>reiectis</span> <span class='ocrx_word' id='word_1_114' title='bbox 811 671 1018 697; x_wconf 84' lang='lat' dir='ltr'>constituerunt:</span> 
     </span>
     <span class='ocr_line' id='line_1_16' title="bbox 230 705 1043 743; baseline 0 -11"><span class='ocrx_word' id='word_1_115' title='bbox 230 706 278 732; x_wconf 77' lang='lat' dir='ltr'>iste</span> <span class='ocrx_word' id='word_1_116' title='bbox 296 705 408 732; x_wconf 81' lang='lat' dir='ltr'>clamare</span> <span class='ocrx_word' id='word_1_117' title='bbox 427 707 525 741; x_wconf 79' lang='lat' dir='ltr'>coepit,</span> <span class='ocrx_word' id='word_1_118' title='bbox 545 706 653 741; x_wconf 75' lang='lat' dir='ltr'>dignum</span> <span class='ocrx_word' id='word_1_119' title='bbox 673 717 727 734; x_wconf 86' lang='lat' dir='ltr'>reni</span> <span class='ocrx_word' id='word_1_120' title='bbox 747 717 805 734; x_wconf 75' lang='lat' dir='ltr'>esse</span> <span class='ocrx_word' id='word_1_121' title='bbox 824 717 904 743; x_wconf 74' lang='lat' dir='ltr'>regno</span> <span class='ocrx_word' id='word_1_122' title='bbox 919 708 1018 743; x_wconf 76' lang='lat' dir='ltr'>Syriae,</span> <span class='ocrx_word' id='word_1_123' title='bbox 1042 725 1043 732; x_wconf 43' lang='lat'>1</span> 
     </span>
     <span class='ocr_line' id='line_1_17' title="bbox 229 743 874 780; baseline 0.003 -11"><span class='ocrx_word' id='word_1_124' title='bbox 229 743 336 778; x_wconf 74' lang='lat' dir='ltr'>dignam</span> <span class='ocrx_word' id='word_1_125' title='bbox 359 744 431 778; x_wconf 79' lang='lat' dir='ltr'>regio</span> <span class='ocrx_word' id='word_1_126' title='bbox 454 752 576 774; x_wconf 81' lang='lat' dir='ltr'>munere.</span> <span class='ocrx_word' id='word_1_127' title='bbox 604 745 712 778; x_wconf 67' lang='lat' dir='ltr'>dignam</span> <span class='ocrx_word' id='word_1_128' title='bbox 736 745 874 780; x_wconf 81' lang='lat' dir='ltr'>Capitolio.</span> 
     </span>
     <span class='ocr_line' id='line_1_18' title="bbox 229 780 1043 817; baseline 0.001 -12"><span class='ocrx_word' id='word_1_129' title='bbox 229 785 283 806; x_wconf 74' lang='lat' dir='ltr'>erut</span> <span class='ocrx_word' id='word_1_130' title='bbox 297 789 327 806; x_wconf 85' lang='lat' dir='ltr'>eo</span> <span class='ocrx_word' id='word_1_131' title='bbox 340 780 494 815; x_wconf 74' lang='lat' dir='ltr'>splendore,</span> <span class='ocrx_word' id='word_1_132' title='bbox 515 782 562 816; x_wconf 84' lang='lat' dir='ltr'>qui</span> <span class='ocrx_word' id='word_1_133' title='bbox 577 790 609 808; x_wconf 80' lang='lat' dir='ltr'>ex</span> <span class='ocrx_word' id='word_1_134' title='bbox 623 782 778 808; x_wconf 76' lang='lat' dir='ltr'>clarissimis</span> <span class='ocrx_word' id='word_1_135' title='bbox 792 788 818 809; x_wconf 89' lang='lat' dir='ltr'>et</span> <span class='ocrx_word' id='word_1_136' title='bbox 833 782 1020 817; x_wconf 79' lang='lat' dir='ltr'><strong>pulcherrimis</strong></span> <span class='ocrx_word' id='word_1_137' title='bbox 1041 794 1043 806; x_wconf 67' lang='grc' dir='ltr'>ι</span> 
     </span>
     <span class='ocr_line' id='line_1_19' title="bbox 228 818 1020 854; baseline 0.005 -12"><span class='ocrx_word' id='word_1_138' title='bbox 228 819 343 853; x_wconf 66' lang='lat' dir='ltr'>gemmis</span> <span class='ocrx_word' id='word_1_139' title='bbox 361 826 419 843; x_wconf 84' lang='lat' dir='ltr'>esse</span> <span class='ocrx_word' id='word_1_140' title='bbox 437 818 562 845; x_wconf 78' lang='lat' dir='ltr'>debehat:</span> <span class='ocrx_word' id='word_1_141' title='bbox 587 828 616 845; x_wconf 82' lang='lat' dir='ltr'>ea</span> <span class='ocrx_word' id='word_1_142' title='bbox 635 820 758 846; x_wconf 78' lang='lat' dir='ltr'>varietate</span> <span class='ocrx_word' id='word_1_143' title='bbox 777 829 901 854; x_wconf 78' lang='lat' dir='ltr'>operum,</span> <span class='ocrx_word' id='word_1_144' title='bbox 928 825 956 846; x_wconf 92' lang='lat' dir='ltr'>ut</span> <span class='ocrx_word' id='word_1_145' title='bbox 979 829 1020 846; x_wconf 76' lang='lat' dir='ltr'>:irs</span> 
     </span>
    </p>
   </div>
   <div class='ocr_carea' id='block_1_6' title="bbox 229 855 1864 963">
    <p class='ocr_par' dir='ltr' id='par_1_6' title="bbox 229 855 1864 963">
     <span class='ocr_line' id='line_1_20' title="bbox 229 855 1050 893; baseline 0.004 -13"><span class='ocrx_word' id='word_1_146' title='bbox 229 860 327 881; x_wconf 81' lang='lat' dir='ltr'>certare</span> <span class='ocrx_word' id='word_1_147' title='bbox 343 855 477 881; x_wconf 83' lang='lat' dir='ltr'>videretur</span> <span class='ocrx_word' id='word_1_148' title='bbox 490 865 552 882; x_wconf 90' lang='lat' dir='ltr'>curn</span> <span class='ocrx_word' id='word_1_149' title='bbox 566 857 654 891; x_wconf 82' lang='lat' dir='ltr'>copia:</span> <span class='ocrx_word' id='word_1_150' title='bbox 679 866 707 882; x_wconf 83' lang='lat' dir='ltr'>ea</span> <span class='ocrx_word' id='word_1_151' title='bbox 723 857 920 890; x_wconf 67' lang='lat' dir='ltr'>magnitudine,</span> <span class='ocrx_word' id='word_1_152' title='bbox 938 862 966 883; x_wconf 92' lang='lat' dir='ltr'>ut</span> <span class='ocrx_word' id='word_1_153' title='bbox 981 858 1021 883; x_wconf 91' lang='lat' dir='ltr'>in-</span> <span class='ocrx_word' id='word_1_154' title='bbox 1041 870 1050 893; x_wconf 63' lang='lat'>¹2</span> 
     </span>
     <span class='ocr_line' id='line_1_21' title="bbox 1041 894 1864 930; baseline 0.002 -10"><span class='ocrx_word' id='word_1_155' title='bbox 1041 895 1050 921; x_wconf 62' lang='grc' dir='ltr'>’,ἶ</span> <span class='ocrx_word' id='word_1_156' title='bbox 1074 894 1140 920; x_wconf 80' lang='lat' dir='ltr'>iuria</span> <span class='ocrx_word' id='word_1_157' title='bbox 1155 899 1206 920; x_wconf 86' lang='lat' dir='ltr'>tarn</span> <span class='ocrx_word' id='word_1_158' title='bbox 1221 894 1313 920; x_wconf 79' lang='lat' dir='ltr'>acerba</span> <span class='ocrx_word' id='word_1_159' title='bbox 1329 894 1479 930; x_wconf 71' lang='lat' dir='ltr'>neglexisse</span> <span class='ocrx_word' id='word_1_160' title='bbox 1492 895 1638 922; x_wconf 76' lang='lat' dir='ltr'>audierint:</span> <span class='ocrx_word' id='word_1_161' title='bbox 1654 904 1705 922; x_wconf 90' lang='lat' dir='ltr'>non</span> <span class='ocrx_word' id='word_1_162' title='bbox 1720 900 1798 922; x_wconf 89' lang='lat' dir='ltr'>erunt</span> <span class='ocrx_word' id='word_1_163' title='bbox 1811 901 1864 922; x_wconf 76' lang='lat' dir='ltr'>tam</span> 
     </span>
     <span class='ocr_line' id='line_1_22' title="bbox 944 931 1049 963; baseline 0 -6"><span class='ocrx_word' id='word_1_164' title='bbox 944 931 1020 963; x_wconf 83' lang='lat' dir='ltr'>Quod</span> <span class='ocrx_word' id='word_1_165' title='bbox 1042 935 1049 961; x_wconf 60' lang='lat'>,¹</span> 
     </span>
    </p>
   </div>
   <div class='ocr_carea' id='block_1_7' title="bbox 229 891 1021 965">
    <p class='ocr_par' dir='ltr' id='par_1_7' title="bbox 229 891 1021 965">
     <span class='ocr_line' id='line_1_23' title="bbox 229 891 1021 929; baseline 0.004 -12"><span class='ocrx_word' id='word_1_166' title='bbox 229 891 314 925; x_wconf 66' lang='lat' dir='ltr'>telligi</span> <span class='ocrx_word' id='word_1_167' title='bbox 334 897 435 927; x_wconf 78' lang='lat' dir='ltr'>posset,</span> <span class='ocrx_word' id='word_1_168' title='bbox 456 902 507 919; x_wconf 92' lang='lat' dir='ltr'>non</span> <span class='ocrx_word' id='word_1_169' title='bbox 525 893 557 919; x_wconf 84' lang='lat' dir='ltr'>ad</span> <span class='ocrx_word' id='word_1_170' title='bbox 577 894 714 920; x_wconf 86' lang='lat' dir='ltr'>hominum</span> <span class='ocrx_word' id='word_1_171' title='bbox 734 899 903 929; x_wconf 83' lang='lat' dir='ltr'>apparatum,</span> <span class='ocrx_word' id='word_1_172' title='bbox 923 894 970 920; x_wconf 89' lang='lat' dir='ltr'>sed</span> <span class='ocrx_word' id='word_1_173' title='bbox 989 894 1021 920; x_wconf 88' lang='lat' dir='ltr'>ad</span> 
     </span>
     <span class='ocr_line' id='line_1_24' title="bbox 229 929 903 965; baseline 0.004 -11"><span class='ocrx_word' id='word_1_174' title='bbox 229 929 389 964; x_wconf 79' lang='lat' dir='ltr'>amplissimi</span> <span class='ocrx_word' id='word_1_175' title='bbox 409 930 500 965; x_wconf 86' lang='lat' dir='ltr'>templi</span> <span class='ocrx_word' id='word_1_176' title='bbox 519 936 703 957; x_wconf 78' lang='lat' dir='ltr'>ornamentum</span> <span class='ocrx_word' id='word_1_177' title='bbox 722 940 780 957; x_wconf 86' lang='lat' dir='ltr'>esse</span> <span class='ocrx_word' id='word_1_178' title='bbox 795 931 903 958; x_wconf 79' lang='lat' dir='ltr'>sactum.</span> 
     </span>
    </p>
   </div>
   <div class='ocr_carea' id='block_1_8' title="bbox 916 746 1049 771">
    <p class='ocr_par' dir='ltr' id='par_1_8' title="bbox 916 746 1049 771">
     <span class='ocr_line' id='line_1_25' title="bbox 916 746 1049 771; baseline -0.015 0"><span class='ocrx_word' id='word_1_179' title='bbox 916 746 1020 771; x_wconf 79' lang='lat' dir='ltr'>Etenim</span> <span class='ocrx_word' id='word_1_180' title='bbox 1042 763 1049 769; x_wconf 21' lang='grc' dir='ltr'>η,</span> 
     </span>
    </p>
   </div>
   <div class='ocr_carea' id='block_1_9' title="bbox 229 967 1043 1002">
    <p class='ocr_par' dir='ltr' id='par_1_9' title="bbox 229 967 1043 1002">
     <span class='ocr_line' id='line_1_26' title="bbox 229 967 1043 1002; baseline 0.005 -10"><span class='ocrx_word' id='word_1_181' title='bbox 229 975 313 1001; x_wconf 89' lang='lat' dir='ltr'>quum</span> <span class='ocrx_word' id='word_1_182' title='bbox 332 967 396 993; x_wconf 83' lang='lat' dir='ltr'>satis</span> <span class='ocrx_word' id='word_1_183' title='bbox 415 968 467 993; x_wconf 81' lang='lat' dir='ltr'>iam</span> <span class='ocrx_word' id='word_1_184' title='bbox 486 969 654 1002; x_wconf 66' lang='lat' dir='ltr'>perspexisse</span> <span class='ocrx_word' id='word_1_185' title='bbox 674 969 820 999; x_wconf 79' lang='lat' dir='ltr'>videretur,</span> <span class='ocrx_word' id='word_1_186' title='bbox 846 969 935 995; x_wconf 88' lang='lat' dir='ltr'>tollere</span> <span class='ocrx_word' id='word_1_187' title='bbox 955 970 1021 995; x_wconf 80' lang='lat' dir='ltr'>iuci-</span> <span class='ocrx_word' id='word_1_188' title='bbox 1041 990 1043 997; x_wconf 92' lang='lat'>.</span> 
     </span>
    </p>
   </div>
   <div class='ocr_carea' id='block_1_10' title="bbox 230 1004 1049 1041">
    <p class='ocr_par' dir='ltr' id='par_1_10' title="bbox 230 1004 1049 1041">
     <span class='ocr_line' id='line_1_27' title="bbox 230 1004 1049 1041; baseline 0.004 -12"><span class='ocrx_word' id='word_1_189' title='bbox 230 1004 314 1038; x_wconf 75' lang='lat' dir='ltr'>piunt.</span> <span class='ocrx_word' id='word_1_190' title='bbox 331 1009 360 1030; x_wconf 91' lang='lat' dir='ltr'>ut</span> <span class='ocrx_word' id='word_1_191' title='bbox 374 1004 508 1031; x_wconf 78' lang='lat' dir='ltr'>referrent.</span> <span class='ocrx_word' id='word_1_192' title='bbox 530 1007 580 1031; x_wconf 84' lang='lat' dir='ltr'>Iste</span> <span class='ocrx_word' id='word_1_193' title='bbox 594 1006 629 1032; x_wconf 83' lang='lat' dir='ltr'>ait</span> <span class='ocrx_word' id='word_1_194' title='bbox 642 1015 671 1032; x_wconf 90' lang='lat' dir='ltr'>se</span> <span class='ocrx_word' id='word_1_195' title='bbox 686 1006 754 1032; x_wconf 88' lang='lat' dir='ltr'>velle</span> <span class='ocrx_word' id='word_1_196' title='bbox 767 1006 834 1032; x_wconf 89' lang='lat' dir='ltr'>illud</span> <span class='ocrx_word' id='word_1_197' title='bbox 849 1007 927 1032; x_wconf 82' lang='lat' dir='ltr'>etiam</span> <span class='ocrx_word' id='word_1_198' title='bbox 942 1011 1020 1041; x_wconf 85' lang='lat' dir='ltr'>atque</span> <span class='ocrx_word' id='word_1_199' title='bbox 1048 1022 1049 1026; x_wconf 66' lang='lat'><em>=</em></span> 
     </span>
    </p>
   </div>
   <div class='ocr_carea' id='block_1_11' title="bbox 229 1041 1043 1078">
    <p class='ocr_par' dir='ltr' id='par_1_11' title="bbox 229 1041 1043 1078">
     <span class='ocr_line' id='line_1_28' title="bbox 229 1041 1043 1078; baseline 0.004 -12"><span class='ocrx_word' id='word_1_200' title='bbox 229 1041 307 1067; x_wconf 82' lang='lat' dir='ltr'>etiam</span> <span class='ocrx_word' id='word_1_201' title='bbox 321 1041 500 1068; x_wconf 82' lang='lat' dir='ltr'>considerare.-</span> <span class='ocrx_word' id='word_1_202' title='bbox 523 1052 690 1078; x_wconf 83' lang='lat' dir='ltr'>nequaquam</span> <span class='ocrx_word' id='word_1_203' title='bbox 705 1053 733 1069; x_wconf 91' lang='lat' dir='ltr'>se</span> <span class='ocrx_word' id='word_1_204' title='bbox 747 1052 805 1069; x_wconf 85' lang='lat' dir='ltr'>esse</span> <span class='ocrx_word' id='word_1_205' title='bbox 819 1044 957 1070; x_wconf 84' lang='lat' dir='ltr'>satiatum:</span> <span class='ocrx_word' id='word_1_206' title='bbox 979 1044 1020 1069; x_wconf 82' lang='lat' dir='ltr'>iu-</span> <span class='ocrx_word' id='word_1_207' title='bbox 1041 1069 1043 1073; x_wconf 86' lang='grc'>,</span> 
     </span>
    </p>
   </div>
   <div class='ocr_carea' id='block_1_12' title="bbox 210 1077 1021 1451">
    <p class='ocr_par' dir='ltr' id='par_1_12' title="bbox 210 1077 1021 1451">
     <span class='ocr_line' id='line_1_29' title="bbox 210 1077 935 1116; baseline 0.006 -13"><span class='ocrx_word' id='word_1_208' title='bbox 210 1079 214 1086; x_wconf 87' lang='grc'><em>“</em></span> <span class='ocrx_word' id='word_1_209' title='bbox 229 1077 273 1104; x_wconf 88' lang='lat' dir='ltr'>bet</span> <span class='ocrx_word' id='word_1_210' title='bbox 290 1077 350 1105; x_wconf 88' lang='lat' dir='ltr'>illos</span> <span class='ocrx_word' id='word_1_211' title='bbox 369 1078 504 1105; x_wconf 82' lang='lat' dir='ltr'>discedere</span> <span class='ocrx_word' id='word_1_212' title='bbox 522 1085 547 1106; x_wconf 87' lang='lat' dir='ltr'>et</span> <span class='ocrx_word' id='word_1_213' title='bbox 564 1080 752 1106; x_wconf 84' lang='lat' dir='ltr'>candelabrum</span> <span class='ocrx_word' id='word_1_214' title='bbox 777 1080 935 1116; x_wconf 81' lang='lat' dir='ltr'>relinquere.</span> 
     </span>
     <span class='ocr_line' id='line_1_30' title="bbox 230 1114 861 1144; baseline 0.005 -3"><span class='ocrx_word' id='word_1_215' title='bbox 230 1114 268 1141; x_wconf 80' lang='lat' dir='ltr'>illi</span> <span class='ocrx_word' id='word_1_216' title='bbox 284 1120 340 1142; x_wconf 90' lang='lat' dir='ltr'>tum</span> <span class='ocrx_word' id='word_1_217' title='bbox 354 1116 446 1142; x_wconf 81' lang='lat' dir='ltr'>inanes</span> <span class='ocrx_word' id='word_1_218' title='bbox 460 1117 493 1143; x_wconf 85' lang='lat' dir='ltr'>ad</span> <span class='ocrx_word' id='word_1_219' title='bbox 508 1117 667 1144; x_wconf 78' lang='lat' dir='ltr'>Antiochum</span> <span class='ocrx_word' id='word_1_220' title='bbox 683 1122 861 1144; x_wconf 85' lang='lat' dir='ltr'>revertuntur.</span> 
     </span>
     <span class='ocr_line' id='line_1_31' title="bbox 285 1152 1021 1190; baseline 0.004 -12"><span class='ocrx_word' id='word_1_221' title='bbox 285 1152 385 1179; x_wconf 80' lang='lat' dir='ltr'>XXIX.</span> <span class='ocrx_word' id='word_1_222' title='bbox 399 1155 439 1179; x_wconf 86' lang='grc'>66.</span> <span class='ocrx_word' id='word_1_223' title='bbox 456 1155 511 1180; x_wconf 85' lang='lat' dir='ltr'>Rex</span> <span class='ocrx_word' id='word_1_224' title='bbox 523 1155 608 1189; x_wconf 88' lang='lat' dir='ltr'>primo</span> <span class='ocrx_word' id='word_1_225' title='bbox 623 1155 688 1181; x_wconf 91' lang='lat' dir='ltr'>nihil</span> <span class='ocrx_word' id='word_1_226' title='bbox 704 1160 830 1186; x_wconf 78' lang='lat' dir='ltr'>metuere¹</span> <span class='ocrx_word' id='word_1_227' title='bbox 848 1154 914 1181; x_wconf 91' lang='lat' dir='ltr'>nihil</span> <span class='ocrx_word' id='word_1_228' title='bbox 929 1156 1021 1190; x_wconf 80' lang='lat' dir='ltr'>suspi—</span> 
     </span>
     <span class='ocr_line' id='line_1_32' title="bbox 228 1190 910 1226; baseline 0.004 -10"><span class='ocrx_word' id='word_1_229' title='bbox 228 1190 292 1216; x_wconf 79' lang='lat' dir='ltr'>cari.</span> <span class='ocrx_word' id='word_1_230' title='bbox 332 1190 392 1216; x_wconf 86' lang='lat' dir='ltr'>Dies</span> <span class='ocrx_word' id='word_1_231' title='bbox 411 1199 495 1222; x_wconf 74' lang='lat' dir='ltr'>unus,</span> <span class='ocrx_word' id='word_1_232' title='bbox 515 1191 593 1223; x_wconf 75' lang='lat' dir='ltr'>atter,</span> <span class='ocrx_word' id='word_1_233' title='bbox 614 1192 718 1226; x_wconf 90' lang='lat' dir='ltr'>plures:</span> <span class='ocrx_word' id='word_1_234' title='bbox 744 1201 795 1219; x_wconf 91' lang='lat' dir='ltr'>non</span> <span class='ocrx_word' id='word_1_235' title='bbox 810 1193 910 1219; x_wconf 85' lang='lat' dir='ltr'>referri.</span> 
     </span>
     <span class='ocr_line' id='line_1_33' title="bbox 229 1228 1020 1260; baseline 0.004 -7"><span class='ocrx_word' id='word_1_236' title='bbox 229 1228 309 1253; x_wconf 89' lang='lat' dir='ltr'>mittit</span> <span class='ocrx_word' id='word_1_237' title='bbox 322 1236 368 1254; x_wconf 88' lang='lat' dir='ltr'>rex</span> <span class='ocrx_word' id='word_1_238' title='bbox 382 1228 415 1254; x_wconf 81' lang='lat' dir='ltr'>ad</span> <span class='ocrx_word' id='word_1_239' title='bbox 428 1229 525 1260; x_wconf 80' lang='lat' dir='ltr'>istum,</span> <span class='ocrx_word' id='word_1_240' title='bbox 541 1230 563 1255; x_wconf 89' lang='lat' dir='ltr'>si</span> <span class='ocrx_word' id='word_1_241' title='bbox 578 1229 629 1255; x_wconf 87' lang='lat' dir='ltr'>sibi</span> <span class='ocrx_word' id='word_1_242' title='bbox 646 1229 774 1260; x_wconf 76' lang='lat' dir='ltr'>videatur.</span> <span class='ocrx_word' id='word_1_243' title='bbox 791 1235 820 1256; x_wconf 92' lang='lat' dir='ltr'>ut</span> <span class='ocrx_word' id='word_1_244' title='bbox 834 1229 936 1256; x_wconf 83' lang='lat' dir='ltr'>reddat.</span> <span class='ocrx_word' id='word_1_245' title='bbox 977 1231 1020 1256; x_wconf 90' lang='lat' dir='ltr'>lu-</span> 
     </span>
     <span class='ocr_line' id='line_1_34' title="bbox 229 1264 1018 1299; baseline 0.004 -9"><span class='ocrx_word' id='word_1_246' title='bbox 229 1264 272 1290; x_wconf 88' lang='lat' dir='ltr'>bet</span> <span class='ocrx_word' id='word_1_247' title='bbox 291 1265 340 1290; x_wconf 83' lang='lat' dir='ltr'>iste</span> <span class='ocrx_word' id='word_1_248' title='bbox 359 1266 491 1299; x_wconf 82' lang='lat' dir='ltr'>posterius</span> <span class='ocrx_word' id='word_1_249' title='bbox 509 1266 542 1292; x_wconf 82' lang='lat' dir='ltr'>ad</span> <span class='ocrx_word' id='word_1_250' title='bbox 560 1275 589 1292; x_wconf 90' lang='lat' dir='ltr'>se</span> <span class='ocrx_word' id='word_1_251' title='bbox 607 1267 712 1293; x_wconf 88' lang='lat' dir='ltr'>reverti.</span> <span class='ocrx_word' id='word_1_252' title='bbox 751 1267 849 1293; x_wconf 86' lang='lat' dir='ltr'>Mirum</span> <span class='ocrx_word' id='word_1_253' title='bbox 868 1267 908 1294; x_wconf 93' lang='lat' dir='ltr'>illi</span> <span class='ocrx_word' id='word_1_254' title='bbox 923 1267 1018 1293; x_wconf 85' lang='lat' dir='ltr'>videri.</span> 
     </span>
     <span class='ocr_line' id='line_1_35' title="bbox 229 1302 1017 1339; baseline 0.004 -12"><span class='ocrx_word' id='word_1_255' title='bbox 229 1302 308 1328; x_wconf 82' lang='lat' dir='ltr'>Mittit</span> <span class='ocrx_word' id='word_1_256' title='bbox 322 1302 432 1328; x_wconf 84' lang='lat' dir='ltr'>iterum:</span> <span class='ocrx_word' id='word_1_257' title='bbox 449 1312 499 1329; x_wconf 91' lang='lat' dir='ltr'>non</span> <span class='ocrx_word' id='word_1_258' title='bbox 515 1303 643 1330; x_wconf 79' lang='lat' dir='ltr'>redditur.</span> <span class='ocrx_word' id='word_1_259' title='bbox 665 1305 724 1338; x_wconf 88' lang='lat' dir='ltr'>Ipse</span> <span class='ocrx_word' id='word_1_260' title='bbox 739 1304 874 1331; x_wconf 91' lang='lat' dir='ltr'>bominem</span> <span class='ocrx_word' id='word_1_261' title='bbox 888 1304 1017 1339; x_wconf 85' lang='lat' dir='ltr'>appellat:</span> 
     </span>
     <span class='ocr_line' id='line_1_36' title="bbox 230 1339 1020 1377; baseline 0.005 -13"><span class='ocrx_word' id='word_1_262' title='bbox 230 1343 310 1374; x_wconf 79' lang='lat' dir='ltr'>rogat,</span> <span class='ocrx_word' id='word_1_263' title='bbox 327 1343 357 1365; x_wconf 90' lang='lat' dir='ltr'>ut</span> <span class='ocrx_word' id='word_1_264' title='bbox 370 1339 472 1366; x_wconf 88' lang='lat' dir='ltr'>reddat.</span> <span class='ocrx_word' id='word_1_265' title='bbox 494 1340 530 1367; x_wconf 90' lang='lat' dir='ltr'>Os</span> <span class='ocrx_word' id='word_1_266' title='bbox 544 1341 660 1367; x_wconf 89' lang='lat' dir='ltr'>hominis</span> <span class='ocrx_word' id='word_1_267' title='bbox 674 1342 862 1377; x_wconf 82' lang='lat' dir='ltr'>insignemque</span> <span class='ocrx_word' id='word_1_268' title='bbox 876 1341 1020 1376; x_wconf 86' lang='lat' dir='ltr'>impuden-</span> 
     </span>
     <span class='ocr_line' id='line_1_37' title="bbox 229 1376 464 1411; baseline 0.004 -9"><span class='ocrx_word' id='word_1_269' title='bbox 229 1376 290 1402; x_wconf 80' lang='lat' dir='ltr'>tiam</span> <span class='ocrx_word' id='word_1_270' title='bbox 305 1378 464 1411; x_wconf 81' lang='lat' dir='ltr'>cognoscite.</span> 
     </span>
     <span class='ocr_line' id='line_1_38' title="bbox 227 1413 1020 1451; baseline 0.005 -12"><span class='ocrx_word' id='word_1_271' title='bbox 227 1413 347 1439; x_wconf 86' lang='lat' dir='ltr'>audisset</span> <span class='ocrx_word' id='word_1_272' title='bbox 362 1414 388 1440; x_wconf 90' lang='lat' dir='ltr'>in</span> <span class='ocrx_word' id='word_1_273' title='bbox 404 1414 532 1449; x_wconf 88' lang='lat' dir='ltr'>Capitolio</span> <span class='ocrx_word' id='word_1_274' title='bbox 546 1424 604 1441; x_wconf 86' lang='lat' dir='ltr'>esse</span> <span class='ocrx_word' id='word_1_275' title='bbox 619 1416 780 1450; x_wconf 84' lang='lat' dir='ltr'>ponendum,</span> <span class='ocrx_word' id='word_1_276' title='bbox 797 1417 869 1451; x_wconf 89' lang='lat' dir='ltr'>quod</span> <span class='ocrx_word' id='word_1_277' title='bbox 879 1417 934 1443; x_wconf 90' lang='lat' dir='ltr'>lovi</span> <span class='ocrx_word' id='word_1_278' title='bbox 944 1416 1020 1451; x_wconf 88' lang='lat' dir='ltr'>Opti-</span> 
     </span>
    </p>
   </div>
   <div class='ocr_carea' id='block_1_13' title="bbox 977 1081 1043 1123">
    <p class='ocr_par' dir='ltr' id='par_1_13' title="bbox 977 1081 1043 1123">
     <span class='ocr_line' id='line_1_39' title="bbox 977 1081 1043 1123; baseline 0 -16"><span class='ocrx_word' id='word_1_279' title='bbox 977 1081 1020 1107; x_wconf 78' lang='lat' dir='ltr'>sic</span> <span class='ocrx_word' id='word_1_280' title='bbox 1041 1107 1043 1123; x_wconf 52' lang='grc' dir='ltr'>Ι,</span> 
     </span>
    </p>
   </div>
   <div class='ocr_carea' id='block_1_14' title="bbox 951 1193 1049 1225">
    <p class='ocr_par' dir='ltr' id='par_1_14' title="bbox 951 1193 1049 1225">
     <span class='ocr_line' id='line_1_40' title="bbox 951 1193 1049 1225; baseline -0.01 -6"><span class='ocrx_word' id='word_1_281' title='bbox 951 1193 1019 1219; x_wconf 89' lang='lat' dir='ltr'>Tum</span> <span class='ocrx_word' id='word_1_282' title='bbox 1048 1219 1049 1225; x_wconf 24' lang='lat'>¹</span> 
     </span>
    </p>
   </div>
   <div class='ocr_carea' id='block_1_15' title="bbox 504 1377 1042 1415">
    <p class='ocr_par' dir='ltr' id='par_1_15' title="bbox 504 1377 1042 1415">
     <span class='ocr_line' id='line_1_41' title="bbox 504 1377 1042 1415; baseline 0.004 -12"><span class='ocrx_word' id='word_1_283' title='bbox 504 1377 580 1410; x_wconf 90' lang='lat' dir='ltr'>Quod</span> <span class='ocrx_word' id='word_1_284' title='bbox 594 1379 681 1409; x_wconf 89' lang='lat' dir='ltr'>sciret,</span> <span class='ocrx_word' id='word_1_285' title='bbox 697 1379 824 1414; x_wconf 87' lang='lat' dir='ltr'>quodque</span> <span class='ocrx_word' id='word_1_286' title='bbox 838 1387 871 1405; x_wconf 90' lang='lat' dir='ltr'>ex</span> <span class='ocrx_word' id='word_1_287' title='bbox 884 1379 944 1414; x_wconf 91' lang='lat' dir='ltr'>ipso</span> <span class='ocrx_word' id='word_1_288' title='bbox 958 1387 1019 1415; x_wconf 82' lang='lat' dir='ltr'>rege</span> <span class='ocrx_word' id='word_1_289' title='bbox 1040 1387 1042 1396; x_wconf 67' lang='lat'><strong><em>¹</em></strong></span> 
     </span>
    </p>
   </div>
   <div class='ocr_carea' id='block_1_16' title="bbox 377 300 1050 334">
    <p class='ocr_par' dir='ltr' id='par_1_16' title="bbox 377 300 1050 334">
     <span class='ocr_line' id='line_1_42' title="bbox 377 300 1050 334; baseline -0.004 -8"><span class='ocrx_word' id='word_1_290' title='bbox 377 301 496 326; x_wconf 78' lang='lat' dir='ltr'>l’erveuit</span> <span class='ocrx_word' id='word_1_291' title='bbox 512 310 551 325; x_wconf 72' lang='lat' dir='ltr'>resi</span> <span class='ocrx_word' id='word_1_292' title='bbox 565 300 597 324; x_wconf 82' lang='lat' dir='ltr'>od</span> <span class='ocrx_word' id='word_1_293' title='bbox 613 300 690 324; x_wconf 69' lang='lat' dir='ltr'>istius</span> <span class='ocrx_word' id='word_1_294' title='bbox 704 308 790 328; x_wconf 67' lang='lat' dir='ltr'>auree.</span> <span class='ocrx_word' id='word_1_295' title='bbox 808 300 896 325; x_wconf 69' lang='lat' dir='ltr'>neseio</span> <span class='ocrx_word' id='word_1_296' title='bbox 909 308 1021 333; x_wconf 81' lang='lat' dir='ltr'>quomo·</span> <span class='ocrx_word' id='word_1_297' title='bbox 1048 315 1050 334; x_wconf 66' lang='lat'>?</span> 
     </span>
    </p>
   </div>
   <div class='ocr_carea' id='block_1_17' title="bbox 947 155 1287 182">
    <p class='ocr_par' dir='ltr' id='par_1_17' title="bbox 947 155 1287 182">
     <span class='ocr_line' id='line_1_43' title="bbox 947 155 1287 182; baseline 0 -1"><span class='ocrx_word' id='word_1_298' title='bbox 947 156 976 181; x_wconf 85' lang='lat' dir='ltr'>T.</span> <span class='ocrx_word' id='word_1_299' title='bbox 1012 155 1287 182; x_wconf 69' lang='lat' dir='ltr'>ciet-:tioxts</span> 
     </span>
    </p>
   </div>
   <div class='ocr_carea' id='block_1_18' title="bbox 1073 224 1866 410">
    <p class='ocr_par' dir='ltr' id='par_1_18' title="bbox 1073 224 1866 410">
     <span class='ocr_line' id='line_1_44' title="bbox 1074 224 1865 262; baseline 0.006 -12"><span class='ocrx_word' id='word_1_300' title='bbox 1074 226 1110 251; x_wconf 82' lang='lat' dir='ltr'>tui</span> <span class='ocrx_word' id='word_1_301' title='bbox 1135 224 1195 251; x_wconf 74' lang='lat' dir='ltr'>facti</span> <span class='ocrx_word' id='word_1_302' title='bbox 1219 224 1315 251; x_wconf 72' lang='lat' dir='ltr'>{arii-m</span> <span class='ocrx_word' id='word_1_303' title='bbox 1340 225 1366 251; x_wconf 92' lang='lat' dir='ltr'>in</span> <span class='ocrx_word' id='word_1_304' title='bbox 1390 233 1469 259; x_wconf 72' lang='lat' dir='ltr'>regna</span> <span class='ocrx_word' id='word_1_305' title='bbox 1487 226 1600 252; x_wconf 81' lang='lat' dir='ltr'>aliorum</span> <span class='ocrx_word' id='word_1_306' title='bbox 1618 231 1697 262; x_wconf 77' lang='lat' dir='ltr'>atque</span> <span class='ocrx_word' id='word_1_307' title='bbox 1715 227 1742 254; x_wconf 89' lang='lat' dir='ltr'>in</span> <span class='ocrx_word' id='word_1_308' title='bbox 1756 227 1865 255; x_wconf 71' lang='lat' dir='ltr'>ultimas</span> 
     </span>
     <span class='ocr_line' id='line_1_45' title="bbox 1074 263 1866 300; baseline 0.005 -13"><span class='ocrx_word' id='word_1_309' title='bbox 1074 267 1154 288; x_wconf 74' lang='lat' dir='ltr'>terras</span> <span class='ocrx_word' id='word_1_310' title='bbox 1170 267 1356 296; x_wconf 77' lang='lat' dir='ltr'>perventurum</span> <span class='ocrx_word' id='word_1_311' title='bbox 1372 263 1483 296; x_wconf 72' lang='lat' dir='ltr'>putanti.</span> <span class='ocrx_word' id='word_1_312' title='bbox 1502 272 1588 298; x_wconf 89' lang='lat' dir='ltr'>quum</span> <span class='ocrx_word' id='word_1_313' title='bbox 1602 264 1737 294; x_wconf 78' lang='lat' dir='ltr'>audirent.</span> <span class='ocrx_word' id='word_1_314' title='bbox 1760 274 1774 290; x_wconf 80' lang='grc' dir='ltr'>ι</span> <span class='ocrx_word' id='word_1_315' title='bbox 1789 273 1866 300; x_wconf 80' lang='lat' dir='ltr'>pne·-</span> 
     </span>
     <span class='ocr_line' id='line_1_46' title="bbox 1074 299 1865 337; baseline 0.004 -13"><span class='ocrx_word' id='word_1_316' title='bbox 1074 304 1126 324; x_wconf 83' lang='lat' dir='ltr'>tore</span> <span class='ocrx_word' id='word_1_317' title='bbox 1138 299 1229 333; x_wconf 90' lang='lat' dir='ltr'>populi</span> <span class='ocrx_word' id='word_1_318' title='bbox 1242 299 1352 325; x_wconf 75' lang='lat' dir='ltr'>{tomani</span> <span class='ocrx_word' id='word_1_319' title='bbox 1366 300 1392 325; x_wconf 91' lang='lat' dir='ltr'>in</span> <span class='ocrx_word' id='word_1_320' title='bbox 1404 301 1538 334; x_wconf 80' lang='lat' dir='ltr'>provincia</span> <span class='ocrx_word' id='word_1_321' title='bbox 1551 301 1679 327; x_wconf 74' lang='lat' dir='ltr'>violatum</span> <span class='ocrx_word' id='word_1_322' title='bbox 1691 310 1789 336; x_wconf 74' lang='lat' dir='ltr'>regem.</span> <span class='ocrx_word' id='word_1_323' title='bbox 1802 311 1865 337; x_wconf 76' lang='lat' dir='ltr'>spo-</span> 
     </span>
     <span class='ocr_line' id='line_1_47' title="bbox 1074 335 1866 373; baseline 0.005 -12"><span class='ocrx_word' id='word_1_324' title='bbox 1074 335 1166 362; x_wconf 79' lang='lat' dir='ltr'>liatum</span> <span class='ocrx_word' id='word_1_325' title='bbox 1183 336 1328 370; x_wconf 63' lang='lat' dir='ltr'>hospitem.</span> <span class='ocrx_word' id='word_1_326' title='bbox 1348 337 1462 363; x_wconf 83' lang='lat' dir='ltr'>eiectum</span> <span class='ocrx_word' id='word_1_327' title='bbox 1477 339 1580 364; x_wconf 77' lang='lat' dir='ltr'>socium</span> <span class='ocrx_word' id='word_1_328' title='bbox 1595 337 1687 373; x_wconf 85' lang='lat' dir='ltr'>populi</span> <span class='ocrx_word' id='word_1_329' title='bbox 1703 338 1811 365; x_wconf 71' lang='lat' dir='ltr'>nomam·</span> <span class='ocrx_word' id='word_1_330' title='bbox 1826 344 1866 365; x_wconf 76' lang='grc' dir='ltr'>ιι-</span> 
     </span>
     <span class='ocr_line' id='line_1_48' title="bbox 1073 371 1866 410; baseline 0.008 -13"><span class='ocrx_word' id='word_1_331' title='bbox 1073 382 1125 407; x_wconf 79' lang='lat' dir='ltr'>que</span> <span class='ocrx_word' id='word_1_332' title='bbox 1136 371 1271 398; x_wconf 71' lang='lat' dir='ltr'>mineum?</span> <span class='ocrx_word' id='word_1_333' title='bbox 1285 373 1386 399; x_wconf 74' lang='lat' dir='ltr'>Nomen</span> <span class='ocrx_word' id='word_1_334' title='bbox 1398 379 1516 400; x_wconf 68' lang='lat' dir='ltr'>vestrum</span> <span class='ocrx_word' id='word_1_335' title='bbox 1527 375 1674 410; x_wconf 84' lang='lat' dir='ltr'>populique</span> <span class='ocrx_word' id='word_1_336' title='bbox 1684 375 1794 402; x_wconf 77' lang='lat' dir='ltr'>Romani</span> <span class='ocrx_word' id='word_1_337' title='bbox 1805 376 1866 403; x_wconf 83' lang='lat' dir='ltr'>odio</span> 
     </span>
    </p>
   </div>
   <div class='ocr_carea' id='block_1_19' title="bbox 1075 410 1863 444">
    <p class='ocr_par' dir='ltr' id='par_1_19' title="bbox 1048 407 1863 444">
     <span class='ocr_line' id='line_1_49' title="bbox 1075 410 1863 444; baseline 0.006 -9.834"><span class='ocrx_word' id='word_1_338' title='bbox 1075 414 1153 444; x_wconf 70' lang='lat' dir='ltr'>:itque</span> <span class='ocrx_word' id='word_1_339' title='bbox 1172 410 1306 436; x_wconf 73' lang='lat' dir='ltr'>acerbitati</span> <span class='ocrx_word' id='word_1_340' title='bbox 1324 411 1417 437; x_wconf 67' lang='lat' dir='ltr'>scitote</span> <span class='ocrx_word' id='word_1_341' title='bbox 1439 412 1591 438; x_wconf 71' lang='lat' dir='ltr'>nationibus</span> <span class='ocrx_word' id='word_1_342' title='bbox 1615 413 1726 442; x_wconf 70' lang='lat' dir='ltr'>exteris.</span> <span class='ocrx_word' id='word_1_343' title='bbox 1752 413 1863 444; x_wconf 71' lang='lat' dir='ltr'>iudioeo.</span> 
     </span>
    </p>
   </div>
   <div class='ocr_carea' id='block_1_20' title="bbox 1074 447 1865 484">
    <p class='ocr_par' dir='ltr' id='par_1_20' title="bbox 1074 447 1865 484">
     <span class='ocr_line' id='line_1_50' title="bbox 1074 447 1865 484; baseline 0.004 -11"><span class='ocrx_word' id='word_1_344' title='bbox 1074 447 1208 477; x_wconf 76' lang='lat' dir='ltr'>futurum,</span> <span class='ocrx_word' id='word_1_345' title='bbox 1233 447 1255 473; x_wconf 78' lang='lat' dir='ltr'>ei</span> <span class='ocrx_word' id='word_1_346' title='bbox 1279 447 1357 473; x_wconf 70' lang='lat' dir='ltr'>istius</span> <span class='ocrx_word' id='word_1_347' title='bbox 1376 448 1440 474; x_wconf 80' lang='lat' dir='ltr'>haec</span> <span class='ocrx_word' id='word_1_348' title='bbox 1458 453 1527 475; x_wconf 75' lang='lat' dir='ltr'>tenta</span> <span class='ocrx_word' id='word_1_349' title='bbox 1547 450 1644 475; x_wconf 82' lang='lat' dir='ltr'>iniuria</span> <span class='ocrx_word' id='word_1_350' title='bbox 1663 450 1794 484; x_wconf 75' lang='lat' dir='ltr'>impunita</span> <span class='ocrx_word' id='word_1_351' title='bbox 1808 450 1865 477; x_wconf 75' lang='lat' dir='ltr'>dio-</span> 
     </span>
    </p>
   </div>
   <div class='ocr_carea' id='block_1_21' title="bbox 1048 484 1864 521">
    <p class='ocr_par' dir='ltr' id='par_1_21' title="bbox 1048 484 1864 521">
     <span class='ocr_line' id='line_1_51' title="bbox 1048 484 1864 521; baseline 0.006 -13"><span class='ocrx_word' id='word_1_352' title='bbox 1048 493 1049 503; x_wconf 56' lang='lat'><em>*</em></span> <span class='ocrx_word' id='word_1_353' title='bbox 1072 484 1190 510; x_wconf 65' lang='lat' dir='ltr'>cesserit.</span> <span class='ocrx_word' id='word_1_354' title='bbox 1221 484 1265 510; x_wconf 84' lang='lat' dir='ltr'>Sic</span> <span class='ocrx_word' id='word_1_355' title='bbox 1278 493 1372 510; x_wconf 77' lang='lat' dir='ltr'>omnes</span> <span class='ocrx_word' id='word_1_356' title='bbox 1386 485 1593 516; x_wconf 75' lang='lat' dir='ltr'>arbitrabuntur.</span> <span class='ocrx_word' id='word_1_357' title='bbox 1610 487 1764 521; x_wconf 70' lang='lat' dir='ltr'>praesertim</span> <span class='ocrx_word' id='word_1_358' title='bbox 1778 496 1864 521; x_wconf 87' lang='lat' dir='ltr'>quum</span> 
     </span>
    </p>
   </div>
   <div class='ocr_carea' id='block_1_22' title="bbox 1046 540 1052 1374">
    <p class='ocr_par' dir='ltr' id='par_1_22' title="bbox 1046 540 1052 1374">
     <span class='ocr_line' id='line_1_52' title="bbox 1046 540 1052 1374; baseline 0 0"><span class='ocrx_word' id='word_1_359' title='bbox 1046 540 1052 1374; x_wconf 95' lang='lat' dir='ltr'> </span> 
     </span>
    </p>
   </div>
   <div class='ocr_carea' id='block_1_23' title="bbox 1048 521 1866 551">
    <p class='ocr_par' dir='ltr' id='par_1_23' title="bbox 1048 521 1866 551">
     <span class='ocr_line' id='line_1_53' title="bbox 1048 521 1866 551; baseline 0.004 -4"><span class='ocrx_word' id='word_1_360' title='bbox 1048 526 1050 531; x_wconf 87' lang='lat'>&#39;</span> <span class='ocrx_word' id='word_1_361' title='bbox 1074 521 1137 547; x_wconf 74' lang='lat' dir='ltr'>hacc</span> <span class='ocrx_word' id='word_1_362' title='bbox 1151 521 1260 547; x_wconf 89' lang='lat' dir='ltr'>omnino</span> <span class='ocrx_word' id='word_1_363' title='bbox 1274 521 1342 547; x_wconf 78' lang='lat' dir='ltr'>sama</span> <span class='ocrx_word' id='word_1_364' title='bbox 1356 521 1389 548; x_wconf 90' lang='lat' dir='ltr'>de</span> <span class='ocrx_word' id='word_1_365' title='bbox 1403 527 1552 549; x_wconf 76' lang='lat' dir='ltr'>nostrorum</span> <span class='ocrx_word' id='word_1_366' title='bbox 1568 523 1706 550; x_wconf 89' lang='lat' dir='ltr'>hominum</span> <span class='ocrx_word' id='word_1_367' title='bbox 1720 525 1829 550; x_wconf 76' lang='lat' dir='ltr'>avaritia</span> <span class='ocrx_word' id='word_1_368' title='bbox 1840 529 1866 551; x_wconf 84' lang='lat' dir='ltr'>et</span> 
     </span>
    </p>
   </div>
   <div class='ocr_carea' id='block_1_24' title="bbox 1072 559 1866 669">
    <p class='ocr_par' dir='ltr' id='par_1_24' title="bbox 1072 559 1866 669">
     <span class='ocr_line' id='line_1_54' title="bbox 1072 559 1866 592; baseline 0.005 -9"><span class='ocrx_word' id='word_1_369' title='bbox 1072 559 1217 592; x_wconf 82' lang='lat' dir='ltr'>cupiditate</span> <span class='ocrx_word' id='word_1_370' title='bbox 1232 559 1431 592; x_wconf 83' lang='lat' dir='ltr'>percrebruerit.</span> <span class='ocrx_word' id='word_1_371' title='bbox 1448 568 1499 586; x_wconf 87' lang='lat' dir='ltr'>non</span> <span class='ocrx_word' id='word_1_372' title='bbox 1514 561 1592 586; x_wconf 75' lang='lat' dir='ltr'>istius</span> <span class='ocrx_word' id='word_1_373' title='bbox 1602 560 1687 586; x_wconf 72' lang='lat' dir='ltr'>solius</span> <span class='ocrx_word' id='word_1_374' title='bbox 1697 560 1746 587; x_wconf 81' lang='lat' dir='ltr'>hoc</span> <span class='ocrx_word' id='word_1_375' title='bbox 1756 570 1816 587; x_wconf 72' lang='lat' dir='ltr'>esee</span> <span class='ocrx_word' id='word_1_376' title='bbox 1828 560 1866 587; x_wconf 75' lang='lat' dir='ltr'>fa-</span> 
     </span>
     <span class='ocr_line' id='line_1_55' title="bbox 1072 595 1866 632; baseline 0.006 -12"><span class='ocrx_word' id='word_1_377' title='bbox 1072 597 1158 625; x_wconf 61' lang='lat' dir='ltr'>cinus.</span> <span class='ocrx_word' id='word_1_378' title='bbox 1175 595 1221 621; x_wconf 78' lang='lat' dir='ltr'>sed</span> <span class='ocrx_word' id='word_1_379' title='bbox 1235 605 1326 622; x_wconf 87' lang='lat' dir='ltr'>eorum</span> <span class='ocrx_word' id='word_1_380' title='bbox 1341 596 1434 626; x_wconf 81' lang='lat' dir='ltr'>etiam.</span> <span class='ocrx_word' id='word_1_381' title='bbox 1450 597 1498 631; x_wconf 87' lang='lat' dir='ltr'>qui</span> <span class='ocrx_word' id='word_1_382' title='bbox 1512 598 1692 632; x_wconf 73' lang='lat' dir='ltr'>approbarint.</span> <span class='ocrx_word' id='word_1_383' title='bbox 1733 598 1809 624; x_wconf 74' lang='lat' dir='ltr'>Multi</span> <span class='ocrx_word' id='word_1_384' title='bbox 1823 607 1866 625; x_wconf 87' lang='lat' dir='ltr'>re-</span> 
     </span>
     <span class='ocr_line' id='line_1_56' title="bbox 1073 632 1864 669; baseline 0.005 -11"><span class='ocrx_word' id='word_1_385' title='bbox 1073 642 1133 667; x_wconf 76' lang='lat' dir='ltr'>ges,</span> <span class='ocrx_word' id='word_1_386' title='bbox 1154 632 1253 659; x_wconf 81' lang='lat' dir='ltr'>inultae</span> <span class='ocrx_word' id='word_1_387' title='bbox 1268 633 1366 659; x_wconf 81' lang='lat' dir='ltr'>liberae</span> <span class='ocrx_word' id='word_1_388' title='bbox 1379 634 1512 665; x_wconf 78' lang='lat' dir='ltr'>civitatee.</span> <span class='ocrx_word' id='word_1_389' title='bbox 1534 634 1612 661; x_wconf 89' lang='lat' dir='ltr'>multi</span> <span class='ocrx_word' id='word_1_390' title='bbox 1631 635 1727 669; x_wconf 84' lang='lat' dir='ltr'>privati</span> <span class='ocrx_word' id='word_1_391' title='bbox 1745 635 1864 669; x_wconf 78' lang='lat' dir='ltr'>opulenti</span> 
     </span>
    </p>
   </div>
   <div class='ocr_carea' id='block_1_25' title="bbox 1072 708 1865 890">
    <p class='ocr_par' dir='ltr' id='par_1_25' title="bbox 1072 708 1865 890">
     <span class='ocr_line' id='line_1_57' title="bbox 1072 708 1864 744; baseline 0.004 -11"><span class='ocrx_word' id='word_1_392' title='bbox 1072 716 1178 738; x_wconf 80' lang='lat' dir='ltr'>ornare.</span> <span class='ocrx_word' id='word_1_393' title='bbox 1202 712 1229 733; x_wconf 92' lang='lat' dir='ltr'>ut</span> <span class='ocrx_word' id='word_1_394' title='bbox 1248 708 1339 742; x_wconf 86' lang='lat' dir='ltr'>templi</span> <span class='ocrx_word' id='word_1_395' title='bbox 1358 708 1474 743; x_wconf 67' lang='lat' dir='ltr'>dignitas</span> <span class='ocrx_word' id='word_1_396' title='bbox 1494 709 1653 744; x_wconf 84' lang='lat' dir='ltr'>imperiique</span> <span class='ocrx_word' id='word_1_397' title='bbox 1672 709 1754 736; x_wconf 73' lang='lat' dir='ltr'>nostri</span> <span class='ocrx_word' id='word_1_398' title='bbox 1769 718 1864 737; x_wconf 88' lang='lat' dir='ltr'>nomen</span> 
     </span>
     <span class='ocr_line' id='line_1_58' title="bbox 1072 744 1865 782; baseline 0.004 -12"><span class='ocrx_word' id='word_1_399' title='bbox 1072 744 1217 771; x_wconf 80' lang='lat' dir='ltr'>desiderat:</span> <span class='ocrx_word' id='word_1_400' title='bbox 1243 746 1290 780; x_wconf 90' lang='lat' dir='ltr'>qui</span> <span class='ocrx_word' id='word_1_401' title='bbox 1309 745 1332 771; x_wconf 77' lang='lat' dir='ltr'>si</span> <span class='ocrx_word' id='word_1_402' title='bbox 1348 745 1540 777; x_wconf 76' lang='lat' dir='ltr'>intellexerint.</span> <span class='ocrx_word' id='word_1_403' title='bbox 1560 747 1706 773; x_wconf 76' lang='lat' dir='ltr'>interverso</span> <span class='ocrx_word' id='word_1_404' title='bbox 1720 746 1801 782; x_wconf 76' lang='lat' dir='ltr'>regali</span> <span class='ocrx_word' id='word_1_405' title='bbox 1816 747 1865 774; x_wconf 88' lang='lat' dir='ltr'>hoc</span> 
     </span>
     <span class='ocr_line' id='line_1_59' title="bbox 1072 782 1865 819; baseline 0.003 -11"><span class='ocrx_word' id='word_1_406' title='bbox 1072 782 1153 813; x_wconf 80' lang='lat' dir='ltr'>dono.</span> <span class='ocrx_word' id='word_1_407' title='bbox 1175 783 1290 817; x_wconf 72' lang='lat' dir='ltr'>graviter</span> <span class='ocrx_word' id='word_1_408' title='bbox 1305 792 1351 808; x_wconf 82' lang='lat' dir='ltr'>vos</span> <span class='ocrx_word' id='word_1_409' title='bbox 1365 783 1472 809; x_wconf 83' lang='lat' dir='ltr'>tulisse:</span> <span class='ocrx_word' id='word_1_410' title='bbox 1496 788 1569 817; x_wconf 80' lang='lat' dir='ltr'>grata</span> <span class='ocrx_word' id='word_1_411' title='bbox 1588 783 1642 809; x_wconf 83' lang='lat' dir='ltr'>l&#39;ore</span> <span class='ocrx_word' id='word_1_412' title='bbox 1661 783 1737 810; x_wconf 72' lang='lat' dir='ltr'>vobio</span> <span class='ocrx_word' id='word_1_413' title='bbox 1751 783 1865 819; x_wconf 87' lang='lat' dir='ltr'>populo-</span> 
     </span>
     <span class='ocr_line' id='line_1_60' title="bbox 1073 820 1864 854; baseline 0.004 -9"><span class='ocrx_word' id='word_1_414' title='bbox 1073 828 1125 854; x_wconf 87' lang='lat' dir='ltr'>que</span> <span class='ocrx_word' id='word_1_415' title='bbox 1140 820 1257 846; x_wconf 76' lang='lat' dir='ltr'>Romano</span> <span class='ocrx_word' id='word_1_416' title='bbox 1274 829 1321 846; x_wconf 80' lang='lat' dir='ltr'>sua</span> <span class='ocrx_word' id='word_1_417' title='bbox 1340 820 1427 846; x_wconf 87' lang='lat' dir='ltr'>studia</span> <span class='ocrx_word' id='word_1_418' title='bbox 1442 829 1472 846; x_wconf 85' lang='lat' dir='ltr'>ac</span> <span class='ocrx_word' id='word_1_419' title='bbox 1485 820 1552 847; x_wconf 87' lang='lat' dir='ltr'>dona</span> <span class='ocrx_word' id='word_1_420' title='bbox 1567 820 1776 847; x_wconf 77' lang='lat' dir='ltr'>arbitrabuntur.</span> <span class='ocrx_word' id='word_1_421' title='bbox 1815 820 1864 848; x_wconf 86' lang='lat' dir='ltr'>Sin</span> 
     </span>
     <span class='ocr_line' id='line_1_61' title="bbox 1074 856 1863 890; baseline 0.004 -8"><span class='ocrx_word' id='word_1_422' title='bbox 1074 856 1122 883; x_wconf 91' lang='lat' dir='ltr'>hoc</span> <span class='ocrx_word' id='word_1_423' title='bbox 1138 865 1183 883; x_wconf 84' lang='lat' dir='ltr'>vos</span> <span class='ocrx_word' id='word_1_424' title='bbox 1198 857 1224 883; x_wconf 90' lang='lat' dir='ltr'>in</span> <span class='ocrx_word' id='word_1_425' title='bbox 1239 866 1299 890; x_wconf 63' lang='lat' dir='ltr'>rege</span> <span class='ocrx_word' id='word_1_426' title='bbox 1314 862 1365 883; x_wconf 89' lang='lat' dir='ltr'>tam</span> <span class='ocrx_word' id='word_1_427' title='bbox 1381 857 1476 888; x_wconf 86' lang='lat' dir='ltr'>nobili,</span> <span class='ocrx_word' id='word_1_428' title='bbox 1497 858 1524 884; x_wconf 92' lang='lat' dir='ltr'>in</span> <span class='ocrx_word' id='word_1_429' title='bbox 1539 866 1566 884; x_wconf 90' lang='lat' dir='ltr'>re</span> <span class='ocrx_word' id='word_1_430' title='bbox 1580 863 1632 884; x_wconf 77' lang='lat' dir='ltr'>tam</span> <span class='ocrx_word' id='word_1_431' title='bbox 1646 858 1757 889; x_wconf 77' lang='lat' dir='ltr'>eximia.</span> <span class='ocrx_word' id='word_1_432' title='bbox 1782 859 1810 885; x_wconf 89' lang='lat' dir='ltr'>in</span> <span class='ocrx_word' id='word_1_433' title='bbox 1824 859 1863 885; x_wconf 88' lang='lat' dir='ltr'>in·</span> 
     </span>
    </p>
   </div>
   <div class='ocr_carea' id='block_1_26' title="bbox 1071 933 1866 1265">
    <p class='ocr_par' dir='ltr' id='par_1_26' title="bbox 1071 933 1866 1265">
     <span class='ocr_line' id='line_1_62' title="bbox 1073 933 1865 967; baseline 0.003 -10"><span class='ocrx_word' id='word_1_434' title='bbox 1073 936 1200 962; x_wconf 78' lang='lat' dir='ltr'>amentes,</span> <span class='ocrx_word' id='word_1_435' title='bbox 1217 937 1245 957; x_wconf 91' lang='lat' dir='ltr'>ut</span> <span class='ocrx_word' id='word_1_436' title='bbox 1259 940 1375 966; x_wconf 73' lang='lat' dir='ltr'>operam,</span> <span class='ocrx_word' id='word_1_437' title='bbox 1390 940 1496 963; x_wconf 79' lang='lat' dir='ltr'>curam,</span> <span class='ocrx_word' id='word_1_438' title='bbox 1513 933 1653 967; x_wconf 79' lang='lat' dir='ltr'>pecuniam</span> <span class='ocrx_word' id='word_1_439' title='bbox 1668 933 1823 967; x_wconf 76' lang='lat' dir='ltr'>impendant</span> <span class='ocrx_word' id='word_1_440' title='bbox 1837 933 1865 960; x_wconf 88' lang='lat' dir='ltr'>in</span> 
     </span>
     <span class='ocr_line' id='line_1_63' title="bbox 1072 969 1772 1005; baseline 0.003 -11"><span class='ocrx_word' id='word_1_441' title='bbox 1072 977 1116 995; x_wconf 87' lang='lat' dir='ltr'>eas</span> <span class='ocrx_word' id='word_1_442' title='bbox 1131 978 1180 998; x_wconf 75' lang='lat' dir='ltr'>res.</span> <span class='ocrx_word' id='word_1_443' title='bbox 1197 977 1264 1003; x_wconf 83' lang='lat' dir='ltr'>quas</span> <span class='ocrx_word' id='word_1_444' title='bbox 1279 969 1354 995; x_wconf 81' lang='lat' dir='ltr'>vobis</span> <span class='ocrx_word' id='word_1_445' title='bbox 1368 974 1455 1005; x_wconf 82' lang='lat' dir='ltr'>gratas</span> <span class='ocrx_word' id='word_1_446' title='bbox 1470 969 1524 996; x_wconf 81' lang='lat' dir='ltr'>Iore</span> <span class='ocrx_word' id='word_1_447' title='bbox 1539 978 1590 996; x_wconf 89' lang='lat' dir='ltr'>non</span> <span class='ocrx_word' id='word_1_448' title='bbox 1603 970 1772 996; x_wconf 81' lang='lat' dir='ltr'>arbitrentur.</span> 
     </span>
     <span class='ocr_line' id='line_1_64' title="bbox 1128 1006 1865 1042; baseline 0.004 -11"><span class='ocrx_word' id='word_1_449' title='bbox 1128 1006 1228 1032; x_wconf 79' lang='lat' dir='ltr'>XXXI.</span> <span class='ocrx_word' id='word_1_450' title='bbox 1245 1009 1285 1032; x_wconf 84' lang='grc'>69.</span> <span class='ocrx_word' id='word_1_451' title='bbox 1310 1006 1362 1033; x_wconf 86' lang='lat' dir='ltr'>lloc</span> <span class='ocrx_word' id='word_1_452' title='bbox 1378 1006 1445 1037; x_wconf 80' lang='lat' dir='ltr'>loco.</span> <span class='ocrx_word' id='word_1_453' title='bbox 1461 1006 1491 1039; x_wconf 90' lang='lat' dir='ltr'>Q.</span> <span class='ocrx_word' id='word_1_454' title='bbox 1506 1006 1611 1037; x_wconf 78' lang='lat' dir='ltr'>Catule,</span> <span class='ocrx_word' id='word_1_455' title='bbox 1628 1012 1652 1033; x_wconf 89' lang='lat' dir='ltr'>te</span> <span class='ocrx_word' id='word_1_456' title='bbox 1665 1007 1780 1042; x_wconf 82' lang='lat' dir='ltr'>appello.</span> <span class='ocrx_word' id='word_1_457' title='bbox 1814 1007 1865 1034; x_wconf 84' lang='lat' dir='ltr'>Lo-</span> 
     </span>
     <span class='ocr_line' id='line_1_65' title="bbox 1072 1043 1865 1079; baseline 0.001 -10"><span class='ocrx_word' id='word_1_458' title='bbox 1072 1052 1140 1078; x_wconf 93' lang='lat' dir='ltr'>quor</span> <span class='ocrx_word' id='word_1_459' title='bbox 1158 1044 1228 1070; x_wconf 88' lang='lat' dir='ltr'>enim</span> <span class='ocrx_word' id='word_1_460' title='bbox 1247 1043 1280 1069; x_wconf 91' lang='lat' dir='ltr'>de</span> <span class='ocrx_word' id='word_1_461' title='bbox 1299 1048 1344 1069; x_wconf 90' lang='lat' dir='ltr'>tuo</span> <span class='ocrx_word' id='word_1_462' title='bbox 1357 1043 1507 1070; x_wconf 84' lang='lat' dir='ltr'>clarissimo</span> <span class='ocrx_word' id='word_1_463' title='bbox 1521 1043 1755 1079; x_wconf 88' lang='lat' dir='ltr'>pulcherrimoque</span> <span class='ocrx_word' id='word_1_464' title='bbox 1770 1052 1865 1071; x_wconf 90' lang='lat' dir='ltr'>monu—</span> 
     </span>
     <span class='ocr_line' id='line_1_66' title="bbox 1072 1081 1866 1108; baseline 0.001 -1"><span class='ocrx_word' id='word_1_465' title='bbox 1072 1085 1170 1107; x_wconf 90' lang='lat' dir='ltr'>mento.</span> <span class='ocrx_word' id='word_1_466' title='bbox 1205 1081 1262 1107; x_wconf 84' lang='lat' dir='ltr'>Non</span> <span class='ocrx_word' id='word_1_467' title='bbox 1277 1081 1373 1107; x_wconf 86' lang='lat' dir='ltr'>iudicis</span> <span class='ocrx_word' id='word_1_468' title='bbox 1387 1081 1475 1108; x_wconf 83' lang='lat' dir='ltr'>solum</span> <span class='ocrx_word' id='word_1_469' title='bbox 1489 1081 1656 1107; x_wconf 87' lang='lat' dir='ltr'>severitatem</span> <span class='ocrx_word' id='word_1_470' title='bbox 1671 1082 1698 1108; x_wconf 91' lang='lat' dir='ltr'>in</span> <span class='ocrx_word' id='word_1_471' title='bbox 1713 1081 1762 1108; x_wconf 86' lang='lat' dir='ltr'>hoc</span> <span class='ocrx_word' id='word_1_472' title='bbox 1775 1082 1866 1108; x_wconf 90' lang='lat' dir='ltr'>crimi-</span> 
     </span>
     <span class='ocr_line' id='line_1_67' title="bbox 1073 1117 1865 1153; baseline 0.003 -9"><span class='ocrx_word' id='word_1_473' title='bbox 1073 1126 1113 1148; x_wconf 81' lang='lat' dir='ltr'>ne.</span> <span class='ocrx_word' id='word_1_474' title='bbox 1129 1117 1176 1144; x_wconf 83' lang='lat' dir='ltr'>sed</span> <span class='ocrx_word' id='word_1_475' title='bbox 1191 1126 1272 1153; x_wconf 84' lang='lat' dir='ltr'>prope</span> <span class='ocrx_word' id='word_1_476' title='bbox 1286 1119 1387 1144; x_wconf 88' lang='lat' dir='ltr'>inimici</span> <span class='ocrx_word' id='word_1_477' title='bbox 1399 1123 1478 1153; x_wconf 88' lang='lat' dir='ltr'>atque</span> <span class='ocrx_word' id='word_1_478' title='bbox 1491 1119 1650 1145; x_wconf 79' lang='lat' dir='ltr'>accusatoris</span> <span class='ocrx_word' id='word_1_479' title='bbox 1662 1119 1717 1145; x_wconf 89' lang='lat' dir='ltr'>vim</span> <span class='ocrx_word' id='word_1_480' title='bbox 1728 1119 1865 1153; x_wconf 76' lang='lat' dir='ltr'>suscipere</span> 
     </span>
     <span class='ocr_line' id='line_1_68' title="bbox 1071 1155 1865 1191; baseline 0.001 -10"><span class='ocrx_word' id='word_1_481' title='bbox 1071 1155 1163 1181; x_wconf 86' lang='lat' dir='ltr'>debes.</span> <span class='ocrx_word' id='word_1_482' title='bbox 1204 1156 1278 1181; x_wconf 87' lang='lat' dir='ltr'>Tuus</span> <span class='ocrx_word' id='word_1_483' title='bbox 1293 1160 1333 1182; x_wconf 90' lang='lat' dir='ltr'>est</span> <span class='ocrx_word' id='word_1_484' title='bbox 1346 1156 1417 1182; x_wconf 88' lang='lat' dir='ltr'>enim</span> <span class='ocrx_word' id='word_1_485' title='bbox 1433 1156 1516 1182; x_wconf 86' lang='lat' dir='ltr'>honos</span> <span class='ocrx_word' id='word_1_486' title='bbox 1530 1156 1557 1182; x_wconf 91' lang='lat' dir='ltr'>in</span> <span class='ocrx_word' id='word_1_487' title='bbox 1572 1155 1618 1182; x_wconf 92' lang='lat' dir='ltr'>illo</span> <span class='ocrx_word' id='word_1_488' title='bbox 1632 1155 1740 1191; x_wconf 88' lang='lat' dir='ltr'>templo,</span> <span class='ocrx_word' id='word_1_489' title='bbox 1756 1161 1865 1183; x_wconf 73' lang='lat' dir='ltr'>senatus</span> 
     </span>
     <span class='ocr_line' id='line_1_69' title="bbox 1073 1192 1865 1228; baseline 0 -9"><span class='ocrx_word' id='word_1_490' title='bbox 1073 1192 1219 1228; x_wconf 86' lang='lat' dir='ltr'>populique</span> <span class='ocrx_word' id='word_1_491' title='bbox 1230 1193 1339 1219; x_wconf 82' lang='lat' dir='ltr'>Romani</span> <span class='ocrx_word' id='word_1_492' title='bbox 1355 1193 1495 1219; x_wconf 80' lang='lat' dir='ltr'>beneficio:</span> <span class='ocrx_word' id='word_1_493' title='bbox 1513 1193 1550 1219; x_wconf 93' lang='lat' dir='ltr'>tui</span> <span class='ocrx_word' id='word_1_494' title='bbox 1566 1193 1681 1219; x_wconf 83' lang='lat' dir='ltr'>nominis</span> <span class='ocrx_word' id='word_1_495' title='bbox 1695 1198 1798 1219; x_wconf 82' lang='lat' dir='ltr'>aeterna</span> <span class='ocrx_word' id='word_1_496' title='bbox 1809 1201 1865 1219; x_wconf 88' lang='lat' dir='ltr'>me-</span> 
     </span>
     <span class='ocr_line' id='line_1_70' title="bbox 1073 1230 1864 1265; baseline 0 -9"><span class='ocrx_word' id='word_1_497' title='bbox 1073 1231 1154 1256; x_wconf 88' lang='lat' dir='ltr'>moria</span> <span class='ocrx_word' id='word_1_498' title='bbox 1172 1230 1254 1256; x_wconf 86' lang='lat' dir='ltr'>simul</span> <span class='ocrx_word' id='word_1_499' title='bbox 1273 1239 1335 1256; x_wconf 90' lang='lat' dir='ltr'>cum</span> <span class='ocrx_word' id='word_1_500' title='bbox 1355 1230 1454 1265; x_wconf 90' lang='lat' dir='ltr'>templo</span> <span class='ocrx_word' id='word_1_501' title='bbox 1472 1230 1518 1256; x_wconf 92' lang='lat' dir='ltr'>illo</span> <span class='ocrx_word' id='word_1_502' title='bbox 1530 1235 1712 1257; x_wconf 81' lang='lat' dir='ltr'>consecratur:</span> <span class='ocrx_word' id='word_1_503' title='bbox 1738 1230 1785 1256; x_wconf 89' lang='lat' dir='ltr'>tibi</span> <span class='ocrx_word' id='word_1_504' title='bbox 1800 1230 1864 1257; x_wconf 83' lang='lat' dir='ltr'>haec</span> 
     </span>
    </p>
   </div>
   <div class='ocr_carea' id='block_1_27' title="bbox 1041 1267 1866 1376">
    <p class='ocr_par' dir='ltr' id='par_1_27' title="bbox 1041 1267 1866 1376">
     <span class='ocr_line' id='line_1_71' title="bbox 1048 1267 1866 1302; baseline 0.001 -9"><span class='ocrx_word' id='word_1_505' title='bbox 1048 1274 1049 1282; x_wconf 67' lang='lat'>¹</span> <span class='ocrx_word' id='word_1_506' title='bbox 1071 1275 1133 1293; x_wconf 88' lang='lat' dir='ltr'>cura</span> <span class='ocrx_word' id='word_1_507' title='bbox 1147 1267 1327 1302; x_wconf 74' lang='lat' dir='ltr'>suscipienda,</span> <span class='ocrx_word' id='word_1_508' title='bbox 1345 1267 1392 1294; x_wconf 91' lang='lat' dir='ltr'>tibi</span> <span class='ocrx_word' id='word_1_509' title='bbox 1408 1267 1471 1293; x_wconf 89' lang='lat' dir='ltr'>haec</span> <span class='ocrx_word' id='word_1_510' title='bbox 1481 1276 1560 1302; x_wconf 85' lang='lat' dir='ltr'>opera</span> <span class='ocrx_word' id='word_1_511' title='bbox 1571 1267 1701 1294; x_wconf 87' lang='lat' dir='ltr'>sumenda</span> <span class='ocrx_word' id='word_1_512' title='bbox 1711 1272 1760 1298; x_wconf 79' lang='lat' dir='ltr'>est.</span> <span class='ocrx_word' id='word_1_513' title='bbox 1776 1271 1805 1294; x_wconf 88' lang='lat' dir='ltr'>ut</span> <span class='ocrx_word' id='word_1_514' title='bbox 1815 1267 1866 1294; x_wconf 77' lang='lat' dir='ltr'>Ca-</span> 
     </span>
     <span class='ocr_line' id='line_1_72' title="bbox 1048 1304 1864 1340; baseline 0.001 -10"><span class='ocrx_word' id='word_1_515' title='bbox 1048 1329 1049 1334; x_wconf 65' lang='lat'>,</span> <span class='ocrx_word' id='word_1_516' title='bbox 1072 1304 1205 1339; x_wconf 78' lang='lat' dir='ltr'>pitolium.</span> <span class='ocrx_word' id='word_1_517' title='bbox 1221 1304 1355 1339; x_wconf 89' lang='lat' dir='ltr'>quomodo</span> <span class='ocrx_word' id='word_1_518' title='bbox 1370 1304 1585 1340; x_wconf 84' lang='lat' dir='ltr'>magnificentius</span> <span class='ocrx_word' id='word_1_519' title='bbox 1598 1309 1638 1331; x_wconf 83' lang='lat' dir='ltr'>est</span> <span class='ocrx_word' id='word_1_520' title='bbox 1648 1305 1810 1335; x_wconf 83' lang='lat' dir='ltr'>restitutum,</span> <span class='ocrx_word' id='word_1_521' title='bbox 1825 1305 1864 1331; x_wconf 83' lang='lat' dir='ltr'>sic</span> 
     </span>
     <span class='ocr_line' id='line_1_73' title="bbox 1041 1340 1864 1376; baseline 0 -8"><span class='ocrx_word' id='word_1_522' title='bbox 1041 1347 1049 1353; x_wconf 65' lang='lat'>&#39;¹</span> <span class='ocrx_word' id='word_1_523' title='bbox 1071 1342 1206 1376; x_wconf 86' lang='lat' dir='ltr'>copiosius</span> <span class='ocrx_word' id='word_1_524' title='bbox 1219 1346 1342 1368; x_wconf 89' lang='lat' dir='ltr'>ornatum</span> <span class='ocrx_word' id='word_1_525' title='bbox 1356 1342 1399 1372; x_wconf 83' lang='lat' dir='ltr'>sit.</span> <span class='ocrx_word' id='word_1_526' title='bbox 1415 1350 1497 1376; x_wconf 84' lang='lat' dir='ltr'>quam</span> <span class='ocrx_word' id='word_1_527' title='bbox 1512 1341 1576 1375; x_wconf 79' lang='lat' dir='ltr'>fuit;</span> <span class='ocrx_word' id='word_1_528' title='bbox 1601 1346 1632 1368; x_wconf 90' lang='lat' dir='ltr'>ut</span> <span class='ocrx_word' id='word_1_529' title='bbox 1644 1341 1690 1368; x_wconf 84' lang='lat' dir='ltr'>illa</span> <span class='ocrx_word' id='word_1_530' title='bbox 1704 1340 1808 1368; x_wconf 84' lang='lat' dir='ltr'>flamma</span> <span class='ocrx_word' id='word_1_531' title='bbox 1822 1341 1864 1368; x_wconf 92' lang='lat' dir='ltr'>di-</span> 
     </span>
    </p>
   </div>
   <div class='ocr_carea' id='block_1_28' title="bbox 1072 1378 1864 1414">
    <p class='ocr_par' dir='ltr' id='par_1_28' title="bbox 1072 1378 1864 1414">
     <span class='ocr_line' id='line_1_74' title="bbox 1072 1378 1864 1414; baseline 0.001 -9"><span class='ocrx_word' id='word_1_532' title='bbox 1072 1379 1173 1405; x_wconf 90' lang='lat' dir='ltr'>vinitus</span> <span class='ocrx_word' id='word_1_533' title='bbox 1192 1379 1326 1405; x_wconf 85' lang='lat' dir='ltr'>exstitisse</span> <span class='ocrx_word' id='word_1_534' title='bbox 1344 1378 1479 1410; x_wconf 86' lang='lat' dir='ltr'>videatur,</span> <span class='ocrx_word' id='word_1_535' title='bbox 1505 1387 1571 1410; x_wconf 83' lang='lat' dir='ltr'>non,</span> <span class='ocrx_word' id='word_1_536' title='bbox 1595 1387 1664 1414; x_wconf 88' lang='lat' dir='ltr'>quae</span> <span class='ocrx_word' id='word_1_537' title='bbox 1681 1378 1782 1405; x_wconf 90' lang='lat' dir='ltr'>deleret</span> <span class='ocrx_word' id='word_1_538' title='bbox 1794 1379 1864 1406; x_wconf 82' lang='lat' dir='ltr'>lovis</span> 
     </span>
    </p>
   </div>
   <div class='ocr_carea' id='block_1_29' title="bbox 1040 1410 1865 1451">
    <p class='ocr_par' dir='ltr' id='par_1_29' title="bbox 1040 1410 1865 1451">
     <span class='ocr_line' id='line_1_75' title="bbox 1040 1410 1865 1451; baseline 0 -9"><span class='ocrx_word' id='word_1_539' title='bbox 1040 1410 1049 1434; x_wconf 62' lang='lat'>3¹</span> <span class='ocrx_word' id='word_1_540' title='bbox 1071 1415 1171 1450; x_wconf 86' lang='lat' dir='ltr'>Optimi</span> <span class='ocrx_word' id='word_1_541' title='bbox 1186 1417 1294 1443; x_wconf 80' lang='lat' dir='ltr'>Maximi</span> <span class='ocrx_word' id='word_1_542' title='bbox 1314 1416 1459 1451; x_wconf 88' lang='lat' dir='ltr'>templum,</span> <span class='ocrx_word' id='word_1_543' title='bbox 1479 1416 1527 1443; x_wconf 86' lang='lat' dir='ltr'>sed</span> <span class='ocrx_word' id='word_1_544' title='bbox 1544 1425 1613 1451; x_wconf 83' lang='lat' dir='ltr'>quae</span> <span class='ocrx_word' id='word_1_545' title='bbox 1632 1416 1794 1451; x_wconf 81' lang='lat' dir='ltr'>praeclarius</span> <span class='ocrx_word' id='word_1_546' title='bbox 1808 1425 1865 1442; x_wconf 87' lang='lat' dir='ltr'>ma-</span> 
     </span>
    </p>
   </div>
   <div class='ocr_carea' id='block_1_30' title="bbox 228 1451 1042 1487">
    <p class='ocr_par' dir='ltr' id='par_1_30' title="bbox 228 1451 1042 1487">
     <span class='ocr_line' id='line_1_76' title="bbox 228 1451 1042 1487; baseline 0.006 -11"><span class='ocrx_word' id='word_1_547' title='bbox 228 1459 271 1477; x_wconf 84' lang='lat' dir='ltr'>nio</span> <span class='ocrx_word' id='word_1_548' title='bbox 285 1451 407 1482; x_wconf 80' lang='lat' dir='ltr'>Maximo.</span> <span class='ocrx_word' id='word_1_549' title='bbox 424 1452 496 1486; x_wconf 90' lang='lat' dir='ltr'>quod</span> <span class='ocrx_word' id='word_1_550' title='bbox 511 1452 609 1487; x_wconf 90' lang='lat' dir='ltr'>populo</span> <span class='ocrx_word' id='word_1_551' title='bbox 621 1453 737 1480; x_wconf 82' lang='lat' dir='ltr'>Romano</span> <span class='ocrx_word' id='word_1_552' title='bbox 750 1454 849 1480; x_wconf 80' lang='lat' dir='ltr'>servari</span> <span class='ocrx_word' id='word_1_553' title='bbox 865 1454 975 1485; x_wconf 88' lang='lat' dir='ltr'>videret,</span> <span class='ocrx_word' id='word_1_554' title='bbox 992 1453 1019 1480; x_wconf 93' lang='lat' dir='ltr'>id</span> <span class='ocrx_word' id='word_1_555' title='bbox 1040 1467 1042 1477; x_wconf 69' lang='lat' dir='ltr'><em>r</em></span> 
     </span>
    </p>
   </div>
   <div class='ocr_carea' id='block_1_31' title="bbox 226 1487 1019 1712">
    <p class='ocr_par' dir='ltr' id='par_1_31' title="bbox 226 1487 1019 1712">
     <span class='ocr_line' id='line_1_77' title="bbox 227 1487 1016 1526; baseline 0.004 -13"><span class='ocrx_word' id='word_1_556' title='bbox 227 1487 279 1514; x_wconf 85' lang='lat' dir='ltr'>sibi</span> <span class='ocrx_word' id='word_1_557' title='bbox 295 1492 323 1514; x_wconf 88' lang='lat' dir='ltr'>ut</span> <span class='ocrx_word' id='word_1_558' title='bbox 336 1488 457 1520; x_wconf 85' lang='lat' dir='ltr'>donaret,</span> <span class='ocrx_word' id='word_1_559' title='bbox 478 1498 569 1524; x_wconf 85' lang='lat' dir='ltr'>rogare</span> <span class='ocrx_word' id='word_1_560' title='bbox 587 1495 612 1516; x_wconf 92' lang='lat' dir='ltr'>et</span> <span class='ocrx_word' id='word_1_561' title='bbox 631 1490 802 1517; x_wconf 88' lang='lat' dir='ltr'>vehementer</span> <span class='ocrx_word' id='word_1_562' title='bbox 820 1495 908 1525; x_wconf 89' lang='lat' dir='ltr'>petere</span> <span class='ocrx_word' id='word_1_563' title='bbox 921 1491 1016 1526; x_wconf 87' lang='lat' dir='ltr'>coepit.</span> 
     </span>
     <span class='ocr_line' id='line_1_78' title="bbox 227 1524 1018 1563; baseline 0.005 -13"><span class='ocrx_word' id='word_1_564' title='bbox 227 1524 316 1556; x_wconf 86' lang='lat' dir='ltr'>Quum</span> <span class='ocrx_word' id='word_1_565' title='bbox 332 1524 378 1551; x_wconf 84' lang='lat' dir='ltr'>ille</span> <span class='ocrx_word' id='word_1_566' title='bbox 391 1534 420 1551; x_wconf 91' lang='lat' dir='ltr'>se</span> <span class='ocrx_word' id='word_1_567' title='bbox 433 1531 459 1552; x_wconf 91' lang='lat' dir='ltr'>et</span> <span class='ocrx_word' id='word_1_568' title='bbox 473 1526 600 1562; x_wconf 79' lang='lat' dir='ltr'>religione</span> <span class='ocrx_word' id='word_1_569' title='bbox 610 1528 680 1554; x_wconf 90' lang='lat' dir='ltr'>Iovis</span> <span class='ocrx_word' id='word_1_570' title='bbox 690 1528 832 1563; x_wconf 88' lang='lat' dir='ltr'>Capitolini</span> <span class='ocrx_word' id='word_1_571' title='bbox 842 1533 868 1554; x_wconf 92' lang='lat' dir='ltr'>et</span> <span class='ocrx_word' id='word_1_572' title='bbox 879 1528 1018 1555; x_wconf 89' lang='lat' dir='ltr'>hominurn</span> 
     </span>
     <span class='ocr_line' id='line_1_79' title="bbox 226 1563 1019 1600; baseline 0.005 -12"><span class='ocrx_word' id='word_1_573' title='bbox 226 1563 421 1589; x_wconf 73' lang='lat' dir='ltr'>existimatione</span> <span class='ocrx_word' id='word_1_574' title='bbox 435 1564 559 1598; x_wconf 89' lang='lat' dir='ltr'>impediri</span> <span class='ocrx_word' id='word_1_575' title='bbox 573 1564 684 1596; x_wconf 87' lang='lat' dir='ltr'>diceret,</span> <span class='ocrx_word' id='word_1_576' title='bbox 699 1565 772 1600; x_wconf 89' lang='lat' dir='ltr'>quod</span> <span class='ocrx_word' id='word_1_577' title='bbox 786 1565 886 1592; x_wconf 84' lang='lat' dir='ltr'>multae</span> <span class='ocrx_word' id='word_1_578' title='bbox 900 1566 1019 1592; x_wconf 86' lang='lat' dir='ltr'>nationes</span> 
     </span>
     <span class='ocr_line' id='line_1_80' title="bbox 228 1600 1018 1636; baseline 0.006 -12"><span class='ocrx_word' id='word_1_579' title='bbox 228 1604 307 1625; x_wconf 87' lang='lat' dir='ltr'>testes</span> <span class='ocrx_word' id='word_1_580' title='bbox 325 1605 414 1626; x_wconf 84' lang='lat' dir='ltr'>essent</span> <span class='ocrx_word' id='word_1_581' title='bbox 431 1600 506 1627; x_wconf 90' lang='lat' dir='ltr'>illius</span> <span class='ocrx_word' id='word_1_582' title='bbox 523 1602 611 1636; x_wconf 89' lang='lat' dir='ltr'>operis</span> <span class='ocrx_word' id='word_1_583' title='bbox 630 1611 660 1628; x_wconf 86' lang='lat' dir='ltr'>ac</span> <span class='ocrx_word' id='word_1_584' title='bbox 677 1603 812 1629; x_wconf 85' lang='lat' dir='ltr'>muneris:</span> <span class='ocrx_word' id='word_1_585' title='bbox 839 1603 891 1629; x_wconf 87' lang='lat' dir='ltr'>iste</span> <span class='ocrx_word' id='word_1_586' title='bbox 916 1603 1018 1630; x_wconf 88' lang='lat' dir='ltr'>homini</span> 
     </span>
     <span class='ocr_line' id='line_1_81' title="bbox 227 1637 1019 1673; baseline 0.006 -11"><span class='ocrx_word' id='word_1_587' title='bbox 227 1637 321 1663; x_wconf 85' lang='lat' dir='ltr'>minari</span> <span class='ocrx_word' id='word_1_588' title='bbox 341 1637 467 1664; x_wconf 81' lang='lat' dir='ltr'>acerrime</span> <span class='ocrx_word' id='word_1_589' title='bbox 485 1640 581 1673; x_wconf 83' lang='lat' dir='ltr'>coepit.</span> <span class='ocrx_word' id='word_1_590' title='bbox 621 1639 672 1666; x_wconf 89' lang='lat' dir='ltr'>Ubi</span> <span class='ocrx_word' id='word_1_591' title='bbox 687 1639 767 1670; x_wconf 86' lang='lat' dir='ltr'>videt.</span> <span class='ocrx_word' id='word_1_592' title='bbox 787 1648 849 1666; x_wconf 91' lang='lat' dir='ltr'>eum</span> <span class='ocrx_word' id='word_1_593' title='bbox 864 1640 949 1666; x_wconf 84' lang='lat' dir='ltr'>nihilo</span> <span class='ocrx_word' id='word_1_594' title='bbox 963 1649 1019 1666; x_wconf 89' lang='lat' dir='ltr'>ma-</span> 
     </span>
     <span class='ocr_line' id='line_1_82' title="bbox 226 1674 1019 1712; baseline 0.006 -13"><span class='ocrx_word' id='word_1_595' title='bbox 226 1674 268 1709; x_wconf 82' lang='lat' dir='ltr'>gis</span> <span class='ocrx_word' id='word_1_596' title='bbox 283 1674 373 1705; x_wconf 70' lang='lat' dir='ltr'>minis,</span> <span class='ocrx_word' id='word_1_597' title='bbox 389 1683 469 1709; x_wconf 86' lang='lat' dir='ltr'>quam</span> <span class='ocrx_word' id='word_1_598' title='bbox 485 1676 608 1710; x_wconf 86' lang='lat' dir='ltr'>precibus</span> <span class='ocrx_word' id='word_1_599' title='bbox 623 1677 785 1711; x_wconf 85' lang='lat' dir='ltr'>permoveri:</span> <span class='ocrx_word' id='word_1_600' title='bbox 810 1682 918 1712; x_wconf 89' lang='lat' dir='ltr'>repente</span> <span class='ocrx_word' id='word_1_601' title='bbox 932 1677 1019 1704; x_wconf 89' lang='lat' dir='ltr'>homi—</span> 
     </span>
    </p>
   </div>
   <div class='ocr_carea' id='block_1_32' title="bbox 226 1711 1860 1861">
    <p class='ocr_par' dir='ltr' id='par_1_32' title="bbox 226 1711 1860 1861">
     <span class='ocr_line' id='line_1_83' title="bbox 227 1711 1041 1746; baseline 0.005 -9"><span class='ocrx_word' id='word_1_602' title='bbox 227 1719 288 1737; x_wconf 87' lang='lat' dir='ltr'>nem</span> <span class='ocrx_word' id='word_1_603' title='bbox 301 1711 334 1737; x_wconf 90' lang='lat' dir='ltr'>de</span> <span class='ocrx_word' id='word_1_604' title='bbox 348 1712 483 1746; x_wconf 90' lang='lat' dir='ltr'>provincia</span> <span class='ocrx_word' id='word_1_605' title='bbox 497 1713 571 1739; x_wconf 86' lang='lat' dir='ltr'>iubet</span> <span class='ocrx_word' id='word_1_606' title='bbox 584 1718 644 1739; x_wconf 84' lang='lat' dir='ltr'>ante</span> <span class='ocrx_word' id='word_1_607' title='bbox 658 1718 761 1740; x_wconf 88' lang='lat' dir='ltr'>noctem</span> <span class='ocrx_word' id='word_1_608' title='bbox 772 1713 913 1741; x_wconf 83' lang='lat' dir='ltr'>decedere:</span> <span class='ocrx_word' id='word_1_609' title='bbox 930 1715 974 1745; x_wconf 70' lang='lat' dir='ltr'>ait,</span> <span class='ocrx_word' id='word_1_610' title='bbox 990 1723 1019 1741; x_wconf 86' lang='lat' dir='ltr'>se</span> <span class='ocrx_word' id='word_1_611' title='bbox 1040 1725 1041 1732; x_wconf 60' lang='lat'>¹</span> 
     </span>
     <span class='ocr_line' id='line_1_84' title="bbox 226 1748 1048 1785; baseline 0.005 -11"><span class='ocrx_word' id='word_1_612' title='bbox 226 1748 401 1782; x_wconf 86' lang='lat' dir='ltr'>comperisse,</span> <span class='ocrx_word' id='word_1_613' title='bbox 426 1758 459 1775; x_wconf 87' lang='lat' dir='ltr'>ex</span> <span class='ocrx_word' id='word_1_614' title='bbox 481 1750 539 1776; x_wconf 91' lang='lat' dir='ltr'>eius</span> <span class='ocrx_word' id='word_1_615' title='bbox 557 1759 639 1785; x_wconf 87' lang='lat' dir='ltr'>regno</span> <span class='ocrx_word' id='word_1_616' title='bbox 656 1751 754 1785; x_wconf 79' lang='lat' dir='ltr'>piratas</span> <span class='ocrx_word' id='word_1_617' title='bbox 771 1752 800 1777; x_wconf 88' lang='lat' dir='ltr'>in</span> <span class='ocrx_word' id='word_1_618' title='bbox 819 1751 937 1778; x_wconf 89' lang='lat' dir='ltr'>Siciliam</span> <span class='ocrx_word' id='word_1_619' title='bbox 960 1760 1019 1778; x_wconf 88' lang='lat' dir='ltr'>esse</span> <span class='ocrx_word' id='word_1_620' title='bbox 1040 1764 1048 1779; x_wconf 41' lang='grc' dir='ltr'>π.</span> 
     </span>
     <span class='ocr_line' id='line_1_85' title="bbox 403 1787 1041 1824; baseline 0.005 -12"><span class='ocrx_word' id='word_1_621' title='bbox 403 1787 444 1812; x_wconf 83' lang='grc'>67.</span> <span class='ocrx_word' id='word_1_622' title='bbox 464 1787 520 1813; x_wconf 86' lang='lat' dir='ltr'>Rex</span> <span class='ocrx_word' id='word_1_623' title='bbox 538 1788 654 1814; x_wconf 83' lang='lat' dir='ltr'>maximo</span> <span class='ocrx_word' id='word_1_624' title='bbox 671 1793 803 1815; x_wconf 88' lang='lat' dir='ltr'>conventu</span> <span class='ocrx_word' id='word_1_625' title='bbox 817 1788 971 1824; x_wconf 79' lang='lat' dir='ltr'>SyracusiS.</span> <span class='ocrx_word' id='word_1_626' title='bbox 991 1789 1018 1815; x_wconf 90' lang='lat' dir='ltr'>in</span> <span class='ocrx_word' id='word_1_627' title='bbox 1040 1810 1041 1814; x_wconf 67' lang='grc'>,</span> 
     </span>
     <span class='ocr_line' id='line_1_86' title="bbox 1040 1825 1860 1861; baseline 0 -9"><span class='ocrx_word' id='word_1_628' title='bbox 1040 1843 1048 1852; x_wconf 46' lang='lat'>1«</span> <span class='ocrx_word' id='word_1_629' title='bbox 1070 1826 1142 1860; x_wconf 84' lang='lat' dir='ltr'>apud</span> <span class='ocrx_word' id='word_1_630' title='bbox 1160 1825 1242 1852; x_wconf 87' lang='lat' dir='ltr'>alium</span> <span class='ocrx_word' id='word_1_631' title='bbox 1260 1825 1377 1852; x_wconf 87' lang='lat' dir='ltr'>iudicem</span> <span class='ocrx_word' id='word_1_632' title='bbox 1396 1825 1481 1852; x_wconf 89' lang='lat' dir='ltr'>multo</span> <span class='ocrx_word' id='word_1_633' title='bbox 1499 1826 1595 1856; x_wconf 83' lang='lat' dir='ltr'>acrior,</span> <span class='ocrx_word' id='word_1_634' title='bbox 1619 1834 1701 1860; x_wconf 88' lang='lat' dir='ltr'>quam</span> <span class='ocrx_word' id='word_1_635' title='bbox 1723 1834 1773 1861; x_wconf 83' lang='lat' dir='ltr'>ego</span> <span class='ocrx_word' id='word_1_636' title='bbox 1789 1834 1860 1855; x_wconf 87' lang='lat' dir='ltr'>sum.</span> 
     </span>
    </p>
   </div>
   <div class='ocr_carea' id='block_1_33' title="bbox 225 1790 1019 2715">
    <p class='ocr_par' dir='ltr' id='par_1_33' title="bbox 225 1790 1019 2715">
     <span class='ocr_line' id='line_1_87' title="bbox 227 1790 362 1811; baseline 0 0"><span class='ocrx_word' id='word_1_637' title='bbox 227 1790 362 1811; x_wconf 85' lang='lat' dir='ltr'>venturos.</span> 
     </span>
     <span class='ocr_line' id='line_1_88' title="bbox 227 1821 1019 1857; baseline 0.006 -9"><span class='ocrx_word' id='word_1_638' title='bbox 227 1821 294 1852; x_wconf 75' lang='lat' dir='ltr'>soro,</span> <span class='ocrx_word' id='word_1_639' title='bbox 316 1830 348 1848; x_wconf 90' lang='lat' dir='ltr'>ne</span> <span class='ocrx_word' id='word_1_640' title='bbox 362 1823 424 1857; x_wconf 90' lang='lat' dir='ltr'>quis</span> <span class='ocrx_word' id='word_1_641' title='bbox 439 1823 504 1850; x_wconf 81' lang='lat' dir='ltr'>sorte</span> <span class='ocrx_word' id='word_1_642' title='bbox 518 1833 560 1850; x_wconf 87' lang='lat' dir='ltr'>me</span> <span class='ocrx_word' id='word_1_643' title='bbox 573 1825 600 1850; x_wconf 92' lang='lat' dir='ltr'>in</span> <span class='ocrx_word' id='word_1_644' title='bbox 614 1825 726 1851; x_wconf 83' lang='lat' dir='ltr'>crimine</span> <span class='ocrx_word' id='word_1_645' title='bbox 739 1825 852 1852; x_wconf 87' lang='lat' dir='ltr'>obscuro</span> <span class='ocrx_word' id='word_1_646' title='bbox 867 1827 965 1852; x_wconf 88' lang='lat' dir='ltr'>versari</span> <span class='ocrx_word' id='word_1_647' title='bbox 979 1831 1019 1852; x_wconf 90' lang='lat' dir='ltr'>at-</span> 
     </span>
     <span class='ocr_line' id='line_1_89' title="bbox 226 1859 1016 1896; baseline 0.008 -12"><span class='ocrx_word' id='word_1_648' title='bbox 226 1867 279 1893; x_wconf 91' lang='lat' dir='ltr'>que</span> <span class='ocrx_word' id='word_1_649' title='bbox 293 1859 419 1895; x_wconf 71' lang='lat' dir='ltr'>attingere</span> <span class='ocrx_word' id='word_1_650' title='bbox 433 1860 535 1896; x_wconf 85' lang='lat' dir='ltr'>aliquid</span> <span class='ocrx_word' id='word_1_651' title='bbox 548 1863 700 1896; x_wconf 82' lang='lat' dir='ltr'>suspicione</span> <span class='ocrx_word' id='word_1_652' title='bbox 715 1862 855 1889; x_wconf 88' lang='lat' dir='ltr'>hominum</span> <span class='ocrx_word' id='word_1_653' title='bbox 865 1863 1016 1894; x_wconf 82' lang='lat' dir='ltr'>arbitretur.</span> 
     </span>
     <span class='ocr_line' id='line_1_90' title="bbox 228 1896 1018 1936; baseline 0.006 -14"><span class='ocrx_word' id='word_1_654' title='bbox 228 1897 254 1922; x_wconf 89' lang='lat' dir='ltr'>in</span> <span class='ocrx_word' id='word_1_655' title='bbox 269 1896 333 1927; x_wconf 77' lang='lat' dir='ltr'>soro,</span> <span class='ocrx_word' id='word_1_656' title='bbox 349 1897 472 1932; x_wconf 82' lang='lat' dir='ltr'>inquam,</span> <span class='ocrx_word' id='word_1_657' title='bbox 488 1898 627 1934; x_wconf 79' lang='lat' dir='ltr'>Syracusis</span> <span class='ocrx_word' id='word_1_658' title='bbox 640 1898 706 1926; x_wconf 85' lang='lat' dir='ltr'>ssens</span> <span class='ocrx_word' id='word_1_659' title='bbox 720 1908 750 1926; x_wconf 86' lang='lat' dir='ltr'>ac</span> <span class='ocrx_word' id='word_1_660' title='bbox 763 1900 827 1926; x_wconf 88' lang='lat' dir='ltr'>deos</span> <span class='ocrx_word' id='word_1_661' title='bbox 841 1900 1018 1936; x_wconf 88' lang='lat' dir='ltr'>hominesque</span> 
     </span>
     <span class='ocr_line' id='line_1_91' title="bbox 226 1934 1018 1970; baseline 0.006 -11"><span class='ocrx_word' id='word_1_662' title='bbox 226 1938 375 1960; x_wconf 85' lang='lat' dir='ltr'>contestans</span> <span class='ocrx_word' id='word_1_663' title='bbox 402 1934 515 1961; x_wconf 83' lang='lat' dir='ltr'>clamare</span> <span class='ocrx_word' id='word_1_664' title='bbox 541 1936 639 1970; x_wconf 78' lang='lat' dir='ltr'>coepit,</span> <span class='ocrx_word' id='word_1_665' title='bbox 667 1936 856 1964; x_wconf 83' lang='lat' dir='ltr'>candelabrum</span> <span class='ocrx_word' id='word_1_666' title='bbox 882 1937 981 1964; x_wconf 76' lang='lat' dir='ltr'>sactum</span> <span class='ocrx_word' id='word_1_667' title='bbox 1004 1947 1018 1964; x_wconf 90' lang='lat' dir='ltr'>e</span> 
     </span>
     <span class='ocr_line' id='line_1_92' title="bbox 225 1971 1018 2010; baseline 0.008 -14"><span class='ocrx_word' id='word_1_668' title='bbox 225 1971 352 2005; x_wconf 83' lang='lat' dir='ltr'>gemmis,</span> <span class='ocrx_word' id='word_1_669' title='bbox 372 1972 445 2006; x_wconf 88' lang='lat' dir='ltr'>quod</span> <span class='ocrx_word' id='word_1_670' title='bbox 463 1972 489 1998; x_wconf 93' lang='lat' dir='ltr'>in</span> <span class='ocrx_word' id='word_1_671' title='bbox 508 1972 668 2007; x_wconf 87' lang='lat' dir='ltr'>Capitolium</span> <span class='ocrx_word' id='word_1_672' title='bbox 687 1974 820 2001; x_wconf 86' lang='lat' dir='ltr'>missurus</span> <span class='ocrx_word' id='word_1_673' title='bbox 838 1980 920 2006; x_wconf 77' lang='lat' dir='ltr'>esset,</span> <span class='ocrx_word' id='word_1_674' title='bbox 945 1975 1018 2010; x_wconf 86' lang='lat' dir='ltr'>quod</span> 
     </span>
     <span class='ocr_line' id='line_1_93' title="bbox 227 2008 1017 2045; baseline 0.008 -12"><span class='ocrx_word' id='word_1_675' title='bbox 227 2008 254 2034; x_wconf 90' lang='lat' dir='ltr'>in</span> <span class='ocrx_word' id='word_1_676' title='bbox 272 2008 372 2042; x_wconf 87' lang='lat' dir='ltr'>templo</span> <span class='ocrx_word' id='word_1_677' title='bbox 389 2008 538 2036; x_wconf 90' lang='lat' dir='ltr'>clarissimo</span> <span class='ocrx_word' id='word_1_678' title='bbox 557 2011 656 2045; x_wconf 88' lang='lat' dir='ltr'>populo</span> <span class='ocrx_word' id='word_1_679' title='bbox 674 2011 791 2038; x_wconf 87' lang='lat' dir='ltr'>Romano</span> <span class='ocrx_word' id='word_1_680' title='bbox 812 2017 1017 2039; x_wconf 88' lang='lat' dir='ltr'>monumentum</span> 
     </span>
     <span class='ocr_line' id='line_1_94' title="bbox 226 2046 1015 2082; baseline 0.008 -12"><span class='ocrx_word' id='word_1_681' title='bbox 226 2053 290 2071; x_wconf 86' lang='lat' dir='ltr'>suae</span> <span class='ocrx_word' id='word_1_682' title='bbox 304 2046 436 2072; x_wconf 87' lang='lat' dir='ltr'>societatis</span> <span class='ocrx_word' id='word_1_683' title='bbox 449 2047 633 2082; x_wconf 82' lang='lat' dir='ltr'>amicitiaeque</span> <span class='ocrx_word' id='word_1_684' title='bbox 647 2056 706 2075; x_wconf 86' lang='lat' dir='ltr'>esse</span> <span class='ocrx_word' id='word_1_685' title='bbox 721 2048 862 2080; x_wconf 78' lang='lat' dir='ltr'>voluisset,</span> <span class='ocrx_word' id='word_1_686' title='bbox 879 2049 906 2076; x_wconf 89' lang='lat' dir='ltr'>id</span> <span class='ocrx_word' id='word_1_687' title='bbox 919 2050 972 2076; x_wconf 91' lang='lat' dir='ltr'>sibi</span> <span class='ocrx_word' id='word_1_688' title='bbox 986 2049 1015 2076; x_wconf 86' lang='lat' dir='ltr'>C.</span> 
     </span>
     <span class='ocr_line' id='line_1_95' title="bbox 228 2082 1018 2120; baseline 0.008 -12"><span class='ocrx_word' id='word_1_689' title='bbox 228 2082 333 2108; x_wconf 87' lang='lat' dir='ltr'>Verrem</span> <span class='ocrx_word' id='word_1_690' title='bbox 351 2083 509 2110; x_wconf 85' lang='lat' dir='ltr'>abstulisse:</span> <span class='ocrx_word' id='word_1_691' title='bbox 533 2084 566 2111; x_wconf 89' lang='lat' dir='ltr'>de</span> <span class='ocrx_word' id='word_1_692' title='bbox 584 2086 678 2112; x_wconf 88' lang='lat' dir='ltr'>ceteris</span> <span class='ocrx_word' id='word_1_693' title='bbox 700 2086 827 2120; x_wconf 88' lang='lat' dir='ltr'>operibus</span> <span class='ocrx_word' id='word_1_694' title='bbox 850 2095 884 2113; x_wconf 84' lang='lat' dir='ltr'>ex</span> <span class='ocrx_word' id='word_1_695' title='bbox 906 2095 970 2114; x_wconf 90' lang='lat' dir='ltr'>auro</span> <span class='ocrx_word' id='word_1_696' title='bbox 992 2091 1018 2114; x_wconf 89' lang='lat' dir='ltr'>et</span> 
     </span>
     <span class='ocr_line' id='line_1_96' title="bbox 225 2120 1018 2156; baseline 0.008 -11"><span class='ocrx_word' id='word_1_697' title='bbox 225 2120 349 2154; x_wconf 84' lang='lat' dir='ltr'>gemmis,</span> <span class='ocrx_word' id='word_1_698' title='bbox 365 2129 433 2155; x_wconf 81' lang='lat' dir='ltr'>quae</span> <span class='ocrx_word' id='word_1_699' title='bbox 447 2130 495 2147; x_wconf 90' lang='lat' dir='ltr'>sua</span> <span class='ocrx_word' id='word_1_700' title='bbox 509 2130 590 2156; x_wconf 89' lang='lat' dir='ltr'>penes</span> <span class='ocrx_word' id='word_1_701' title='bbox 604 2122 682 2149; x_wconf 88' lang='lat' dir='ltr'>illum</span> <span class='ocrx_word' id='word_1_702' title='bbox 696 2128 793 2155; x_wconf 76' lang='lat' dir='ltr'>essent,</span> <span class='ocrx_word' id='word_1_703' title='bbox 809 2132 838 2150; x_wconf 88' lang='lat' dir='ltr'>se</span> <span class='ocrx_word' id='word_1_704' title='bbox 852 2132 904 2151; x_wconf 90' lang='lat' dir='ltr'>non</span> <span class='ocrx_word' id='word_1_705' title='bbox 915 2123 1018 2151; x_wconf 84' lang='lat' dir='ltr'>labora-</span> 
     </span>
     <span class='ocr_line' id='line_1_97' title="bbox 226 2156 1018 2196; baseline 0.008 -14"><span class='ocrx_word' id='word_1_706' title='bbox 226 2164 267 2182; x_wconf 83' lang='lat' dir='ltr'>re:</span> <span class='ocrx_word' id='word_1_707' title='bbox 284 2156 333 2183; x_wconf 90' lang='lat' dir='ltr'>hoc</span> <span class='ocrx_word' id='word_1_708' title='bbox 346 2157 398 2183; x_wconf 89' lang='lat' dir='ltr'>sibi</span> <span class='ocrx_word' id='word_1_709' title='bbox 412 2158 487 2193; x_wconf 84' lang='lat' dir='ltr'>eripi,</span> <span class='ocrx_word' id='word_1_710' title='bbox 504 2159 632 2185; x_wconf 87' lang='lat' dir='ltr'>miserum</span> <span class='ocrx_word' id='word_1_711' title='bbox 647 2168 706 2186; x_wconf 87' lang='lat' dir='ltr'>esse</span> <span class='ocrx_word' id='word_1_712' title='bbox 717 2165 743 2187; x_wconf 88' lang='lat' dir='ltr'>et</span> <span class='ocrx_word' id='word_1_713' title='bbox 753 2161 910 2196; x_wconf 87' lang='lat' dir='ltr'>indignum:</span> <span class='ocrx_word' id='word_1_714' title='bbox 926 2162 954 2188; x_wconf 89' lang='lat' dir='ltr'>id</span> <span class='ocrx_word' id='word_1_715' title='bbox 967 2162 1018 2188; x_wconf 87' lang='lat' dir='ltr'>etsi</span> 
     </span>
     <span class='ocr_line' id='line_1_98' title="bbox 225 2195 1018 2233; baseline 0.008 -14"><span class='ocrx_word' id='word_1_716' title='bbox 225 2198 301 2220; x_wconf 88' lang='lat' dir='ltr'>antea</span> <span class='ocrx_word' id='word_1_717' title='bbox 314 2195 367 2220; x_wconf 79' lang='lat' dir='ltr'>iam</span> <span class='ocrx_word' id='word_1_718' title='bbox 381 2200 469 2221; x_wconf 90' lang='lat' dir='ltr'>mente</span> <span class='ocrx_word' id='word_1_719' title='bbox 482 2200 508 2222; x_wconf 88' lang='lat' dir='ltr'>et</span> <span class='ocrx_word' id='word_1_720' title='bbox 520 2197 679 2232; x_wconf 84' lang='lat' dir='ltr'>cogitatione</span> <span class='ocrx_word' id='word_1_721' title='bbox 689 2206 737 2224; x_wconf 88' lang='lat' dir='ltr'>sua</span> <span class='ocrx_word' id='word_1_722' title='bbox 748 2197 892 2233; x_wconf 74' lang='lat' dir='ltr'>fratrisque</span> <span class='ocrx_word' id='word_1_723' title='bbox 900 2199 943 2225; x_wconf 91' lang='lat' dir='ltr'>sui</span> <span class='ocrx_word' id='word_1_724' title='bbox 954 2207 1018 2225; x_wconf 92' lang='lat' dir='ltr'>con-</span> 
     </span>
     <span class='ocr_line' id='line_1_99' title="bbox 225 2235 1018 2265; baseline 0.009 -9"><span class='ocrx_word' id='word_1_725' title='bbox 225 2236 357 2257; x_wconf 83' lang='lat' dir='ltr'>secratum</span> <span class='ocrx_word' id='word_1_726' title='bbox 375 2237 457 2263; x_wconf 80' lang='lat' dir='ltr'>esset,</span> <span class='ocrx_word' id='word_1_727' title='bbox 477 2237 564 2260; x_wconf 83' lang='lat' dir='ltr'>tamen</span> <span class='ocrx_word' id='word_1_728' title='bbox 582 2238 639 2260; x_wconf 88' lang='lat' dir='ltr'>tum</span> <span class='ocrx_word' id='word_1_729' title='bbox 657 2243 699 2265; x_wconf 89' lang='lat' dir='ltr'>se,</span> <span class='ocrx_word' id='word_1_730' title='bbox 719 2235 747 2262; x_wconf 92' lang='lat' dir='ltr'>in</span> <span class='ocrx_word' id='word_1_731' title='bbox 765 2235 812 2262; x_wconf 89' lang='lat' dir='ltr'>illo</span> <span class='ocrx_word' id='word_1_732' title='bbox 828 2240 961 2262; x_wconf 87' lang='lat' dir='ltr'>conventu</span> <span class='ocrx_word' id='word_1_733' title='bbox 978 2236 1018 2262; x_wconf 94' lang='lat' dir='ltr'>ci—</span> 
     </span>
     <span class='ocr_line' id='line_1_100' title="bbox 227 2268 1017 2303; baseline 0.009 -10"><span class='ocrx_word' id='word_1_734' title='bbox 227 2268 300 2294; x_wconf 82' lang='lat' dir='ltr'>vium</span> <span class='ocrx_word' id='word_1_735' title='bbox 318 2268 496 2296; x_wconf 82' lang='lat' dir='ltr'>Romanorum</span> <span class='ocrx_word' id='word_1_736' title='bbox 514 2270 589 2302; x_wconf 88' lang='lat' dir='ltr'>dare,</span> <span class='ocrx_word' id='word_1_737' title='bbox 608 2271 719 2303; x_wconf 87' lang='lat' dir='ltr'>donare,</span> <span class='ocrx_word' id='word_1_738' title='bbox 739 2272 840 2303; x_wconf 80' lang='lat' dir='ltr'>dicare,</span> <span class='ocrx_word' id='word_1_739' title='bbox 864 2282 1017 2300; x_wconf 87' lang='lat' dir='ltr'>consecrare</span> 
     </span>
     <span class='ocr_line' id='line_1_101' title="bbox 226 2305 1016 2344; baseline 0.008 -13"><span class='ocrx_word' id='word_1_740' title='bbox 226 2305 280 2331; x_wconf 88' lang='lat' dir='ltr'>lovi</span> <span class='ocrx_word' id='word_1_741' title='bbox 299 2305 405 2340; x_wconf 88' lang='lat' dir='ltr'>Optimo</span> <span class='ocrx_word' id='word_1_742' title='bbox 423 2307 539 2334; x_wconf 87' lang='lat' dir='ltr'>Maximo</span> <span class='ocrx_word' id='word_1_743' title='bbox 561 2313 710 2344; x_wconf 86' lang='lat' dir='ltr'>testemque</span> <span class='ocrx_word' id='word_1_744' title='bbox 731 2310 822 2344; x_wconf 88' lang='lat' dir='ltr'>ipsum</span> <span class='ocrx_word' id='word_1_745' title='bbox 839 2311 930 2337; x_wconf 89' lang='lat' dir='ltr'>Iovem</span> <span class='ocrx_word' id='word_1_746' title='bbox 951 2319 1016 2337; x_wconf 88' lang='lat' dir='ltr'>suae</span> 
     </span>
     <span class='ocr_line' id='line_1_102' title="bbox 227 2342 1013 2380; baseline 0.01 -13"><span class='ocrx_word' id='word_1_747' title='bbox 227 2342 369 2369; x_wconf 79' lang='lat' dir='ltr'>voluntatis</span> <span class='ocrx_word' id='word_1_748' title='bbox 383 2352 412 2370; x_wconf 89' lang='lat' dir='ltr'>ac</span> <span class='ocrx_word' id='word_1_749' title='bbox 426 2343 561 2380; x_wconf 83' lang='lat' dir='ltr'>religionis</span> <span class='ocrx_word' id='word_1_750' title='bbox 579 2346 714 2373; x_wconf 81' lang='lat' dir='ltr'>adhibere.</span> <span class='ocrx_word' id='word_1_751' title='bbox 755 2347 845 2373; x_wconf 86' lang='lat' dir='ltr'>XXX.</span> <span class='ocrx_word' id='word_1_752' title='bbox 861 2347 934 2380; x_wconf 83' lang='lat' dir='ltr'>Quae</span> <span class='ocrx_word' id='word_1_753' title='bbox 952 2357 1013 2379; x_wconf 83' lang='lat' dir='ltr'>vox,</span> 
     </span>
     <span class='ocr_line' id='line_1_103' title="bbox 225 2379 1017 2420; baseline 0.009 -15"><span class='ocrx_word' id='word_1_754' title='bbox 225 2387 294 2413; x_wconf 84' lang='lat' dir='ltr'>quae</span> <span class='ocrx_word' id='word_1_755' title='bbox 316 2379 407 2412; x_wconf 76' lang='lat' dir='ltr'>latera,</span> <span class='ocrx_word' id='word_1_756' title='bbox 433 2390 502 2416; x_wconf 88' lang='lat' dir='ltr'>quae</span> <span class='ocrx_word' id='word_1_757' title='bbox 515 2383 585 2408; x_wconf 89' lang='lat' dir='ltr'>vires</span> <span class='ocrx_word' id='word_1_758' title='bbox 600 2383 682 2409; x_wconf 86' lang='lat' dir='ltr'>huius</span> <span class='ocrx_word' id='word_1_759' title='bbox 696 2384 777 2410; x_wconf 88' lang='lat' dir='ltr'>unius</span> <span class='ocrx_word' id='word_1_760' title='bbox 791 2385 912 2412; x_wconf 84' lang='lat' dir='ltr'>criminis</span> <span class='ocrx_word' id='word_1_761' title='bbox 924 2385 1017 2420; x_wconf 80' lang='lat' dir='ltr'>queri-</span> 
     </span>
     <span class='ocr_line' id='line_1_104' title="bbox 227 2417 1017 2457; baseline 0.01 -16"><span class='ocrx_word' id='word_1_762' title='bbox 227 2417 341 2443; x_wconf 83' lang='lat' dir='ltr'>moniam</span> <span class='ocrx_word' id='word_1_763' title='bbox 355 2423 469 2452; x_wconf 89' lang='lat' dir='ltr'>possunt</span> <span class='ocrx_word' id='word_1_764' title='bbox 481 2419 631 2446; x_wconf 76' lang='lat' dir='ltr'>sustinere?</span> <span class='ocrx_word' id='word_1_765' title='bbox 656 2421 712 2447; x_wconf 87' lang='lat' dir='ltr'>Rex</span> <span class='ocrx_word' id='word_1_766' title='bbox 725 2422 886 2453; x_wconf 84' lang='lat' dir='ltr'>Antiochus,</span> <span class='ocrx_word' id='word_1_767' title='bbox 902 2423 950 2457; x_wconf 86' lang='lat' dir='ltr'>qui</span> <span class='ocrx_word' id='word_1_768' title='bbox 964 2423 1017 2449; x_wconf 88' lang='lat' dir='ltr'>Ro-</span> 
     </span>
     <span class='ocr_line' id='line_1_105' title="bbox 227 2455 1016 2486; baseline 0.011 -8"><span class='ocrx_word' id='word_1_769' title='bbox 227 2462 284 2478; x_wconf 84' lang='lat' dir='ltr'>mae</span> <span class='ocrx_word' id='word_1_770' title='bbox 301 2459 360 2480; x_wconf 87' lang='lat' dir='ltr'>ante</span> <span class='ocrx_word' id='word_1_771' title='bbox 378 2455 468 2482; x_wconf 87' lang='lat' dir='ltr'>oculos</span> <span class='ocrx_word' id='word_1_772' title='bbox 482 2457 602 2483; x_wconf 89' lang='lat' dir='ltr'>omnium</span> <span class='ocrx_word' id='word_1_773' title='bbox 616 2462 736 2484; x_wconf 89' lang='lat' dir='ltr'>nostrum</span> <span class='ocrx_word' id='word_1_774' title='bbox 751 2459 890 2486; x_wconf 89' lang='lat' dir='ltr'>biennium</span> <span class='ocrx_word' id='word_1_775' title='bbox 905 2459 959 2486; x_wconf 77' lang='lat' dir='ltr'>sere</span> <span class='ocrx_word' id='word_1_776' title='bbox 972 2468 1016 2486; x_wconf 87' lang='lat' dir='ltr'>co—</span> 
     </span>
     <span class='ocr_line' id='line_1_106' title="bbox 228 2490 1015 2531; baseline 0.011 -16"><span class='ocrx_word' id='word_1_777' title='bbox 228 2490 320 2516; x_wconf 86' lang='lat' dir='ltr'>mitatu</span> <span class='ocrx_word' id='word_1_778' title='bbox 338 2493 410 2526; x_wconf 89' lang='lat' dir='ltr'>regio</span> <span class='ocrx_word' id='word_1_779' title='bbox 428 2498 506 2528; x_wconf 87' lang='lat' dir='ltr'>atque</span> <span class='ocrx_word' id='word_1_780' title='bbox 523 2499 616 2520; x_wconf 81' lang='lat' dir='ltr'>ornatu</span> <span class='ocrx_word' id='word_1_781' title='bbox 636 2494 743 2522; x_wconf 78' lang='lat' dir='ltr'>fuisset:</span> <span class='ocrx_word' id='word_1_782' title='bbox 771 2496 795 2522; x_wconf 91' lang='lat' dir='ltr'>is</span> <span class='ocrx_word' id='word_1_783' title='bbox 813 2505 898 2531; x_wconf 92' lang='lat' dir='ltr'>quum</span> <span class='ocrx_word' id='word_1_784' title='bbox 912 2497 1015 2523; x_wconf 82' lang='lat' dir='ltr'>amicus</span> 
     </span>
     <span class='ocr_line' id='line_1_107' title="bbox 226 2527 1011 2568; baseline 0.011 -17"><span class='ocrx_word' id='word_1_785' title='bbox 226 2531 251 2552; x_wconf 85' lang='lat' dir='ltr'>et</span> <span class='ocrx_word' id='word_1_786' title='bbox 264 2527 353 2553; x_wconf 87' lang='lat' dir='ltr'>socius</span> <span class='ocrx_word' id='word_1_787' title='bbox 367 2529 459 2563; x_wconf 90' lang='lat' dir='ltr'>populi</span> <span class='ocrx_word' id='word_1_788' title='bbox 471 2531 581 2557; x_wconf 86' lang='lat' dir='ltr'>Romani</span> <span class='ocrx_word' id='word_1_789' title='bbox 592 2537 670 2562; x_wconf 87' lang='lat' dir='ltr'>esset,</span> <span class='ocrx_word' id='word_1_790' title='bbox 686 2533 850 2559; x_wconf 80' lang='lat' dir='ltr'>amicissimo</span> <span class='ocrx_word' id='word_1_791' title='bbox 859 2538 942 2568; x_wconf 82' lang='lat' dir='ltr'>patre,</span> <span class='ocrx_word' id='word_1_792' title='bbox 954 2542 1011 2565; x_wconf 82' lang='lat' dir='ltr'>avo,</span> 
     </span>
     <span class='ocr_line' id='line_1_108' title="bbox 227 2564 1015 2606; baseline 0.013 -18"><span class='ocrx_word' id='word_1_793' title='bbox 227 2564 380 2596; x_wconf 85' lang='lat' dir='ltr'>maioribus,</span> <span class='ocrx_word' id='word_1_794' title='bbox 396 2567 592 2601; x_wconf 85' lang='lat' dir='ltr'>antiquissimis</span> <span class='ocrx_word' id='word_1_795' title='bbox 605 2573 631 2595; x_wconf 87' lang='lat' dir='ltr'>et</span> <span class='ocrx_word' id='word_1_796' title='bbox 643 2568 801 2596; x_wconf 85' lang='lat' dir='ltr'>clarissimis</span> <span class='ocrx_word' id='word_1_797' title='bbox 811 2571 929 2606; x_wconf 71' lang='lat' dir='ltr'>regibuS.</span> <span class='ocrx_word' id='word_1_798' title='bbox 945 2579 1015 2605; x_wconf 87' lang='lat' dir='ltr'>opu—</span> 
     </span>
     <span class='ocr_line' id='line_1_109' title="bbox 227 2599 1016 2643; baseline 0.013 -18"><span class='ocrx_word' id='word_1_799' title='bbox 227 2599 374 2628; x_wconf 81' lang='lat' dir='ltr'>lentissimo</span> <span class='ocrx_word' id='word_1_800' title='bbox 387 2607 412 2628; x_wconf 90' lang='lat' dir='ltr'>et</span> <span class='ocrx_word' id='word_1_801' title='bbox 425 2605 542 2631; x_wconf 82' lang='lat' dir='ltr'>maximo</span> <span class='ocrx_word' id='word_1_802' title='bbox 559 2614 652 2641; x_wconf 81' lang='lat' dir='ltr'>regno,</span> <span class='ocrx_word' id='word_1_803' title='bbox 673 2614 799 2641; x_wconf 85' lang='lat' dir='ltr'>praeceps</span> <span class='ocrx_word' id='word_1_804' title='bbox 818 2607 954 2641; x_wconf 87' lang='lat' dir='ltr'>provincia</span> <span class='ocrx_word' id='word_1_805' title='bbox 967 2616 1016 2643; x_wconf 81' lang='lat' dir='ltr'>po-</span> 
     </span>
     <span class='ocr_line' id='line_1_110' title="bbox 226 2637 1015 2675; baseline 0.013 -13"><span class='ocrx_word' id='word_1_806' title='bbox 226 2637 282 2671; x_wconf 82' lang='lat' dir='ltr'>puli</span> <span class='ocrx_word' id='word_1_807' title='bbox 298 2637 407 2665; x_wconf 80' lang='lat' dir='ltr'>Romani</span> <span class='ocrx_word' id='word_1_808' title='bbox 421 2641 577 2668; x_wconf 84' lang='lat' dir='ltr'>exturbatus</span> <span class='ocrx_word' id='word_1_809' title='bbox 590 2647 640 2668; x_wconf 86' lang='lat' dir='ltr'>est.</span> <span class='ocrx_word' id='word_1_810' title='bbox 665 2645 705 2669; x_wconf 82' lang='lat'>68.</span> <span class='ocrx_word' id='word_1_811' title='bbox 719 2643 951 2675; x_wconf 83' lang='lat' dir='ltr'>Quemadmodum</span> <span class='ocrx_word' id='word_1_812' title='bbox 965 2645 1015 2672; x_wconf 88' lang='lat' dir='ltr'>hoc</span> 
     </span>
     <span class='ocr_line' id='line_1_111' title="bbox 225 2677 1014 2715; baseline 0.011 -15"><span class='ocrx_word' id='word_1_813' title='bbox 225 2680 378 2708; x_wconf 79' lang='lat' dir='ltr'>accepturas</span> <span class='ocrx_word' id='word_1_814' title='bbox 402 2677 518 2704; x_wconf 84' lang='lat' dir='ltr'>nationes</span> <span class='ocrx_word' id='word_1_815' title='bbox 543 2683 658 2710; x_wconf 85' lang='lat' dir='ltr'>exteras,</span> <span class='ocrx_word' id='word_1_816' title='bbox 684 2681 911 2715; x_wconf 79' lang='lat' dir='ltr'>quemadmodum</span> <span class='ocrx_word' id='word_1_817' title='bbox 932 2681 1014 2708; x_wconf 84' lang='lat' dir='ltr'>liuius</span> 
     </span>
    </p>
   </div>
   <div class='ocr_carea' id='block_1_34' title="bbox 1038 1561 1043 2290">
    <p class='ocr_par' dir='ltr' id='par_1_34' title="bbox 1038 1561 1043 2290">
     <span class='ocr_line' id='line_1_112' title="bbox 1038 1561 1043 2290; baseline 0 0"><span class='ocrx_word' id='word_1_818' title='bbox 1038 1561 1043 2290; x_wconf 95' lang='lat' dir='ltr'> </span> 
     </span>
    </p>
   </div>
   <div class='ocr_carea' id='block_1_35' title="bbox 1037 1561 1043 2552">
    <p class='ocr_par' dir='ltr' id='par_1_35' title="bbox 1037 1561 1043 2552">
     <span class='ocr_line' id='line_1_113' title="bbox 1037 1561 1043 2552; baseline 0 0"><span class='ocrx_word' id='word_1_819' title='bbox 1037 1561 1043 2552; x_wconf 95' lang='lat' dir='ltr'> </span> 
     </span>
    </p>
   </div>
   <div class='ocr_carea' id='block_1_36' title="bbox 1070 1453 1865 1564">
    <p class='ocr_par' dir='ltr' id='par_1_36' title="bbox 1070 1453 1865 1564">
     <span class='ocr_line' id='line_1_114' title="bbox 1070 1453 1864 1489; baseline 0.001 -10"><span class='ocrx_word' id='word_1_820' title='bbox 1070 1454 1296 1489; x_wconf 72' lang='lat' dir='ltr'>gnificentiusque</span> <span class='ocrx_word' id='word_1_821' title='bbox 1314 1453 1476 1488; x_wconf 88' lang='lat' dir='ltr'>deposceret.</span> <span class='ocrx_word' id='word_1_822' title='bbox 1516 1454 1558 1480; x_wconf 87' lang='lat'>70.</span> <span class='ocrx_word' id='word_1_823' title='bbox 1577 1453 1697 1485; x_wconf 82' lang='lat' dir='ltr'>Audisti,</span> <span class='ocrx_word' id='word_1_824' title='bbox 1722 1453 1754 1486; x_wconf 87' lang='lat' dir='ltr'>Q.</span> <span class='ocrx_word' id='word_1_825' title='bbox 1774 1454 1864 1480; x_wconf 82' lang='lat' dir='ltr'>Minu-</span> 
     </span>
     <span class='ocr_line' id='line_1_115' title="bbox 1070 1490 1864 1521; baseline 0 -4"><span class='ocrx_word' id='word_1_826' title='bbox 1070 1491 1144 1517; x_wconf 88' lang='lat' dir='ltr'>cium</span> <span class='ocrx_word' id='word_1_827' title='bbox 1158 1490 1259 1517; x_wconf 81' lang='lat' dir='ltr'>Rufum</span> <span class='ocrx_word' id='word_1_828' title='bbox 1273 1491 1372 1521; x_wconf 84' lang='lat' dir='ltr'>dicere,</span> <span class='ocrx_word' id='word_1_829' title='bbox 1389 1490 1462 1517; x_wconf 88' lang='lat' dir='ltr'>domi</span> <span class='ocrx_word' id='word_1_830' title='bbox 1475 1499 1541 1518; x_wconf 83' lang='lat' dir='ltr'>suae</span> <span class='ocrx_word' id='word_1_831' title='bbox 1553 1490 1723 1518; x_wconf 85' lang='lat' dir='ltr'>deversatum</span> <span class='ocrx_word' id='word_1_832' title='bbox 1737 1499 1796 1517; x_wconf 82' lang='lat' dir='ltr'>esse</span> <span class='ocrx_word' id='word_1_833' title='bbox 1810 1491 1864 1518; x_wconf 78' lang='lat' dir='ltr'>An—</span> 
     </span>
     <span class='ocr_line' id='line_1_116' title="bbox 1071 1527 1865 1564; baseline 0 -10"><span class='ocrx_word' id='word_1_834' title='bbox 1071 1528 1190 1554; x_wconf 90' lang='lat' dir='ltr'>tiochum</span> <span class='ocrx_word' id='word_1_835' title='bbox 1204 1536 1294 1564; x_wconf 78' lang='lat' dir='ltr'>regem</span> <span class='ocrx_word' id='word_1_836' title='bbox 1305 1528 1460 1564; x_wconf 83' lang='lat' dir='ltr'>Syracusis:</span> <span class='ocrx_word' id='word_1_837' title='bbox 1475 1536 1504 1555; x_wconf 87' lang='lat' dir='ltr'>se</span> <span class='ocrx_word' id='word_1_838' title='bbox 1517 1528 1586 1554; x_wconf 91' lang='lat' dir='ltr'>illud</span> <span class='ocrx_word' id='word_1_839' title='bbox 1599 1529 1667 1555; x_wconf 77' lang='lat' dir='ltr'>scire</span> <span class='ocrx_word' id='word_1_840' title='bbox 1679 1527 1713 1555; x_wconf 77' lang='lat' dir='ltr'>ad</span> <span class='ocrx_word' id='word_1_841' title='bbox 1725 1529 1808 1554; x_wconf 89' lang='lat' dir='ltr'>istum</span> <span class='ocrx_word' id='word_1_842' title='bbox 1821 1536 1865 1554; x_wconf 78' lang='lat' dir='ltr'>ee-</span> 
     </span>
    </p>
   </div>
   <div class='ocr_carea' id='block_1_37' title="bbox 1047 1565 1864 1597">
    <p class='ocr_par' dir='ltr' id='par_1_37' title="bbox 1047 1565 1864 1597">
     <span class='ocr_line' id='line_1_117' title="bbox 1047 1565 1864 1597; baseline 0.001 -6"><span class='ocrx_word' id='word_1_843' title='bbox 1047 1576 1048 1579; x_wconf 49' lang='lat'><em>*</em></span> <span class='ocrx_word' id='word_1_844' title='bbox 1070 1574 1099 1591; x_wconf 87' lang='lat' dir='ltr'>se</span> <span class='ocrx_word' id='word_1_845' title='bbox 1110 1565 1243 1592; x_wconf 87' lang='lat' dir='ltr'>delatum:</span> <span class='ocrx_word' id='word_1_846' title='bbox 1259 1574 1288 1591; x_wconf 87' lang='lat' dir='ltr'>se</span> <span class='ocrx_word' id='word_1_847' title='bbox 1302 1566 1370 1592; x_wconf 90' lang='lat' dir='ltr'>scire</span> <span class='ocrx_word' id='word_1_848' title='bbox 1384 1574 1436 1592; x_wconf 89' lang='lat' dir='ltr'>non</span> <span class='ocrx_word' id='word_1_849' title='bbox 1446 1565 1595 1592; x_wconf 86' lang='lat' dir='ltr'>redditum:</span> <span class='ocrx_word' id='word_1_850' title='bbox 1611 1565 1720 1597; x_wconf 84' lang='lat' dir='ltr'>audisti.</span> <span class='ocrx_word' id='word_1_851' title='bbox 1736 1570 1761 1592; x_wconf 92' lang='lat' dir='ltr'>et</span> <span class='ocrx_word' id='word_1_852' title='bbox 1770 1565 1864 1592; x_wconf 78' lang='lat' dir='ltr'>audies</span> 
     </span>
    </p>
   </div>
   <div class='ocr_carea' id='block_1_38' title="bbox 1043 2061 1048 2644">
    <p class='ocr_par' dir='ltr' id='par_1_38' title="bbox 1043 2061 1048 2644">
     <span class='ocr_line' id='line_1_118' title="bbox 1043 2061 1048 2644; baseline 0 0"><span class='ocrx_word' id='word_1_853' title='bbox 1043 2061 1048 2644; x_wconf 95' lang='lat' dir='ltr'> </span> 
     </span>
    </p>
   </div>
   <div class='ocr_carea' id='block_1_39' title="bbox 1070 1602 1865 1824">
    <p class='ocr_par' dir='ltr' id='par_1_39' title="bbox 1070 1602 1865 1824">
     <span class='ocr_line' id='line_1_119' title="bbox 1070 1602 1865 1638; baseline 0.001 -10"><span class='ocrx_word' id='word_1_854' title='bbox 1070 1603 1142 1629; x_wconf 89' lang='lat' dir='ltr'>omni</span> <span class='ocrx_word' id='word_1_855' title='bbox 1156 1611 1170 1629; x_wconf 86' lang='lat' dir='ltr'>e</span> <span class='ocrx_word' id='word_1_856' title='bbox 1183 1608 1316 1629; x_wconf 89' lang='lat' dir='ltr'>conventu</span> <span class='ocrx_word' id='word_1_857' title='bbox 1327 1602 1502 1638; x_wconf 82' lang='lat' dir='ltr'>Syracusano.</span> <span class='ocrx_word' id='word_1_858' title='bbox 1518 1603 1566 1637; x_wconf 88' lang='lat' dir='ltr'>qui</span> <span class='ocrx_word' id='word_1_859' title='bbox 1580 1603 1615 1629; x_wconf 81' lang='lat' dir='ltr'>ita</span> <span class='ocrx_word' id='word_1_860' title='bbox 1628 1602 1731 1629; x_wconf 81' lang='lat' dir='ltr'>dicant:</span> <span class='ocrx_word' id='word_1_861' title='bbox 1746 1611 1806 1629; x_wconf 80' lang='lat' dir='ltr'>sese</span> <span class='ocrx_word' id='word_1_862' title='bbox 1815 1611 1865 1628; x_wconf 78' lang='lat' dir='ltr'>au-</span> 
     </span>
     <span class='ocr_line' id='line_1_120' title="bbox 1070 1639 1864 1674; baseline 0 -8"><span class='ocrx_word' id='word_1_863' title='bbox 1070 1639 1207 1666; x_wconf 88' lang='lat' dir='ltr'>dientibus</span> <span class='ocrx_word' id='word_1_864' title='bbox 1225 1640 1293 1666; x_wconf 87' lang='lat' dir='ltr'>illud</span> <span class='ocrx_word' id='word_1_865' title='bbox 1306 1640 1362 1666; x_wconf 81' lang='lat' dir='ltr'>Iovi</span> <span class='ocrx_word' id='word_1_866' title='bbox 1375 1639 1482 1674; x_wconf 88' lang='lat' dir='ltr'>Optimo</span> <span class='ocrx_word' id='word_1_867' title='bbox 1496 1640 1613 1666; x_wconf 80' lang='lat' dir='ltr'>Maximo</span> <span class='ocrx_word' id='word_1_868' title='bbox 1625 1639 1744 1666; x_wconf 85' lang='lat' dir='ltr'>dicatum</span> <span class='ocrx_word' id='word_1_869' title='bbox 1757 1647 1817 1666; x_wconf 83' lang='lat' dir='ltr'>esse</span> <span class='ocrx_word' id='word_1_870' title='bbox 1830 1639 1864 1666; x_wconf 89' lang='lat' dir='ltr'>ab</span> 
     </span>
     <span class='ocr_line' id='line_1_121' title="bbox 1071 1676 1861 1712; baseline 0 -9"><span class='ocrx_word' id='word_1_871' title='bbox 1071 1685 1133 1712; x_wconf 88' lang='lat' dir='ltr'>rege</span> <span class='ocrx_word' id='word_1_872' title='bbox 1146 1677 1277 1703; x_wconf 79' lang='lat' dir='ltr'>Antiocho</span> <span class='ocrx_word' id='word_1_873' title='bbox 1294 1682 1319 1703; x_wconf 88' lang='lat' dir='ltr'>et</span> <span class='ocrx_word' id='word_1_874' title='bbox 1337 1681 1530 1703; x_wconf 87' lang='lat' dir='ltr'>consecratum.</span> <span class='ocrx_word' id='word_1_875' title='bbox 1570 1676 1596 1703; x_wconf 92' lang='lat' dir='ltr'>Si</span> <span class='ocrx_word' id='word_1_876' title='bbox 1616 1676 1699 1703; x_wconf 82' lang='lat' dir='ltr'>iudex</span> <span class='ocrx_word' id='word_1_877' title='bbox 1712 1685 1764 1703; x_wconf 89' lang='lat' dir='ltr'>non</span> <span class='ocrx_word' id='word_1_878' title='bbox 1778 1685 1861 1706; x_wconf 78' lang='lat' dir='ltr'>esses.</span> 
     </span>
     <span class='ocr_line' id='line_1_122' title="bbox 1070 1713 1864 1749; baseline 0 -9"><span class='ocrx_word' id='word_1_879' title='bbox 1070 1719 1096 1740; x_wconf 88' lang='lat' dir='ltr'>et</span> <span class='ocrx_word' id='word_1_880' title='bbox 1109 1714 1173 1740; x_wconf 86' lang='lat' dir='ltr'>haec</span> <span class='ocrx_word' id='word_1_881' title='bbox 1187 1714 1220 1740; x_wconf 90' lang='lat' dir='ltr'>ad</span> <span class='ocrx_word' id='word_1_882' title='bbox 1234 1719 1258 1740; x_wconf 89' lang='lat' dir='ltr'>te</span> <span class='ocrx_word' id='word_1_883' title='bbox 1271 1713 1357 1740; x_wconf 87' lang='lat' dir='ltr'>delata</span> <span class='ocrx_word' id='word_1_884' title='bbox 1371 1722 1413 1740; x_wconf 84' lang='lat' dir='ltr'>res</span> <span class='ocrx_word' id='word_1_885' title='bbox 1427 1718 1510 1740; x_wconf 83' lang='lat' dir='ltr'>esset:</span> <span class='ocrx_word' id='word_1_886' title='bbox 1526 1718 1551 1740; x_wconf 88' lang='lat' dir='ltr'>te</span> <span class='ocrx_word' id='word_1_887' title='bbox 1560 1714 1733 1748; x_wconf 83' lang='lat' dir='ltr'>potissimum</span> <span class='ocrx_word' id='word_1_888' title='bbox 1743 1714 1793 1740; x_wconf 88' lang='lat' dir='ltr'>hoc</span> <span class='ocrx_word' id='word_1_889' title='bbox 1804 1722 1864 1749; x_wconf 49' lang='lat' dir='ltr'>pes*</span> 
     </span>
     <span class='ocr_line' id='line_1_123' title="bbox 1070 1750 1864 1786; baseline 0.001 -9"><span class='ocrx_word' id='word_1_890' title='bbox 1070 1751 1157 1786; x_wconf 79' lang='lat' dir='ltr'>sequi,</span> <span class='ocrx_word' id='word_1_891' title='bbox 1173 1756 1198 1778; x_wconf 85' lang='lat' dir='ltr'>te</span> <span class='ocrx_word' id='word_1_892' title='bbox 1212 1756 1309 1786; x_wconf 80' lang='lat' dir='ltr'>petere.</span> <span class='ocrx_word' id='word_1_893' title='bbox 1327 1756 1351 1777; x_wconf 88' lang='lat' dir='ltr'>te</span> <span class='ocrx_word' id='word_1_894' title='bbox 1365 1759 1442 1786; x_wconf 81' lang='lat' dir='ltr'>agere</span> <span class='ocrx_word' id='word_1_895' title='bbox 1455 1755 1595 1786; x_wconf 84' lang='lat' dir='ltr'>oporteret.</span> <span class='ocrx_word' id='word_1_896' title='bbox 1617 1750 1703 1783; x_wconf 84' lang='lat' dir='ltr'>Quare</span> <span class='ocrx_word' id='word_1_897' title='bbox 1717 1759 1770 1778; x_wconf 86' lang='lat' dir='ltr'>non</span> <span class='ocrx_word' id='word_1_898' title='bbox 1783 1750 1864 1778; x_wconf 81' lang='lat' dir='ltr'>dubi-</span> 
     </span>
     <span class='ocr_line' id='line_1_124' title="bbox 1071 1788 1862 1824; baseline 0.001 -10"><span class='ocrx_word' id='word_1_899' title='bbox 1071 1793 1108 1818; x_wconf 80' lang='lat' dir='ltr'>to.</span> <span class='ocrx_word' id='word_1_900' title='bbox 1123 1797 1178 1823; x_wconf 89' lang='lat' dir='ltr'>quo</span> <span class='ocrx_word' id='word_1_901' title='bbox 1192 1789 1280 1814; x_wconf 86' lang='lat' dir='ltr'>animo</span> <span class='ocrx_word' id='word_1_902' title='bbox 1295 1788 1376 1815; x_wconf 89' lang='lat' dir='ltr'>iudex</span> <span class='ocrx_word' id='word_1_903' title='bbox 1390 1788 1472 1815; x_wconf 90' lang='lat' dir='ltr'>huius</span> <span class='ocrx_word' id='word_1_904' title='bbox 1485 1789 1606 1815; x_wconf 89' lang='lat' dir='ltr'>criminis</span> <span class='ocrx_word' id='word_1_905' title='bbox 1620 1797 1679 1815; x_wconf 87' lang='lat' dir='ltr'>esse</span> <span class='ocrx_word' id='word_1_906' title='bbox 1692 1788 1799 1819; x_wconf 78' lang='lat' dir='ltr'>debeas.</span> <span class='ocrx_word' id='word_1_907' title='bbox 1815 1789 1862 1824; x_wconf 86' lang='lat' dir='ltr'>qui</span> 
     </span>
    </p>
   </div>
   <div class='ocr_carea' id='block_1_40' title="bbox 1064 1862 1889 2717">
    <p class='ocr_par' dir='ltr' id='par_1_40' title="bbox 1064 1862 1889 2717">
     <span class='ocr_line' id='line_1_125' title="bbox 1070 1862 1863 1898; baseline 0 -9"><span class='ocrx_word' id='word_1_908' title='bbox 1070 1868 1140 1890; x_wconf 86' lang='lat' dir='ltr'>actor</span> <span class='ocrx_word' id='word_1_909' title='bbox 1154 1868 1343 1898; x_wconf 83' lang='lat' dir='ltr'>accusatorque</span> <span class='ocrx_word' id='word_1_910' title='bbox 1357 1871 1416 1889; x_wconf 88' lang='lat' dir='ltr'>esse</span> <span class='ocrx_word' id='word_1_911' title='bbox 1429 1862 1550 1889; x_wconf 86' lang='lat' dir='ltr'>deberes.</span> <span class='ocrx_word' id='word_1_912' title='bbox 1589 1862 1702 1889; x_wconf 88' lang='lat' dir='ltr'>XXXII.</span> <span class='ocrx_word' id='word_1_913' title='bbox 1717 1863 1760 1889; x_wconf 79' lang='grc' dir='ltr'>Ἡ.</span> <span class='ocrx_word' id='word_1_914' title='bbox 1781 1862 1863 1890; x_wconf 89' lang='lat' dir='ltr'>Vobis</span> 
     </span>
     <span class='ocr_line' id='line_1_126' title="bbox 1070 1899 1862 1936; baseline 0 -10"><span class='ocrx_word' id='word_1_915' title='bbox 1070 1906 1172 1931; x_wconf 81' lang='lat' dir='ltr'>autem¹</span> <span class='ocrx_word' id='word_1_916' title='bbox 1188 1900 1305 1931; x_wconf 75' lang='lat' dir='ltr'>iudices.</span> <span class='ocrx_word' id='word_1_917' title='bbox 1321 1899 1388 1935; x_wconf 91' lang='lat' dir='ltr'>quid</span> <span class='ocrx_word' id='word_1_918' title='bbox 1402 1900 1451 1927; x_wconf 91' lang='lat' dir='ltr'>hoc</span> <span class='ocrx_word' id='word_1_919' title='bbox 1463 1900 1617 1936; x_wconf 85' lang='lat' dir='ltr'>indignius,</span> <span class='ocrx_word' id='word_1_920' title='bbox 1633 1905 1679 1926; x_wconf 89' lang='lat' dir='ltr'>aut</span> <span class='ocrx_word' id='word_1_921' title='bbox 1691 1899 1758 1935; x_wconf 89' lang='lat' dir='ltr'>quid</span> <span class='ocrx_word' id='word_1_922' title='bbox 1772 1900 1862 1926; x_wconf 88' lang='lat' dir='ltr'>minus</span> 
     </span>
     <span class='ocr_line' id='line_1_127' title="bbox 1070 1937 1863 1972; baseline -0.001 -8"><span class='ocrx_word' id='word_1_923' title='bbox 1070 1937 1210 1964; x_wconf 78' lang='lat' dir='ltr'>ferendum</span> <span class='ocrx_word' id='word_1_924' title='bbox 1224 1937 1309 1964; x_wconf 87' lang='lat' dir='ltr'>videri</span> <span class='ocrx_word' id='word_1_925' title='bbox 1324 1937 1428 1972; x_wconf 78' lang='lat' dir='ltr'>potest‘?</span> <span class='ocrx_word' id='word_1_926' title='bbox 1449 1937 1578 1964; x_wconf 87' lang='lat' dir='ltr'>Verresne</span> <span class='ocrx_word' id='word_1_927' title='bbox 1591 1937 1701 1964; x_wconf 88' lang='lat' dir='ltr'>habebit</span> <span class='ocrx_word' id='word_1_928' title='bbox 1713 1937 1786 1964; x_wconf 91' lang='lat' dir='ltr'>domi</span> <span class='ocrx_word' id='word_1_929' title='bbox 1798 1945 1863 1964; x_wconf 78' lang='lat' dir='ltr'>suae</span> 
     </span>
     <span class='ocr_line' id='line_1_128' title="bbox 1069 1974 1864 2010; baseline 0.001 -9"><span class='ocrx_word' id='word_1_930' title='bbox 1069 1974 1259 2001; x_wconf 79' lang='lat' dir='ltr'>candelabrum</span> <span class='ocrx_word' id='word_1_931' title='bbox 1277 1975 1347 2002; x_wconf 86' lang='lat' dir='ltr'>lovis</span> <span class='ocrx_word' id='word_1_932' title='bbox 1364 1974 1465 2010; x_wconf 88' lang='lat' dir='ltr'>Optimi</span> <span class='ocrx_word' id='word_1_933' title='bbox 1480 1975 1601 2005; x_wconf 81' lang='lat' dir='ltr'>Maximi.</span> <span class='ocrx_word' id='word_1_934' title='bbox 1621 1983 1636 2000; x_wconf 87' lang='lat' dir='ltr'>e</span> <span class='ocrx_word' id='word_1_935' title='bbox 1653 1975 1769 2010; x_wconf 85' lang='lat' dir='ltr'>gemmis</span> <span class='ocrx_word' id='word_1_936' title='bbox 1785 1982 1864 2002; x_wconf 78' lang='lat' dir='ltr'>auro-</span> 
     </span>
     <span class='ocr_line' id='line_1_129' title="bbox 1069 2010 1863 2047; baseline 0 -9"><span class='ocrx_word' id='word_1_937' title='bbox 1069 2020 1122 2047; x_wconf 89' lang='lat' dir='ltr'>que</span> <span class='ocrx_word' id='word_1_938' title='bbox 1140 2011 1305 2047; x_wconf 71' lang='lat' dir='ltr'>perfectum?</span> <span class='ocrx_word' id='word_1_939' title='bbox 1331 2011 1415 2039; x_wconf 89' lang='lat' dir='ltr'>Cuius</span> <span class='ocrx_word' id='word_1_940' title='bbox 1433 2011 1537 2047; x_wconf 77' lang='lat' dir='ltr'>fulgore</span> <span class='ocrx_word' id='word_1_941' title='bbox 1553 2011 1684 2038; x_wconf 86' lang='lat' dir='ltr'>collucere</span> <span class='ocrx_word' id='word_1_942' title='bbox 1701 2016 1782 2047; x_wconf 86' lang='lat' dir='ltr'>atque</span> <span class='ocrx_word' id='word_1_943' title='bbox 1799 2010 1863 2038; x_wconf 88' lang='lat' dir='ltr'>illu-</span> 
     </span>
     <span class='ocr_line' id='line_1_130' title="bbox 1069 2048 1862 2084; baseline 0.001 -9"><span class='ocrx_word' id='word_1_944' title='bbox 1069 2050 1146 2076; x_wconf 85' lang='lat' dir='ltr'>strari</span> <span class='ocrx_word' id='word_1_945' title='bbox 1164 2050 1235 2076; x_wconf 87' lang='lat' dir='ltr'>lovis</span> <span class='ocrx_word' id='word_1_946' title='bbox 1253 2049 1354 2084; x_wconf 90' lang='lat' dir='ltr'>Optimi</span> <span class='ocrx_word' id='word_1_947' title='bbox 1376 2049 1486 2076; x_wconf 82' lang='lat' dir='ltr'>Maximi</span> <span class='ocrx_word' id='word_1_948' title='bbox 1508 2049 1638 2084; x_wconf 89' lang='lat' dir='ltr'>templum</span> <span class='ocrx_word' id='word_1_949' title='bbox 1661 2048 1810 2084; x_wconf 82' lang='lat' dir='ltr'>oportebat.</span> <span class='ocrx_word' id='word_1_950' title='bbox 1835 2048 1862 2076; x_wconf 84' lang='lat' dir='ltr'>id</span> 
     </span>
     <span class='ocr_line' id='line_1_131' title="bbox 1069 2086 1863 2121; baseline -0.001 -8"><span class='ocrx_word' id='word_1_951' title='bbox 1069 2087 1142 2121; x_wconf 81' lang='lat' dir='ltr'>apud</span> <span class='ocrx_word' id='word_1_952' title='bbox 1155 2087 1237 2113; x_wconf 86' lang='lat' dir='ltr'>istum</span> <span class='ocrx_word' id='word_1_953' title='bbox 1251 2087 1279 2113; x_wconf 90' lang='lat' dir='ltr'>in</span> <span class='ocrx_word' id='word_1_954' title='bbox 1293 2086 1426 2113; x_wconf 86' lang='lat' dir='ltr'>eiusmodi</span> <span class='ocrx_word' id='word_1_955' title='bbox 1439 2086 1571 2113; x_wconf 66' lang='lat' dir='ltr'>conviviis</span> <span class='ocrx_word' id='word_1_956' title='bbox 1584 2087 1773 2117; x_wconf 86' lang='lat' dir='ltr'>constituetur,</span> <span class='ocrx_word' id='word_1_957' title='bbox 1793 2093 1863 2121; x_wconf 81' lang='lat' dir='ltr'>quae</span> 
     </span>
     <span class='ocr_line' id='line_1_132' title="bbox 1068 2122 1862 2160; baseline 0 -10"><span class='ocrx_word' id='word_1_958' title='bbox 1068 2124 1222 2150; x_wconf 81' lang='lat' dir='ltr'>domesticis</span> <span class='ocrx_word' id='word_1_959' title='bbox 1240 2124 1343 2159; x_wconf 90' lang='lat' dir='ltr'>stupris</span> <span class='ocrx_word' id='word_1_960' title='bbox 1360 2123 1523 2160; x_wconf 83' lang='lat' dir='ltr'>flagitiisque</span> <span class='ocrx_word' id='word_1_961' title='bbox 1540 2122 1708 2159; x_wconf 77' lang='lat' dir='ltr'>flagrabunt?</span> <span class='ocrx_word' id='word_1_962' title='bbox 1731 2123 1761 2150; x_wconf 79' lang='lat' dir='ltr'>In</span> <span class='ocrx_word' id='word_1_963' title='bbox 1782 2123 1862 2150; x_wconf 80' lang='lat' dir='ltr'>istius</span> 
     </span>
     <span class='ocr_line' id='line_1_133' title="bbox 1070 2159 1862 2196; baseline 0.001 -9"><span class='ocrx_word' id='word_1_964' title='bbox 1070 2161 1172 2188; x_wconf 88' lang='lat' dir='ltr'>lenonis</span> <span class='ocrx_word' id='word_1_965' title='bbox 1191 2161 1342 2196; x_wconf 88' lang='lat' dir='ltr'>turpissimi</span> <span class='ocrx_word' id='word_1_966' title='bbox 1360 2161 1439 2188; x_wconf 91' lang='lat' dir='ltr'>domo</span> <span class='ocrx_word' id='word_1_967' title='bbox 1456 2160 1540 2187; x_wconf 87' lang='lat' dir='ltr'>simul</span> <span class='ocrx_word' id='word_1_968' title='bbox 1553 2169 1615 2187; x_wconf 92' lang='lat' dir='ltr'>cum</span> <span class='ocrx_word' id='word_1_969' title='bbox 1629 2161 1723 2187; x_wconf 84' lang='lat' dir='ltr'>ceteris</span> <span class='ocrx_word' id='word_1_970' title='bbox 1737 2159 1862 2188; x_wconf 83' lang='lat' dir='ltr'>Chelido-</span> 
     </span>
     <span class='ocr_line' id='line_1_134' title="bbox 1069 2197 1862 2233; baseline -0.001 -8"><span class='ocrx_word' id='word_1_971' title='bbox 1069 2199 1110 2225; x_wconf 86' lang='lat' dir='ltr'>nis</span> <span class='ocrx_word' id='word_1_972' title='bbox 1128 2198 1295 2225; x_wconf 85' lang='lat' dir='ltr'>hereditariis</span> <span class='ocrx_word' id='word_1_973' title='bbox 1313 2198 1476 2225; x_wconf 81' lang='lat' dir='ltr'>ornamentis</span> <span class='ocrx_word' id='word_1_974' title='bbox 1495 2197 1618 2233; x_wconf 88' lang='lat' dir='ltr'>Capitolii</span> <span class='ocrx_word' id='word_1_975' title='bbox 1639 2202 1793 2224; x_wconf 80' lang='lat' dir='ltr'>ornamenta</span> <span class='ocrx_word' id='word_1_976' title='bbox 1813 2205 1862 2232; x_wconf 82' lang='lat' dir='ltr'>po-</span> 
     </span>
     <span class='ocr_line' id='line_1_135' title="bbox 1069 2233 1889 2270; baseline -0.001 -8"><span class='ocrx_word' id='word_1_977' title='bbox 1069 2235 1183 2262; x_wconf 78' lang='lat' dir='ltr'>nentur?</span> <span class='ocrx_word' id='word_1_978' title='bbox 1195 2235 1267 2268; x_wconf 80' lang='lat' dir='ltr'>Quid</span> <span class='ocrx_word' id='word_1_979' title='bbox 1281 2236 1345 2262; x_wconf 86' lang='lat' dir='ltr'>huic</span> <span class='ocrx_word' id='word_1_980' title='bbox 1357 2237 1426 2262; x_wconf 87' lang='lat' dir='ltr'>sacri</span> <span class='ocrx_word' id='word_1_981' title='bbox 1439 2244 1569 2270; x_wconf 88' lang='lat' dir='ltr'>umquam</span> <span class='ocrx_word' id='word_1_982' title='bbox 1579 2234 1636 2261; x_wconf 73' lang='lat' dir='ltr'>fore</span> <span class='ocrx_word' id='word_1_983' title='bbox 1645 2239 1691 2261; x_wconf 83' lang='lat' dir='ltr'>aut</span> <span class='ocrx_word' id='word_1_984' title='bbox 1699 2234 1768 2270; x_wconf 87' lang='lat' dir='ltr'>quid</span> <span class='ocrx_word' id='word_1_985' title='bbox 1777 2233 1861 2262; x_wconf 72' lang='lat' dir='ltr'>fuisse</span> <span class='ocrx_word' id='word_1_986' title='bbox 1881 2238 1889 2245; x_wconf 77' lang='lat'>⁸</span> 
     </span>
     <span class='ocr_line' id='line_1_136' title="bbox 1067 2271 1861 2309; baseline -0.001 -10"><span class='ocrx_word' id='word_1_987' title='bbox 1067 2273 1186 2309; x_wconf 83' lang='lat' dir='ltr'>religiosi</span> <span class='ocrx_word' id='word_1_988' title='bbox 1200 2273 1309 2308; x_wconf 82' lang='lat' dir='ltr'>putatis,</span> <span class='ocrx_word' id='word_1_989' title='bbox 1325 2273 1373 2308; x_wconf 92' lang='lat' dir='ltr'>qui</span> <span class='ocrx_word' id='word_1_990' title='bbox 1387 2281 1459 2300; x_wconf 91' lang='lat' dir='ltr'>nunc</span> <span class='ocrx_word' id='word_1_991' title='bbox 1472 2277 1543 2299; x_wconf 83' lang='lat' dir='ltr'>tanto</span> <span class='ocrx_word' id='word_1_992' title='bbox 1556 2271 1655 2299; x_wconf 74' lang='lat' dir='ltr'>scelere</span> <span class='ocrx_word' id='word_1_993' title='bbox 1664 2280 1693 2298; x_wconf 88' lang='lat' dir='ltr'>se</span> <span class='ocrx_word' id='word_1_994' title='bbox 1703 2271 1861 2299; x_wconf 80' lang='lat' dir='ltr'>obstrictum</span> 
     </span>
     <span class='ocr_line' id='line_1_137' title="bbox 1067 2309 1861 2345; baseline -0.001 -8"><span class='ocrx_word' id='word_1_995' title='bbox 1067 2319 1126 2337; x_wconf 87' lang='lat' dir='ltr'>esse</span> <span class='ocrx_word' id='word_1_996' title='bbox 1140 2319 1192 2337; x_wconf 89' lang='lat' dir='ltr'>nou</span> <span class='ocrx_word' id='word_1_997' title='bbox 1205 2310 1320 2337; x_wconf 77' lang='lat' dir='ltr'>sentiat?</span> <span class='ocrx_word' id='word_1_998' title='bbox 1331 2310 1380 2345; x_wconf 90' lang='lat' dir='ltr'>qui</span> <span class='ocrx_word' id='word_1_999' title='bbox 1393 2310 1420 2336; x_wconf 92' lang='lat' dir='ltr'>in</span> <span class='ocrx_word' id='word_1_1000' title='bbox 1434 2309 1566 2336; x_wconf 89' lang='lat' dir='ltr'>iudicium</span> <span class='ocrx_word' id='word_1_1001' title='bbox 1579 2309 1677 2340; x_wconf 87' lang='lat' dir='ltr'>veniat,</span> <span class='ocrx_word' id='word_1_1002' title='bbox 1692 2309 1740 2336; x_wconf 89' lang='lat' dir='ltr'>ubi</span> <span class='ocrx_word' id='word_1_1003' title='bbox 1754 2317 1788 2335; x_wconf 86' lang='lat' dir='ltr'>ne</span> <span class='ocrx_word' id='word_1_1004' title='bbox 1800 2317 1861 2344; x_wconf 55' lang='lat' dir='ltr'>pr«.h</span> 
     </span>
     <span class='ocr_line' id='line_1_138' title="bbox 1066 2346 1860 2383; baseline -0.003 -9"><span class='ocrx_word' id='word_1_1005' title='bbox 1066 2348 1120 2374; x_wconf 91' lang='lat' dir='ltr'>cari</span> <span class='ocrx_word' id='word_1_1006' title='bbox 1139 2347 1250 2383; x_wconf 90' lang='lat' dir='ltr'>quidem</span> <span class='ocrx_word' id='word_1_1007' title='bbox 1263 2348 1353 2374; x_wconf 91' lang='lat' dir='ltr'>lovem</span> <span class='ocrx_word' id='word_1_1008' title='bbox 1367 2346 1507 2382; x_wconf 89' lang='lat' dir='ltr'>Optimum</span> <span class='ocrx_word' id='word_1_1009' title='bbox 1520 2346 1669 2373; x_wconf 75' lang='lat' dir='ltr'>Maximum</span> <span class='ocrx_word' id='word_1_1010' title='bbox 1686 2350 1767 2381; x_wconf 80' lang='lat' dir='ltr'>atque</span> <span class='ocrx_word' id='word_1_1011' title='bbox 1783 2346 1817 2372; x_wconf 83' lang='lat' dir='ltr'>ab</span> <span class='ocrx_word' id='word_1_1012' title='bbox 1829 2354 1860 2373; x_wconf 86' lang='lat' dir='ltr'>eo</span> 
     </span>
     <span class='ocr_line' id='line_1_139' title="bbox 1067 2382 1860 2420; baseline -0.001 -9"><span class='ocrx_word' id='word_1_1013' title='bbox 1067 2384 1198 2411; x_wconf 84' lang='lat' dir='ltr'>auxilium</span> <span class='ocrx_word' id='word_1_1014' title='bbox 1217 2389 1306 2420; x_wconf 86' lang='lat' dir='ltr'>petere</span> <span class='ocrx_word' id='word_1_1015' title='bbox 1325 2393 1398 2411; x_wconf 85' lang='lat' dir='ltr'>more</span> <span class='ocrx_word' id='word_1_1016' title='bbox 1414 2384 1535 2411; x_wconf 90' lang='lat' dir='ltr'>omnium</span> <span class='ocrx_word' id='word_1_1017' title='bbox 1553 2382 1656 2418; x_wconf 73' lang='lat' dir='ltr'>possit?</span> <span class='ocrx_word' id='word_1_1018' title='bbox 1680 2392 1696 2409; x_wconf 76' lang='lat' dir='ltr'>a</span> <span class='ocrx_word' id='word_1_1019' title='bbox 1713 2391 1768 2418; x_wconf 85' lang='lat' dir='ltr'>quo</span> <span class='ocrx_word' id='word_1_1020' title='bbox 1779 2383 1860 2410; x_wconf 79' lang='lat' dir='ltr'>etiam</span> 
     </span>
     <span class='ocr_line' id='line_1_140' title="bbox 1067 2419 1887 2456; baseline -0.002 -8"><span class='ocrx_word' id='word_1_1021' title='bbox 1067 2422 1104 2448; x_wconf 92' lang='lat' dir='ltr'>dii</span> <span class='ocrx_word' id='word_1_1022' title='bbox 1118 2422 1282 2449; x_wconf 87' lang='lat' dir='ltr'>immortales</span> <span class='ocrx_word' id='word_1_1023' title='bbox 1295 2430 1344 2449; x_wconf 90' lang='lat' dir='ltr'>sua</span> <span class='ocrx_word' id='word_1_1024' title='bbox 1358 2425 1482 2456; x_wconf 89' lang='lat' dir='ltr'>repetunt</span> <span class='ocrx_word' id='word_1_1025' title='bbox 1494 2421 1522 2448; x_wconf 91' lang='lat' dir='ltr'>in</span> <span class='ocrx_word' id='word_1_1026' title='bbox 1540 2429 1571 2447; x_wconf 87' lang='lat' dir='ltr'>eo</span> <span class='ocrx_word' id='word_1_1027' title='bbox 1588 2420 1702 2451; x_wconf 81' lang='lat' dir='ltr'>iudicio.</span> <span class='ocrx_word' id='word_1_1028' title='bbox 1720 2419 1794 2455; x_wconf 89' lang='lat' dir='ltr'>quod</span> <span class='ocrx_word' id='word_1_1029' title='bbox 1810 2419 1859 2447; x_wconf 86' lang='lat' dir='ltr'>ho-</span> <span class='ocrx_word' id='word_1_1030' title='bbox 1884 2454 1887 2455; x_wconf 50' lang='lat'>.</span> 
     </span>
     <span class='ocr_line' id='line_1_141' title="bbox 1067 2457 1860 2493; baseline -0.004 -7"><span class='ocrx_word' id='word_1_1031' title='bbox 1067 2459 1187 2486; x_wconf 90' lang='lat' dir='ltr'>minibus</span> <span class='ocrx_word' id='word_1_1032' title='bbox 1200 2459 1234 2486; x_wconf 88' lang='lat' dir='ltr'>ad</span> <span class='ocrx_word' id='word_1_1033' title='bbox 1247 2468 1310 2486; x_wconf 87' lang='lat' dir='ltr'>suas</span> <span class='ocrx_word' id='word_1_1034' title='bbox 1323 2467 1366 2485; x_wconf 89' lang='lat' dir='ltr'>res</span> <span class='ocrx_word' id='word_1_1035' title='bbox 1379 2457 1541 2493; x_wconf 85' lang='lat' dir='ltr'>repetundas</span> <span class='ocrx_word' id='word_1_1036' title='bbox 1554 2462 1595 2484; x_wconf 89' lang='lat' dir='ltr'>est</span> <span class='ocrx_word' id='word_1_1037' title='bbox 1604 2458 1789 2484; x_wconf 72' lang='lat' dir='ltr'>constitutum.</span> <span class='ocrx_word' id='word_1_1038' title='bbox 1808 2457 1860 2483; x_wconf 79' lang='lat' dir='ltr'>Mi-</span> 
     </span>
     <span class='ocr_line' id='line_1_142' title="bbox 1066 2494 1857 2530; baseline -0.004 -7"><span class='ocrx_word' id='word_1_1039' title='bbox 1066 2505 1165 2528; x_wconf 81' lang='lat' dir='ltr'>ramur,</span> <span class='ocrx_word' id='word_1_1040' title='bbox 1181 2497 1293 2523; x_wconf 84' lang='lat' dir='ltr'>Athenis</span> <span class='ocrx_word' id='word_1_1041' title='bbox 1306 2497 1467 2527; x_wconf 82' lang='lat' dir='ltr'>Minervam,</span> <span class='ocrx_word' id='word_1_1042' title='bbox 1482 2494 1540 2522; x_wconf 90' lang='lat' dir='ltr'>Deli</span> <span class='ocrx_word' id='word_1_1043' title='bbox 1553 2494 1714 2530; x_wconf 79' lang='lat' dir='ltr'>Apollinem,</span> <span class='ocrx_word' id='word_1_1044' title='bbox 1730 2495 1857 2521; x_wconf 89' lang='lat' dir='ltr'>lunonem</span> 
     </span>
     <span class='ocr_line' id='line_1_143' title="bbox 1067 2531 1858 2569; baseline -0.003 -9"><span class='ocrx_word' id='word_1_1045' title='bbox 1067 2533 1153 2564; x_wconf 84' lang='lat' dir='ltr'>Sami,</span> <span class='ocrx_word' id='word_1_1046' title='bbox 1169 2534 1267 2569; x_wconf 83' lang='lat' dir='ltr'>Pergae</span> <span class='ocrx_word' id='word_1_1047' title='bbox 1279 2534 1402 2564; x_wconf 83' lang='lat' dir='ltr'>Dianam,</span> <span class='ocrx_word' id='word_1_1048' title='bbox 1422 2532 1522 2559; x_wconf 85' lang='lat' dir='ltr'>multos</span> <span class='ocrx_word' id='word_1_1049' title='bbox 1536 2536 1670 2567; x_wconf 87' lang='lat' dir='ltr'>praeterea</span> <span class='ocrx_word' id='word_1_1050' title='bbox 1682 2531 1716 2558; x_wconf 86' lang='lat' dir='ltr'>ab</span> <span class='ocrx_word' id='word_1_1051' title='bbox 1729 2532 1781 2558; x_wconf 80' lang='lat' dir='ltr'>isto</span> <span class='ocrx_word' id='word_1_1052' title='bbox 1793 2531 1858 2558; x_wconf 78' lang='lat' dir='ltr'>deos</span> 
     </span>
     <span class='ocr_line' id='line_1_144' title="bbox 1066 2567 1857 2605; baseline -0.004 -8"><span class='ocrx_word' id='word_1_1053' title='bbox 1066 2576 1118 2597; x_wconf 90' lang='lat' dir='ltr'>tota</span> <span class='ocrx_word' id='word_1_1054' title='bbox 1132 2572 1195 2597; x_wconf 86' lang='lat' dir='ltr'>Asia</span> <span class='ocrx_word' id='word_1_1055' title='bbox 1209 2571 1374 2605; x_wconf 84' lang='lat' dir='ltr'>Graeciaque</span> <span class='ocrx_word' id='word_1_1056' title='bbox 1387 2570 1513 2601; x_wconf 80' lang='lat' dir='ltr'>violatos,</span> <span class='ocrx_word' id='word_1_1057' title='bbox 1528 2570 1576 2604; x_wconf 92' lang='lat' dir='ltr'>qui</span> <span class='ocrx_word' id='word_1_1058' title='bbox 1590 2578 1605 2595; x_wconf 84' lang='lat' dir='ltr'>a</span> <span class='ocrx_word' id='word_1_1059' title='bbox 1617 2567 1748 2603; x_wconf 77' lang='lat' dir='ltr'>Capitolio</span> <span class='ocrx_word' id='word_1_1060' title='bbox 1760 2575 1857 2595; x_wconf 81' lang='lat' dir='ltr'>manus</span> 
     </span>
     <span class='ocr_line' id='line_1_145' title="bbox 1065 2605 1857 2643; baseline -0.004 -9"><span class='ocrx_word' id='word_1_1061' title='bbox 1065 2608 1198 2634; x_wconf 80' lang='lat' dir='ltr'>abstinere</span> <span class='ocrx_word' id='word_1_1062' title='bbox 1212 2617 1263 2634; x_wconf 91' lang='lat' dir='ltr'>non</span> <span class='ocrx_word' id='word_1_1063' title='bbox 1278 2606 1412 2643; x_wconf 78' lang='lat' dir='ltr'>potuerit?</span> <span class='ocrx_word' id='word_1_1064' title='bbox 1423 2606 1500 2639; x_wconf 83' lang='lat' dir='ltr'>Quod</span> <span class='ocrx_word' id='word_1_1065' title='bbox 1514 2606 1610 2641; x_wconf 87' lang='lat' dir='ltr'>privati</span> <span class='ocrx_word' id='word_1_1066' title='bbox 1623 2605 1746 2632; x_wconf 81' lang='lat' dir='ltr'>homiues</span> <span class='ocrx_word' id='word_1_1067' title='bbox 1755 2605 1789 2632; x_wconf 87' lang='lat' dir='ltr'>de</span> <span class='ocrx_word' id='word_1_1068' title='bbox 1798 2605 1857 2632; x_wconf 81' lang='lat' dir='ltr'>suis</span> 
     </span>
     <span class='ocr_line' id='line_1_146' title="bbox 1066 2642 1857 2679; baseline -0.004 -8"><span class='ocrx_word' id='word_1_1069' title='bbox 1066 2646 1188 2679; x_wconf 88' lang='lat' dir='ltr'>pecuniis</span> <span class='ocrx_word' id='word_1_1070' title='bbox 1200 2650 1294 2671; x_wconf 88' lang='lat' dir='ltr'>ornant</span> <span class='ocrx_word' id='word_1_1071' title='bbox 1306 2645 1478 2679; x_wconf 85' lang='lat' dir='ltr'>ornaturique</span> <span class='ocrx_word' id='word_1_1072' title='bbox 1491 2648 1564 2674; x_wconf 86' lang='lat' dir='ltr'>sunt,</span> <span class='ocrx_word' id='word_1_1073' title='bbox 1578 2643 1607 2669; x_wconf 91' lang='lat' dir='ltr'>id</span> <span class='ocrx_word' id='word_1_1074' title='bbox 1620 2643 1650 2669; x_wconf 89' lang='lat' dir='ltr'>C.</span> <span class='ocrx_word' id='word_1_1075' title='bbox 1661 2642 1803 2673; x_wconf 53' lang='lat' dir='ltr'>Verresab</span> <span class='ocrx_word' id='word_1_1076' title='bbox 1814 2649 1857 2669; x_wconf 77' lang='lat' dir='ltr'>re-</span> 
     </span>
     <span class='ocr_line' id='line_1_147' title="bbox 1064 2678 1856 2717; baseline -0.003 -9"><span class='ocrx_word' id='word_1_1077' title='bbox 1064 2682 1145 2717; x_wconf 81' lang='lat' dir='ltr'>gibus</span> <span class='ocrx_word' id='word_1_1078' title='bbox 1159 2683 1244 2708; x_wconf 83' lang='lat' dir='ltr'>ornari</span> <span class='ocrx_word' id='word_1_1079' title='bbox 1259 2691 1311 2709; x_wconf 90' lang='lat' dir='ltr'>non</span> <span class='ocrx_word' id='word_1_1080' title='bbox 1325 2687 1365 2708; x_wconf 92' lang='lat' dir='ltr'>est</span> <span class='ocrx_word' id='word_1_1081' title='bbox 1378 2689 1484 2716; x_wconf 88' lang='lat' dir='ltr'>passus.</span> <span class='ocrx_word' id='word_1_1082' title='bbox 1524 2681 1566 2707; x_wconf 77' lang='lat'>72.</span> <span class='ocrx_word' id='word_1_1083' title='bbox 1589 2681 1680 2715; x_wconf 86' lang='lat' dir='ltr'>ltaque</span> <span class='ocrx_word' id='word_1_1084' title='bbox 1694 2679 1744 2706; x_wconf 91' lang='lat' dir='ltr'>hoc</span> <span class='ocrx_word' id='word_1_1085' title='bbox 1757 2678 1856 2706; x_wconf 82' lang='lat' dir='ltr'>nefario</span> 
     </span>
    </p>
   </div>
  </div>
 </body>
</html>
