1941 3052
496 133 695 160 LAELIUS
727 133 777 160 DE
811 133 1033 161 AMICITIA.
1064 135 1155 163 CAP.

86 204 156 231 blica
177 203 359 238 disputatum,
382 203 526 230 adfuisses.
567 204 660 237 Qualis
682 210 738 231 tum
754 209 881 239 patronus

86 242 204 269 iustitiae
216 241 267 268 suit
277 246 367 267 contra
379 246 529 267 accuratam
539 243 685 269 orationem
692 242 776 269 Phili!
790 242 828 268 Fi
836 251 880 268 nx.

86 278 175 306 Facile
186 278 213 305 id
224 279 336 314 quidem
349 278 408 309 fuit,
417 279 547 305 iustitiam
558 280 709 306 iustissimo
720 281 777 307 viro
789 279 883 305 defen-

86 317 159 344 dere.
200 316 278 343 Scae
286 325 311 342 v.
333 315 404 348 Quid
416 316 581 342 amicitiam‘.>
591 318 683 343 Nonne
696 316 773 343 facile
784 317 818 347 ei,
835 316 883 351 qui

86 354 120 381 ob
135 362 194 380 eam
208 362 315 380 summa
331 353 396 384 tide,
414 354 561 380 constantia
578 355 734 389 iustitiaque
750 359 882 380 servatam

87 392 233 418 maximam
244 390 357 426 gloriam
371 390 490 425 ceperit?
509 391 575 417 VIIl.
591 393 633 418 26.
648 392 739 418 Lam.
761 392 821 418 Vim
835 391 884 417 hoc

86 429 198 465 quidem
209 433 249 455 est
259 428 364 455 afferre!
381 428 452 460 Quid
464 428 536 454 enim
549 428 636 459 refert,
650 437 703 463 qua
715 437 757 455 me
769 429 885 464 rogatio-

86 475 119 493 ne
133 465 253 502 cogatis?
266 466 367 501 Cogitis
382 470 463 492 certe.
505 465 608 492 Studiis
624 466 696 492 enim
711 474 881 502 generorum,

85 504 243 539 praesertim
255 504 282 529 in
295 512 321 529 re
334 503 416 534 bona,
434 511 519 538 quum
531 502 642 529 difficile
654 508 706 533 est,
724 508 781 530 tum
796 512 829 530 ne
840 512 885 529 ae-

85 549 172 576 quum
183 540 295 576 quidem
306 541 446 567 obsistere.
454 556 491 560 —
502 540 666 575 Saepissime
678 541 761 576 igitur
772 541 839 567 mihi
851 540 884 566 de

86 579 204 605 amicitia
220 579 347 614 cogitanti
362 578 479 604 maxime
490 577 558 604 illud
570 578 795 604 considerandum
808 578 884 604 vide-

86 617 108 643 ri
124 615 204 646 solet,
223 624 288 642 num
304 620 414 650 propter
432 615 645 642 imbecillitatem
666 620 745 650 atque
765 616 883 650 inopiam

86 653 236 680 desiderata
251 654 287 679 sit
306 654 439 684 amicitia,
462 658 492 679 ut
506 654 534 679 in
554 653 651 679 dandis
667 653 884 687 recipiendisque

86 691 202 721 meritis,
226 690 297 726 quod
313 692 431 726 quisque
447 691 538 717 minus
555 699 602 725 per
616 699 644 716 se
661 691 719 725 ipse
735 694 837 725 posset,
857 689 883 715 id

86 729 218 763 acciperet
231 728 265 754 ab
277 727 341 759 alio,
356 723 532 763 vicissimque
548 727 683 760 redderet,
703 736 736 754 an
754 732 824 754 esset
834 727 884 753 hoc

85 766 198 801 quidem
219 766 359 800 proprium
380 766 526 797 amicitiae,
551 765 599 791 sed
620 765 756 800 antiquior
775 770 800 791 et
823 764 885 799 pul—

85 803 175 830 chrior
194 808 220 829 et
240 803 327 839 magis
347 812 362 829 a
384 808 477 829 natura
496 804 554 838 ipsa
576 802 692 837 profecta
707 802 758 828 alia
772 801 885 828 caussa‘?

86 841 163 867 Amor
174 841 256 871 enirn,
269 849 303 867 ex
313 849 367 875 quo
378 843 493 867 amicitia
505 841 649 871 nominata,
663 840 789 875 princeps
801 844 841 866 est
852 839 884 865 ad

86 877 301 904 benevolentiam
322 878 549 913 coniungendam.
589 879 657 904 Nam
678 877 807 904 utilitates
822 877 885 912 qui-

86 915 148 942 dem
162 916 242 942 etiam
254 915 287 942 ab
302 916 335 941 iis
349 916 536 950 percipiuntur
547 924 641 950 saepe,
654 916 702 950 qui
713 914 885 941 simulatione

86 953 220 979 amicitiae
231 953 356 979 coluntur
366 957 391 979 et
402 953 580 979 observantur
591 953 719 987 temporis
730 961 835 978 caussa.
857 952 884 978 ln

86 991 204 1017 amicitia
215 995 304 1016 autem
311 989 379 1016 nihil
389 990 489 1021 fictum,
499 990 567 1016 nihil
575 990 746 1022 simulatum,
761 995 794 1021 et,
803 989 885 1024 quid-

86 1027 153 1063 quid
165 1032 213 1058 est,
231 1027 259 1053 id
272 1036 366 1054 verum
378 1032 418 1054 est
429 1033 454 1054 et
466 1027 658 1054 voluntarium.
699 1029 741 1054 ⁶27.
763 1027 885 1062 Quapro-

85 1070 144 1100 pter
155 1073 168 1090 a
181 1070 274 1092 natura
286 1065 354 1091 mihi
367 1065 475 1091 videtur
486 1066 585 1100 potius,
595 1074 677 1100 quam
689 1065 722 1091 ab
735 1064 883 1100 indigentia

85 1107 140 1129 orta
152 1103 284 1133 amicitia,
302 1102 480 1137 applicatione
497 1103 584 1138 magis
599 1103 682 1129 animi
693 1111 755 1128 cum
767 1102 884 1137 quodam

86 1148 169 1166 sensu
190 1140 312 1171 amandi,
335 1149 416 1174 quam
431 1139 605 1175 cogitatione,
628 1144 760 1174 quantum
781 1139 826 1166 illa
843 1148 884 1165 res

85 1177 209 1204 utilitatis
230 1181 301 1204 esset
326 1177 460 1203 habitura.
501 1177 577 1209 Quod
601 1177 713 1212 quidem
737 1176 816 1212 quale
839 1177 882 1207 sit,

85 1215 166 1242 etiam
178 1216 205 1241 in
217 1214 313 1241 bestiis
324 1214 489 1250 quibusdam
505 1214 683 1241 animadverti
698 1219 797 1249 potest,
815 1222 884 1249 quae

85 1261 120 1279 ex
131 1261 159 1278 se
171 1256 245 1279 natos
258 1253 293 1278 ita
308 1256 397 1279 amant
411 1252 444 1278 ad
460 1252 597 1287 quoddam
613 1256 733 1287 tempus,
756 1257 781 1278 et
796 1251 830 1278 ab
845 1252 884 1277 eis

84 1290 122 1316 ita
132 1295 269 1320 amantur,
284 1294 314 1316 ut
330 1289 407 1316 facile
419 1298 511 1316 earum
523 1298 620 1316 sensus
632 1294 766 1324 appareat.
807 1288 884 1321 Quod

85 1328 114 1354 in
127 1327 237 1354 homine
253 1326 337 1353 multo
353 1331 393 1353 est
408 1327 576 1353 evidentius:
599 1327 717 1362 primum
730 1336 762 1353 ex
775 1335 804 1353 ea
815 1327 885 1353 cari-

85 1369 146 1396 tate,
159 1373 229 1400 quae
240 1369 280 1391 est
292 1366 360 1391 inter
371 1370 445 1391 natos
457 1370 482 1391 et
493 1368 629 1399 parentes,
646 1373 715 1400 quae
727 1365 820 1391 dirimi
831 1364 884 1390 nisi

84 1401 237 1429 detestabili
252 1401 352 1428 scelere
364 1410 417 1428 non
431 1406 531 1437 potest;
554 1401 665 1433 deinde,
684 1410 769 1437 quum
785 1401 884 1428 similis

84 1448 181 1466 sensus
193 1440 295 1466 exstitit
306 1440 418 1469 amoris,
435 1440 458 1465 si
470 1439 589 1474 aliquem
601 1439 671 1466 nacti
683 1448 792 1470 sumus,
805 1439 884 1465 cuius

84 1485 147 1503 cum
159 1476 280 1503 moribus
292 1481 317 1503 et
329 1481 421 1503 natura
432 1485 622 1513 congruamus,
638 1476 711 1512 quod
726 1478 752 1503 in
764 1485 795 1503 eo
806 1477 883 1511 quasi

85 1513 176 1541 lumen
188 1513 298 1549 aliquod
311 1514 451 1549 probitatis
466 1519 491 1541 et
504 1514 613 1540 virtutis
627 1514 780 1549 perspicere
793 1514 885 1540 videa-

84 1560 155 1578 mur.
195 1553 237 1578 28.
260 1551 334 1577 Nihil
351 1556 391 1578 est
412 1552 484 1578 enim
506 1551 651 1578 amabilius
668 1552 780 1584 virtute;
803 1551 882 1582 nihil,

84 1588 157 1624 quod
178 1589 266 1624 magis
287 1588 388 1615 alliciat
408 1588 440 1615 ad
460 1589 645 1625 diligendum:
668 1589 771 1624 quippe
786 1597 882 1624 quum,

83 1630 192 1661 propter
203 1627 330 1652 virtutem
342 1631 368 1652 et
379 1626 548 1661 probitatem,
561 1635 606 1653 eos
617 1627 707 1657 etiam,
724 1635 792 1661 quos
804 1635 885 1653 num-

84 1672 165 1699 quam
177 1663 312 1695 vidimuS,
326 1663 444 1698 quodam
462 1663 541 1690 modo
556 1663 714 1700 diligamus.
754 1664 822 1696 Quis
833 1668 881 1695 est,

83 1701 131 1736 qui
143 1701 172 1728 C.
189 1700 320 1732 Fabricii,
334 1701 378 1727 Μ’.
392 1701 466 1727 Curii
480 1710 531 1728 non
547 1710 609 1727 cum
626 1702 735 1728 caritate
751 1701 841 1736 aliqua
859 1706 885 1728 et

83 1737 271 1765 benevolentia
283 1739 440 1765 memoriam
452 1743 578 1773 usurpet.
596 1747 664 1773 quos
681 1747 830 1773 numquam
842 1739 884 1765 vi-

83 1775 170 1802 derit‘?
189 1775 256 1808 Quis
271 1780 361 1802 autem
377 1780 429 1806 est,
452 1777 500 1811 qui
516 1776 694 1811 Tarquinium
716 1776 881 1810 Superbum,

82 1813 130 1848 qui
142 1812 190 1848 Sp.
202 1812 336 1844 Cassium,
349 1813 395 1848 Sp.
409 1813 536 1840 Maelium
552 1822 603 1840 non
618 1812 722 1840 oderit?
736 1813 804 1840 Cum
816 1813 884 1839 duo—

83 1850 135 1877 bus
146 1850 263 1876 ducibus
274 1850 428 1885 deimperio
439 1851 465 1877 in
473 1850 546 1877 ltalia
553 1851 717 1877 decertatum
724 1855 773 1882 est,
783 1850 884 1887 Pyrrho

82 1892 109 1914 et
121 1887 286 1914 Hannibale:
309 1887 343 1913 ab
359 1887 440 1914 altero
456 1892 564 1922 propter
579 1888 739 1923 probitatem
755 1889 815 1914 eius
831 1897 882 1914 non

83 1925 166 1952 nimis
177 1924 279 1950 alienos
290 1925 394 1951 animos
406 1924 554 1956 habemus,
572 1925 686 1951 alterum
703 1930 811 1960 propter
821 1934 883 1952 cru-

82 1961 219 1988 delitatem
232 1969 340 1996 semper
350 1961 416 1987 haec
427 1962 523 1988 civitas
535 1961 631 1988 oderit.
672 1963 719 1989 lx.
741 1964 784 1989 29.
805 1962 882 1995 Quod

82 1999 106 2026 si
118 2003 188 2026 tanta
201 1999 243 2025 vis
255 1999 395 2034 probitatis
407 2003 456 2029 est.
465 2003 494 2025 ut
504 2007 563 2025 eam
574 1998 616 2025 vel
629 1999 656 2025 in
668 2000 715 2029 eis,
724 2008 792 2034 quos
803 2008 883 2026 num-

82 2045 164 2072 quam
180 2036 315 2067 vidimus,
334 2036 391 2067 vel,
409 2035 481 2071 quod
500 2037 588 2063 maius
602 2040 655 2067 est,
674 2037 700 2062 in
716 2036 790 2062 lioste
801 2038 881 2063 etiam

82 2073 244 2110 diligamus:
267 2073 335 2109 quid
347 2074 455 2104 mirum,
470 2074 492 2099 si
504 2074 588 2099 animi
601 2073 741 2100 bominum
755 2082 882 2100 movean-

81 2115 134 2143 tur,
148 2120 234 2147 quum
245 2119 347 2141 eorum,
361 2111 526 2146 quibuscum
540 2119 590 2137 usu
602 2112 739 2137 coniuncti
751 2119 809 2137 esse
821 2119 882 2146 pos-

82 2153 158 2180 sunt,
182 2149 308 2175 virtutem
330 2153 356 2175 et
379 2148 525 2174 bonitatem
547 2149 698 2183 perspicere
723 2148 882 2175 videantur‘?

81 2185 252 2221 Quamquam
268 2185 441 2212 confirmatur
456 2193 530 2212 amor
545 2190 571 2212 et
586 2185 716 2212 beneficio
734 2190 842 2220 accepto
857 2190 882 2212 et

81 2223 172 2250 studio
183 2227 323 2258 perspecto
334 2227 360 2250 et
370 2222 566 2249 consuetudine
578 2222 716 2255 adiuncta;
730 2223 832 2257 quibus
840 2231 881 2249 re-

80 2260 133 2287 bus
144 2260 178 2287 ad
190 2259 268 2286 illum
283 2260 402 2295 primum
415 2265 516 2286 motum
529 2260 612 2286 animi
625 2265 651 2286 et
662 2261 760 2286 amoris
772 2260 881 2286 adhibi-

82 2298 130 2329 tis,
158 2297 327 2324 admirabilis
352 2297 485 2332 quaedam
506 2297 657 2324 exardescit
678 2297 880 2324 benevolentiae

81 2334 250 2371 magnitudo.
276 2334 363 2367 Quam
377 2335 459 2369 siqui
471 2339 565 2369 putant
576 2334 610 2360 ab
622 2334 807 2361 imbecillitate
819 2344 880 2369 pro-

81 2371 175 2404 ficisci,
189 2377 218 2399 ut
228 2373 272 2403 sit,
287 2380 334 2407 per
343 2380 424 2407 quem
437 2372 555 2407 quisque
566 2376 734 2406 assequatur,
747 2372 819 2407 quod
832 2372 879 2398 de-

80 2409 192 2443 sideret;
216 2409 348 2436 humilem
365 2417 428 2435 sane
440 2408 598 2444 relinquunt
609 2414 632 2436 et
644 2410 755 2436 minime
767 2418 879 2445 genero—

80 2455 157 2479 sum,
174 2451 204 2473 ut
216 2448 250 2474 ita
265 2446 368 2477 dicam,
386 2450 474 2473 ortum
487 2446 634 2477 amicitiae,
651 2455 732 2481 quani
743 2456 776 2473 ex
789 2448 878 2481 inopia

79 2488 160 2520 atque
175 2484 323 2520 indigentia
341 2489 429 2510 natam
451 2483 553 2510 volunt.
593 2484 670 2516 Quod
691 2484 714 2510 si
737 2484 771 2510 ita
792 2489 875 2510 esset:

78 2525 109 2548 ut
123 2521 242 2557 quisque
256 2522 401 2548 minimum
418 2522 444 2547 in
461 2529 489 2547 se
509 2529 568 2547 esse
584 2521 771 2552 arbitraretur,
794 2522 828 2547 ita
845 2521 877 2547 nd

79 2559 226 2585 amicitiam
247 2563 318 2586 esset
338 2559 510 2594 aptissimus:
536 2558 608 2593 quod
631 2557 708 2593 longe
728 2567 807 2584 secus
826 2563 875 2585 est.

79 2597 120 2623 30.
142 2595 176 2622 Ut
190 2596 262 2622 enim
283 2597 400 2631 quisque
420 2595 474 2622 sibi
490 2595 639 2630 plurimum
657 2595 780 2626 contidit,
803 2600 828 2622 et
849 2600 878 2622 ut

78 2633 196 2668 quisque
206 2633 324 2660 maxime
335 2634 433 2660 virtute
445 2638 470 2660 et
485 2633 616 2667 sapientia
632 2633 671 2659 sic
687 2633 809 2659 munitus
825 2638 873 2663 est.

77 2674 108 2698 ut
121 2669 195 2698 nullo
209 2675 285 2708 egeat
299 2679 403 2706 suaque
413 2671 502 2698 omnia
514 2671 541 2697 in
552 2678 580 2697 se
592 2670 652 2706 ipso
662 2671 748 2706 posita
760 2670 873 2698 iudicet:

1187 137 1202 161 5
1222 151 1258 155 —
1282 138 1319 162 l0.
1661 141 1722 165 ⁴27¹

934 207 969 232 ita
981 207 1008 232 in
1020 207 1146 232 amicitiis
1157 207 1314 240 expetendis
1324 206 1498 242 colendisque
1511 209 1626 234 maxime
1639 210 1728 235 excel-

935 242 974 269 lit.
1008 243 1078 275 Quid
1090 244 1161 269 enim
1174 243 1315 270 Africanus
1328 244 1452 279 indigens
1464 244 1534 270 mei'?
1546 246 1654 271 Minime
1667 246 1727 272 her-

934 280 987 306 cle!
1012 290 1041 306 ac
1062 289 1094 307 ne
1115 289 1163 316 ego
1183 281 1292 315 quidem
1311 281 1398 307 illius:
1426 282 1472 307 sed
1488 290 1537 317 ego
1552 282 1727 309 admiratione

935 317 1050 352 quadam
1066 319 1173 344 virtutis
1189 319 1259 347 eius,
1280 318 1323 344 ille
1340 320 1460 345 vicissim
1476 320 1601 353 opinione
1619 320 1728 346 tortasse

936 355 1162 389 nonnulla,quam
1173 355 1205 380 de
1218 357 1284 381 meis
1297 357 1417 382 moribus
1430 356 1552 387 habebat,
1564 366 1604 383 me
1616 357 1726 384 dilexit:

936 393 1010 418 auxit
1030 392 1244 418 benevolentiam
1269 393 1443 419 consuetudo.
1486 394 1537 420 Sed
1561 403 1727 430 quamquam

937 429 1063 456 utilitates
1076 429 1174 456 multae
1185 435 1210 456 et
1222 438 1332 465 magnae
1345 436 1501 457 consecutae
1512 437 1587 458 sunt.
1602 441 1653 458 non
1666 438 1728 458 sunt

936 472 1024 493 tamen
1036 467 1069 493 ab
1080 476 1172 493 earum
1184 476 1231 501 spe
1243 476 1352 493 caussae
1364 468 1496 503 diligendi
1513 468 1653 503 profectae.
1685 471 1726 495 31,

936 504 968 530 Ut
979 505 1050 530 enim
1062 504 1174 530 benefici
1188 504 1364 539 liberalesque
1376 514 1479 535 suiuus,
1490 515 1539 532 non
1549 511 1576 532 ut
1586 508 1728 541 exigamus

935 543 1061 576 gratiam,
1075 542 1171 576 (neque
1184 543 1255 567 enim
1269 542 1428 568 beneficium
1441 542 1604 570 feneramur,
1622 544 1668 569 sed
1681 553 1728 570 na-

937 584 993 605 tura
1005 580 1130 613 propensi
1143 579 1175 604 ad
1192 579 1376 605 liberalitatem
1391 582 1511 614 suuiusz)
1527 581 1565 606 sic
1582 582 1727 607 amicitiam

937 626 987 643 non
1000 625 1047 650 spe
1060 616 1191 642 mercedis
1203 616 1324 647 adducti,
1343 617 1388 642 sed
1405 617 1476 651 quod
1493 619 1580 644 omnis
1596 620 1655 644 eius
1672 618 1728 644 sru-

935 660 993 680 ctus
1010 654 1036 679 in
1052 654 1110 688 ipso
1121 662 1209 679 amore
1222 655 1302 684 inest,
1321 655 1496 688 expetendam
1510 661 1644 689 putamus.
1685 657 1726 681 32.

936 692 968 718 At
978 693 1005 721 ii,
1015 692 1062 725 qui
1074 691 1208 725 pecudum
1221 692 1272 717 ritu
1284 691 1316 717 ad
1328 691 1491 726 voluptatem
1503 694 1591 718 omnia
1600 692 1726 722 referunt,

937 729 1014 763 longe
1029 728 1206 754 dissentiunt:
1230 737 1278 754 nec
1297 730 1404 754 mirum.
1446 730 1518 755 Nihil
1540 731 1611 755 enini
1634 730 1726 759 altum,

936 766 1004 792 nibil
1017 766 1190 801 magnificum
1202 774 1231 791 ac
1246 766 1369 792 divinum
1386 768 1521 800 suspicere
1538 772 1661 801 possunt,
1680 767 1728 801 qui

936 812 998 829 suas
1014 812 1106 829 omnes
1117 804 1290 838 cogitationes
1301 804 1454 829 abiecerunt
1467 805 1492 829 in
1506 813 1559 829 rem
1573 809 1624 829 tam
1638 804 1728 830 liunii-

937 841 988 867 lem
1004 846 1111 875 tamque
1129 845 1317 874 contemptam.
1357 841 1536 873 Quamobrem
1553 841 1601 867 lios
1617 841 1727 875 quidem

936 878 969 904 ab
982 878 1031 904 hoc
1042 886 1164 904 sermone
1176 886 1375 904 removeamus:
1390 879 1441 912 ipsi
1450 883 1536 904 autc-ni
1546 878 1728 913 intelligamus

937 920 1028 942 natura
1041 916 1117 951 gigni
1128 924 1237 941 sensum
1250 915 1381 950 diligendi
1394 915 1625 941 etbenevolentiae
1633 916 1729 941 carita-

936 958 988 980 tem
1006 952 1072 979 sacta
1090 952 1284 987 significatione
1301 953 1451 987 probitatis:
1470 962 1550 987 quani
1566 954 1612 987 qui
1625 954 1729 987 appeti-

937 995 1041 1021 verunt,
1056 990 1191 1024 applicant
1202 998 1260 1015 sese
1271 996 1296 1016 et
1308 991 1418 1024 propius
1430 990 1584 1019 admovent,
1603 996 1629 1016 ut
1641 996 1665 1016 et
1678 999 1729 1016 usu

936 1029 1009 1059 eius,
1027 1036 1109 1063 quem
1126 1027 1239 1062 diligere
1255 1032 1412 1061 coeperunt,
1432 1027 1553 1053 fruantur
1569 1033 1592 1053 et
1609 1027 1729 1053 moribus

936 1066 1044 1100 sintque
1055 1073 1132 1100 pares
1144 1065 1170 1091 in
1183 1073 1271 1091 amore
1283 1070 1307 1090 et
1318 1064 1442 1099 aequales
1450 1065 1689 1099 propensioresque
1696 1064 1729 1090 ad

936 1103 1006 1129 bene
1015 1102 1183 1133 merendum,
1197 1111 1278 1137 quam
1291 1102 1323 1127 ad
1336 1102 1540 1137 reposcendum.
1569 1103 1654 1136 Atque
1667 1102 1730 1127 baec

936 1142 1005 1166 inter
1015 1149 1060 1166 eos
1072 1139 1100 1166 fit
1112 1139 1220 1166 honesta
1232 1139 1349 1166 certatio.
1384 1139 1428 1165 Sic
1443 1144 1467 1165 et
1479 1139 1606 1165 utilitates
1618 1148 1651 1164 ex
1663 1140 1731 1164 ami-

935 1179 997 1204 citia
1014 1178 1147 1203 maximae
1162 1177 1314 1211 capientur,
1332 1181 1357 1202 et
1371 1177 1421 1202 erit
1435 1178 1493 1202 eius
1511 1182 1585 1202 ortus
1601 1185 1613 1201 a
1627 1181 1728 1206 natura,

935 1224 1017 1250 quam
1029 1215 1062 1241 ab
1073 1214 1270 1244 imbecillitate,
1288 1219 1313 1240 et
1327 1215 1435 1249 gravior
1449 1218 1475 1240 et
1492 1214 1586 1239 verior.
1629 1214 1694 1239 Nam
1707 1214 1730 1239 si

936 1253 1038 1279 utilitas
1048 1252 1180 1278 amicitias
1194 1251 1500 1286 conglutinaret,eaden1
1507 1256 1667 1277 commutata
1674 1250 1731 1276 dis-

936 1290 1057 1316 solveret.
1098 1290 1150 1315 Sed
1162 1290 1226 1324 quia
1238 1294 1330 1315 natura
1343 1289 1440 1314 mutari
1451 1297 1502 1315 non
1514 1293 1611 1322 potest,
1631 1288 1730 1313 idcirco

937 1336 1014 1354 verae
1025 1327 1159 1353 amicitiae
1170 1327 1348 1361 sempiternae
1359 1330 1431 1352 sunt.
1447 1341 1483 1345 ——
1513 1328 1605 1351 Ortum
1618 1325 1729 1359 quidem

936 1365 1068 1391 amicitiae
1080 1364 1188 1395 videtis,
1198 1365 1250 1390 nisi
1261 1363 1327 1398 quid
1338 1363 1370 1389 ad
1384 1363 1447 1389 liaec
1456 1362 1520 1389 sorte
1529 1362 1620 1388 vultis.
1638 1362 1727 1388 FAss.

936 1403 975 1428 Tu
987 1411 1049 1428 vero
1061 1410 1150 1437 perge,
1160 1401 1244 1427 Laeli!
1262 1410 1308 1436 pro
1320 1401 1368 1427 hoc
1380 1401 1461 1431 enim,
1475 1401 1522 1435 qui
1535 1401 1622 1426 minor
1633 1404 1671 1425 est
1683 1407 1730 1425 na-

936 1445 973 1470 tu,
988 1448 1047 1466 meo
1059 1440 1116 1465 iure
1128 1438 1284 1473 respondeo.
1326 1440 1366 1464 33.
1392 1437 1500 1464 Sciit-:xz
1527 1438 1605 1463 Recte
1624 1442 1651 1463 tu
1667 1437 1730 1471 qui-

935 1477 1007 1504 dem.
1047 1476 1227 1509 Quamobrem
1240 1475 1392 1502 audiamus.

991 1552 1026 1578 X.
1050 1552 1139 1578 Lim.
1161 1550 1258 1577 Audite
1268 1558 1340 1585 ergO,
1356 1549 1450 1584 optimi
1464 1549 1524 1579 viri,
1538 1557 1577 1578 ea,
1591 1556 1660 1583 quae
1671 1555 1729 1573 sae-

936 1590 1047 1624 pissime
1060 1590 1128 1615 inter
1139 1597 1181 1614 me
1192 1593 1217 1614 et
1229 1588 1382 1622 Scipionem
1395 1585 1730 1612 deamicitiadissereban—

936 1632 990 1653 tur:
1011 1634 1177 1662 quamquam
1194 1625 1239 1651 ille
1255 1624 1365 1660 quidem
1382 1624 1450 1650 niliil
1466 1623 1607 1649 (listicilius
1618 1630 1676 1648 esse
1687 1622 1730 1648 di-

934 1664 1019 1695 cebat,
1033 1672 1114 1699 quani
1126 1663 1271 1689 amicitiam
1284 1670 1370 1696 usque
1382 1661 1414 1687 ad
1426 1666 1576 1687 extremum
1589 1661 1658 1686 vitae
1670 1668 1730 1694 per-

936 1710 1053 1728 manere.
1093 1702 1159 1727 Nam
1172 1700 1227 1731 vel,
1247 1705 1337 1726 utnon
1354 1698 1424 1725 idem
1441 1698 1592 1732 expediret,
1611 1696 1729 1723 incidere

935 1748 1027 1774 saepe;
1046 1738 1098 1769 vel,
1115 1743 1144 1764 ut
1157 1737 1190 1763 de
1202 1736 1339 1771 republica
1352 1745 1402 1762 non
1416 1735 1486 1762 idem
1502 1735 1644 1761 sentirent:
1669 1742 1729 1759 mu-

935 1777 984 1803 tari
995 1777 1074 1803 etiam
1087 1784 1174 1802 mores
1187 1774 1326 1800 homiuum
1339 1782 1418 1808 saepe
1429 1772 1543 1801 dicebat,
1556 1772 1622 1798 alias
1633 1771 1729 1796 adver-

935 1815 973 1840 sis
988 1813 1083 1843 rebus,
1104 1812 1169 1839 alias
1186 1817 1268 1838 aetate
1284 1812 1495 1845 ingravescente.
1537 1811 1621 1844 Atque
1637 1817 1728 1834 earum

935 1860 1024 1877 rerum
1045 1849 1200 1885 exemplum
1223 1858 1255 1875 ex
1276 1848 1455 1874 similitudino
1473 1847 1595 1881 capiebat
1612 1846 1729 1872 ineuntis

935 1889 1036 1918 aetatis,
1045 1888 1116 1923 quod
1129 1887 1229 1913 summi
1242 1894 1386 1921 puerorum
1398 1894 1501 1911 amores
1512 1892 1591 1918 saepe
1605 1892 1654 1909 una
1666 1891 1729 1908 cum

935 1930 1069 1961 praetexta
1086 1929 1260 1960 ponerentur,
1294 1925 1335 1950 34.
1357 1924 1399 1949 sin
1420 1927 1508 1949 nutem
1523 1921 1556 1947 ad
1574 1920 1729 1947 adolescen-

935 1964 998 1990 tiam
1011 1961 1404 1998 perduxissent,dirin1itamen
1418 1959 1550 1986 interdum
1561 1958 1728 1984 contentione

935 2000 976 2027 vel
993 2001 1102 2027 uxoriae
1117 1999 1279 2025 conditionis
1295 1998 1336 2024 vel
1352 1997 1486 2024 commodi
1505 1996 1635 2025 alicuius,
1657 1994 1728 2029 quod

935 2037 1006 2064 idem
1023 2037 1138 2072 adipisci
1154 2042 1266 2071 uterque
1282 2044 1333 2062 non
1350 2039 1449 2070 posset.
1489 2033 1566 2065 Quod
1578 2033 1658 2067 siqui
1673 2032 1729 2057 lon-

933 2075 996 2109 gius
1009 2075 1034 2100 in
1047 2074 1164 2100 amicitia
1179 2073 1298 2108 provecti
1309 2077 1411 2100 essent.
1430 2077 1516 2098 tamen
1532 2079 1612 2104 saepe
1629 2069 1728 2095 labefa-

933 2112 1012 2142 ctari,
1026 2112 1048 2137 si
1061 2112 1087 2137 in
1101 2111 1209 2137 lionoris
1221 2111 1416 2136 contentionem
1430 2108 1601 2135 incidissent:
1626 2111 1727 2141 pestem

933 2149 1004 2175 enim
1017 2149 1144 2174 maiorem
1156 2155 1215 2173 esse
1227 2147 1328 2173 nullam
1341 2147 1367 2173 in
1379 2147 1520 2174 amicitiis,
1539 2153 1619 2180 quum
1633 2145 1658 2169 in
1671 2142 1727 2177 ple-

933 2187 1025 2220 risque
1041 2187 1170 2220 pecuniae
1185 2184 1374 2218 cupiditatem,
1398 2184 1424 2209 in
1442 2183 1551 2217 optimis
1572 2181 1727 2221 quibusque

934 2223 1042 2249 lionoris
1055 2227 1188 2248 certamen
1199 2227 1223 2247 ct
1235 2220 1347 2255 glorian:
1362 2229 1394 2246 ex
1407 2229 1460 2255 quo
1473 2220 1628 2245 inimicitias
1641 2225 1727 2242 ninxi—

933 2269 990 2286 nias
1005 2268 1085 2294 saepe
1102 2260 1170 2285 inter
1188 2259 1367 2284 amicissimos
1382 2258 1528 2283 exstitisse.
1569 2258 1609 2281 353.
1633 2255 1726 2287 Magna

932 2298 1003 2323 enim
1016 2296 1129 2323 dissidia
1141 2301 1166 2322 et
1179 2295 1338 2330 plerumque
1351 2296 1419 2320 iusta
1432 2295 1514 2323 nasci,
1523 2302 1607 2328 quuni
1622 2290 1725 2326 aliquid

933 2335 966 2360 ab
982 2335 1091 2364 amicis,
1111 2333 1183 2369 quod
1201 2338 1301 2359 rectum
1319 2341 1369 2357 non
1386 2337 1469 2360 esset,
1488 2330 1679 2365 'minian-nir,
1698 2333 1725 2354 ut

931 2377 976 2398 aut
997 2371 1120 2397 libidinis
1141 2370 1257 2396 ministri
1279 2374 1324 2395 aut
1345 2369 1479 2395 adiutores
1499 2372 1588 2393 essent
1603 2366 1635 2392 ml
1654 2366 1725 2391 iniu-

932 2410 1008 2435 riam.
1049 2408 1125 2440 Quod
1136 2408 1183 2442 qui
1195 2411 1360 2436 recusarent,
1378 2406 1504 2440 quamvis
1520 2405 1628 2430 honeste
1646 2402 1670 2428 id
1687 2402 1726 2428 sn—

931 2450 1034 2476 cerent,
1052 2447 1094 2471 ius
1110 2450 1197 2472 tamen
1215 2445 1348 2470 amicitiae
1363 2443 1486 2468 deserere
1501 2446 1676 2476 arguerentur
1691 2439 1725 2465 nli

931 2484 979 2513 iis.
992 2482 1094 2518 quibus
1105 2483 1218 2516 obsequi
1232 2481 1344 2508 nollent:
1368 2480 1427 2506 illos
1439 2485 1541 2507 autem.
1555 2479 1602 2513 qui
1613 2476 1724 2512 quidvis

930 2520 1060 2546 abumico
1071 2520 1199 2546 auderent
1211 2518 1358 2553 {mstulnrtn
1377 2517 1553 2552 'mstulatione
1571 2517 1626 2550 ipsa
1644 2514 1723 2549 pmii-

930 2558 992 2587 teri,
1014 2558 1104 2583 omnin
1124 2566 1153 2583 so
1174 2557 1253 2582 amici
1274 2564 1368 2581 caussa
1383 2563 1442 2580 esse
1460 2553 1584 2579 sncinms.
1626 2552 1724 2578 Eorum

929 2595 1038 2629 quercla
1055 2595 1215 2621 inveteratas
1227 2602 1278 2619 non
1291 2592 1368 2618 modo
1380 2591 1575 2618 familiaritates
1586 2589 1724 2622 exstingui

929 2632 1028 2663 solere,
1050 2631 1097 2657 sed
1119 2632 1198 2657 etiam
1219 2630 1279 2656 odia
1295 2630 1370 2665 gigni
1389 2629 1563 2663 sempiterna.
1605 2627 1672 2653 llaec
1690 2627 1724 2651 ii·

929 2669 1022 2699 multa.
1035 2670 1113 2706 quasi
1126 2668 1186 2698 satu,
1204 2667 1358 2703 impendere
1369 2667 1505 2696 amicitiis,
1519 2669 1547 2692 ut
1557 2666 1646 2691 onmia
1658 2663 1724 2690 sub-
