1941 3052
458 144 505 170 IN
537 143 737 170 VERREM
769 143 869 170 ACT.
891 144 924 170 ΙΙ.

91 213 180 240 omnia
195 217 220 240 et
233 213 358 248 privatim
373 218 398 240 et
411 213 519 248 publice
532 213 653 249 spoliarit
666 219 842 250 versatusque
852 214 887 240 sit

91 251 150 277 sine
165 250 219 277 ulla
234 260 286 278 non
300 251 379 278 modo
396 251 536 287 religione.
556 261 650 278 verum
665 252 743 278 etiam
757 252 887 278 dissimu-

93 287 190 315 latione
203 288 231 314 in
245 289 319 315 omni
332 297 429 324 genere
443 289 550 315 furandi
563 294 643 324 atque
656 289 811 324 praedandi.
835 288 886 315 Sed

92 325 224 361 quaedam
243 326 311 352 mihi
329 326 469 362 magnifica
488 331 513 352 et
530 326 663 361 praeclara
685 327 744 352 eius
766 325 887 352 defensio

92 362 256 396 ostenditur;
271 364 316 390 cui
329 363 558 398 quemadmodum
572 364 704 395 resistam.
721 363 806 390 multo
820 363 885 389 mibi

92 405 161 431 aute,
177 400 290 432 iudices,
306 405 347 427 est
361 401 566 435 providendum.
588 402 625 427 Ita
639 401 711 427 enim
721 409 815 427 caussa
824 409 887 427 con-

92 437 225 469 stituitur,
246 438 412 473 provinciam
427 438 546 464 Siciliam
564 438 663 465 virtute
681 438 761 464 istius
779 442 805 464 et
818 438 888 473 vigi-

93 474 175 502 lantia
188 475 332 511 singulari,
353 475 444 502 dubiis
462 475 696 510 formidolosisque
710 475 885 510 temporibus,

92 521 107 539 a
125 511 249 548 fugitivis
267 517 346 547 atque
364 521 378 539 a
396 512 461 539 belli
479 512 606 547 periculis
626 516 709 539 tutam
723 521 782 538 esse
796 520 888 538 serva-

91 553 157 577 tam.
195 551 220 577 2.
235 549 306 582 Quid
320 559 405 586 agam,
421 549 543 576 iudices‘?
555 558 609 585 quo
622 549 799 576 accusationis
813 557 888 575 meae

91 587 221 614 rationem
234 587 386 614 conferam?
406 596 460 623 quo
474 596 517 614 me
530 586 649 614 vertam?
662 586 695 613 ad
708 595 801 613 omnes
815 587 887 612 enim

91 633 166 651 meos
184 625 302 660 impetus
320 625 399 660 quasi
417 633 511 651 murus
525 624 635 659 quidam
649 623 711 650 boni
726 632 821 650 nomen
836 624 887 650 im-

91 662 221 697 peratoris
234 663 386 697 opponitur.
408 662 475 688 Novi
488 662 589 688 locum:
606 661 692 693 video,
708 661 756 687 ubi
767 669 796 687 se
807 661 887 687 iacta-

91 703 170 726 turus
184 700 220 726 sit
232 700 403 726 Hortensius:
426 698 491 725 belli
509 697 639 733 pericula,
660 702 777 733 tempora
796 698 887 733 reipu-

91 736 191 768 blicae,
211 737 400 772 imperatorum
418 736 559 771 penuriam
573 735 804 762 commemorabit:
829 740 885 762 tum

91 774 278 809 deprecabitur
290 783 304 800 a
319 773 404 804 vobis,
421 778 478 800 tum
492 774 571 800 etiam
586 781 633 808 pro
647 781 697 799 suo
710 773 768 799 iure
778 777 887 799 conten—

91 811 149 842 det,
170 820 203 838 ne
220 811 358 846 patiamini
377 810 455 837 talem
473 811 659 845 imperatorem
677 810 777 845 populo
791 811 887 837 Roma-

92 858 127 876 no
140 848 292 875 Siculorum
310 848 471 874 testimoniis
489 848 570 883 eripi,
591 856 658 874 neve
676 848 760 874 obteri
779 847 885 874 laudem

90 886 288 921 imperatoriam
310 885 470 912 criminibus
493 885 618 912 avaritiae
641 884 740 912 velitis.
781 887 805 912 3.
828 886 885 911 Non

90 931 202 958 possum
220 922 405 954 dissimulare,
431 922 548 949 iudices:
577 922 670 954 timeo,
695 931 729 949 ne
746 922 775 949 C.
791 923 885 949 Verres

90 965 199 996 propter
212 960 280 987 hanc
293 961 419 987 virtutem
433 960 559 987 eximiam
573 960 601 986 in
617 968 644 986 re
659 960 767 986 militari
785 961 883 991 omnia,

90 1006 161 1034 quae
174 997 244 1029 fecit,
261 998 372 1032 impune
386 997 487 1024 fecerit.
508 997 587 1024 Venit
600 997 672 1024 enim
686 998 753 1024 mihi
768 998 795 1024 in
809 1007 886 1024 men-

89 1040 157 1067 tem,
181 1036 209 1062 in
232 1035 332 1062 iudicio
353 1035 397 1061 Μ’.
420 1035 533 1070 Aquillii
554 1039 686 1070 quantum
710 1036 882 1066 auctoritatis,

89 1077 221 1109 quantum
239 1072 367 1099 momenti
381 1073 463 1099 oratio
476 1073 512 1099 M.
526 1072 635 1099 Antonii
649 1073 776 1099 habuisse
791 1073 885 1099 existi-

89 1115 159 1137 mata
173 1111 222 1136 sit:
241 1110 302 1145 qui,
318 1114 348 1137 ut
361 1114 416 1136 erat
429 1110 457 1136 in
471 1109 584 1136 dicendo
597 1119 649 1136 non
663 1109 751 1136 solum
766 1111 882 1145 sapiens,

89 1147 138 1174 sed
151 1148 230 1174 etiam
245 1147 333 1179 fortis,
348 1156 442 1174 caussa
457 1156 538 1182 prope
552 1152 684 1182 perorata,
701 1148 759 1182 ipse
772 1148 885 1182 arripuit

88 1185 133 1213 Μ’.
156 1184 306 1220 Aquillium
329 1185 520 1220 constituitque
542 1185 570 1211 in
593 1189 738 1220 conspectu
761 1185 883 1212 omnium

88 1223 262 1258 tunicamque
275 1223 334 1249 eius
348 1231 362 1249 a
376 1227 480 1257 pectore
498 1222 624 1253 abscidit,
645 1227 674 1249 ut
687 1223 822 1249 cicatrices
836 1231 884 1258 po-

89 1259 172 1296 pulus
190 1260 326 1286 Romanus
344 1260 502 1295 iudicesque
520 1260 670 1294 aspicerent
692 1259 804 1287 adverso
825 1268 884 1287 cor-

89 1305 153 1333 pore
166 1301 303 1332 exceptas:
328 1297 410 1324 simul
425 1301 450 1324 et
463 1297 496 1323 de
510 1296 556 1324 illo
569 1297 694 1329 vulnere,
710 1297 783 1333 quod
797 1297 842 1324 ille
856 1298 883 1324 in

88 1335 175 1370 eapite
189 1335 222 1361 ab
237 1334 355 1361 hostium
369 1335 437 1361 duce
450 1338 594 1369 acceperat,
611 1334 695 1361 multa
705 1334 782 1367 dixit,
799 1343 883 1370 eoque

89 1372 202 1399 adduxit
215 1380 272 1403 eos,
288 1372 336 1407 qui
350 1376 424 1398 erant
437 1371 593 1403 iudicaturi,
610 1371 781 1399 vehementer
795 1376 824 1399 ut
838 1381 884 1399 ve-

88 1413 222 1441 rerentur,
244 1418 289 1440 ne.
309 1417 391 1444 quem
410 1409 499 1436 virum
517 1409 621 1436 fortuna
639 1417 673 1436 ex
691 1409 808 1436 hostium
823 1409 883 1436 telis

88 1447 244 1482 eripuisset,
264 1455 350 1482 quum
368 1446 422 1473 sibi
440 1447 498 1481 ipse
512 1455 564 1473 non
578 1447 752 1481 pepercisset,
774 1447 817 1474 hic
831 1455 883 1474 non

88 1484 121 1511 ad
136 1483 229 1519 populi
241 1484 352 1510 Romani
366 1483 481 1515 laudem,
497 1483 546 1510 sed
560 1484 593 1510 ad
606 1483 727 1510 iudicum
741 1484 884 1511 crudelita—

89 1526 141 1548 tem
156 1521 292 1548 videretur
305 1530 364 1548 esse
377 1525 509 1548 servatus.
543 1522 567 1548 t.
582 1521 682 1548 Eadem
697 1530 768 1548 nunc
782 1522 814 1548 ab
829 1522 883 1548 illis

88 1558 254 1586 defensionis
276 1559 342 1585 ratio
365 1559 462 1594 viaque
485 1563 613 1585 tentatur:
641 1559 712 1585 idem
734 1560 881 1594 quaeritur.

88 1596 129 1623 Sit
143 1596 198 1627 fur,
215 1596 249 1622 sit
264 1596 424 1632 sacrilegus,
445 1596 481 1622 sit
494 1595 654 1632 flagitiorum
667 1597 789 1623 omnium
805 1598 884 1623 vitio-

87 1642 203 1669 rumque
216 1633 355 1668 princeps:
375 1638 401 1660 at
414 1637 454 1660 est
469 1633 555 1660 bonus
569 1634 724 1668 imperator,
741 1639 766 1660 at
780 1634 845 1661 felix
858 1639 884 1660 et

87 1670 120 1698 ad
134 1670 216 1697 dubia
231 1670 393 1706 reipublicae
408 1675 526 1706 tempora
539 1671 727 1698 reservandus.
768 1672 799 1698 ll.
825 1672 882 1698 Non

87 1717 163 1744 agam
174 1717 281 1735 summo
292 1708 350 1735 iure
360 1712 463 1735 tecum:
479 1717 531 1734 non
541 1708 628 1735 dicam
639 1708 675 1740 id,
688 1709 760 1744 quod
771 1709 881 1735 debeam

87 1745 196 1772 forsitan
211 1745 343 1772 obtinere:
359 1754 445 1781 quum
459 1745 590 1773 iudicium
604 1751 674 1772 certa
689 1746 746 1782 lege
760 1748 795 1773 sit
810 1745 883 1783 [con-

86 1781 232 1819 stitutum],
249 1791 300 1810 non
314 1783 381 1818 quid
394 1783 422 1810 in
436 1791 464 1810 re
475 1783 582 1810 militari
594 1783 695 1810 sortiter
705 1783 807 1816 feceris,
824 1785 880 1816 scd,

86 1820 313 1856 quemadmodum
332 1829 428 1847 manus
446 1820 479 1847 ab
497 1820 591 1847 alienis
610 1822 732 1856 pecuniis
746 1822 883 1849 abstinue—

87 1858 136 1889 ris,
153 1858 201 1884 abs
215 1862 239 1884 te
253 1857 340 1884 doceri
354 1862 486 1893 oportere:
513 1867 579 1891 non,
600 1859 724 1893 inquam.
740 1860 779 1886 sic
793 1869 880 1895 agam,

86 1894 134 1922 sed
152 1895 187 1922 ita
204 1903 344 1930 quaeram,
372 1895 600 1930 quemadmodum
622 1901 646 1923 te
664 1895 733 1923 velle
751 1897 879 1935 intelligo,

86 1940 156 1968 quae
169 1936 214 1960 tua
227 1941 306 1968 opera
320 1937 346 1959 et
359 1937 459 1968 quanta
473 1932 553 1960 fuerit
566 1933 593 1960 in
608 1933 688 1961 bello.

143 2008 168 2033 5.
191 2005 262 2039 Quid
275 2006 366 2033 dices?
379 2015 412 2033 an
426 2006 497 2034 bello
509 2007 684 2044 fugitivorum
696 2008 815 2035 Siciliam
829 2009 883 2036 vir—

86 2047 142 2070 tute
156 2047 201 2070 tua
216 2043 371 2070 liberatam?
383 2044 478 2080 Magna
493 2044 550 2071 laus
564 2050 590 2072 et
604 2046 713 2073 honesta
724 2047 819 2073 oratio:
835 2047 881 2073 sed

87 2085 174 2107 tamen
192 2089 247 2116 quo
264 2080 353 2108 bello?
378 2081 431 2108 Nos
450 2082 521 2108 enim
540 2087 600 2117 post
621 2083 648 2109 i‹l
670 2083 785 2114 bellurn.
809 2084 881 2119 quod

86 2118 129 2145 Μ’.
145 2118 282 2153 Aquillius
296 2117 422 2150 confecit,
437 2119 476 2145 sic
490 2120 656 2155 accepimus,
677 2120 782 2147 nullum
797 2122 824 2147 in
840 2121 882 2147 Si-

85 2155 146 2182 cilia
166 2155 341 2192 fugitivorum
360 2155 462 2182 bellum
483 2155 577 2183 fuisse.
617 2158 650 2184 At
672 2159 700 2184 in
723 2158 795 2185 ltalia
820 2158 880 2186 fuit.

86 2192 186 2224 Fateor,
203 2197 227 2219 et
242 2201 369 2228 magnum
383 2193 493 2228 quidem
509 2202 539 2220 ac
550 2194 704 2222 vehemens.
745 2196 815 2222 Num
830 2197 882 2232 igi-

85 2234 128 2256 tur
141 2238 175 2257 cx
189 2238 219 2257 eo
233 2230 304 2257 bello
318 2235 418 2265 partem
433 2230 549 2266 aliquam
566 2231 652 2259 laudis
666 2238 789 2268 appetere
803 2242 882 2260 cona-

86 2266 142 2294 ris‘?
165 2276 229 2294 num
245 2268 293 2294 tibi
307 2267 382 2294 illius
397 2268 520 2295 victoriae
534 2268 644 2305 gloriam
659 2279 720 2297 cum
736 2271 771 2297 M.
787 2271 882 2298 Crasso

85 2308 131 2331 aut
144 2304 192 2332 Cn.
207 2305 333 2340 Pompeio
347 2306 595 2332 communicandam
614 2307 709 2342 putas‘?
734 2309 791 2335 Non
810 2309 882 2336 arbi-

86 2345 139 2368 tror
152 2341 201 2369 lioc
215 2343 294 2369 etiam
309 2342 402 2369 deesse
413 2347 472 2369 tuae
484 2343 674 2378 impudentiae,
692 2349 721 2371 ut
731 2346 880 2381 quidquam

85 2379 217 2406 eiusmodi
236 2380 324 2406 dicere
342 2380 450 2406 audeas.
491 2380 624 2407 Obstitisti
644 2382 781 2414 videlicet,
802 2392 834 2410 nc
848 2393 881 2410 ex

85 2415 158 2442 ltalia
172 2418 283 2443 transire
297 2417 324 2443 in
336 2417 454 2444 Siciliam
467 2417 640 2453 fugitivorum
655 2420 746 2454 copiae
761 2425 878 2455 possent.

85 2452 154 2491 UbQ?
176 2454 301 2489 quando?
322 2463 375 2489 qua
389 2463 422 2481 ex
436 2456 527 2490 parte?
549 2464 634 2490 quum
649 2461 693 2482 aut
708 2458 822 2484 navibus
837 2463 881 2484 aut

86 2490 186 2517 ratibus
200 2496 358 2518 conarentur
371 2492 512 2519 accedere?
526 2493 579 2520 Nos
589 2494 660 2519 enim
672 2494 738 2520 nihil
751 2503 879 2530 nmquam

85 2534 194 2562 prorsus
212 2528 381 2556 audivimus:
409 2534 435 2556 ct
452 2529 520 2556 illud
538 2530 706 2562 audivimus,
730 2532 764 2558 M.
780 2532 877 2563 Crassi,

87 2563 224 2592 tortissimi
238 2566 298 2597 viri,
312 2567 412 2593 virtute
426 2567 591 2602 consilioque
606 2567 714 2599 sactum,
731 2578 763 2595 ne
777 2570 880 2596 ratibus

84 2602 233 2629 coniunctis
252 2603 319 2630 freto
337 2603 444 2639 fugitivi
463 2604 496 2631 ad
514 2605 663 2632 Messanam
683 2607 794 2633 transire
818 2615 880 2642 pos-

85 2643 156 2672 sent;
184 2648 199 2666 a
215 2648 270 2676 quo
288 2640 326 2667 illi
344 2645 440 2668 conatu
459 2650 510 2668 non
530 2646 601 2669 tanto
618 2651 696 2678 opere
720 2643 879 2678 prohibendi

85 2674 208 2708 fuissent,
224 2678 247 2704 si
260 2677 314 2705 ulla
329 2678 356 2705 in
367 2678 457 2705 Sicilia
471 2679 602 2714 praesidia
618 2680 650 2706 ad
662 2680 768 2708 illorum
780 2681 880 2708 adven—

958 143 1098 169 LIB.V.
1132 143 1370 170 CAP.⁴—5.
1681 148 1729 173 329

938 219 996 240 turn
1010 214 1130 249 opposita
1144 218 1310 249 putarentur.
1323 229 1359 234 —
1378 216 1403 241 6.
1418 214 1452 241 At
1464 223 1550 250 quum
1564 221 1633 242 esset
1645 216 1670 242 in
1680 217 1732 242 Ita-

939 251 973 277 lia
992 251 1093 277 bellum
1112 256 1164 277 tam
1183 259 1264 286 prope
1282 260 1295 278 a
1309 251 1411 283 Sicilia,
1432 256 1519 278 tamen
1534 253 1560 279 in
1575 252 1664 279 Sicilia
1679 262 1731 280 non

938 288 998 315 fuit.
1022 303 1060 308 ·—
1080 288 1151 320 Quid
1169 288 1287 315 mirum?
1312 297 1344 315 ne
1363 298 1447 324 quum
1466 290 1493 316 in
1513 289 1602 316 Sicilia
1621 290 1731 325 quidem

938 325 1001 357 fuit,
1021 325 1114 352 eodem
1132 326 1273 352 intervallo
1290 334 1351 361 pars
1365 327 1423 352 eius
1438 326 1502 353 belli
1516 327 1543 353 in
1557 327 1658 353 ltaliam
1677 327 1732 354 ulla

938 363 1064 397 pervasit.
1090 363 1132 389 111.
1148 363 1252 389 Etenim
1267 364 1453 399 propinquitas
1468 363 1583 390 locorum
1599 364 1631 390 ad
1646 370 1732 391 utram

938 405 1039 435 partem
1054 400 1104 426 hoc
1119 400 1175 426 loco
1188 400 1338 435 profertur?
1351 406 1440 427 utrum
1455 401 1556 428 aditum
1569 401 1672 428 facilem
1685 402 1734 429 ho-

938 437 1039 468 stibus,
1066 446 1098 463 an
1117 438 1300 473 contagionem
1323 438 1445 465 imitandi
1469 438 1532 465 belli
1555 439 1732 474 periculosam

939 474 1041 500 fuisse?
1067 475 1163 501 Aditus
1181 476 1268 501 omnis
1286 475 1441 502 hominibus
1460 476 1517 502 sine
1535 476 1590 502 ulla
1609 475 1733 503 facultate

939 512 1049 538 navium
1064 521 1114 538 non
1130 512 1209 538 modo
1222 512 1382 544 disiunctus.
1399 513 1446 540 sed
1458 514 1535 540 etiam
1547 513 1656 540 clausus
1666 514 1731 540 fuit:

939 553 968 575 ut
981 549 1045 581 illis,
1061 550 1162 584 quibus
1176 549 1294 576 Siciliam
1309 551 1487 585 propinquam
1503 551 1586 577 fuisse
1600 551 1676 582 dicis,
1694 550 1733 578 fa-

938 585 1017 612 cilius
1032 586 1111 612 fuerit
1125 586 1157 612 ad
1171 595 1299 613 oceanum
1313 589 1464 622 pervenire.
1487 597 1568 623 quam
1587 588 1619 614 ad
1634 588 1733 615 Pelori-

937 623 999 649 dem
1013 623 1146 649 accedere.
1186 624 1211 650 7.
1234 624 1360 660 Contagio
1374 629 1462 651 autem
1478 625 1526 651 ista
1545 625 1650 652 servilis
1668 625 1732 652 belli

937 669 985 686 cur
998 661 1046 686 abs
1061 665 1084 686 te
1098 661 1200 696 potius,
1221 670 1302 696 quam
1316 662 1349 687 ab
1363 663 1396 688 iis
1410 663 1549 694 omnibus,
1572 664 1619 698 qui
1633 668 1732 689 ceteras

937 698 1087 732 provincias
1101 698 1286 729 obtinuerunt,
1308 699 1491 733 praedicatur?
1516 710 1548 726 an
1562 700 1634 735 quod
1649 701 1676 726 in
1690 700 1733 726 Si-

937 735 997 761 cilia
1011 735 1063 761 iam
1078 740 1137 761 ante
1151 735 1219 761 bella
1235 735 1410 771 fugitivorum
1426 736 1551 763 fuerunt‘?
1576 738 1608 764 At
1627 746 1655 764 ea
1673 738 1732 772 ipsa

937 781 1030 798 caussa
1045 777 1097 804 est,
1121 781 1169 799 cur
1186 774 1236 799 ista
1250 774 1386 808 provincia
1401 774 1512 800 minimo
1525 775 1552 800 in
1567 775 1685 809 periculo
1698 776 1733 801 sit

937 813 963 835 et
981 809 1070 836 fuerit.
1110 810 1177 836 Nam
1196 815 1369 845 posteaquam
1388 811 1462 837 illinc
1477 812 1519 838 Μ’.
1536 811 1672 846 Aquillius
1686 812 1733 838 de-

937 847 1030 878 cessit,
1047 847 1168 873 omnium
1182 848 1303 874 instituta
1317 853 1396 884 atque
1410 848 1495 875 edicta
1510 854 1658 884 praetorum
1674 849 1733 875 fue-

938 889 999 911 runt
1013 884 1154 916 eiusmodi,
1171 890 1200 911 ut
1214 894 1246 911 ne
1260 886 1321 920 quis
1335 895 1397 912 cum
1412 886 1463 912 telo
1476 895 1570 912 servus
1581 891 1659 913 esset.
1682 887 1730 913 Ve-

937 926 981 948 tus
999 926 1038 948 est
1055 921 1127 957 quod
1146 922 1246 954 dicam,
1267 928 1292 949 et
1310 928 1417 958 propter
1434 924 1600 950 severitatem
1616 924 1732 958 exempli

937 960 1038 985 nemini
1061 959 1172 985 fortasse
1196 965 1315 986 vestrum
1338 961 1504 987 inauditum:
1533 962 1562 988 L.
1586 962 1731 988 Domitium

936 1001 1084 1031 praetorem
1098 997 1125 1023 in
1140 997 1243 1029 Sicilia,
1260 1007 1345 1033 quum
1360 1007 1423 1033 aper
1436 999 1531 1034 ingens
1545 999 1576 1025 ad
1592 1008 1652 1025 eum
1668 998 1733 1024 alla-

937 1038 980 1060 tus
994 1039 1071 1065 esset,
1088 1034 1248 1061 admiratum
1263 1036 1417 1071 requisisse,
1433 1037 1495 1071 quis
1510 1045 1571 1062 eum
1583 1036 1733 1071 percussis-

936 1076 983 1098 set.
1022 1071 1112 1104 Quum
1127 1072 1246 1099 audisset
1259 1078 1390 1107 pastorem
1405 1073 1545 1100 cuiusdam
1561 1073 1652 1105 fuisse,
1670 1082 1732 1100 eum

936 1109 968 1135 ad
979 1118 1007 1135 se
1018 1110 1105 1136 vocari
1116 1110 1243 1137 iussisse:
1259 1111 1337 1137 illum
1347 1111 1444 1146 cupide
1454 1111 1486 1137 ad
1497 1116 1643 1146 praetorem
1654 1110 1732 1146 quasi

936 1146 969 1173 ad
983 1146 1090 1173 laudem
1104 1151 1129 1173 et
1144 1147 1177 1173 ad
1191 1149 1339 1182 praemium
1354 1149 1514 1175 accurrisse:
1530 1150 1668 1184 quaesisse
1682 1149 1733 1175 Do—

936 1184 1056 1216 mitium,
1076 1185 1123 1220 qui
1138 1189 1236 1211 tantam
1251 1185 1363 1212 bestiam
1379 1187 1569 1221 percussisset.-
1598 1186 1675 1213 illum
1690 1195 1732 1212 re-

936 1222 1090 1256 spondisse,
1111 1222 1254 1249 venabulo.
1296 1223 1390 1250 Statim
1405 1223 1500 1250 deinde
1514 1225 1590 1250 iussu
1605 1224 1731 1259 praetoris

935 1259 962 1285 in
981 1268 1086 1286 crucem
1105 1268 1163 1286 esse
1181 1260 1329 1287 sublatum.
1370 1261 1471 1287 Durum
1495 1262 1543 1288 hoc
1563 1261 1672 1288 fortasse
1691 1262 1732 1287 vi-

935 1296 1041 1323 deatur:
1058 1306 1145 1332 neque
1159 1305 1208 1333 ego
1222 1297 1305 1324 ullam
1319 1299 1346 1325 in
1361 1303 1462 1334 partem
1477 1299 1594 1334 disputo.
1617 1299 1730 1325 Tantum

934 1334 1056 1370 intelligo
1071 1334 1198 1361 maluisse
1212 1336 1357 1362 Domitium
1371 1336 1506 1363 crudelem
1522 1337 1548 1363 in
1563 1336 1732 1362 animadver-

935 1371 1027 1403 tendo,
1054 1380 1135 1407 quam
1154 1372 1180 1398 in
1200 1374 1432 1407 praetermittendo
1450 1374 1610 1400 dissolutum
1635 1374 1730 1400 videri.

935 1409 977 1435 lv.
994 1411 1018 1435 8.
1034 1409 1104 1445 Ergo
1118 1409 1160 1435 his
1174 1410 1304 1436 institutis
1319 1412 1479 1445 provinciae,
1497 1412 1547 1438 iam
1564 1416 1628 1442 tum,
1645 1420 1731 1446 quum

935 1445 1006 1473 hello
1020 1446 1195 1482 fugitivorum
1210 1452 1262 1474 tota
1277 1448 1350 1474 Italia
1364 1448 1479 1480 arderet,
1501 1449 1579 1475 homo
1593 1458 1644 1475 non
1659 1458 1731 1475 acer-

935 1484 1020 1510 rimus
1035 1493 1082 1510 nec
1097 1484 1272 1516 fortissimus,
1293 1485 1322 1511 C.
1338 1486 1490 1516 Norbanus,
1514 1487 1540 1512 in
1559 1495 1666 1512 summo
1679 1487 1732 1512 otio

935 1520 995 1547 fuit.
1036 1521 1163 1548 Perfacile
1181 1523 1252 1548 enim
1271 1531 1329 1548 sese
1344 1523 1434 1549 Sicilia
1451 1524 1587 1554 tuebatur,
1608 1532 1640 1550 ne
1658 1523 1730 1558 quod

934 1559 962 1584 in
977 1559 1034 1593 ipsa
1050 1559 1151 1585 bellum
1166 1564 1256 1594 posset
1269 1561 1406 1587 exsistere.
1447 1561 1551 1587 Etenim
1562 1570 1648 1596 quum
1663 1560 1729 1587 nihil

935 1600 987 1622 tam
1006 1597 1178 1623 coniunctum
1197 1598 1244 1628 sit,
1272 1606 1353 1632 quam
1377 1599 1550 1633 negotiatores
1569 1599 1650 1625 nostri
1669 1607 1730 1624 cum

935 1633 1034 1659 Siculis
1048 1642 1109 1665 usu,
1126 1642 1162 1665 re,
1179 1635 1287 1665 ratione,
1303 1635 1454 1667 concordia;
1483 1641 1507 1662 et
1522 1645 1606 1671 quum
1623 1637 1673 1670 ipsi
1689 1636 1732 1662 Si-

934 1671 988 1697 culi
1008 1679 1048 1697 res
1066 1680 1129 1697 suas
1148 1672 1182 1697 ita
1200 1673 1358 1698 constitutas
1377 1673 1503 1704 habeant,
1530 1678 1557 1699 ut
1577 1674 1619 1699 his
1638 1682 1730 1708 paceni

935 1708 1059 1743 expediat
1077 1717 1149 1740 esse,
1178 1709 1322 1744 imperium
1344 1715 1432 1736 autem
1452 1710 1544 1745 populi
1564 1712 1673 1737 Romani
1692 1711 1731 1737 sic

934 1745 1056 1782 diligant,
1070 1751 1099 1772 ut
1110 1746 1136 1772 id
1148 1746 1273 1773 imminui
1285 1752 1330 1774 aut
1341 1749 1498 1774 commutari
1510 1749 1620 1775 minime
1632 1749 1728 1779 velint,

934 1792 1074 1819 quumque
1090 1784 1153 1810 haec
1167 1784 1200 1810 ab
1215 1793 1352 1811 servorum
1370 1785 1439 1811 bello
1458 1785 1574 1820 pericula
1589 1790 1613 1812 ct
1628 1791 1731 1820 praeto-

935 1829 994 1847 rum
1009 1821 1139 1848 institutis
1153 1826 1178 1847 et
1192 1821 1361 1848 dominorum
1375 1822 1517 1857 disciplina
1537 1824 1641 1857 provisa
1661 1824 1728 1850 sint:

934 1858 1040 1885 nullum
1056 1863 1096 1885 est
1109 1858 1210 1885 malum
1225 1859 1411 1891 domesticum,
1427 1860 1499 1895 quod
1511 1869 1543 1886 ex
1555 1861 1611 1895 ipsa
1623 1861 1731 1895 provin—

933 1896 973 1922 cia
992 1896 1064 1922 nasci
1083 1897 1175 1931 possit.
1217 1898 1241 1923 9.
1264 1897 1333 1929 Quid
1353 1897 1451 1933 igitur?
1475 1897 1577 1924 nulline
1596 1904 1684 1924 motus
1703 1899 1730 1925 in

934 1933 1037 1965 Sicilia,
1062 1942 1200 1960 servorum
1215 1934 1295 1961 Verre
1309 1940 1426 1970 praetore
1441 1935 1564 1961 nullaene
1578 1937 1731 1962 consensio-

935 1979 981 1997 nes
996 1970 1078 1997 factae
1093 1980 1151 1998 esse
1165 1971 1311 1998 dicuntur?
1336 1972 1408 1998 Nihil
1425 1981 1500 2003 sane,
1521 1973 1593 2008 quod
1607 1973 1638 1999 ad
1653 1982 1731 2000 sena-

935 2012 991 2035 tum
1006 2008 1192 2044 populumque
1208 2010 1355 2036 Romanum
1371 2010 1534 2045 pervenerit,
1556 2010 1636 2041 niliil,
1658 2010 1729 2046 quod

934 2046 983 2072 iste
994 2046 1103 2072 Romam
1116 2046 1223 2081 publice
1234 2047 1383 2082 scripserit:
1400 2052 1425 2073 et
1437 2052 1523 2073 tamen
1535 2054 1657 2083 coeptum
1671 2057 1730 2074 esse

935 2083 961 2109 in
986 2083 1076 2109 Sicilia
1100 2085 1200 2110 moveri
1224 2084 1324 2119 aliquot
1347 2084 1410 2111 locis
1434 2085 1573 2111 servitium
1597 2086 1728 2120 suspicor.

934 2121 961 2147 ld
976 2121 1041 2147 adco
1056 2129 1106 2147 non
1122 2126 1174 2147 tam
1189 2129 1221 2148 ex
1236 2130 1276 2152 rc,
1296 2131 1376 2157 quam
1396 2131 1429 2149 cx
1448 2123 1526 2148 istius
1546 2122 1620 2149 factis
1639 2123 1730 2149 ‹lecre-

934 2158 1022 2193 tisque
1035 2167 1173 2194 cognosco.
1195 2159 1231 2185 Ac
1247 2159 1342 2189 videte,
1359 2168 1439 2194 qnam
1456 2169 1506 2186 non
1522 2161 1630 2186 inimico
1641 2161 1730 2187 animo

933 2196 984 2222 sim
999 2200 1114 2222 acturus.
1154 2196 1211 2232 Ego
1226 2197 1284 2231 ipse
1298 2196 1374 2227 baec.
1391 2205 1459 2232 quae
1474 2197 1518 2223 ille
1533 2199 1644 2232 quaerit,
1661 2206 1729 2232 quae

933 2232 1020 2259 adhuc
1033 2242 1179 2268 numquam
1190 2234 1312 2264 audistis,
1326 2235 1539 2261 commemorabo
1550 2240 1572 2260 et
1587 2234 1728 2269 proferam.

935 2271 974 2296 lO.
997 2271 1024 2296 ln
1040 2270 1201 2301 Triocalino,
1221 2280 1301 2306 quem
1323 2271 1408 2297 locum
1430 2271 1534 2306 fugitivi
1551 2273 1601 2297 iam
1617 2277 1676 2298 ante
1691 2277 1729 2297 te-

934 2312 1062 2338 nuerunt,
1084 2308 1214 2334 Leonidae
1228 2308 1368 2334 cuiusdam
1383 2308 1466 2335 Siculi
1483 2308 1581 2334 fannlia
1596 2310 1622 2334 in
1637 2310 1729 2343 suspi-

932 2345 1035 2370 cionem
1050 2349 1139 2371 vocata
1154 2350 1193 2371 est
1207 2346 1406 2371 coniurationis.
1430 2346 1480 2371 lles
1491 2346 1574 2371 delata
1587 2346 1619 2371 ad
1635 2347 1726 2372 istum.

933 2382 1037 2413 Statim,
1055 2386 1083 2408 ut
1098 2391 1144 2416 par
1159 2382 1217 2412 fuit.
1235 2383 1310 2408 iussu
1325 2383 1383 2408 cius
1395 2383 1524 2411 lnunines.
1541 2384 1587 2417 qni
1600 2385 1726 2409 nominati

932 2423 1013 2450 eraut,
1030 2419 1214 2453 comprehensi
1230 2425 1292 2446 sunt
1307 2420 1468 2455 adductique
1484 2420 1649 2455 Lilybaeum.
1678 2421 1727 2446 l)‹›-

933 2457 1005 2482 mino
1026 2456 1212 2483 denuntiatum
1238 2462 1291 2483 est:
1319 2466 1412 2483 caussa
1431 2457 1499 2483 ιΙίι-ιιι
1518 2458 1633 2483 damuati
1653 2463 1724 2485 sunt.

933 2494 962 2520 V.
979 2493 1049 2525 Quid
1063 2493 1178 2520 deinde?
1200 2494 1266 2529 quid
1280 2494 1412 2520 censetis?
1434 2495 1542 2520 Furtum
1559 2494 1668 2521 fortusse
1683 2501 1727 2522 aut

932 2530 1056 2566 praedam
1080 2532 1240 2566 exspectatis
1258 2531 1386 2566 aliquam.
1428 2531 1513 2558 Nolite
1532 2541 1726 2568 usquequaque

931 2568 1022 2594 cadem
1038 2577 1173 2603 quaerere.
1216 2570 1242 2595 Ιιι
1258 2574 1329 2595 metu
1346 2568 1407 2595 belli
1423 2584 1459 2589 —
1474 2569 1578 2596 furandi
1592 2571 1639 2605 qui
1653 2570 1725 2596 lot-ns

932 2611 1016 2640 potest
1030 2605 1108 2631 csse?
1121 2607 1199 2632 etiam
1215 2607 1237 2632 si
1252 2615 1304 2641 qua
1320 2606 1369 2632 fuit
1385 2607 1410 2632 in
1426 2607 1473 2632 liac
1485 2615 1511 2633 re
1521 2608 1632 2638 occasio,
1651 2617 1725 2642 prae-

932 2645 1052 2670 termissa
1067 2648 1115 2669 cst.
1151 2644 1218 2670 Tum
1235 2644 1319 2678 potuit
1333 2652 1346 2669 a
1363 2644 1476 2670 Leonida
1492 2653 1661 2671 nummorum
1677 2645 1726 2671 ali-

931 2681 996 2716 quid
1015 2681 1131 2711 auferre,
1153 2690 1239 2717 quum
1258 2681 1438 2712 dciuintiavit,
1464 2686 1491 2708 ut
1511 2682 1623 2709 adesset.
1666 2683 1724 2709 Fuit

1490 2731 1520 2755 42
