1941 3052
830 117 871 141 7⁴).
907 116 941 141 M.
976 116 1004 141 T.

314 221 380 250 lleri
395 225 453 249 veni
468 225 492 249 in
504 224 653 248 Cumanum
663 243 668 251 ,
681 232 740 248 eras
751 223 783 248 ad
797 222 952 248 insertasse.
993 222 1044 248 Sed

256 271 340 296 «pium
353 266 455 286 vertum
467 261 562 289 sac-iam,
582 259 675 285 faciam
689 265 712 285 te
724 259 814 294 paullo
825 264 884 285 aute
895 259 1044 285 certiorem.

257 300 310 324 litsi
325 299 358 323 M.
372 298 528 331 (Im-parius,
547 305 630 330 quum
644 297 710 322 milti
723 298 748 322 in
761 296 829 322 silva
841 296 987 322 Gallinaria
998 296 1046 322 oh-

256 337 325 361 viam
339 335 468 363 venisset,
485 334 721 367 quaesissemque,
738 333 804 368 quid
817 342 923 367 ageres,
942 333 1011 359 dixit
1023 338 1046 359 te

256 374 280 398 in
295 372 360 397 lu-vii»
371 380 442 400 esse,
460 370 531 404 quod
543 379 576 396 ex
588 370 703 404 pedibus
716 370 859 397 laborares.
900 370 960 396 Tuli
972 370 1046 396 scili-

253 413 293 434 cet
306 408 423 437 moleste,
439 412 465 432 ut
476 407 572 433 debui:
589 407 636 432 sed
650 412 736 434 tamen
748 408 872 434 constitui
886 407 917 432 ad
931 412 954 433 te
971 408 1046 433 veni-

254 455 294 476 re,
318 450 345 471 ut
365 450 390 470 et
410 444 528 470 viderem
546 449 569 470 te
585 449 611 470 et
627 445 740 471 viserem
756 450 782 471 et
796 453 934 470 caenarem
953 446 1043 471 etiam.
1067 473 1075 479 Η

254 484 310 508 Non
322 483 392 508 enim
405 481 518 507 arbitror
529 490 645 516 coquum
657 483 736 508 etiam
749 487 772 508 te
783 482 949 508 arthriticum
963 482 1046 508 liahe—
1067 482 1068 488 ¹

254 529 289 545 re.
325 520 455 553 Exspecta
468 519 550 553 igitur
561 518 693 553 hospitem
705 528 790 554 quum
803 519 913 545 minime
925 519 1043 550 edacem,
1066 524 1068 531 '

254 562 308 582 tum
323 557 462 582 inimicum
474 556 564 582 caenis
576 557 752 591 sumptuosis.

408 187 550 213 (Iltll‘lllt)
576 186 892 212 1·.t1‘tttt‹›P.tt·1T0.
1067 188 1077 373 I

1074 259 1076 282 l

1067 375 1069 399 l

308 659 391 679 XXlV.
404 659 478 679 ARG.
495 659 574 679 Rufum
585 659 628 679 flilui
640 666 705 679 rura-.-
716 660 762 679 l'ure
773 658 880 679 nnn-nulii:
892 662 914 679 ut
926 659 1007 679 Paetu-
1019 666 1036 679 a«

253 694 333 713 *uultus
345 694 426 717 redeat,
438 693 547 714 luni-tatur:
559 694 615 714 nihil
627 694 670 714 ιίθιί
682 701 726 721 rep.
739 694 811 715 carin·
826 701 874 713 rue
885 694 985 714 anirum.

463 730 549 750 ‘ltu-nar,
560 731 619 748 Ριιιιι
629 731 719 748 etth-131.
730 738 775 748 ιιι-ι.
788 733 840 751 711)

468 774 636 800 ClCERO
675 774 829 801 PAETO.

310 821 331 844 l.
356 814 458 845 linium
476 819 570 849 istum,
588 820 704 845 amicum
721 825 811 850 tuum,
829 820 861 845 ‹le
877 829 931 855 quo
947 821 1042 846 iterum
1064 834 1067 864 ι

253 857 304 882 iam
325 855 357 882 ad
379 865 421 882 me
441 857 552 886 scribis,
576 856 746 887 adiuvarem,
773 862 903 892 quantum
925 866 1041 892 possem,

251 894 355 919 etiamsi
367 893 441 920 abeo
454 893 542 919 laesus
553 902 649 925 essem,
663 903 747 929 quum
761 899 784 920 te
796 899 866 921 tanto
876 904 955 929 opere
968 895 1044 921 vide·
1064 889 1073 915 ll

213 958 217 965 Ι
252 939 306 956 rem
323 931 381 956 eius
396 939 490 957 caussa
507 930 637 957 laborare:
657 940 741 966 quum
757 940 819 958 vero
830 937 854 958 et
865 941 899 958 ex
910 933 963 958 tuis
975 932 1043 958 litte-

251 968 301 998 ris,
324 972 350 994 et
365 977 398 994 ex
414 967 488 994 illius
504 968 536 994 ad
553 977 594 994 me
615 969 706 994 missis
723 968 869 1004 intelligam
886 974 911 995 et
926 969 1042 995 iudicem

251 1013 362 1040 magnae
373 1014 452 1031 curae
463 1006 487 1031 ci
499 1005 611 1032 salutem
624 1014 709 1032 meam
723 1005 819 1037 fuisse,
833 1015 884 1032 non
896 1015 1006 1040 possum
1018 1007 1042 1032 ei

251 1051 303 1068 nou
320 1043 423 1068 amicus
439 1051 511 1073 esse,
534 1051 621 1077 neque
636 1043 723 1069 solum
740 1048 783 1069 tua
799 1043 1040 1074 commendatione,

250 1088 319 1114 quae
330 1079 401 1114 apud
415 1088 470 1110 me,
489 1084 517 1106 ut
531 1080 623 1111 debet,
642 1080 711 1106 valet
725 1080 887 1114 plurimum,
903 1081 950 1106 sed
963 1081 1042 1106 etiam

250 1116 385 1142 voluntate
406 1125 436 1142 ac
457 1117 557 1143 iudicio
577 1126 644 1143 meo.
686 1117 750 1143 Volo
769 1118 841 1143 enim
857 1122 881 1143 te
900 1118 982 1147 scire,
1005 1119 1042 1144 mi
1063 1122 1072 1164 A*

1066 557 1068 572 Ι

1066 578 1068 600 l

1038 627 1067 678 ,l

1066 686 1067 698 l

1065 754 1067 772 l

1064 782 1073 794 ll

250 1154 339 1184 Paete,
363 1154 470 1180 initium
487 1154 554 1180 mihi
570 1155 734 1189 suspicionis
750 1159 775 1181 et
792 1155 923 1181 cautionis
939 1160 964 1181 et
979 1155 1043 1181 dili-

248 1191 353 1225 gentiae
370 1190 454 1217 fuisse
472 1190 571 1218 litteras
583 1196 654 1221 tuas;
672 1192 774 1226 quibus
786 1191 880 1218 litteris
891 1200 1043 1228 congruen-

249 1233 288 1254 tes
300 1227 407 1254 fuerunt
418 1228 484 1254 aliae
496 1233 585 1263 postea
597 1228 753 1255 multorum.
793 1230 860 1255 Nam
870 1234 895 1256 et
906 1230 1005 1264 Aquini
1017 1234 1043 1255 et

249 1265 415 1291 Fabrateriae
431 1266 542 1292 consilia
558 1271 622 1292 sunt
637 1267 701 1292 inita
718 1266 750 1292 de
767 1275 822 1297 me,
840 1275 908 1301 quae
924 1272 948 1293 te
964 1266 1042 1293 video

249 1302 398 1330 inaudisse:
422 1307 460 1333 et,
477 1303 554 1337 quasi
570 1303 736 1334 divinarent,
757 1312 839 1339 quam
855 1304 897 1329 his
912 1304 1042 1330 molestus
1063 1311 1064 1314 ’

247 1348 334 1365 essem
346 1338 466 1370 futui-us,
485 1340 552 1366 nihil
564 1340 637 1366 aliud
649 1345 774 1376 egerunt,
793 1341 844 1367 nisi
857 1350 899 1367 me
911 1347 939 1368 ut
950 1342 1042 1376 oppri-
1062 1319 1065 1366 l

247 1381 359 1403 merent.
399 1376 475 1408 Quod
487 1386 536 1413 ego
548 1386 600 1404 non
615 1378 757 1412 suspicans
772 1379 903 1405 incautior
917 1378 1039 1409 fuissem,
1063 1375 1064 1396 ἕ

247 1414 299 1440 nisi
320 1422 335 1439 a
356 1418 380 1440 te
399 1414 552 1441 admonitus
573 1424 670 1441 essem.
711 1415 891 1447 Quamobrem
912 1417 961 1442 iste
979 1421 1040 1443 tuus

246 1451 349 1477 amicus
365 1451 437 1485 apud
453 1460 495 1478 me
511 1461 562 1479 non
579 1457 639 1488 eget
652 1453 893 1479 commendatione.
935 1453 1040 1480 Utinam

245 1497 276 1514 ea
292 1487 397 1514 fortuna
412 1489 577 1524 reipublicae
593 1491 641 1521 sit,
661 1495 689 1516 ut
703 1489 748 1516 ille
764 1499 807 1516 me
822 1499 904 1525 quam
917 1491 1040 1526 gratissi-

245 1534 320 1551 mum
332 1526 417 1560 possit
432 1527 605 1562 cognoscere!
628 1527 680 1553 Sed
697 1527 762 1553 haec
777 1527 916 1554 hactenus.
957 1530 982 1554 2.
1004 1528 1040 1554 Te
1068 1532 1070 1544 ³

246 1563 278 1588 ad
294 1571 389 1589 caenas
404 1563 470 1590 itare
485 1563 603 1595 desisse,
627 1564 736 1591 moleste
752 1564 817 1591 fero.
858 1565 953 1601 Magna
967 1566 1039 1591 enim

246 1605 269 1626 te
285 1599 459 1627 delectatione
475 1606 501 1627 et
520 1601 655 1636 voluptate
675 1603 798 1636 privasti.
838 1602 938 1628 Deinde
959 1603 1038 1629 etiam

246 1646 347 1668 vereor,
362 1637 423 1664 licet
433 1638 506 1664 enim
517 1647 612 1665 verum
623 1639 721 1670 dicere,
735 1647 767 1665 ne
779 1640 869 1665 nescio
880 1639 947 1674 quid
959 1639 1036 1670 illud,

245 1674 317 1708 quod
328 1674 447 1706 solebas,
463 1675 587 1702 dediscas
597 1681 624 1702 et
632 1676 793 1703 obliviscare
803 1676 929 1702 eaenulas
942 1676 1037 1703 facere.

245 1712 311 1737 Nam
323 1711 345 1736 si
358 1716 423 1742 tum,
433 1721 517 1747 quum
531 1713 735 1748 habehas,quos
746 1714 889 1744 imitarere,
903 1722 955 1740 non
967 1714 1039 1740 mul-

245 1754 301 1774 tum
313 1749 481 1782 proficiebas,
495 1750 561 1785 quid
574 1759 645 1777 nunc
657 1755 681 1777 te
693 1750 826 1776 facturum
838 1750 947 1785 putem?
966 1751 1038 1786 Spu-

244 1786 320 1811 rinna
337 1785 461 1820 quidem,
484 1796 569 1821 quum
585 1789 610 1814 ei
626 1796 682 1814 rem
698 1787 937 1819 demonstrassem,
955 1794 980 1815 et
996 1790 1038 1815 vi-

245 1828 296 1848 tam
309 1827 381 1849 tuam
393 1825 558 1858 superiorem
571 1826 772 1860 exposuissem,
790 1834 918 1861 magnum
929 1827 1038 1860 pericu-

244 1859 300 1885 lum
312 1868 433 1886 summae
445 1861 610 1895 reipublicae
621 1862 829 1893 demonstrabat,
843 1863 895 1888 nisi
910 1863 943 1888 ad
955 1872 1038 1898 supe-

244 1897 341 1923 riorem
361 1898 583 1925 consuetudinem
601 1904 671 1930 tum,
695 1908 780 1934 quum
796 1900 931 1926 Favonius
952 1900 1034 1931 flaret,

243 1935 410 1960 revertisses.
450 1935 504 1961 Hoc
520 1940 637 1971 tempore
649 1936 711 1963 ferri
722 1945 814 1971 posse,
834 1938 857 1962 si
870 1936 935 1963 forte
950 1943 977 1964 tu
989 1937 1037 1964 fri-

242 1980 294 2006 gus
306 1971 373 1997 ferre
384 1980 435 1997 non
447 1980 550 2006 posses.
592 1976 616 2000 3.
638 1973 703 2005 Sed,
717 1974 884 2003 mehercule,
898 1975 935 2001 mi
947 1976 1034 2006 Paete,

242 2013 316 2034 extra
328 2009 426 2039 iocum,
435 2018 528 2036 moneo
540 2015 572 2041 te,
581 2011 654 2045 quod
666 2012 798 2045 pertinere
809 2012 843 2038 ad
854 2012 929 2039 beate
942 2013 1037 2039 viven-

242 2045 307 2071 dum
319 2046 444 2077 arbitror,
463 2052 491 2073 ut
502 2055 563 2073 cum
576 2049 642 2074 viris
652 2048 744 2079 honis,
763 2049 903 2081 iucundis,
922 2051 1036 2076 amanti-

241 2082 293 2108 bus
305 2083 343 2109 tui
356 2084 442 2109 vivas.
482 2084 556 2110 Nihil
572 2086 661 2120 aptius
678 2086 760 2117 vitae,
778 2087 847 2113 nihil
862 2087 895 2113 ad
906 2088 982 2114 beate
994 2088 1036 2113 vi—

241 2119 359 2146 vendum
376 2121 612 2148 accommodatius.
652 2123 707 2149 Nec
723 2123 750 2149 id
765 2123 798 2149 ad
813 2124 978 2159 voluptatem
993 2134 1036 2151 re-

241 2156 305 2188 fero,
319 2157 366 2183 sed
381 2157 414 2184 ad
425 2160 645 2186 communitatem
656 2161 726 2186 vitae
737 2165 816 2196 atque
828 2162 924 2193 victus,
939 2163 1035 2188 remis-

240 2194 398 2229 sionemque
409 2196 568 2227 animorum,
577 2206 645 2232 quae
658 2198 774 2224 maxime
785 2207 907 2225 sermone
919 2199 1035 2226 efficitur

240 2231 376 2263 familiari,
389 2233 436 2267 qui
449 2234 526 2259 estin
537 2235 672 2260 conviviis
683 2235 869 2267 dulcissimus,
886 2241 915 2263 ut
926 2238 1034 2272 sapien-

239 2269 293 2295 tius
304 2269 396 2300 nostri,
410 2279 492 2304 quam
504 2271 611 2304 Graecig
627 2271 666 2298 illi
678 2272 812 2307 συμπόσια
824 2278 870 2300 aut
880 2273 1031 2305 σύνδειπνα,

240 2305 267 2331 id
279 2311 319 2332 est
333 2308 542 2341 compotationes
558 2314 603 2335 aut
617 2310 850 2337 concaenationes:
877 2319 924 2337 nos
939 2312 1033 2338 convi-

239 2343 296 2373 via,
315 2343 387 2378 quod
403 2349 460 2370 tum
476 2346 593 2372 maxime
608 2346 691 2372 simul
703 2347 814 2373 vivitur.
854 2348 950 2379 Vides,
967 2353 997 2375 ut
1008 2353 1032 2375 te

239 2379 453 2415 philosophando
464 2391 588 2409 revocare
598 2392 678 2410 coner
689 2383 722 2410 ad
734 2384 847 2411 caenas?
857 2385 936 2416 Cura,
944 2390 974 2412 ut
984 2394 1032 2412 va-

241 2416 304 2442 leas.
343 2417 373 2443 Id
392 2418 456 2445 foris
477 2420 633 2447 caenitando
654 2420 781 2447 facillime
796 2430 970 2457 consequere.
1005 2424 1030 2449 4.

240 2452 292 2478 Sed
302 2462 380 2485 cave,
397 2456 420 2481 si
433 2465 475 2482 me
490 2466 577 2488 amas,
595 2458 734 2484 existimes
749 2467 806 2490 me,
826 2459 899 2494 quod
914 2460 1031 2486 iocosius

240 2490 368 2521 scribam,
386 2492 515 2520 abiecisse
531 2503 622 2521 curam
637 2494 812 2529 reipublicae.
853 2496 897 2523 Sic
912 2497 974 2527 tibi,
993 2498 1030 2523 mi

240 2526 329 2557 Paete,
347 2530 492 2561 persuade,
510 2540 552 2557 me
567 2531 625 2558 dies
637 2537 662 2558 et
673 2537 763 2558 noctes
774 2532 842 2559 nihil
855 2533 929 2560 aliud
940 2543 1027 2570 agere,

1072 875 1073 879 ,
1096 858 1161 884 tius:
1179 858 1218 883 sic.
1233 859 1305 884 enim
1321 859 1425 892 antiqui
1442 858 1628 893 loquebantur,

1061 2382 1063 2398 ²
1083 2386 1152 2412 lnfra
1167 2385 1343 2420 Eutrapelum
1359 2384 1482 2420 Cytheris
1502 2383 1638 2410 accubuit.

239 2562 308 2589 nihil
327 2572 433 2595 curare,
456 2567 507 2593 nisi
529 2573 557 2594 ut
572 2570 625 2595 mei
643 2569 717 2595 cives
732 2569 801 2595 salvi
817 2569 949 2605 liberique
964 2572 1027 2597 sint.

239 2599 349 2626 Nullum
366 2600 453 2628 locum
468 2607 648 2637 praetermitto
659 2606 798 2636 monendi.
811 2607 922 2642 agendi,
938 2609 1029 2642 provi-

239 2636 334 2664 dendi.-
351 2637 400 2665 hoc
410 2639 527 2675 denique
538 2643 626 2670 animo
637 2652 698 2670 sum
706 2664 712 2675 ,
727 2648 770 2675 ut,
782 2644 844 2670 siin
856 2644 905 2671 hac
915 2653 978 2671 cura
989 2650 1029 2672 at-

1040 117 1314 143 utut-:noxis

1098 197 1150 223 que
1165 188 1395 215 administratione
1407 190 1459 216 vita
1472 190 1538 216 mihi
1553 191 1674 225 ponenda
1691 193 1738 222 sit,
1756 192 1890 227 praeclare

1098 231 1186 251 actum
1199 234 1304 251 mecum
1317 231 1418 260 putem.
1459 227 1544 253 Etiam
1557 233 1635 262 atque
1646 230 1726 255 etiam
1740 229 1807 255 vale.

1152 295 1225 315 XXV.
1245 295 1261 315 Α
1270 295 1319 315 RG.
1337 295 1427 320 (Ἴτην,
1443 296 1537 316 citici-e
1552 305 1646 324 procu...
1661 298 1726 318 Paeti
1736 298 1820 320 littei-i·
1830 299 1857 320 de
1868 306 1891 320 π

1098 329 1190 350 militari
1201 330 1329 354 exuit-tin,
1341 331 1369 351 Μ.
1382 331 1472 351 Fadium
1481 333 1623 352 ‹ommuni-1.

1284 368 1638 389 mmmm..r.„ii·...=1.v«n-,‹„..

1289 411 1432 437 ctcEno
1457 412 1532 438 lMl'.
1560 412 1695 439 PAETO.

1156 450 1176 474 l.
1199 444 1346 474 Summum
1365 458 1406 475 me
1422 449 1517 475 ducem
1538 449 1638 476 litterae
1660 455 1719 476 tuae
1739 449 1889 476 reddidere.

1098 485 1176 511 l'lane
1194 486 1346 512 nescit-bam
1370 491 1394 512 te
1414 491 1466 512 tam
1483 487 1599 521 peritum
1622 496 1681 512 esse
1701 487 1738 513 rei
1755 487 1889 513 militaris,

1099 522 1190 558 l’yrrhi
1204 527 1228 548 te
1242 522 1323 549 libros
1335 528 1361 549 et
1371 523 1468 549 Cineae
1481 523 1559 550 video
1572 524 1713 550 lectitasse.
1740 525 1830 559 ltaque
1841 524 1890 549 ob·

1097 565 1243 594 temperare
1255 561 1342 593 cogito
1354 562 1502 595 praeceptis
1514 562 1580 587 tuis:
1600 561 1648 587 hoc
1665 560 1795 596 amplius.
1814 561 1890 587 navi·
1924 591 1926 594 y

1655 372 1691 386 rm
1702 372 1709 389 )

1096 597 1217 623 cularum
1231 594 1327 623 habere
1340 598 1442 632 aliquid
1456 598 1481 624 in
1493 607 1537 624 ora
1549 599 1694 625 maritima:
1711 604 1800 625 contra
1812 599 1890 633 equi·
1932 609 1934 614 ·

1097 640 1148 660 tem
1163 635 1288 660 l’arthum
1305 640 1402 668 negant
1418 635 1499 661 ullam
1516 641 1677 662 artnaturam
1694 635 1830 662 meliorem
1849 635 1890 661 in·

1098 672 1183 697 veniri
1200 680 1287 706 posse.
1329 672 1380 698 Sed
1396 673 1462 707 quid
1481 672 1619 698 ludimus‘?
1636 674 1742 703 Nescis,
1760 681 1813 707 quo
1826 680 1889 698 cum

1097 709 1255 743 imperatore
1268 709 1316 735 tibi
1329 710 1464 741 negotium
1477 710 1521 736 sit.
1557 710 1684 736 Παιδείαν
1697 710 1796 745 Κύρου,
1807 718 1889 744 quam

1095 747 1271 772 contriveram
1286 746 1411 779 legendo,
1429 751 1508 773 totam
1521 747 1546 773 in
1559 747 1608 773 hoc
1621 748 1733 782 imperio
1743 746 1887 781 explicavi.

1065 812 1066 816 Ἰ
1095 786 1120 809 2.
1143 783 1195 809 Sed
1209 783 1356 810 iocabimur
1367 783 1432 809 alias
1443 793 1541 814 coram,
1556 789 1583 810 ut
1595 793 1681 819 spero,
1700 784 1775 810 brevi
1787 789 1891 818 ternpo-

1096 830 1132 847 re.
1156 821 1232 846 Nunc
1248 821 1312 846 ades
1328 821 1360 846 ad
1379 822 1565 855 imperandum
1583 821 1624 847 vvt
1636 822 1668 847 ad
1681 821 1829 856 parendum
1842 829 1890 855 po-

1669 859 1736 885 Cum
1748 858 1782 884 M.
1796 858 1886 887 Fadio.

1094 895 1166 930 quod
1182 895 1249 921 scire
1261 900 1284 921 te
1296 895 1416 925 arbitror,
1435 896 1500 922 milii
1512 905 1636 922 summus
1648 905 1714 921 usus
1725 900 1777 922 est:
1797 894 1889 920 valde-

1072 923 1073 968 l
1094 941 1147 967 que
1159 941 1220 958 eum
1237 932 1334 965 diligo,
1357 942 1441 967 quum
1457 938 1563 967 propter
1578 942 1712 959 summam
1729 932 1888 967 probitatem

1071 971 1073 991 Ι
1094 971 1152 995 eius
1164 978 1193 995 ac
1205 970 1369 1005 singularem
1383 970 1553 1000 modestiam,
1577 976 1632 996 tum
1649 970 1720 1005 quod
1733 971 1759 996 in
1771 970 1813 995 his
1825 978 1889 995 con-

1095 1007 1241 1037 troversiis,
1255 1016 1323 1041 quas
1335 1007 1420 1033 habeo
1431 1016 1492 1033 cum
1505 1009 1558 1033 tuis
1568 1007 1777 1033 combibonibus
1788 1007 1889 1041 Epicu-

1095 1045 1160 1073 reis.
1176 1044 1276 1078 optima
1288 1053 1366 1079 opera
1379 1045 1437 1070 eius
1450 1045 1487 1070 uti
1499 1044 1581 1070 soleo.
1622 1047 1646 1070 3.
1668 1045 1693 1070 ls
1704 1052 1789 1079 quum
1801 1043 1833 1069 ad
1846 1052 1888 1069 me

1070 1081 1072 1083 '
1095 1081 1251 1107 Laodiceam
1265 1082 1391 1111 venisset,
1402 1090 1563 1116 mecumque
1574 1090 1623 1117 ego
1634 1090 1695 1107 eum
1707 1089 1766 1108 esse
1779 1080 1886 1110 vellem,

1094 1123 1200 1153 repente
1217 1127 1361 1153 percussus
1377 1123 1416 1145 est
1431 1119 1606 1145 atrocissimis
1621 1118 1728 1149 litteris,
1747 1118 1774 1144 in
1786 1118 1888 1152 quibus

1093 1156 1224 1190 scriptum
1243 1160 1310 1185 erat,
1333 1155 1447 1182 fundum
1468 1155 1692 1182 Herculanensem
1720 1164 1734 1182 a
1754 1155 1786 1188 Q.
1806 1154 1889 1181 Fadio

1094 1193 1172 1219 fratre
1186 1194 1366 1228 proscriptum
1377 1202 1450 1219 esse:
1475 1194 1523 1228 qui
1538 1193 1638 1219 fundus
1649 1202 1710 1219 cum
1724 1201 1755 1219 eo
1765 1200 1888 1219 commu-

1094 1231 1135 1257 nis
1147 1236 1226 1257 esset.
1260 1230 1288 1256 ld
1300 1231 1335 1256 M.
1349 1230 1448 1257 Fadius
1460 1231 1626 1266 pergraviter
1636 1230 1696 1257 tulit
1707 1230 1888 1257 existimavit-

1093 1276 1145 1303 que
1158 1267 1265 1294 l'ratrem
1276 1276 1367 1298 suum,
1381 1268 1517 1294 hominem
1528 1276 1579 1294 non
1591 1269 1749 1303 sapientem,
1766 1266 1887 1302 impulsu

1094 1305 1264 1332 inimicorum
1280 1314 1390 1331 suorum
1405 1314 1436 1332 eo
1450 1314 1621 1341 progressum
1642 1313 1710 1331 esse.
1750 1305 1841 1335 Nunc,
1863 1304 1887 1330 si

1093 1351 1135 1369 me
1147 1351 1230 1374 amas,
1243 1343 1281 1368 mi
1293 1343 1378 1373 Paete,
1393 1343 1529 1378 negotium
1541 1347 1624 1369 totum
1636 1343 1753 1377 suscipe,
1766 1346 1792 1368 et
1802 1341 1887 1368 mole-

1093 1381 1143 1406 stia
1159 1380 1272 1406 Fadium
1289 1379 1382 1406 libera.
1423 1381 1583 1406 Auctoritate
1599 1385 1644 1406 tua
1660 1379 1737 1406 nobis
1752 1387 1822 1414 opus
1835 1383 1884 1410 est,

1092 1422 1118 1444 et
1127 1417 1240 1444 consilio
1255 1422 1280 1443 et
1298 1418 1378 1444 etiam
1393 1418 1487 1453 gratia.
1528 1417 1587 1444 Noli
1603 1417 1658 1452 pati
1675 1416 1778 1452 litigare
1792 1415 1886 1442 fratres

1092 1459 1118 1481 et
1128 1455 1239 1481 iudiciis
1250 1454 1376 1489 turpibus
1387 1454 1543 1482 conflictari.
1559 1455 1690 1481 Matonem
1702 1459 1728 1480 et
1739 1453 1886 1480 Pollionem

1092 1492 1216 1518 inimicos
1230 1491 1309 1518 habet
1320 1492 1430 1519 Fadius.
1470 1491 1540 1525 Quid
1553 1491 1655 1518 multa‘?
1668 1500 1720 1518 non
1732 1490 1886 1517 mehercule

1092 1534 1145 1556 tam
1161 1529 1328 1564 perscribere
1343 1538 1468 1564 possum,
1483 1538 1565 1564 quam
1581 1529 1649 1555 mihi
1659 1533 1767 1564 gratum
1778 1527 1884 1559 feceris,

1091 1567 1114 1593 si
1129 1567 1244 1593 otiosum
1261 1566 1374 1593 Fadium
1390 1566 1551 1593 reddideris.
1590 1566 1620 1593 ld
1635 1565 1680 1593 ille
1692 1567 1720 1592 in
1731 1571 1755 1593 te
1766 1566 1884 1601 positum

1091 1612 1150 1630 esse
1161 1609 1237 1640 putat
1248 1603 1371 1639 mihique
1381 1603 1534 1639 persuadet.

1141 1695 1228 1717 XXVI.
1247 1695 1324 1715 ΛΚΕ.
1340 1695 1416 1716 lerose
1430 1694 1536 1715 describit
1546 1693 1661 1715 Yulunnii
1671 1699 1772 1718 elenu..
1787 1692 1883 1714 babitu„

1090 1732 1231 1752 accumbente
1242 1730 1362 1756 Cytheride
1371 1729 1493 1751 meretrice.

1186 1768 1277 1790 (Romae,
1292 1767 1370 1785 ent-ure
1380 1766 1435 1789 diem
1445 1770 1484 1784 tum
1494 1766 1576 1788 Caleno,
1586 1765 1660 1783 vatinio
1670 1771 1716 1783 mu.
1728 1766 1783 1787 707.)

1280 1818 1423 1846 CICERO
1447 1817 1474 1844 S.
1500 1817 1530 1843 D.
1556 1816 1695 1844 PAETO.

1147 1867 1169 1891 t.
1190 1860 1383 1891 Accubueram
1403 1863 1467 1890 hora
1488 1871 1570 1893 nona,
1593 1871 1679 1898 quum
1695 1862 1729 1889 ad
1744 1867 1769 1890 te
1784 1863 1881 1890 harum

1088 1902 1243 1937 exemplum
1259 1903 1286 1928 in
1301 1901 1434 1928 codicillis
1449 1901 1568 1927 exaravi.
1607 1900 1698 1931 Dices,
1723 1899 1791 1927 ubi?
1809 1900 1882 1936 apud

1087 1939 1262 1966 Volumnium
1276 1938 1466 1973 Eutrapelum,
1484 1943 1510 1964 et
1524 1937 1635 1972 quidem
1654 1946 1735 1972 supra
1755 1946 1798 1964 me
1812 1938 1883 1964 Atti-

1087 1986 1145 2007 cuS,
1159 1976 1226 2003 infra
1238 1977 1362 2006 Verrius,
1376 1975 1522 2002 familiares
1533 1975 1582 2001 tui.
1622 1975 1728 2001 Miraris
1738 1979 1792 2001 tam
1803 1975 1882 2001 exhi-

1089 2014 1198 2040 laratam
1209 2022 1269 2040 esse
1284 2014 1441 2040 servitutem
1456 2011 1592 2039 nostram?
1611 2011 1682 2044 Quid
1693 2020 1756 2047 ergo
1767 2011 1882 2038 faciam?

1087 2052 1122 2078 Te
1134 2051 1258 2081 consulo,
1271 2051 1319 2086 qui
1330 2050 1523 2085 philosophum
1534 2049 1622 2075 audis.
1662 2047 1770 2084 Angar?
1783 2057 1882 2075 excru-

1086 2089 1191 2115 ciemne
1206 2087 1267 2114 me?
1281 2088 1348 2123 quid
1364 2086 1510 2122 assequar‘.>
1524 2086 1624 2112 Deinde
1639 2095 1721 2121 quem
1737 2085 1771 2112 ad
1781 2085 1881 2112 finem?

1086 2127 1177 2157 Vivas,
1190 2126 1291 2160 inquis,
1304 2126 1332 2151 in
1345 2124 1449 2151 litteris.
1464 2125 1505 2150 An
1515 2123 1666 2158 quidquam
1677 2131 1720 2150 me
1731 2122 1805 2149 aliud
1816 2131 1881 2159 age-

1086 2172 1113 2189 re
1124 2162 1237 2190 censes?
1250 2167 1295 2189 aut
1304 2170 1412 2197 possem
1423 2162 1523 2191 vivere,
1532 2161 1585 2187 nisi
1597 2161 1623 2187 in
1635 2160 1730 2187 litteris
1741 2159 1880 2187 viverem?

1085 2200 1137 2227 Sed
1149 2204 1189 2226 est
1203 2208 1295 2226 earum
1311 2200 1405 2229 etiam,
1423 2207 1476 2225 non
1491 2199 1613 2228 satietas,
1630 2197 1679 2223 sed
1693 2197 1805 2232 quidam
1820 2206 1880 2224 mo—

1085 2238 1146 2264 dus.
1187 2237 1209 2263 A
1223 2237 1325 2272 quibus
1340 2245 1425 2271 quum
1441 2235 1568 2266 discessi,
1585 2235 1636 2261 etsi
1650 2235 1795 2260 minimum
1809 2234 1878 2261 mihi

1084 2279 1124 2301 est
1135 2275 1162 2301 in
1173 2283 1268 2301 caena:
1286 2273 1369 2309 (quod
1385 2278 1413 2300 tu
1424 2281 1508 2299 unum
1522 2271 1618 2306 ζήτημα
1628 2272 1705 2298 Dioni
1716 2271 1878 2307 philosopho

1084 2311 1225 2346 posuisti:)
1239 2316 1327 2337 tamen
1343 2310 1410 2345 quid
1425 2311 1515 2345 potius
1531 2308 1640 2339 faciam,
1657 2309 1817 2343 priusquam
1833 2316 1877 2336 me

1083 2349 1229 2375 dormitum
1243 2347 1392 2379 conferam,
1411 2355 1463 2374 non
1479 2346 1592 2381 reperio.
1632 2347 1657 2372 2.
1678 2345 1750 2372 Audi
1760 2345 1884 2380 reliqua.-

1678 2383 1707 2409 1n
1730 2391 1761 2410 eo
1780 2383 1873 2419 igitur,

1084 2424 1184 2458 inquis,
1198 2423 1324 2449 convivio
1334 2422 1426 2449 Cicero
1438 2421 1492 2451 ille,

1155 2469 1229 2494 quem
1245 2461 1422 2493 aspectabant,
1439 2460 1512 2484 citius
1526 2459 1556 2483 οὸ
1571 2465 1599 2511 gs
1611 2457 1687 2484 Graii
1701 2461 1749 2484 ἀνα
1761 2458 1875 2484 obverte-

1447 2497 1507 2521 bdnt
1516 2503 1575 2520 sua.

1081 2535 1148 2565 Non,
1157 2533 1320 2564 mehercule,
1328 2533 1481 2567 suspicatus
1491 2540 1553 2557 sum
1564 2530 1638 2557 illam
1649 2531 1750 2558 adfore.
1770 2530 1823 2557 Sed
1833 2535 1874 2557 ta-

1081 2580 1142 2597 men
1158 2571 1312 2606 Aristippus
1329 2569 1440 2605 quidem
1455 2568 1501 2595 ille
1515 2568 1666 2595 Socraticus
1684 2577 1737 2595 non
1752 2567 1869 2598 erubuit,

1079 2617 1166 2643 quum
1176 2613 1247 2634 esset
1256 2607 1401 2637 obiectum,
1415 2606 1513 2632 habere
1523 2614 1586 2632 eum
1597 2605 1692 2632 Laida:
1714 2605 1813 2636 Habeo,
1829 2605 1873 2631 in-

1079 2645 1152 2680 quit,
1169 2654 1219 2672 non
1233 2646 1326 2672 habeor
1335 2653 1351 2670 a
1362 2644 1450 2671 Laide.
1484 2643 1583 2670 Graece
1595 2642 1645 2670 hoc
1655 2641 1768 2670 melius:
1785 2646 1828 2674 tu,
1847 2641 1871 2668 si
