1941 3052
240 123 290 149 DE
322 122 505 149 FINIBUS
536 121 753 148 BONORUM
783 121 836 147 ET

72 196 143 222 niam
163 198 251 220 autem
272 192 299 219 id
310 198 351 220 est
370 193 413 220 vel
434 201 572 219 summum
588 193 718 219 bonorum
737 191 779 219 vel
795 191 860 219 ulti—

71 240 145 259 mum
165 230 207 258 vel
231 235 395 261 extremum,
417 230 489 265 quod
508 230 602 257 Graeci
621 231 692 260 τέλος
710 231 857 260 nominant,

70 268 142 304 quod
163 268 254 302 ipsum
270 267 372 294 nullam
387 267 421 294 ad
436 267 517 294 aliam
533 276 602 298 rem,
619 267 652 293 ad
669 267 697 293 id
712 272 801 293 autem
817 275 859 293 res

70 305 221 333 referuntur
239 313 345 331 omnes:
369 304 507 332 fatendum
523 309 576 336 est,
593 312 732 331 summum
743 312 802 330 esse
812 304 861 330 bo-

70 352 145 374 num,
158 342 276 369 iucunde
287 343 390 368 vivere.

123 380 194 406 XIII.
215 379 245 406 Id
258 380 307 414 qui
323 380 350 406 in
366 387 420 406 una
435 379 534 406 virtute
549 383 666 413 ponunt,
679 382 705 405 et
718 377 860 413 splendore

69 417 187 444 nominis
198 417 269 451 capti
277 437 283 448 ,
301 416 368 451 quid
379 421 472 443 natura
482 415 612 451 postulet,
626 424 678 442 non
690 415 858 451 intelligunt:

68 462 156 481 errore
172 454 303 485 maximo,
321 454 345 480 si
359 454 507 488 Epicurum
522 453 615 480 audire
631 452 778 483 voluerint,
792 452 861 479 libe-

69 492 210 518 rabuntur.
250 492 317 518 Istae
338 491 411 517 enim
427 496 530 517 vestrae
546 491 662 516 eximiae
677 489 861 524 pulchraeque

68 530 182 555 virtutes
209 529 263 555 nisi
275 527 438 563 voluptatem
450 527 598 558 efficerent,
614 527 677 562 quis
688 535 733 553 eas
744 531 790 553 aut
803 526 861 553 lau-

68 566 174 593 dabiles
189 570 235 592 aut
250 565 413 600 expetendas
425 563 616 591 arbitraretur?
646 564 678 591 Ut
690 565 763 590 enim
774 564 861 590 medi-

67 612 160 630 corum
179 604 320 629 scientiam
336 611 388 629 non
405 603 492 637 ipsius
507 602 586 633 artis,
603 601 651 628 sed
661 601 747 628 bonae
757 601 862 628 valetu-

68 641 141 667 dinis
161 649 255 667 caussa
276 640 436 675 probamus;
468 644 494 666 et
512 639 699 675 gubernatoris
718 647 775 669 ars,
797 639 861 673 quia

69 679 137 704 bene
158 677 304 713 navigandi
325 678 454 704 rationem
474 676 567 707 habet,
590 675 717 707 utilitate,
739 684 792 702 non
807 680 862 701 arte

70 715 207 742 laudatur:
239 715 280 741 sic
299 715 439 749 sapientia,
462 722 531 748 quae
552 722 594 739 ars
615 713 727 740 vivendi
742 712 860 747 putanda

68 758 122 783 est,
136 761 188 779 non
199 756 379 787 expeteretur,
392 752 416 777 si
430 750 498 777 nihil
510 750 640 782 efficeret3
674 759 746 776 nunc
757 750 862 784 expeti—

69 795 126 820 tur,
144 789 216 824 quod
231 794 271 816 est
288 794 424 823 tamquam
437 787 533 814 artifex
543 787 741 822 conquirendae
752 792 778 814 et
788 795 862 813 com—

68 826 202 862 parandae
218 826 374 861 voluptatis.
416 827 457 852 43.
477 825 563 857 Quam
579 829 669 851 autem
683 825 772 852 dicam
784 824 862 851 volu-

70 869 183 899 ptatem,
207 864 260 890 iam
280 863 388 894 videtis,
412 871 445 889 ne
465 862 569 889 invidia
590 862 667 888 verbi
688 861 862 888 labefactetur

68 902 151 928 oratio
167 909 235 927 mea.
275 901 343 927 Nam
354 908 440 935 quum
452 899 618 935 ignoratione
629 907 718 926 rerum
730 899 862 925 bonarum

69 943 95 965 et
106 938 237 964 malarum
248 938 365 964 maxime
376 937 517 964 hominum
529 937 583 963 vita
595 941 708 963 vexetur
716 957 722 967 ,
739 936 774 963 ob
785 945 863 963 eum-

68 984 121 1010 que
137 984 252 1002 errorem
270 979 296 1001 et
311 974 495 1009 voluptatibus
515 974 643 1000 maximis
658 982 737 1009 saepe
751 974 863 1009 priven-

69 1018 112 1040 tur
126 1017 151 1039 et
164 1012 335 1048 gravissimis
351 1012 435 1038 animi
450 1011 589 1038 doloribus
605 1016 792 1047 torqueantur:
819 1020 863 1037 sa-

69 1050 169 1085 pientia
187 1054 227 1076 est
242 1049 408 1080 adhibenda,
426 1057 495 1084 quae
512 1053 538 1075 et
550 1049 695 1076 terroribus
706 1048 863 1083 cupiditati-

68 1088 175 1122 busque
191 1087 329 1118 detractis,
345 1091 371 1113 et
379 1087 501 1113 omnium
514 1086 641 1113 falsarum
653 1087 811 1121 opinionum
824 1091 864 1112 te-

70 1125 189 1151 meritate
205 1124 326 1159 dempta,
347 1125 527 1151 certissimam
543 1132 572 1150 se
587 1123 666 1150 nobis
676 1123 774 1150 ducem
786 1131 863 1158 prae-

866 121 1087 148 MALORUM
1119 122 1239 148 LIB.1.
1267 121 1358 147 CAP.
1390 122 1534 146 14-16.

68 1162 130 1188 beat
140 1161 173 1188 ad
179 1161 354 1196 voluptatem.
376 1161 513 1196 Sapientia
519 1161 591 1188 enim
598 1165 706 1192 estuna,
714 1169 783 1196 quae
791 1168 863 1186 mae-

69 1200 170 1226 stitiam
189 1199 271 1234 pellat
286 1207 320 1225 ex
330 1199 438 1230 animis,
450 1207 519 1233 quae
530 1207 578 1225 nos
589 1198 778 1225 exhorrescere
790 1202 862 1224 metu

71 1245 123 1263 non
139 1237 221 1263 sinat:
248 1245 300 1271 qua
312 1236 492 1271 praeceptrice
504 1237 531 1262 in
543 1235 736 1270 tranquillitate
747 1236 804 1262 vivi
815 1243 864 1270 po—

71 1278 130 1304 test,
144 1274 265 1300 omnium
280 1273 459 1308 cupiditatum
466 1273 700 1300 ardorerestincto.
723 1272 864 1307 Cupidita—

71 1316 110 1338 tes
117 1312 188 1337 enim
195 1311 446 1338 suntinsatiabiles:
461 1319 531 1345 quae
541 1319 594 1337 non
601 1310 680 1337 modo
686 1310 808 1346 singulos
816 1310 864 1336 ho—

70 1349 170 1380 mines,
188 1348 236 1374 sed
251 1349 393 1375 universas
411 1347 527 1374 familias
537 1352 673 1378 evertunt,
691 1352 769 1374 totam
782 1348 862 1374 etiam

71 1385 231 1412 labefactant
241 1394 320 1420 saepe
332 1385 539 1420 rempublicam.
561 1386 603 1412 44.
615 1385 657 1412 Ex
667 1385 863 1420 cupiditatibus

69 1423 140 1454 odia,
153 1423 276 1454 dissidia,
290 1422 449 1454 discordiae,
463 1422 697 1454 seditiones,bella
704 1426 861 1449 nascuntur.

70 1462 125 1487 Nec
140 1460 188 1487 hae
205 1469 263 1486 sese
280 1459 344 1486 foris
359 1459 447 1486 solum
460 1460 566 1491 iactant,
580 1468 628 1486 nec
640 1464 743 1486 tantum
754 1460 782 1486 in
797 1459 863 1486 alios

69 1506 147 1524 caeco
162 1498 264 1532 impetu
277 1498 426 1528 incurrunt,
439 1497 487 1524 sed
498 1498 571 1524 intus
582 1498 661 1524 etiam
674 1497 702 1524 in
713 1497 811 1523 animis
822 1497 864 1523 in—

69 1535 160 1562 clusae
172 1536 241 1562 inter
255 1543 283 1561 se
294 1534 428 1561 dissident
438 1539 517 1570 atque
528 1534 696 1561 discordant:
713 1543 747 1561 ex
757 1542 811 1569 quo
821 1534 864 1560 vi—

71 1577 124 1599 tam
136 1572 333 1598 amarissimam
345 1580 453 1598 necesse
465 1571 595 1598 esteffici:
613 1571 861 1607 utsapienssolum,

70 1614 206 1645 amputata
216 1609 430 1644 circumcisaque
445 1609 572 1636 inanitate
583 1610 658 1636 omni
668 1613 694 1636 et
705 1617 802 1639 errore,
816 1617 864 1634 na-

71 1652 144 1674 turae
156 1646 257 1673 finibus
267 1651 418 1677 contentus,
431 1647 490 1673 sine
502 1646 670 1683 aegritudine
682 1647 863 1681 possitetsine

71 1689 143 1711 metu
156 1685 257 1710 vivere.
280 1685 321 1710 45.
337 1683 410 1716 Quae
422 1688 462 1710 est
472 1685 545 1710 enim
556 1683 789 1711 aututiliorautad
796 1683 863 1710 bene

70 1721 219 1749 vivendum
230 1722 315 1756 aptior
325 1722 441 1756 partitio,
453 1730 535 1756 quam
548 1721 601 1753 illa,
615 1730 667 1756 qua
679 1721 864 1755 estususEpi-

69 1758 170 1786 curus‘?
202 1759 249 1794 qui
265 1767 349 1785 unum
365 1767 452 1794 genus
467 1759 558 1794 posuit
568 1767 661 1785 earum
672 1758 862 1793 cupiditatum,

69 1805 139 1832 quae
149 1800 239 1823 essent
249 1801 274 1823 et
285 1796 418 1823 naturales
430 1800 455 1822 et
465 1796 644 1823 necessariae:
658 1795 782 1827 alterum,
795 1804 864 1831 quae

71 1833 206 1861 naturales
224 1838 323 1864 essent.
349 1842 398 1860 nec
419 1838 506 1860 tamen
530 1834 710 1860 necessariae:
743 1833 861 1864 tertium,

69 1879 139 1906 quae
150 1879 200 1897 nec
210 1870 353 1902 naturales,
366 1879 415 1898 nec
426 1872 603 1898 necessariae.
624 1871 744 1903 Quarum
756 1879 786 1897 ea
799 1872 864 1898 ratio

70 1913 124 1939 est,
142 1912 171 1934 ut
185 1908 351 1934 necessariae
367 1916 415 1934 nec
430 1916 510 1943 opera
525 1908 608 1935 multa
623 1916 671 1935 nec
682 1909 804 1943 impensa
816 1918 864 1935 ex-

70 1945 206 1980 pleantur.
228 1945 269 1971 46.
282 1945 320 1971 Ne
335 1944 468 1971 naturales
479 1945 591 1980 quidem
604 1945 687 1972 multa
698 1945 861 1977 desiderant,

71 1986 210 2017 propterea
224 1981 297 2016 quod
314 1982 371 2016 ipsa
385 1986 478 2008 natura
492 1981 615 2013 divitias,
629 1982 730 2017 quibus
741 1987 863 2010 contenta

71 2020 114 2051 sit,
131 2023 157 2046 et
170 2018 303 2053 parabiles
314 2024 340 2046 et
351 2019 505 2046 terminatas
520 2019 609 2046 habet.
640 2020 763 2046 Inanium
774 2024 863 2047 autem

71 2056 250 2091 cupiditatum
272 2064 320 2082 nec
342 2056 438 2083 modus
454 2056 526 2083 ullus
542 2065 591 2083 nec
607 2056 668 2083 finis
684 2057 800 2084 inveniri
816 2065 863 2092 po-

71 2098 131 2121 test.
172 2093 242 2119 XIV.
264 2092 340 2126 Quod
356 2094 380 2119 si
397 2094 480 2120 vitam
495 2102 603 2120 omnem
620 2094 770 2129 perturbari
788 2094 864 2121 vide-

72 2139 133 2158 mus
148 2138 235 2157 errore
251 2135 276 2157 et
292 2131 445 2157 inscientia:
468 2132 683 2166 sapientiamque
699 2139 757 2158 esse
767 2131 862 2163 solam,

70 2177 140 2204 quae
157 2176 204 2195 nos
219 2176 233 2194 a
245 2167 391 2194 libidinum
403 2169 505 2203 impetu
517 2172 542 2195 et
551 2177 566 2194 a
578 2167 754 2195 formidinum
765 2173 863 2195 terrore

72 2205 203 2236 vindicet,
221 2209 246 2231 et
262 2205 349 2240 ipsius
360 2204 481 2232 fortunae
493 2205 596 2233 modice
608 2205 677 2233 ferre
687 2205 780 2233 doceat
792 2207 864 2233 inin—

71 2244 134 2274 rias,
156 2247 182 2269 et
204 2251 298 2269 omnes
321 2247 449 2269 monstret
469 2243 539 2274 vias,
561 2251 630 2278 quae
650 2242 683 2269 ad
703 2244 822 2278 quietem
838 2248 864 2270 et

71 2279 291 2315 tranquillitatem
304 2279 401 2306 ferant:
424 2280 491 2315 quid
502 2285 550 2311 est,
563 2289 611 2306 cur
621 2280 778 2307 dubitemus
789 2280 864 2307 dice-

71 2326 113 2349 re,
139 2321 165 2344 et
183 2317 342 2352 sapientiam
363 2322 470 2352 propter
489 2317 653 2352 voluptatem
673 2318 860 2353 expetendam,

70 2359 97 2382 et
116 2355 300 2389 insipientiam
322 2359 428 2389 propter
448 2353 583 2381 molestias
603 2363 663 2382 esse
688 2354 864 2391 fugiendam?

71 2392 113 2419 47.
129 2391 285 2427 Eademque
301 2392 401 2418 ratione
417 2400 449 2418 ne
461 2393 664 2426 temperantiam
675 2392 786 2427 quidem
801 2401 863 2427 pro-

71 2433 130 2464 pter
152 2437 181 2456 se
204 2429 382 2464 expetendam
398 2437 457 2456 esse
472 2429 608 2459 dicemus,
626 2429 674 2456 sed
689 2430 753 2464 quia
769 2438 861 2464 pacem

71 2467 170 2493 animis
185 2465 287 2497 afferat,
301 2471 327 2493 et
341 2475 386 2493 eos
401 2467 480 2501 quasi
496 2466 636 2493 concordia
648 2466 764 2501 quadam
777 2466 863 2501 placet

71 2511 102 2530 ac
118 2502 208 2530 leniat.
248 2503 433 2539 Temperantia
450 2509 491 2530 est
505 2504 577 2530 enim
586 2524 592 2534 ,
605 2512 674 2539 quac
687 2504 713 2530 in
726 2503 807 2530 rebus
818 2508 864 2531 aut

71 2540 229 2575 expetendis
240 2545 285 2567 aut
296 2540 446 2577 fugiendis,
460 2541 588 2567 rationem
600 2546 628 2567 ut
638 2549 791 2575 sequamur,
806 2549 864 2567 mo-
883 2562 884 2565 ,

73 2582 126 2604 net.
166 2577 220 2604 Nec
239 2578 312 2605 enim
331 2579 396 2606 satis
416 2583 456 2606 est
472 2578 603 2609 iudicare,
621 2577 687 2613 quid
709 2577 861 2605 faciendum
883 2594 885 2609 1

73 2622 124 2641 non
144 2613 330 2642 faciendumve
346 2617 394 2643 sit:
426 2615 474 2642 sed
490 2621 558 2642 stare
575 2616 655 2642 etiam
665 2620 767 2650 oportet
782 2616 809 2642 in
820 2623 860 2645 eo,

71 2650 143 2687 quod
163 2651 199 2679 sit
221 2651 379 2681 iudicatum.
421 2652 544 2688 Plerique
560 2658 662 2684 autem,
684 2652 757 2688 quod
773 2657 862 2681 tenere

1638 123 1683 147 10ιί
1692 123 1696 146 Ι

912 197 991 226 atque
1003 200 1109 218 servare
1122 191 1147 218 id
1156 213 1162 223 ,
1180 191 1253 227 quod
1263 195 1422 222 statuerunt,
1436 199 1488 217 non
1500 195 1622 225 possunt,
1636 191 1701 217 victi

912 234 937 255 et
952 229 1099 260 debilitati,
1117 229 1220 256 obiecta
1235 229 1325 264 specie
1338 228 1492 263 voluptatis,
1507 228 1615 255 tradunt
1625 237 1653 254 se
1669 228 1702 254 li—

912 266 1053 292 bidinibus
1068 266 1303 301 constringendos,
1321 274 1384 296 nec,
1401 265 1468 301 quid
1484 270 1644 292 eventurum
1656 266 1700 295 sit,

911 303 1066 338 provident,
1088 303 1122 330 oh
1143 311 1256 338 eamque
1276 311 1399 329 caussam
1415 307 1522 337 propter
1537 302 1702 337 voluptatem

912 345 937 367 et
955 349 1065 376 parvam
1081 345 1106 367 et
1121 350 1173 367 non
1190 341 1382 371 necessariam,
1396 345 1421 366 et
1431 348 1500 375 quae
1511 339 1554 366 vel
1566 339 1643 366 aliter
1654 348 1703 374 pa-

912 383 1027 409 raretur,
1044 383 1070 405 et
1084 386 1137 412 qua
1153 378 1233 404 etiam
1244 386 1333 404 carere
1343 382 1452 412 possent
1462 378 1521 404 sine
1532 377 1631 408 dolore,
1645 382 1702 403 tum

913 416 939 441 in
961 415 1068 442 morbos
1082 423 1192 450 graves,
1210 420 1267 442 tum
1284 415 1310 441 in
1327 414 1437 445 damna,
1456 419 1513 441 tum
1529 415 1557 441 in
1572 414 1704 441 dedecora

912 453 1065 479 incurrunt:
1092 461 1170 487 saepe
1182 453 1262 478 etiam
1275 452 1364 487 legum
1379 451 1597 487 iudiciorumque
1609 452 1704 487 poenis

911 489 1075 525 obligantur.
1116 491 1157 516 48.
1174 489 1226 521 Qui
1242 494 1330 516 autem
1343 490 1377 515 ita
1389 488 1442 515 frui
1454 488 1548 515 volunt
1557 488 1704 524 voluptati-

913 526 977 558 buS,
1000 531 1030 553 ut
1050 526 1118 552 nulli
1137 531 1245 561 propter
1259 535 1304 552 eas
1319 525 1424 553 dolores
1439 531 1650 561 consequantur:
1678 531 1704 552 et

912 564 960 598 qui
980 572 1061 590 suum
1073 563 1207 590 iudicium
1228 565 1351 594 retinent,
1374 571 1407 590 ne
1427 562 1563 597 voluptate
1579 564 1644 590 victi
1663 562 1704 589 fa-

912 602 984 627 ciant
995 600 1032 632 id,
1045 600 1117 635 quod
1128 602 1248 627 sentiunt
1259 610 1310 627 non
1322 609 1381 627 esse
1393 600 1562 626 faciendum:
1586 600 1614 626 hi
1626 599 1704 627 volu-

912 642 1012 672 ptatem
1028 639 1173 664 maximam
1189 638 1389 673 adipiscuntur,
1406 637 1640 673 praetermittenda
1656 646 1704 664 vo-

914 675 1023 710 luptate.
1063 675 1147 701 Iidem
1168 676 1247 702 etiam
1268 675 1387 701 dolorem
1410 683 1490 709 saepe
1505 675 1701 710 perpetiuntur.

913 721 959 743 ne,
981 713 1004 739 si
1016 712 1043 739 id
1055 721 1106 739 non
1117 712 1228 743 faciant,
1249 712 1370 739 incidant
1381 713 1408 739 in
1420 713 1558 738 maiorem.
1598 712 1639 738 Ex
1650 720 1704 747 quo

912 749 1085 785 intelligitur,
1109 758 1158 776 nec
1178 750 1411 784 intemperantiam
1427 754 1535 784 propter
1552 757 1580 775 se
1596 749 1704 784 fugien-

912 788 974 814 dam
990 795 1062 813 esse:
1089 788 1349 822 temperantiamque
1363 786 1554 821 expetendam,
1573 795 1624 812 non
1639 787 1703 821 quia

913 825 1062 859 voluptates
1087 824 1185 859 fugiat,
1216 824 1264 850 sed
1289 824 1352 858 quia
1377 824 1491 850 maiores
1513 828 1703 859 consequatur.

912 862 971 888 XV.
996 863 1036 888 49.
1058 862 1160 888 Eadem
1176 861 1342 888 fortitudinis
1358 862 1423 887 ratio
1439 861 1595 895 reperietur.
1637 861 1704 886 Nam

912 908 1000 935 neque
1012 899 1134 926 laborum
1148 898 1308 933 perfunctio,
1322 906 1410 933 neque
1421 899 1559 933 perpessio
1570 897 1702 928 dolorum,

912 946 961 972 per
985 946 1013 963 se
1039 938 1097 971 ipsa
1113 936 1210 963 allicit:
1244 944 1293 962 nec
1313 936 1454 970 patientia,
1477 944 1526 962 uec
1547 935 1713 969 assiduitas„

913 983 962 1001 nec
982 974 1106 1010 vigiliae,
1128 982 1177 1000 nec
1191 982 1221 1000 ea
1232 974 1306 1008 ipsa,
1323 981 1393 1008 quae
1405 972 1542 1004 laudatur,
1557 972 1702 1004 industria,

914 1020 946 1038 ne
958 1011 1085 1038 fortitudo
1096 1011 1222 1046 quidem:
1246 1010 1295 1036 sed
1309 1011 1359 1037 ista
1369 1010 1519 1045 sequimur,
1533 1015 1562 1036 ut
1572 1011 1630 1037 sine
1641 1018 1705 1036 cura

913 1054 1041 1084 metuque
1058 1049 1196 1080 vivamus,
1214 1049 1391 1082 animumque
1406 1052 1432 1074 et
1445 1056 1556 1082 corpuS,
1574 1053 1705 1082 quantum

914 1086 1020 1113 efficere
1030 1087 1176 1121 possimus,
1190 1085 1312 1112 molestia
1324 1085 1480 1112 liberemus.
1507 1085 1539 1111 Ut
1551 1085 1623 1111 enim
1635 1093 1706 1111 mor-

913 1126 948 1151 tis
962 1128 1036 1150 metu
1050 1125 1139 1151 omnis
1154 1124 1261 1158 quietae
1276 1124 1346 1150 vitae
1362 1126 1447 1150 status
1461 1122 1645 1157 perturbatur:
1682 1127 1706 1148 et

913 1165 956 1192 ut,
974 1161 1152 1188 succumbere
1166 1160 1306 1188 doloribus
1320 1168 1420 1195 eosque
1436 1159 1534 1186 humili
1549 1160 1639 1186 animo
1654 1160 1707 1185 im—

915 1198 1066 1233 becilloque
1088 1198 1156 1225 ferre
1175 1198 1306 1224 miserum
1321 1202 1375 1229 est,
1397 1197 1432 1224 ob
1447 1205 1561 1232 eamque
1580 1196 1706 1224 debilita-

914 1240 967 1262 tem
989 1237 1072 1262 animi
1097 1235 1176 1263 multi
1196 1239 1333 1270 parentes,
1352 1234 1430 1261 multi
1451 1235 1565 1265 amicos,
1582 1233 1706 1261 nonnulli

914 1274 1042 1308 patriam,
1059 1273 1181 1308 plerique
1197 1278 1287 1300 autem
1310 1281 1339 1299 se
1359 1273 1432 1307 ipsos
1456 1273 1564 1307 penitus
1580 1271 1707 1306 perdide-

914 1315 990 1338 runt:
1017 1311 1056 1337 sic
1071 1311 1198 1337 robustus
1214 1310 1321 1337 animus
1332 1314 1357 1336 et
1367 1309 1491 1337 excelsus
1502 1310 1576 1336 omni
1587 1314 1626 1335 est
1639 1308 1707 1335 liber

914 1356 978 1374 cura
993 1352 1019 1375 et
1034 1356 1145 1384 angore,
1163 1356 1249 1383 quum
1264 1352 1290 1375 et
1299 1352 1411 1374 mortem
1423 1347 1577 1377 contemnit,
1591 1355 1644 1381 qua
1658 1347 1706 1381 qui

914 1385 1000 1412 affecti
1011 1391 1082 1417 sunt.
1099 1386 1126 1412 in
1137 1385 1230 1412 eadem
1242 1394 1337 1412 caussa
1348 1389 1424 1416 sunt,
1440 1392 1492 1419 qua
1504 1388 1647 1418 antequam
1658 1392 1707 1410 na-

914 1423 947 1449 ti:
974 1427 1000 1450 et
1010 1422 1043 1450 ad
1054 1422 1158 1450 dolores
1170 1424 1205 1449 ita
1217 1428 1326 1458 paratus
1337 1427 1385 1453 est,
1399 1426 1428 1448 ut
1438 1422 1604 1452 meminerit,
1618 1421 1705 1448 niaxi-

914 1468 972 1487 mos
988 1465 1072 1487 morte
1083 1460 1168 1491 finiri,
1185 1469 1281 1495 parvos
1297 1459 1380 1486 multa
1396 1459 1495 1486 habere
1510 1458 1652 1485 intervalla
1664 1466 1707 1485 re-

915 1498 1028 1532 quietis,
1042 1498 1218 1524 mediocrium
1231 1507 1279 1524 nos
1290 1506 1348 1524 esse
1360 1497 1497 1523 dominos:
1520 1500 1562 1526 ut,
1575 1497 1598 1522 si
1610 1495 1707 1523 tolera-

915 1535 983 1561 biles
999 1536 1066 1567 sint,
1083 1535 1214 1562 feramus:
1246 1536 1287 1561 sin
1300 1535 1404 1565 minus,
1418 1542 1503 1568 aequo
1514 1534 1603 1560 animo
1615 1542 1628 1559 e
1641 1534 1704 1563 vita,

914 1581 1000 1607 quum
1010 1581 1040 1599 ea
1057 1581 1108 1599 non
1124 1575 1239 1607 placeat,
1257 1578 1393 1607 tamquam
1409 1580 1423 1597 e
1435 1571 1549 1602 theatro,
1566 1579 1705 1597 exeamus.

914 1610 1020 1642 Quibus
1032 1610 1112 1637 rebus
1125 1609 1298 1646 intelligitur,
1315 1617 1364 1636 nec
1375 1608 1544 1636 timiditatem
1556 1609 1708 1643 ignaviam·

915 1655 969 1682 que
984 1648 1145 1683 vituperari,
1163 1656 1212 1673 nec
1228 1647 1411 1674 fortitudinem
1423 1646 1633 1681 patientiamque
1649 1645 1707 1672 lau·

915 1685 972 1711 dari
988 1694 1038 1712 suo
1055 1685 1176 1711 nomine:
1202 1685 1250 1711 sed
1266 1684 1325 1711 illas
1342 1684 1430 1713 reiici,
1450 1684 1514 1718 quia
1529 1682 1647 1709 dolorem
1660 1691 1708 1717 pa-

916 1723 997 1755 riant;
1025 1722 1073 1749 has
1083 1723 1182 1757 optari,
1196 1723 1260 1757 quia
1273 1719 1447 1756 voluptatem.
1488 1720 1557 1747 XVI.
1570 1721 1612 1746 50.
1628 1721 1707 1746 lusti-

915 1760 951 1787 tia
967 1764 1060 1790 restat,
1077 1764 1107 1786 ut
1119 1759 1152 1785 de
1167 1760 1241 1786 omni
1253 1761 1351 1786 virtute
1362 1759 1397 1785 sit
1408 1758 1524 1786 dietum:
1547 1757 1594 1784 sed
1606 1757 1706 1783 similia

916 1796 970 1823 fere
985 1797 1040 1823 dici
1056 1801 1178 1831 possunt.
1219 1797 1252 1824 Ut
1266 1797 1339 1823 enim
1354 1796 1528 1830 sapientiam,
1557 1800 1708 1830 temperan-

915 1835 993 1866 tiam,
1017 1834 1214 1864 fortitudinem,
1231 1833 1368 1869 copulatas
1384 1842 1443 1860 esse
1457 1833 1537 1860 docui
1552 1841 1614 1859 cum
1631 1832 1708 1859 volu-

916 1876 999 1907 ptate,
1023 1876 1052 1899 ut
1067 1871 1101 1898 ab
1116 1880 1146 1898 ea
1166 1871 1241 1898 nullo
1257 1871 1335 1898 modo
1352 1879 1399 1897 nec
1410 1870 1518 1900 divelli,
1532 1878 1580 1896 nec
1592 1869 1707 1896 distrahi

914 1910 1032 1944 possint:
1053 1909 1093 1936 sic
1104 1908 1138 1935 de
1150 1909 1251 1936 iustitia
1262 1908 1438 1935 iudicandum
1445 1913 1498 1935 est:
1516 1916 1584 1943 quae
1591 1916 1642 1934 non
1651 1915 1708 1933 mo-

914 1946 949 1973 do
960 1955 1109 1982 numquam
1121 1951 1198 1973 nocet
1211 1947 1338 1981 cuiquam
1347 1966 1353 1976 ,
1370 1945 1418 1972 sed
1428 1950 1519 1972 contra
1529 1953 1636 1979 semper
1647 1943 1707 1970 alli-

914 1984 973 2011 cit*
993 1992 1080 2019 quum
1105 1985 1133 2011 vi
1156 1992 1205 2010 sua
1225 1989 1305 2019 atque
1326 1988 1433 2013 natura,
1458 1982 1531 2018 quod
1552 1981 1707 2017 tranquillet

915 2021 1032 2048 animos:
1055 2026 1112 2048 tum
1124 2029 1181 2056 spe.
1195 2021 1361 2048 niliilearum
1369 2019 1707 2053 rerumtlefuturum,quas

917 2063 1010 2085 natura
1030 2066 1082 2085 non
1093 2058 1238 2093 depravata
1249 2057 1393 2085 desideret.
1434 2057 1467 2084 Et
1477 2057 1706 2092 quemadmodum

916 2096 1051 2122 temeritas
1065 2100 1091 2122 et
1106 2095 1191 2122 libido
1202 2100 1228 2122 et
1238 2096 1344 2131 ignavia
1356 2103 1463 2129 semper
1474 2095 1596 2121 animum
1610 2102 1705 2120 excru-

914 2133 986 2158 ciant
1000 2137 1026 2159 et
1040 2140 1147 2166 semper
1161 2132 1306 2159 sollicitant
1321 2132 1545 2167 turbulentaeque
1559 2136 1635 2158 sunt:
1667 2131 1706 2156 sic

916 2170 1046 2196 iniustitia
1067 2170 1146 2196 cuius
1167 2170 1194 2196 in
1216 2174 1305 2196 mente
1325 2169 1459 2199 consedit,
1478 2169 1528 2195 lioc
1544 2170 1616 2203 ipso,
1633 2167 1706 2203 quod

915 2206 1003 2238 adest,
1028 2206 1182 2233 turbulenta
1208 2215 1260 2233 non
1283 2210 1369 2240 potest
1390 2214 1441 2232 non
1463 2205 1473 2218 ‘
1496 2206 1566 2232 fieri:
1598 2206 1621 2232 si
1643 2213 1706 2231 vero

915 2243 1006 2270 molita
1021 2243 1162 2278 quippiam
1179 2248 1232 2274 est,
1248 2244 1375 2278 quamvis
1390 2242 1492 2270 occulte
1508 2242 1612 2273 fecerit,
1627 2251 1706 2269 num-

914 2290 995 2316 quam
1013 2285 1100 2307 tamen
1113 2280 1139 2307 id
1152 2280 1269 2307 confidet
1279 2279 1334 2307 fore
1344 2288 1452 2315 semper
1461 2280 1607 2307 oecultum.
1648 2278 1706 2305 l'le-

915 2326 1030 2353 rumque
1051 2317 1235 2352 improborum
1257 2317 1323 2344 facta
1343 2318 1430 2351 primo
1447 2318 1568 2351 suspicio
1584 2317 1706 2351 insequi-

914 2360 970 2387 tur;
1001 2355 1100 2381 deindo
1110 2363 1199 2382 sermo
1209 2360 1289 2389 atque
1302 2354 1384 2385 fama3
1413 2359 1468 2380 tum
1481 2359 1631 2384 accusator,
1648 2359 1705 2380 tum

915 2392 1009 2419 iudex:
1043 2391 1120 2418 multi
1135 2393 1229 2422 etiam.
1247 2397 1277 2418 ut
1292 2397 1315 2418 te
1326 2391 1449 2420 consule,
1464 2391 1515 2425 ipsi
1527 2400 1555 2417 se
1568 2390 1704 2417 indicave-

915 2434 985 2456 runt.
1007 2431 1048 2455 5⁴.
1061 2429 1137 2461 Quod
1151 2430 1174 2455 si
1187 2430 1234 2464 qui
1247 2429 1312 2456 satis
1323 2429 1376 2455 sibi
1388 2433 1477 2454 eontra
1490 2428 1629 2454 hominum
1641 2437 1704 2454 eon-

913 2467 1054 2493 scientium
1074 2467 1143 2501 septi
1159 2475 1219 2493 esse
1236 2471 1261 2493 et
1278 2466 1374 2492 muniti
1392 2465 1529 2494 videntur,
1542 2465 1655 2492 deorum
1666 2471 1705 2492 ta-

914 2512 975 2530 men
988 2503 1107 2534 horrent.
1125 2512 1224 2539 easque
1236 2505 1308 2538 ipsas
1319 2502 1529 2531 sollicitudines.
1547 2502 1649 2538 quibus
1659 2511 1705 2529 eo—

914 2550 974 2567 rnm
989 2541 1073 2567 animi
1090 2546 1180 2568 noctes
1198 2546 1278 2576 atquo
1293 2540 1351 2567 dies
1366 2539 1530 2568 exeduntur,
1549 2549 1562 2565 a
1582 2539 1636 2566 diis
1653 2541 1704 2566 im-

915 2578 1073 2605 mortalibus
1088 2578 1217 2614 supplicii
1233 2586 1328 2604 caussa
1341 2577 1476 2612 importari
1488 2582 1590 2611 putant.
1630 2579 1704 2609 Quae

915 2621 1003 2642 autem
1025 2620 1095 2642 tanta
1116 2624 1150 2642 ex
1166 2615 1297 2650 improbis
1314 2614 1389 2641 factis
1405 2614 1438 2641 ad
1457 2614 1617 2642 minuendas
1634 2615 1704 2641 vitae

915 2652 1050 2681 molestias
1066 2653 1184 2680 accessio
1199 2653 1254 2680 lieri
1271 2657 1369 2687 potest.
1387 2656 1486 2687 quanta
1502 2651 1535 2679 ad
1554 2652 1701 2688 augendas,

1454 2701 1500 2725 ¹26
