1941 3052
409 160 595 188 ORATIO
627 160 716 187 PRO
749 161 779 187 A.
815 160 1044 187 CAECINA.
1079 161 1176 187 CAP.

51 235 174 265 stituere,
197 242 251 269 quo
268 233 311 260 die
329 234 357 259 in
376 241 432 259 rem
446 237 613 267 praesentem
627 233 764 259 veniretur
777 236 802 259 et
815 231 848 258 de
868 233 870 236 '

52 272 136 299 fundo
150 271 260 298 Caecina
275 271 395 297 moribus
414 270 600 297 deduceretur.

51 310 112 336 Dies
130 318 163 335 ex
182 309 324 343 utriusque
342 308 482 334 commodo
495 309 621 334 sumitur.
662 308 771 335 Caecina
786 316 848 333 cum

51 346 145 373 amicis
159 346 192 372 ad
206 346 277 372 diem
291 346 362 372 venit
372 346 399 371 in
411 345 550 372 castellum
561 346 670 372 Axiam:
686 354 719 372 ex
729 353 782 380 quo
794 344 850 371 loco

52 383 153 410 fundus
167 384 204 415 is,
221 383 253 409 de
267 392 321 418 quo
334 384 436 419 agitur,
458 392 509 409 non
525 383 601 418 longe
616 383 699 409 abest.
740 383 779 408 Ibi
793 391 850 408 cer-

51 422 102 448 tior
116 421 144 447 fit
158 430 171 447 a
187 420 324 456 pluribus,
342 421 463 447 homines
478 421 638 455 permultOS,
660 420 756 446 liberos
771 424 850 454 atque

51 467 158 489 servos,
183 459 302 493 coegisse
325 462 351 484 et
372 467 489 484 armasse
512 458 668 484 Aebutium.
709 457 799 489 Quum
822 456 850 482 id

51 496 149 531 partim
168 497 341 527 mirarentur,
363 496 458 530 partim
478 504 529 521 non
544 495 695 521 crederent:
720 503 779 520 ecce
792 495 850 528 ipse

51 533 184 560 Aebutius
198 533 225 559 in
240 533 379 559 castellum
395 533 476 559 venit.
512 533 654 558 Denuntiat
669 532 804 562 Caecinae,
821 540 850 557 se

51 575 166 598 armatos
181 570 292 597 habere:
309 571 444 596 abiturum
459 579 521 596 eum
535 578 587 596 non
601 578 668 600 esse,
685 570 707 595 si
722 568 850 595 accessis-

50 612 101 635 set.
124 608 250 635 Caecinae
262 608 362 643 placuit
376 612 400 633 et
414 608 515 638 amicis,
532 606 620 642 quoad
631 607 766 632 videretur
776 605 851 632 salvo

51 646 138 680 capite
153 645 208 672 [ieri
224 654 315 680 posse,
339 645 463 679 experiri.
504 646 545 671 et.
567 645 603 670 De
617 643 726 670 castello
739 643 850 669 descen-

51 683 129 714 dunt,
142 684 170 709 in
181 682 295 709 fundum
306 682 519 718 proficiscuntur.
547 681 658 708 Videtur
668 685 766 707 temere
777 689 850 706 com-

51 721 176 752 missum,
193 729 295 751 verum,
313 724 341 746 ut
355 720 456 754 opinor,
474 719 522 745 hoc
537 718 587 745 fuit
600 727 723 744 caussae:
744 722 797 744 tam
811 722 851 744 te-

51 766 124 785 mere
139 758 222 784 istum
236 766 263 784 re
277 757 493 787 commissurum,
511 765 591 791 quam
604 756 693 782 verbis
708 755 850 781 minitaba-

51 799 108 827 tur,
135 803 212 822 nemo
230 795 343 830 putavit.
383 794 449 821 VIII.
472 794 558 828 Atque
577 794 626 819 iste
645 793 677 819 ad
695 802 788 820 omnes
808 793 850 818 in-

51 833 159 864 troitus,
182 841 234 867 qua
248 832 316 858 adiri
330 836 430 866 poterat
444 840 495 857 non
511 831 589 857 modo
602 832 629 857 in
645 839 706 857 eum
722 830 846 861 fundum,

51 870 85 897 de
102 878 156 905 quo
174 870 351 896 controversia
370 874 436 900 erat,
457 869 504 894 sed
523 870 602 895 etiam
620 869 647 894 in
667 868 744 894 illum
760 868 850 903 proxi-

51 916 140 938 mum,
160 907 193 933 de
210 915 265 942 quo
282 906 349 933 nihil
368 906 568 942 ambigebatur,
593 911 707 932 armatos
727 906 849 932 homines

50 945 170 980 opponit.
210 945 302 980 Itaque
320 945 408 979 primo
425 953 510 979 quum
532 944 558 970 in
577 944 717 978 antiquum
732 943 848 969 fundum

50 982 156 1018 ingredi
174 981 266 1013 vellet,
287 981 360 1017 quod
379 990 407 1008 ea
422 982 543 1016 proxime
557 981 646 1007 accedi
661 986 773 1016 poterat,
797 980 850 1007 fre-

51 1024 163 1054 quentes
182 1020 275 1046 armati
296 1020 466 1046 obstiterunt.
506 1021 548 1046 22.
570 1018 628 1051 Quo
648 1018 703 1045 loco
717 1018 849 1053 depulsus

51 1057 176 1089 Caecina,
197 1061 298 1088 tamen,
321 1065 373 1092 qua
388 1057 487 1092 potuit,
508 1056 540 1082 ad
555 1065 616 1082 eum
632 1056 746 1082 fundum
762 1055 850 1091 profe-

51 1099 110 1121 ctus
124 1099 172 1126 est,
188 1095 216 1121 in
230 1103 284 1130 quo
298 1103 331 1121 ex
344 1098 477 1121 conventu
488 1095 542 1120 vim
558 1094 614 1120 fieri
624 1093 774 1128 oportebat:
791 1094 849 1119 cius

51 1136 140 1158 autem
160 1131 236 1158 fundi
254 1137 400 1158 extremam
420 1136 521 1166 partem
539 1131 612 1158 oleae
634 1132 735 1158 directo
757 1131 849 1157 ordine

51 1169 192 1196 definiunt.
214 1168 255 1196 Ad
270 1178 313 1196 eas
327 1178 413 1205 quum
427 1169 604 1200 accederetur,
621 1169 671 1195 iste
685 1178 746 1195 cum
762 1169 850 1195 omni-

49 1207 103 1234 bus
121 1207 205 1242 copiis
223 1211 327 1242 praesto
346 1207 409 1238 fuit,
435 1215 599 1242 servumque
622 1216 717 1238 suum,
743 1207 849 1233 nomine

50 1244 222 1275 Antiochum,
239 1245 272 1271 ad
286 1253 314 1271 se
327 1245 438 1275 vocavit,
454 1248 479 1270 et
492 1244 561 1271 clara
576 1253 639 1271 voce
653 1245 803 1280 imperavit,
821 1248 850 1270 ut

51 1290 123 1313 eum,
140 1282 187 1317 qui
202 1282 279 1308 illum
294 1282 412 1309 olearum
426 1282 546 1308 ordinem
558 1282 691 1313 intrasset,
708 1282 848 1308 occideret.

51 1320 136 1346 Homo
150 1328 207 1346 mea
222 1321 351 1346 sententia
371 1320 599 1354 prudentissimus
614 1320 738 1351 Caecina,
762 1324 849 1346 tamen

51 1358 79 1384 in
95 1357 143 1383 hac
157 1365 185 1383 re
198 1356 260 1392 plus
275 1357 342 1383 mihi
356 1357 447 1388 animi,
463 1366 545 1392 quam
560 1357 665 1383 consilii
682 1357 788 1383 videtur
802 1357 850 1382 ha-

51 1394 155 1421 buisse.
197 1395 263 1421 Nam
277 1403 362 1430 quum
377 1399 402 1420 et
416 1399 577 1421 armatorum
592 1394 794 1421 multitudinem
809 1395 850 1420 vi-

51 1431 137 1463 deret,
159 1435 184 1458 et
202 1440 259 1458 eam
279 1441 370 1459 vocem
389 1432 510 1463 Aebutii,
531 1441 613 1467 quam
631 1432 847 1463 commemoravi,

52 1469 186 1496 audisset:
211 1474 299 1496 tamen
314 1470 425 1496 accessit
439 1470 563 1504 propius,
585 1474 610 1496 et
628 1470 680 1495 iam
695 1469 849 1505 ingrediens

52 1507 120 1533 intra
135 1507 215 1533 tinem
230 1508 288 1534 eius
304 1507 362 1538 loci,
379 1515 459 1542 quem
474 1506 547 1533 oleae
562 1507 747 1538 terminabant,
764 1508 850 1542 impe-

52 1549 109 1571 tum
124 1545 217 1570 armati
232 1544 355 1571 Antiochi
370 1549 572 1579 ceterorumque
591 1545 641 1570 tela
660 1549 740 1580 atque
759 1545 850 1571 incur-

51 1591 99 1608 sus
117 1581 225 1617 refugit.
266 1582 366 1608 Eodem
387 1586 505 1616 tempore
519 1590 547 1607 se
561 1582 588 1608 in
605 1581 696 1618 fugam
710 1581 850 1608 conferunt

52 1628 104 1646 una
118 1620 196 1646 amici
210 1619 385 1654 advocatique
399 1620 457 1645 eius
472 1624 543 1645 metu
559 1620 703 1654 perterriti,
719 1619 850 1654 quemad-

51 1656 160 1683 modum
175 1656 282 1683 illorum
298 1662 391 1683 testem
407 1657 494 1683 dicere
508 1657 628 1683 audistis.
651 1659 691 1683 ‘23-
708 1658 754 1683 His
770 1657 849 1683 rebus

51 1695 87 1721 ita
100 1695 197 1730 gestis,
213 1695 242 1721 P.
258 1694 392 1721 Dolabella
406 1699 510 1729 praetor
523 1694 674 1726 interdixit,
691 1699 720 1721 ut
733 1700 773 1721 est
787 1704 851 1721 eon-

50 1732 179 1763 suetudo,
200 1741 234 1758 οε
255 1741 296 1763 νι,
317 1741 478 1759 ηουικιιιυε
495 1740 636 1763 Animis,
657 1733 715 1758 sine
733 1732 788 1758 ulla
803 1741 850 1759 ex-

50 1770 184 1805 ceptione,
210 1774 326 1800 tantum,
351 1774 393 1801 ut,
419 1769 490 1796 unde
509 1769 662 1801 deiecisset,
687 1771 848 1796 restitueret.

51 1806 211 1833 Restituisse
225 1815 254 1833 se
267 1807 345 1834 dixit.
373 1807 486 1842 Sponsio
501 1806 569 1834 facta
584 1811 632 1834 est.
655 1807 708 1834 Hac
721 1807 754 1834 de
768 1816 850 1843 spon-

51 1844 126 1872 sione
140 1844 216 1871 vobis
230 1844 405 1871 iudicandum
420 1849 469 1871 est.

105 1882 152 1908 IX.
175 1882 290 1908 Maxime
304 1881 355 1909 fuit
368 1882 514 1917 optandum
529 1882 664 1915 Caecinae,
681 1887 850 1917 recuperato—

52 1927 106 1951 res,
123 1924 153 1946 ut
165 1920 360 1946 controversiae
375 1919 441 1946 nihil
457 1920 578 1951 haberet,
595 1920 713 1947 secundo
729 1920 797 1951 loco,
820 1925 850 1946 ut

52 1965 84 1983 ne
102 1965 164 1983 cum
184 1961 236 1983 tam
255 1957 377 1992 improbo
395 1957 516 1988 homine,
542 1958 632 1989 tertio,
658 1962 688 1984 ut
710 1966 771 1984 cum
795 1962 848 1984 tam

49 1994 131 2021 stulto
146 1994 264 2021 haberet.
294 1995 399 2021 Etenim
414 2003 466 2021 non
482 1995 572 2021 minus
587 2003 634 2021 nos
649 1995 760 2022 stultitia
775 1995 849 2021 illius

49 2031 187 2063 sublevat,
211 2040 292 2066 quam
316 2031 396 2058 laedit
418 2032 585 2066 improbitas.
625 2032 767 2067 Improbus
788 2031 847 2063 fuit,

49 2068 123 2104 quod
134 2069 255 2095 homines
266 2070 361 2105 coegit,
377 2070 498 2101 armavit,
515 2070 610 2096 coactis
621 2071 783 2104 armatisque
794 2070 848 2096 vim

50 2106 122 2133 fecit.
163 2106 251 2132 Laesit
272 2107 300 2132 in
323 2115 354 2133 eo
376 2106 529 2138 Caecinam,
558 2107 711 2134 sublevavit
737 2107 848 2134 ibidem.

50 2144 117 2170 Nam
132 2144 159 2170 in
175 2152 219 2170 eas
234 2144 306 2179 ipsas
320 2152 375 2175 reS,
391 2153 459 2179 quas
474 2144 674 2178 improbissime
689 2144 758 2176 fecit,
776 2145 850 2171 testi-

50 2181 138 2208 monia
157 2182 288 2216 sumpsit,
317 2186 343 2208 et
360 2181 399 2207 eis
418 2182 445 2208 in
463 2190 557 2208 caussa
576 2183 736 2208 testimoniis
755 2183 848 2209 utitur.

50 2219 92 2246 24.
112 2219 204 2254 ltaque
219 2219 285 2245 mihi
300 2223 402 2245 certum
417 2223 465 2250 est,
483 2224 688 2254 recuperatores,
705 2224 848 2255 antequam

50 2255 83 2283 ad
101 2265 188 2282 meam
207 2256 389 2283 defensionem
410 2265 537 2291 meosque
556 2261 635 2283 testes
655 2258 746 2288 venio,
774 2257 849 2284 illius

50 2294 90 2320 uti
103 2293 271 2320 confessione
284 2298 310 2320 et
324 2294 493 2320 testimoniis.
515 2293 585 2326 Quid
598 2294 756 2321 confitetur?
769 2299 849 2330 atque

49 2330 85 2358 ita
100 2330 213 2358 libenter
225 2331 374 2362 confitetur,
392 2336 420 2358 ut
435 2340 486 2357 non
500 2331 588 2357 solum
604 2331 691 2363 fateri,
708 2332 755 2358 sed
769 2333 848 2358 etiam

50 2367 168 2403 profiteri
178 2368 309 2400 videatur,
324 2368 539 2404 recuperatores?
548 2369 698 2396 Convocavi
710 2369 846 2396 homines:

50 2406 137 2442 coegi:
157 2407 272 2433 armavi:
293 2410 391 2433 terrore
406 2407 497 2433 mortis
512 2415 541 2432 ac
555 2406 673 2441 periculo
687 2407 795 2442 capitis,
817 2416 849 2433 ne

51 2442 198 2475 accederes,
214 2444 319 2471 obstiti:
336 2443 413 2475 ferro,
430 2444 525 2479 inquit,
544 2443 620 2475 ferro,
634 2444 669 2479 (et
680 2444 729 2470 hoc
743 2444 808 2470 dicit
823 2445 848 2470 in

50 2479 171 2516 iudici0,)
185 2485 209 2507 te
223 2482 301 2508 reieci
316 2486 395 2517 atque
410 2481 550 2516 perterrui.
585 2481 674 2513 Quid?
687 2486 767 2508 testes
782 2481 848 2516 quid

51 2517 143 2544 aiunt?
164 2518 193 2544 P.
208 2518 335 2550 Vetilius,
356 2519 525 2554 propinquus
544 2518 665 2550 Aebutii,
688 2527 716 2545 se
735 2519 849 2545 Aebutio

51 2561 112 2581 cum
126 2556 235 2582 armatis
249 2557 334 2583 servis
348 2557 455 2583 venisse
473 2556 642 2582 advocatum.
682 2556 753 2588 Quid
773 2565 848 2591 prae-

51 2591 139 2618 terea?
152 2592 235 2620 fuisse
249 2594 401 2629 complures
415 2598 537 2620 armatos.
572 2593 642 2626 Quid
657 2593 749 2620 aliud?
763 2594 849 2619 mina-

50 2631 108 2655 tum
121 2638 180 2657 esse
194 2629 339 2658 Aebutium
355 2631 490 2658 Caecinae.
524 2631 595 2668 Quid
610 2639 659 2666 ego
672 2631 705 2657 de
720 2631 769 2657 hoe
783 2636 848 2657 teste

51 2665 151 2699 dicam,
172 2667 224 2694 nisi
238 2667 300 2700 hoc,
321 2673 531 2704 recuperatores,
555 2672 585 2694 ut
599 2677 630 2694 ne
646 2668 742 2695 idcirco
758 2669 849 2695 minus

52 2703 76 2730 ei
89 2704 216 2737 credatis,
235 2705 308 2741 quod
323 2705 402 2733 homo
415 2707 505 2733 minus
519 2705 632 2733 idoneus
647 2705 773 2733 habetur:
801 2706 848 2732 sed

641 270 846 305 Colloquuntur.

1214 162 1227 187 4
1248 176 1284 180 ——
1308 162 1348 187 40.
1649 162 1700 187 337

900 231 959 258 ideo
977 231 1103 262 credatis,
1123 231 1195 267 quod
1215 240 1248 258 ex
1266 231 1311 257 illa
1330 236 1403 266 parte
1422 231 1449 258 id
1469 231 1546 261 dicit,
1569 231 1640 266 quod
1659 232 1698 258 illi

900 278 1010 295 caussae
1024 270 1140 295 maxime
1154 274 1194 295 est
1208 269 1344 295 alienum?
1364 271 1406 295 25.
1422 269 1452 295 A.
1469 269 1617 299 Terentius,
1634 269 1700 295 alter

901 307 983 338 testis,
1001 315 1052 333 non
1068 307 1146 333 modo
1159 306 1314 337 Aebutium,
1330 306 1376 332 sed
1391 307 1469 332 etiam
1485 315 1512 332 se
1527 307 1584 340 ipse
1600 306 1700 332 facino-

901 344 937 370 ris
952 345 1049 380 arguit.
1088 345 1117 370 In
1132 344 1277 370 Aebutium
1292 344 1341 370 hoc
1357 344 1433 374 dicit,
1449 349 1562 370 armatos
1577 344 1699 370 homines

902 381 999 414 fuisse:
1020 381 1052 407 de
1067 390 1095 407 se
1109 386 1197 407 autem
1212 382 1261 407 hoc
1276 381 1421 416 praedicat,
1437 381 1574 411 Antiocho,
1592 381 1698 407 Aebutii

902 428 991 450 servo,
1013 419 1173 453 imperasse,
1194 424 1223 445 ut
1240 420 1267 444 in
1283 419 1421 445 Caecinam
1437 418 1622 444 advenientem
1637 427 1699 444 cum

903 456 971 482 ferro
985 456 1132 482 invaderet.
1173 456 1244 488 Quid
1260 456 1352 491 loquar
1365 456 1482 491 amplius
1497 456 1529 482 dc
1544 456 1594 481 hoc
1612 456 1700 482 homi-

903 493 953 519 ne?
978 494 1006 520 In
1026 502 1106 528 quem
1125 502 1174 529 ego
1192 494 1292 525 dicere,
1315 503 1400 528 quum
1420 502 1526 529 rogarer
1543 502 1556 519 a
1577 493 1697 524 Caecina,

902 539 1050 565 numquam
1065 531 1152 562 volui,
1174 540 1207 557 ne
1221 540 1331 566 arguere
1345 531 1423 557 illum
1438 531 1474 556 rei
1489 531 1609 565 capitalis
1625 531 1701 557 vide-

902 576 955 600 rer,
984 568 1017 594 de
1031 577 1061 594 eo
1074 568 1169 594 dubito
1183 577 1267 599 nune,
1288 568 1421 603 quomodo
1436 574 1480 594 aut
1496 568 1588 603 loquar
1602 573 1647 594 aut
1661 573 1700 594 ta-

902 614 988 636 ceam,
1011 614 1096 640 quum
1115 606 1173 640 ipse
1192 605 1242 631 hoc
1260 605 1292 631 de
1312 615 1339 631 se
1354 606 1457 631 iuratus
1472 606 1614 640 praedicet.
1656 607 1698 632 26.

902 643 1001 668 Deinde
1016 643 1045 669 L.
1061 642 1167 669 Caelius
1182 652 1232 668 non
1248 643 1335 668 solum
1351 643 1495 669 Aebutium
1510 652 1571 668 cum
1592 644 1700 669 armatis

901 680 969 706 dixit
984 680 1068 706 fuisse
1081 680 1276 714 compluribuS,
1294 688 1388 706 verum
1402 681 1480 706 etiam
1493 689 1554 706 cum
1565 680 1699 706 advocatis

901 718 1042 752 perpaucis
1057 726 1087 743 eo
1101 718 1207 743 venisse
1222 717 1370 743 Caecinam.
1408 718 1442 743 X.
1458 718 1494 743 De
1509 718 1558 743 hoc
1572 726 1620 753 ego
1634 722 1701 743 teste

901 754 1052 786 detraham3
1068 755 1112 780 cui
1127 763 1211 789 aeque
1225 763 1254 780 ac
1265 763 1324 781 meo
1334 755 1395 780 testi
1405 759 1435 780 ut
1444 755 1566 785 credatis,
1583 755 1698 789 postulo.

901 793 929 818 P.
947 792 1089 818 Memmius
1104 797 1213 818 secutus
1227 796 1280 823 est,
1302 793 1348 827 qui
1363 801 1444 818 suum
1460 801 1510 818 non
1526 801 1638 826 parvum
1654 793 1700 818 be-

902 829 1027 855 neficium
1045 830 1263 855 commemoravit
1281 830 1307 855 in
1323 830 1422 855 amicos
1437 829 1576 859 Caecinae,
1599 830 1700 864 quibus

901 876 960 893 sese
975 867 1045 893 viam
1060 876 1108 902 per
1121 866 1209 893 fratris
1223 868 1265 893 sui
1285 866 1399 893 fundum
1419 867 1526 893 dedisse
1544 867 1624 898 dixit,
1647 876 1700 901 qua

901 905 1016 940 effugere
1032 909 1148 939 possent,
1163 913 1248 939 quum
1263 909 1353 931 essent
1367 909 1439 930 metu
1450 913 1542 930 omnes
1557 905 1699 939 perterriti.

902 943 968 968 Huic
983 951 1032 978 ego
1046 943 1105 968 testi
1120 943 1218 978 gratias
1233 951 1323 978 agam,
1340 942 1412 977 quod
1427 947 1451 968 et
1466 942 1493 968 in
1508 951 1535 968 re
1549 942 1699 968 misericor-

901 980 962 1006 dem
985 988 1013 1005 se
1032 979 1155 1014 praebuit
1177 984 1202 1006 et
1224 981 1251 1006 in
1275 980 1427 1006 testimonio
1449 979 1616 1015 religiosum.
1658 980 1699 1006 27.

903 1018 933 1044 A.
953 1017 1061 1043 Attilius
1080 1022 1105 1043 ct
1123 1018 1182 1043 eius
1201 1017 1272 1043 filius
1291 1018 1321 1043 L.
1341 1017 1464 1048 Attilius,
1488 1022 1513 1043 et
1531 1021 1644 1043 armatos
1663 1017 1701 1043 ibi

903 1055 986 1081 fuisse
1000 1059 1025 1081 et
1039 1064 1067 1081 se
1082 1063 1145 1081 suos
1160 1059 1274 1081 armatos
1289 1055 1435 1081 adduxisse
1449 1055 1584 1081 dixerunt.
1614 1055 1701 1080 Etiam

902 1093 951 1119 hoc
966 1093 1097 1127 amplius:
1113 1101 1199 1127 quum
1211 1092 1342 1119 Aebutius
1358 1093 1484 1119 Caecinae
1499 1092 1600 1118 malum
1616 1093 1702 1118 mina-

903 1135 987 1161 retur,
1008 1130 1046 1156 ibi
1060 1135 1117 1156 tum
1133 1130 1272 1156 Caecinam
1287 1130 1451 1165 postulasse,
1472 1134 1501 1156 ut
1519 1130 1640 1156 moribus
1654 1129 1703 1156 de-

902 1168 993 1194 ductio
1012 1168 1095 1194 fieret.
1135 1168 1189 1194 Hoc
1208 1168 1279 1194 idem
1299 1169 1326 1194 P.
1342 1168 1461 1194 Rutilius
1479 1167 1560 1198 dixit,
1582 1172 1606 1193 et
1625 1176 1655 1193 eo
1671 1167 1703 1193 li-

902 1206 1010 1232 bentius
1028 1205 1108 1236 dixit,
1135 1210 1165 1231 ut
1183 1205 1273 1240 aliquo
1296 1206 1323 1231 in
1346 1206 1447 1232 iudicio
1469 1206 1526 1231 eius
1551 1205 1703 1231 testimonio

902 1243 1032 1269 creditum
1047 1248 1194 1278 putaretur.
1221 1244 1278 1269 Duo
1293 1248 1425 1278 praeterea
1440 1248 1520 1269 testes
1535 1242 1602 1268 nihil
1617 1242 1650 1268 de
1665 1243 1700 1273 vi,

902 1281 949 1307 sed
964 1281 996 1307 de
1011 1281 1106 1315 reipsa
1117 1285 1196 1316 atque
1207 1281 1341 1315 emptione
1352 1280 1429 1307 fundi
1440 1281 1579 1307 dixerunt:
1597 1281 1625 1306 P.
1638 1280 1704 1307 Cae-

902 1319 1026 1349 sennius,
1052 1322 1143 1345 auctor
1165 1318 1256 1349 fundi,
1285 1327 1338 1345 non
1361 1323 1415 1344 tam
1438 1318 1593 1344 auctoritate
1615 1318 1700 1353 gravi,

902 1365 982 1391 quam
994 1365 1111 1391 corpore,
1128 1360 1153 1382 et
1163 1357 1329 1391 argentarius
1340 1355 1402 1382 Sex.
1415 1355 1534 1386 Clodius,
1550 1355 1592 1381 cui
1606 1364 1702 1381 nomeu

902 1398 942 1419 est
957 1393 1093 1424 Phormio,
1115 1402 1162 1419 nec
1177 1393 1267 1419 minus
1283 1394 1369 1429 niger,
1387 1402 1435 1419 nec
1449 1394 1539 1419 minus
1554 1392 1700 1423 confidens,

902 1440 983 1466 quam
999 1431 1043 1457 ille
1059 1431 1233 1457 Terentianus
1248 1435 1288 1457 est
1302 1431 1439 1461 Phormio,
1457 1430 1524 1457 nihil
1539 1430 1571 1456 de
1586 1431 1612 1456 vi
1627 1430 1703 1456 dixe-

902 1473 973 1499 runt,
990 1468 1057 1495 nihil
1073 1473 1215 1503 praeterea,
1232 1468 1305 1503 quod
1319 1468 1352 1494 ad
1368 1473 1484 1494 vestrum
1501 1468 1632 1494 iudicium
1643 1476 1703 1502 per-

902 1507 1006 1532 tineret.
1048 1508 1089 1533 28.
1111 1506 1218 1532 Decimo
1238 1515 1300 1532 vero
1319 1506 1374 1532 loco
1393 1507 1468 1532 testis
1487 1510 1656 1540 exspectatus
1678 1510 1704 1531 et

902 1543 934 1570 ad
949 1548 1099 1570 extremum
1115 1548 1265 1569 reservatus
1279 1544 1348 1570 dixit
1361 1548 1466 1570 senator
1476 1543 1568 1578 populi
1580 1543 1700 1572 Romani,

902 1581 1029 1616 splendor
1046 1581 1162 1612 ordinis,
1185 1581 1268 1607 decus
1286 1586 1365 1616 atque
1384 1586 1570 1607 ornamentum
1590 1581 1704 1606 iudicio-

903 1628 972 1649 rum,
989 1618 1125 1654 exemplar
1139 1619 1264 1653 antiquae
1279 1618 1425 1654 religionis,
1443 1618 1628 1644 Fidiculanius
1644 1617 1704 1644 Fal-

902 1656 974 1683 cula:
1001 1657 1048 1691 qui
1067 1665 1152 1691 quum
1170 1657 1206 1682 ita
1225 1656 1371 1682 vehemens
1390 1665 1502 1690 acerque
1522 1656 1653 1686 venisset,
1674 1660 1704 1682 ut

903 1703 954 1720 non
969 1693 1048 1720 modo
1062 1694 1201 1720 Caecinam
1215 1694 1334 1729 periurio
1348 1703 1397 1720 suo
1412 1693 1540 1724 laederet,
1562 1693 1608 1719 sed
1623 1693 1702 1719 etiam

902 1731 969 1758 mihi
985 1731 1121 1757 videretur
1134 1732 1226 1762 irasci,
1247 1732 1283 1757 ita
1303 1740 1365 1757 cum
1385 1731 1520 1766 placidum
1541 1730 1703 1765 mollemque

903 1769 1016 1800 reddidi,
1034 1773 1062 1795 ut
1077 1778 1128 1795 non
1143 1769 1261 1800 auderet,
1279 1769 1349 1795 sicut
1364 1769 1536 1799 meministis,
1554 1769 1650 1794 iterum
1662 1768 1704 1794 di-

901 1815 969 1838 cere,
985 1811 1051 1841 quot
1065 1807 1149 1833 millia
1165 1806 1267 1833 fundus
1281 1816 1348 1833 suus
1363 1807 1467 1833 abesset
1482 1807 1514 1832 ab
1529 1806 1608 1832 Urbe.
1637 1806 1702 1832 Nam

901 1853 988 1880 quum
1003 1844 1129 1875 dixisset,
1147 1845 1238 1870 minus
1252 1844 1347 1870 abesse
1360 1852 1420 1875 mu,
1439 1843 1555 1879 populus
1569 1852 1631 1869 cum
1648 1845 1703 1869 risu

902 1881 1067 1913 acclamavit,
1081 1884 1137 1915 ipsu
1148 1891 1209 1908 esse.
1232 1882 1408 1908 Meminerant
1420 1882 1490 1908 enim
1502 1890 1604 1911 omnes,
1617 1890 1705 1916 quau-

903 1924 958 1946 tum
974 1920 1001 1946 in
1016 1919 1130 1945 Albiano
1144 1919 1244 1946 iudicio
1257 1920 1413 1954 accepisset.
1455 1921 1496 1945 29.
1519 1920 1546 1945 In
1561 1928 1622 1945 eum
1637 1918 1704 1954 quid

901 1957 1002 1988 dicam,
1024 1957 1076 1983 nisi
1092 1957 1131 1988 id,
1151 1957 1225 1992 quod
1240 1966 1335 1993 negare
1351 1966 1401 1983 nou
1421 1956 1524 1991 possit'?
1551 1957 1657 1983 venisse
1676 1957 1703 1982 in

901 1994 1044 2021 consilium
1066 1994 1189 2029 publicae
1207 1995 1387 2029 quaestionis,
1412 2003 1497 2030 quum
1517 1995 1575 2020 eius
1597 1993 1703 2020 consilii

901 2032 984 2058 iudex
998 2041 1049 2058 non
1065 2036 1149 2058 esset:
1167 2033 1230 2058 etin
1241 2041 1271 2058 eo
1281 2032 1401 2062 consilio,
1418 2041 1503 2066 (inum
1516 2040 1638 2058 caussam
1652 2040 1702 2057 non

901 2069 1021 2096 audisset
1035 2074 1059 2096 et
1074 2074 1190 2104 potestas
1205 2074 1275 2096 esset
1290 2069 1445 2104 ampliandi,
1462 2069 1565 2095 dixisse
1583 2079 1640 2095 sini
1660 2079 1703 2094 ιι-

902 2116 1012 2138 ρυεῐιει
1028 2107 1093 2133 dum
1110 2108 1241 2142 incognita
1253 2116 1279 2133 rc
1291 2107 1408 2133 iudicare.
1420 2107 1557 2137 voluisset,
1575 2106 1703 2133 maluisse

901 2144 1091 2175 condemnare,
1111 2153 1193 2179 quam
1208 2144 1360 2171 absolvere:
1385 2153 1484 2179 quum,
1506 2145 1529 2170 si
1545 2153 1598 2170 uno
1613 2144 1702 2170 minus

902 2182 1071 2213 damnarent,
1091 2182 1262 2208 condemnari
1277 2191 1339 2208 reus
1354 2191 1406 2208 non
1422 2186 1523 2216 posset,
1547 2190 1598 2208 non
1613 2181 1645 2207 ad
1659 2190 1703 2207 co-

901 2219 1081 2255 gnoscendam
1100 2228 1237 2250 caussam,
1260 2219 1307 2245 scd
1326 2219 1358 2245 ad
1377 2219 1536 2254 explendam
1555 2219 1703 2245 damnatio-

902 2265 962 2283 nem
979 2262 1083 2291 praesto
1098 2256 1192 2283 fuisse.
1215 2257 1309 2283 Utrum
1324 2257 1434 2292 gravius
1449 2256 1551 2291 aliquid
1566 2257 1593 2282 in
1607 2264 1701 2290 queni-

902 2294 973 2328 piam
987 2294 1040 2320 dici
1057 2298 1150 2328 potest,
1166 2303 1248 2328 quam
1263 2294 1295 2320 ad
1311 2294 1446 2320 hominem
1457 2293 1700 2322 condemnarulum,

901 2340 981 2366 quem
1001 2340 1148 2366 numquam
1169 2331 1281 2357 vidisset
1300 2340 1386 2366 neque
1404 2331 1535 2360 audisset.
1557 2330 1701 2356 adductum

902 2369 986 2403 pretio
1000 2369 1076 2395 essc‘!
1090 2369 1129 2395 An
1144 2369 1243 2395 certius
1254 2369 1403 2403 quidquam
1414 2368 1494 2394 obiici
1508 2373 1602 2402 potest,
1618 2377 1701 2402 quam

900 2406 972 2441 quod
988 2407 1024 2437 is,
1041 2406 1084 2432 cui
1098 2406 1237 2436 obiicitur,
1255 2415 1286 2432 ne.
1302 2411 1368 2432 nutu
1383 2405 1493 2440 quidem
1510 2405 1643 2431 infirmare
1657 2414 1703 2431 co-

902 2442 997 2469 natur?
1029 2445 1069 2469 30.
1091 2444 1278 2469 Verumtamen
1295 2443 1317 2468 is
1333 2444 1416 2472 testis,
1434 2448 1461 2469 ut
1477 2442 1553 2468 facile
1568 2442 1702 2477 intellige-

901 2481 979 2511 retis,
996 2489 1057 2507 eum
1073 2490 1124 2507 non
1139 2480 1258 2507 adfuisse
1273 2481 1374 2511 animo,
1390 2489 1475 2515 quum
1491 2480 1524 2506 ab
1538 2480 1592 2506 illis
1606 2489 1700 2506 caussa

901 2522 1035 2553 ageretur,
1057 2523 1191 2553 testesque
1205 2518 1336 2548 dicerent,
1359 2518 1406 2544 sed
1421 2518 1550 2552 tantisper
1563 2517 1596 2543 dc
1610 2517 1701 2553 aliquo

901 2564 944 2581 reo
957 2556 1102 2591 cogitasse:
1118 2564 1203 2590 quum
1218 2564 1311 2582 omnes
1321 2560 1381 2582 ante
1392 2563 1453 2581 eum
1465 2555 1596 2582 dixissent
1609 2560 1697 2586 testes,

900 2597 1014 2619 armatos
1032 2602 1094 2620 cum
1109 2593 1224 2619 Aebutio
1242 2593 1326 2619 fuisso
1344 2592 1510 2628 complures·,
1538 2593 1612 2619 solus
1630 2593 1698 2619 dixit

901 2639 951 2656 non
972 2630 1065 2657 fuisse.
1106 2631 1187 2657 Visus
1205 2635 1245 2656 est
1265 2631 1331 2657 mihi
1351 2631 1437 2665 primo
1456 2635 1585 2657 veterator
1600 2630 1699 2657 intelli-

899 2677 960 2703 gcrc
976 2667 1117 2703 praeclare,
1133 2668 1200 2703 quid
1213 2676 1324 2694 caussae
1337 2672 1451 2703 optaret,
1476 2673 1501 2694 et
1516 2668 1699 2694 tantummodo

900 2713 1000 2737 errare,
1021 2705 1092 2741 quod
1106 2714 1200 2732 omncs
1214 2710 1294 2733 testes
1312 2706 1471 2736 infirmaret,
1491 2706 1538 2741 qui
1558 2710 1617 2732 ante
1636 2713 1697 2732 eum
