1941 3052
238 142 284 165 ΗΙῦ
802 139 842 164 90.
879 138 912 163 Μ,

238 212 338 237 tirmior
348 209 505 236 candidatus
518 208 570 234 1010
585 207 717 238 videatur,
731 212 867 242 propterea
878 206 950 242 quod
963 215 1023 241 pro-

237 253 340 274 cui-ntor
351 253 390 273 est
403 248 459 271 vim·
473 246 626 271 Flaiuiniae.
652 247 724 276 Quae
735 253 819 279 quum
832 245 880 270 erit
891 244 1020 273 absoluta,

237 295 299 310 sane
317 284 392 310 fni-ile
408 288 432 308 vt
449 283 634 307 1110-01011001·
645 283 725 307 ceteri
737 281 840 307 consuli
853 282 1021 306 accesserint.

238 323 379 348 l’ctitorum
393 321 456 345 luicc
470 323 508 344 est
522 318 658 344 informata
671 318 758 344 01111111·
771 319 904 351 cogitatio.
932 318 984 344 Nos
997 319 1022 343 in

236 359 308 384 omni
326 366 433 383 munere
449 355 629 381 candidatorio
646 355 782 389 fungendo
797 364 930 380 summam
947 355 1023 380 adhi-

238 395 361 421 bebimus
376 393 556 427 diligentiam:
571 397 595 418 et
608 391 725 422 fortasse,
739 392 865 426 quoniam
880 391 985 418 videtur
998 393 1022 417 10

236 431 370 463 suffragiis
383 429 496 455 multum
509 438 586 463 posse
598 428 683 455 Gallia
693 450 698 458 ,
716 438 800 463 quum
813 430 908 455 Itomae
924 438 937 454 a
953 429 1024 454 iudi-

236 469 285 494 ciis
297 467 382 493 forum
395 466 535 496 refrixerit,
544 474 717 492 excurremus
726 474 815 492 mense
826 466 975 501 Septembri
988 465 1025 491 le-
1044 466 1054 486 A

236 505 288 539 gliti
301 504 333 530 ad
346 505 476 533 Pisonem,
492 508 519 529 ut
531 504 650 529 Ianuario
662 507 834 529 revertamur.
864 504 952 535 Quum
965 511 1025 537 per·
1044 507 1053 516 '¹

236 550 348 577 spcxero
356 541 503 567 voluntates
511 540 651 570 nobilium.
660 541 774 566 scribam
782 540 814 566 ad
823 545 855 566 te.
867 541 956 567 Cetera
964 549 1025 575 spe-

237 588 264 605 ro
275 578 376 613 prolixa
388 586 455 608 esse,
470 577 510 603 1115
522 577 660 603 dumtaxat
671 578 891 612 competitoribus
904 578 1023 603 urbanis.
1045 592 1047 601 ·

238 616 310 642 Illam
323 623 430 641 manum
443 619 470 641 tu
483 615 663 641 01111101113111
679 620 809 649 praestes,
826 615 952 649 quoniam
965 623 1026 649 pro-
1052 630 1053 633 =

756 652 827 687 Nega
839 661 880 678 me
892 653 916 678 01
928 653 1024 678 iratum
1044 662 1046 679 2

237 653 297 687 pius
309 652 381 682 abes,
396 652 523 686 Pompeii.
538 653 618 678 nostri
631 653 720 678 amici.

238 691 299 720 fore,
313 690 335 715 si
348 689 379 715 ad
393 697 450 715 mea
461 690 567 715 comitia
580 698 630 715 non
643 689 754 715 venerit.

236 727 352 754 iusmodi
369 730 439 752 sunt.

237 764 377 799 pervelim.
398 763 539 793 Caecilius.
551 763 701 789 avunculus
714 768 784 793 111115,
793 764 841 789 3Ρ.
851 764 928 789 Vario
939 771 1024 798 quum

795 690 881 724 Atque
898 689 962 715 11300
975 688 1025 714 hu-

480 728 504 752 3'
521 726 572 752 bed
589 731 640 757 ἤι’
658 726 729 761 q¹¹⁰d
745 726 792 752 abs
808 732 831 752 ιο
844 726 909 752 ηῃὴι
923 735 1024 761 'gnosm
1044 744 1046 766 ι’
1077 756 1117 772 ma
1133 751 1248 781 potestas
1260 746 1336 772 nobis
1348 745 1406 772 fuit.
1430 746 1561 774 Misimus.
1578 747 1624 780 qui
1637 754 1683 780 pro
1695 751 1800 772 vectura
1811 745 1865 772 sol-

1044 451 1046 463 l

1044 467 1046 479 l

237 810 331 837 magna
353 801 465 835 pecunia
487 800 664 831 fraudaretur=
687 809 764 836 agere
785 801 871 835 coepit
888 809 948 826 eum
966 801 1024 825 eius
1044 809 1046 831 1

237 839 315 865 fratre
326 838 437 865 Caninio
448 838 533 863 Satrio
544 837 577 863 (le
589 838 622 864 iis
635 837 728 868 rebus,
744 846 812 873 quas
823 846 884 864 eum
897 837 957 864 ‹lolo
969 846 1025 863 0111-

238 876 261 903 lo
273 876 406 910 mancipio
417 875 551 909 accepisse
563 874 595 900 de
608 875 684 901 Vario
695 875 804 901 (liceret.
845 875 899 901 Una
911 875 1025 909 agebant

235 913 316 939 ceteri
328 912 485 942 creditores,
502 913 527 938 in
540 912 640 946 quibus
651 917 705 938 erat
717 912 846 938 Lucullus
857 917 882 938 et
894 913 920 938 Ρ.
934 912 1024 946 Scipio

209 964 213 970 ·
236 955 261 976 et
277 951 312 980 15,
329 958 410 984 quem
426 949 554 983 putabant
570 950 726 985 magistrum
744 949 811 979 fore,
829 950 852 975 si
868 949 935 975 bona
948 949 1024 975 veni-

236 992 302 1018 rent¹
316 987 345 1013 L.
359 987 477 1012 Pontius.
518 985 627 1022 [Verum
640 987 689 1012 hoc
701 986 845 1012 ridiculum
857 991 909 1016 est.
923 986 955 1012 de
968 994 1024 1011 ma—

235 1025 318 1060 gistro
334 1032 404 1050 nunc
419 1022 599 1059 cognoscere]
640 1024 751 1059 Rogavit
770 1032 811 1049 me
826 1023 971 1053 Caecilius.
995 1027 1024 1049 ut

235 1061 357 1088 adessem
373 1065 461 1087 contra
477 1060 604 1086 Satrium.
644 1061 705 1086 Dies
718 1060 770 1086 fere
783 1060 876 1086 nullus
887 1066 939 1091 est,
957 1061 1022 1095 quin

236 1099 280 1125 hic
290 1098 392 1124 Satrius
407 1097 516 1123 domum
533 1106 618 1123 meam
631 1099 750 1124 ventitet.
791 1098 921 1124 Observat
932 1098 960 1124 L.
974 1098 1023 1123 Do-

236 1136 342 1162 mitium
355 1136 483 1161 maxime:
501 1143 542 1161 me
555 1135 633 1161 habet
643 1135 808 1169 proximum.
849 1135 910 1161 Fuit
920 1139 945 1161 et
956 1134 1024 1160 1111111

235 1178 260 1199 01
270 1172 301 1205 Q.
315 1171 388 1198 fratri
400 1180 496 1207 magno
508 1173 569 1198 usui
582 1173 608 1198 in
621 1173 717 1198 nostris
730 1172 915 1206 petitionibus.
937 1173 961 1198 4.
975 1171 1024 1198 Sa-

236 1218 267 1236 ne
278 1218 338 1236 sum
351 1209 533 1243 perturbatus,
548 1218 631 1243 quum
644 1210 730 1243 ipsius
742 1209 821 1235 Sati-ii
834 1209 1021 1238 familiaritate.

234 1252 291 1274 tum
301 1246 422 1276 Domitii,
440 1247 466 1272 in
482 1254 536 1280 quo
550 1255 602 1272 uno
614 1247 729 1272 maxime
740 1246 850 1273 ambitio
861 1251 949 1272 nostra
961 1246 1025 1272 niti-

235 1289 286 1310 tur.
315 1284 498 1310 Demonstravi
511 1283 574 1309 haec
585 1283 714 1309 Caecilio:
727 1283 808 1309 simul
821 1288 846 1310 et
857 1283 925 1309 illud
935 1288 1025 1310 osten-

234 1322 271 1351 di.
285 1321 308 1346 si
320 1321 378 1355 ipse
389 1329 460 1346 unus
471 1328 532 1346 cum
544 1319 589 1346 illo
601 1329 654 1346 uno
665 1320 843 1351 contenderet,
857 1329 899 1346 me
910 1321 934 1346 ei
945 1321 1025 1347 53115-

235 1357 366 1384 facturum
378 1357 475 1383 fuisse:
490 1366 560 1383 nunc
573 1358 599 1383 in
610 1366 704 1384 caussa
717 1357 1025 1384 universorumcredito-

235 1403 308 1424 rum,
325 1394 465 1421 hominum
477 1395 632 1429 praesertim
643 1394 886 1429 amplissimorum,
903 1395 951 1429 qui
966 1395 1024 1421 sine

233 1440 273 1463 00,
286 1440 367 1467 quem
373 1431 506 1458 Caecilius
517 1440 565 1458 suo
576 1432 683 1458 nomine
694 1432 854 1467 perhiberet,
865 1431 940 1458 facile
951 1440 1025 1458 com-

235 1477 343 1495 munem
353 1477 476 1495 caussam
488 1469 658 1500 sustinerent,
667 1478 783 1504 aequum
794 1477 862 1500 esse,
875 1478 936 1495 eum
949 1474 974 1496 et
984 1468 1025 1495 of-

235 1506 293 1533 licio
304 1514 364 1532 meo
373 1505 521 1537 consulere,
534 1510 560 1532 et
571 1507 693 1540 tempori.
734 1507 831 1533 Durius
843 1507 963 1541 accipere
975 1506 1024 1533 hoc

234 1543 301 1569 mihi
313 1544 388 1569 visus
399 1547 451 1571 est.
469 1552 549 1578 quam
562 1543 672 1572 vellem.
690 1548 715 1570 et
730 1552 811 1579 quam
826 1544 948 1570 homines
959 1542 1024 1569 belli

233 1580 331 1613 solent3
345 1585 370 1607 et
380 1585 470 1615 postea
480 1589 590 1615 prorsus
601 1581 634 1606 ab
645 1581 765 1607 instituta
778 1585 865 1607 nostra
877 1589 1024 1616 paucorum

233 1617 339 1644 dierum
354 1617 548 1644 consuetudine
565 1617 642 1653 longe
653 1617 761 1653 refugit.
802 1618 857 1644 Abs
868 1622 892 1644 te
904 1623 977 1653 peto.
995 1622 1024 1644 ut

233 1655 301 1681 mihi
318 1654 367 1681 hoc
382 1655 518 1690 ignoscas,
536 1660 561 1681 et
577 1663 618 1680 me
634 1655 772 1681 existimes
788 1655 954 1681 humanitate
964 1663 1023 1681 esse

233 1691 409 1726 prohibitum,
417 1700 450 1718 ne
461 1696 550 1718 contra
561 1692 640 1718 amici
652 1700 786 1718 summam
797 1693 1023 1719 existimationem

233 1729 384 1755 miserrimo
394 1729 453 1755 eius
464 1733 582 1763 tempore
596 1729 730 1760 venirem,
746 1737 831 1764 quum
843 1730 866 1755 is
875 1729 964 1756 omnia
974 1737 1022 1755 sua

233 1765 322 1792 studia
337 1770 362 1791 et
375 1765 462 1792 officia
478 1766 505 1791 in
521 1774 564 1791 me
578 1765 745 1792 contulisset.
785 1766 862 1798 Quod
875 1767 899 1792 si
910 1766 983 1792 voles
995 1767 1022 1792 in

233 1811 276 1829 me
291 1811 349 1829 esse
363 1802 468 1833 durior,
485 1803 658 1829 ambitionem
674 1803 742 1829 101111
756 1803 864 1838 putabis
874 1803 1020 1829 obstitisse.

233 1839 289 1875 Ego
299 1844 387 1866 autem
398 1839 524 1871 arbitror,
536 1840 640 1866 etiamsi
652 1840 680 1866 id
691 1840 816 1870 511,101111
828 1840 1022 1876 ignoscendum

233 1885 305 1903 esse:
323 1877 379 1903 ἐπεὶ
394 1875 448 1910 οὐχ
466 1876 574 1912 ἱερήϊον,
591 1876 651 1903 οὐδε
663 1878 755 1912 βοείην.
794 1877 876 1903 Vides
891 1878 1022 1907 00101,10

232 1922 286 1948 quo
300 1921 381 1939 cursu
397 1913 497 1944 511005,
518 1918 544 1939 01
558 1921 638 1948 quam
654 1922 747 1940 omnes
762 1915 861 1949 gratias
876 1922 928 1940 non
943 1915 1022 1941 modo

233 1949 394 1980 retinendas,
402 1958 497 1976 verum
507 1951 587 1976 etiam
599 1951 775 1993 acquirendas
785 1956 921 1986 putemus.
939 1951 1022 1986 Spero

233 1986 283 2014 tibi
298 1995 341 2013 me
356 1995 478 2013 caussam
496 1987 636 2022 111-011355ος
660 1988 740 2022 cupio
755 1988 864 2023 quidem
881 1993 961 2016 certe.
995 1991 1020 2015 5.

232 2024 408 2051 Hermathena
423 2029 466 2050 tua
483 2023 560 2050 valde
575 2033 617 2051 me
632 2024 757 2053 delectat.
774 2030 800 2052 et
810 2026 894 2060 posita
906 2026 941 2053 ita
953 2025 1022 2052 belle

231 2061 668 2097 051,0110101113γο10351001ἣλίου
679 2061 808 2098 ἀνάθημα
817 2071 876 2089 0550
887 2063 1020 2090 videatur.

232 2098 346 2125 Multum
358 2103 382 2125 te
396 2106 527 2125 amamus.

285 2167 313 2188 ss.
342 2170 428 2191 (Itomae,
438 2170 500 2191 Coun,
511 2170 610 2193 'l'urqnato
620 2177 666 2188 cosa.
677 2172 732 2193 689.)

393 2212 428 2238 Μ.
449 2212 590 2239 CICERO
609 2212 637 2239 S.
657 2214 687 2240 D.
704 2214 856 2242 ATTICO.

287 2250 311 2275 t.
332 2244 369 2275 L.
381 2248 449 2276 Iulio
459 2249 582 2281 Caesare
596 2250 625 2277 C
637 2251 735 2277 Marcio
746 2252 841 2288 Figulo
851 2251 1018 2284 consulibus,

232 2285 312 2312 1111010
328 2294 370 2312 100
385 2291 493 2313 auctum
508 2288 587 2318 50110,
603 2287 677 2314 salva
689 2273 820 2316 Το100113.
860 2289 916 2316 Abs
932 2294 956 2316 te
967 2294 1020 2316 tam

230 2322 277 2349 diu
293 2322 361 2349 nihil
382 2322 548 2350 litterarum?
566 2308 622 2360 E’go
637 2324 670 2351 de
686 2326 753 2352 meis
774 2326 807 2352 ad
828 2331 852 2353 te
871 2327 1020 2353 rationibus

230 2360 328 2394 scripsi
353 2364 428 2387 30103
453 2345 605 2397 diligenter.
645 2362 699 2389 Iloc
723 2367 842 2398 tempore
866 2363 1017 2395 catilinam.

230 2397 430 2431 competitorem
441 2403 576 2430 00511001,
593 2398 736 2426 defendere
746 2401 906 2436 cogitamus.
946 2401 1022 2428 Iudi-

230 2440 274 2458 ces
285 2433 429 2466 habemus,
445 2443 513 2470 (1005
524 2435 664 2467 volumus,
681 2445 786 2463 summa
800 2439 962 2464 accusatoris
973 2447 1021 2465 vo-

232 2468 340 2497 luntate.
380 2471 476 2506 Spero,
494 2473 518 2498 51
532 2472 671 2499 absolutus
686 2474 1022 2505 0111,00010001101011111-

232 2504 288 2531 lum
298 2507 376 2533 nobis
388 2507 460 2535 fore
453 2518 480 2535 10
492 2510 592 2536 1311000
603 2511 753 2545 petitionis:
771 2512 814 2538 sin
829 2511 905 2538 aliter
915 2512 1021 2538 accide-

232 2542 277 2572 rit.
294 2542 446 2571 humaniter
461 2545 588 2573 feremus.
628 2548 654 2574 2.
675 2547 731 2574 Tuo
746 2547 862 2575 adventu
881 2549 960 2575 nohis
980 2554 1020 2575 est

230 2586 299 2612 opus
318 2585 430 2608 maturo.
470 2583 538 2609 Nam
557 2592 668 2618 prorsus
691 2593 798 2611 summa
818 2585 960 2612 hominum
979 2591 1020 2612 est

230 2616 330 2649 opinio,
343 2620 402 2643 tuos
413 2617 570 2651 familiares,
586 2621 691 2647 nobiles
702 2621 838 2653 homines,
851 2622 1019 2649 adversarios

231 2656 320 2680 nostro
330 2652 424 2681 honori
435 2654 499 2682 fore.
539 2657 579 2684 Ad
594 2666 686 2685 eorum
701 2658 865 2686 voluntatem
876 2660 945 2687 mihi
955 2668 1020 2687 con-

1052 568 1053 574 *
1076 570 1134 587 esse
1151 561 1273 587 arbitror.

1051 1129 1053 1136 ·
1075 1117 1171 1148 bilem,
1189 1125 1279 1143 meum
1295 1117 1415 1142 studium
1432 1124 1480 1142 nec
1492 1116 1541 1142 tibi
1553 1115 1682 1142 defuisse.

947 137 977 163 T.
1012 135 1283 163 CICERONIS

1074 206 1217 232 eiliandam
1238 206 1356 232 maximo
1377 210 1400 230 te
1415 205 1481 231 101111
1499 207 1559 232 usui
1577 205 1630 232 fore
1647 205 1734 232 video.
1776 205 1862 238 Quare

1051 258 1052 262 =
1075 244 1196 269 Ianuario
1208 244 1324 270 incunte.
1339 243 1546 269 01000511101511,
1560 252 1622 269 cura
1635 249 1663 270 ut
1675 244 1770 270 Itomae
1781 245 1828 269 515.

1131 319 1170 339 ΙΙΙ.
1197 323 1263 343 (ttam-

1239 367 1272 392 M.
1293 366 1434 392 CICERO
1451 365 1477 392 S.
1499 367 1528 392 D.
1548 367 1700 394 ATTICO.

1132 415 1153 438 ⁴.
1177 408 1276 438 Avi-'im
1290 418 1360 438 tuam
1373 412 1439 438 scito
1449 411 1582 438 desiderio
1598 413 1635 438 tui
1653 418 1782 439 mortuam
1793 421 1862 441 esse.

1076 455 1100 476 et
1111 449 1202 479 simul.
1216 449 1287 484 quod
1301 450 1382 474 verita
1394 450 1437 478 sit,
1452 458 1483 474 ne
1496 449 1601 475 Latinae
1613 450 1638 475 in
1650 449 1738 475 officio
1749 459 1800 476 non
1807 459 1864 476 ma-

1077 492 1169 513 nerent
1180 492 1205 512 et
1217 487 1242 512 in
1255 485 1510 512 montemAtbanum
1524 486 1622 512 hostias
1634 495 1684 512 non
1691 486 1862 513 adducerent.

1076 524 1141 550 Eius
1157 524 1193 549 rei
1209 523 1416 549 consolationem
1433 522 1464 548 ad
1481 528 1504 549 tc
1522 523 1549 549 L.
1563 523 1701 549 Saufeium
1718 524 1863 550 missurum

1316 562 1338 586 2.
1362 560 1414 586 Nos
1431 560 1474 586 hic
1490 565 1513 586 te
1529 560 1561 586 311
1579 569 1696 586 mensem
1712 561 1863 587 Ianuarium

1076 603 1276 632 exspectamus:
1295 606 1328 624 cx
1343 597 1459 632 quodam
1477 606 1594 626 rumore,
1613 606 1644 623 an
1661 606 1693 623 ex
1706 597 1799 623 litteris
1811 599 1865 624 tuis

1076 636 1108 661 ad
1130 635 1195 661 alios
1217 634 1326 661 missis?
1346 635 1412 660 Nam
1434 634 1466 660 ad
1488 643 1528 660 me
1543 634 1576 660 de
1591 643 1622 660 eo
1637 634 1704 660 nihil
1720 635 1863 669 scripsisti.

1077 672 1168 708 Signa,
1180 681 1248 707 quac
1261 672 1338 698 nobis
1349 672 1458 702 curasti,
1471 680 1500 697 ea
1512 676 1575 698 sunt
1584 671 1616 697 ad
1628 672 1744 698 Caietam
1757 672 1865 706 exposi-

1077 715 1110 735 ta.
1153 710 1204 735 Nos
1220 718 1249 735 03
1265 718 1316 735 non
1330 708 1458 735 vidimus.
1499 709 1590 743 Neque
1601 710 1673 734 enim
1685 708 1802 735 exeundi
1813 709 1865 735 no-

1266 322 1460 343 ,,(·.,11.,Τ-,ιιμι1,.
1470 329 1515 338 ω...
1527 326 1580 343 μοι,

1199 784 1233 809 Το
1249 783 1363 809 multum
1379 791 1514 812 amamus.
1531 783 1602 817 quod
1615 791 1643 808 ea
1655 783 1703 808 abs
1714 787 1738 809 te
1748 782 1865 818 diligen—

1480 823 1503 846 3.
1525 819 1600 852 Quod
1613 819 1644 845 ad
1656 828 1698 845 me
1709 828 1788 854 saepe
1798 820 1866 846 scri-

1077 789 1159 810 veret.

1076 826 1114 847 ter
1126 829 1260 855 parvoque
1272 825 1360 846 curata
1372 825 1444 846 sunt.

1044 871 1045 877 =
1076 858 1153 892 psisti
1165 858 1197 883 de
1210 863 1298 883 nostro
1311 859 1395 883 amico
1407 856 1547 891 placando.
1567 856 1616 882 feci
1632 862 1657 882 et
1667 862 1793 891 expertus
1804 866 1865 883 sum

1044 913 1045 919 .
1075 896 1176 921 omnia:
1193 895 1240 920 sed
1253 894 1404 920 mirandum
1418 895 1442 920 in
1456 894 1564 920 modum
1577 899 1617 920 est
1630 895 1719 920 animo
1729 893 1865 920 abaliena-

1076 938 1113 958 to:
1137 932 1238 967 quibus
1251 932 1284 958 de
1296 931 1511 966 suspicionibus.
1525 931 1574 956 etsi
1586 930 1694 957 audisse
1707 936 1730 956 te
1741 931 1863 960 arbitror.

1076 974 1162 995 tamen
1174 978 1208 995 ex
1220 978 1275 999 me,
1292 977 1377 1003 quum
1390 969 1504 997 veneris.
1518 976 1671 1003 cognosces.
1705 967 1864 994 Sallustium

1075 1011 1241 1041 praesentem
1253 1006 1392 1032 restituere
1404 1006 1430 1031 in
1442 1006 1500 1031 eius
1513 1010 1627 1030 veterem
1639 1006 1750 1040 gratiam
1759 1013 1865 1039 nonpo-

1075 1044 1124 1070 tui.
1165 1043 1217 1069 Hoc
1228 1051 1259 1069 eo
1269 1042 1302 1068 ad
1315 1048 1337 1068 te
1349 1043 1459 1077 scripsi.
1482 1042 1554 1076 quod
1570 1043 1592 1067 is
1608 1051 1650 1067 me
1661 1050 1785 1068 accusare
1796 1042 1829 1068 de
1841 1047 1865 1068 10

1074 1080 1186 1106 solebat.
1227 1080 1254 1106 ln
1266 1089 1294 1105 se
1306 1085 1432 1114 expertus
1443 1084 1496 1108 est,
1514 1079 1590 1105 illum
1601 1087 1659 1104 esse
1671 1079 1761 1105 minus
1772 1087 1866 1105 exora-

1723 1115 1864 1143 Tulliolam

1074 1154 1104 1181 C.
1117 1154 1207 1181 Pisoni
1218 1154 1247 1180 L.
1259 1154 1288 1180 F.
1302 1154 1384 1189 Frugi
1394 1153 1598 1187 despondimus.

1128 1231 1167 1252 lv.
1195 1233 1282 1255 (Ru-nne,
1292 1233 1372 1256 [apide.
1383 1233 1441 1250 'I'ullu
1451 1239 1497 1250 cun.
1508 1234 1563 1253 622⁸.)

1238 1275 1273 1302 Μ.
1295 1274 1437 1302 CICERO
1454 1275 1480 1301 S.
1501 1275 1530 1301 D.
1550 1274 1701 1302 ATTICO.

1134 1315 1156 1339 l.
1179 1308 1296 1339 Crebras
1311 1313 1523 1347 exspectationes
1543 1312 1620 1339 nobis
1642 1313 1680 1338 tui
1700 1320 1863 1339 commoves.

1075 1351 1167 1385 Nuper
1177 1350 1301 1385 quidem,
1315 1358 1400 1384 quum
1412 1350 1464 1376 iam
1476 1354 1500 1376 te
1512 1349 1653 1376 adventare
1664 1349 1864 1380 arbitraremur,

1045 1387 1046 1393 ¹
1076 1393 1182 1422 repente
1203 1387 1251 1413 abs
1267 1392 1291 1413 10
1307 1387 1334 1413 10
1350 1395 1470 1413 01005001
1485 1386 1632 1419 Quintilem
1653 1387 1742 1413 reiecti
1758 1395 1863 1413 sumus.

1076 1425 1152 1451 Nunc
1163 1433 1225 1451 vero
1236 1433 1345 1455 censeo,
1362 1423 1434 1459 quod
1450 1423 1589 1450 commodo
1603 1429 1648 1450 tuo
1659 1423 1744 1450 facere
1754 1425 1863 1459 poteris.

1076 1463 1168 1488 venias
1185 1461 1217 1488 ad
1234 1461 1262 1488 id
1277 1466 1396 1496 tempus,
1415 1461 1487 1496 quod
1503 1461 1610 1488 scribis.
1651 1461 1757 1487 Obieris
1771 1460 1865 1494 Quinti

1076 1499 1164 1526 fratris
1174 1500 1294 1530 comitia;
1308 1507 1356 1525 nos
1368 1498 1446 1534 longo
1457 1498 1597 1525 intervallo
1608 1499 1717 1531 viseris3
1735 1497 1866 1525 Acutilia-

1075 1545 1137 1563 nam
1147 1536 1354 1563 controversiam
1365 1537 1536 1571 transegeris.
1569 1536 1622 1562 11οο
1634 1544 1676 1562 010
1686 1536 1766 1562 etiam
1777 1535 1865 1562 Pedu-

1074 1582 1163 1604 caeus,
1177 1578 1207 1600 ut
1216 1573 1249 1599 ad
1261 1578 1285 1599 te
1295 1573 1450 1602 scriberem.
1463 1573 1611 1600 admonuit.
1651 1573 1779 1599 Putamus
1792 1581 1866 1599 enim

1075 1610 1139 1637 utile
1155 1619 1227 1641 esse,
1249 1615 1273 1636 te
1284 1609 1428 1645 aliquando
1438 1611 1491 1637 1310
1502 1619 1558 1636 rem
1572 1611 1731 1646 transigere:
1749 1618 1807 1636 mea
1823 1611 1866 1636 in·

1075 1649 1201 1674 tercessio
1215 1652 1241 1674 et
1255 1652 1295 1673 est
1308 1652 1333 1673 et
1344 1647 1395 1673 fuit
1405 1652 1504 1682 parata.
1544 1649 1570 1673 2.
1591 1648 1645 1674 Nos
1657 1647 1701 1673 1110
1711 1646 1866 1674 incredibili

1074 1693 1104 1711 ac
1119 1684 1251 1720 singulari
1271 1683 1365 1719 populi
1382 1684 1517 1711 voluntate
1537 1684 1571 1710 de
1585 1684 1614 1711 C.
1630 1685 1717 1711 Macro
1732 1685 1866 1720 transegi·

1074 1730 1145 1748 mus.
1183 1722 1233 1748 Cui
1245 1729 1331 1756 quum
1346 1721 1424 1756 aequi
1436 1721 1596 1751 fuissemus.
1614 1726 1702 1747 tamen
1714 1721 1797 1747 multo
1807 1729 1866 1748 ma-

1074 1760 1156 1785 1010111
1168 1758 1284 1784 fructum
1296 1766 1330 1784 ex
1340 1757 1434 1800 populi
1445 1759 1655 1788 existimatione,
1671 1757 1718 1784 illo
1728 1757 1862 1788 damnato.

1073 1797 1208 1838 cepimus.
1226 1804 1307 1830 quam
1323 1803 1356 1821 ex
1371 1795 1470 1829 ipsius,
1487 1796 1511 1821 si
1526 1795 1665 1822 absolutus
1679 1800 1762 1825 05501,
1779 1796 1865 1830 gratia

1074 1833 1250 1868 cepissemus.
1291 1834 1316 1858 3.
1337 1831 1415 1864 Quod
1428 1832 1461 1858 ad
1472 1841 1514 1858 me
1525 1832 1558 1858 de
1569 1832 1745 1859 Hermathena
1756 1832 1865 1863 scribis,

1074 1879 1121 1905 per
1131 1870 1199 1896 mihi
1210 1875 1316 1906 gratum
1323 1874 1362 1896 est
1367 1874 1553 1896 ornamentum
1559 1869 1718 1895 Academiae
1725 1870 1864 1904 proprium

1074 1916 1156 1938 meae,
1169 1907 1242 1942 quod
1253 1912 1278 1933 et
1290 1907 1398 1933 Hermes
1409 1914 1551 1933 commune
1561 1907 1692 1937 omnium,
1708 1911 1733 1933 et
1743 1907 1863 1933 Minerva

1073 1944 1209 1980 singulare
1225 1949 1265 1971 est
1279 1944 1386 1980 1051300
1400 1944 1460 1970 0105
1478 1944 1624 1980 gymnasii.
1663 1943 1750 1976 Quare
1770 1942 1862 1974 velim.

1073 1987 1103 2008 ut
1112 1982 1223 2012 scribis,
1245 1981 1340 2008 ceteris
1355 1989 1462 2016 quoque
1478 1981 1559 2007 rebus
1564 1989 1654 2023 Ι(10301
1665 1979 1791 2023 plurimis
1801 1988 1865 2006 eum

1074 2019 1161 2046 locum
1172 2027 1260 2046 ornes.
1298 2018 1371 2051 Quae
1383 2018 1450 2044 mihi
1461 2023 1536 2045 30103
1547 2018 1624 2054 signa
1635 2017 1743 2048 misisti,
1756 2025 1786 2043 ea
1797 2025 1865 2044 non-

1072 2056 1139 2083 dum
1154 2056 1221 2082 vidi.
1260 2056 1290 2082 In
1305 2056 1446 2082 Formiano
1460 2060 1535 2087 5001,
1557 2064 1612 2090 quo
1629 2063 1678 2091 ego
1693 2062 1764 2081 nunc
1782 2053 1864 2089 profi·

1072 2094 1138 2120 cisci
1147 2093 1309 2129 cogitabam.
1348 2092 1396 2119 llla
1409 2093 1499 2119 omnia
1509 2093 1537 2118 10
1547 2092 1730 2119 Tusculanum
1741 2091 1864 2126 deporta-

1073 2131 1117 2158 bo
1150 2131 1281 2161 Caietam,
1299 2130 1322 2156 51
1338 2129 1446 2164 quando
1461 2129 1598 2156 abundare
1611 2137 1735 2164 coepero,
1752 2128 1862 2155 ornabo.

1073 2168 1167 2195 Libros
1178 2173 1238 2194 tuos
1247 2175 1390 2199 conserva;
1412 2172 1439 2193 et
1448 2166 1504 2193 noli
1514 2166 1665 2201 desperare,
1680 2174 1725 2192 eos
1736 2174 1779 2192 me
1789 2173 1864 2192 meos

1073 2205 1158 2232 facere
1169 2213 1258 2240 posse.
1274 2203 1352 2236 Quod
1363 2205 1386 2230 51
1396 2212 1533 2239 assequor,
1546 2211 1644 2238 supero
1653 2203 1780 2230 Crassum
1790 2201 1864 2229 divi-

1073 2243 1117 2269 tiis
1128 2247 1208 2278 atque
1218 2242 1340 2268 omnium
1352 2242 1426 2268 vicos
1435 2246 1461 2268 et
1471 2246 1545 2276 prata
1555 2246 1706 2267 contemno.

1125 2320 1152 2340 V.
1180 2321 1267 2344 (nomae,
1277 2321 1362 2342 Metello,
1372 2321 1444 2339 Murio
1454 2327 1500 2338 con.
1510 2322 1566 2342 6³6.)

1234 2364 1270 2390 M.
1289 2363 1431 2391 CICERO
1449 2363 1477 2390 S.
1496 2363 1526 2389 D.
1545 2360 1698 2389 ATTICO.

1129 2403 1152 2428 1
1174 2395 1316 2433 Quantum
1332 2400 1450 2427 dolorem
1465 2399 1614 2434 acceperim
1625 2404 1650 2425 et
1663 2402 1763 2433 quanto
1773 2397 1862 2425 fmctu

1071 2439 1123 2465 sim
1138 2439 1260 2481 privatus
1275 2443 1301 2464 et
1315 2437 1414 2464 forensi
1427 2442 1453 2464 01
1466 2437 1612 2464 domestico
1623 2436 1700 2462 Lucii
1713 2435 1802 2462 fratris
1813 2443 1861 2462 no-

1071 2476 1119 2502 stri
1130 2480 1222 2507 morte,
1235 2476 1263 2502 10
1275 2475 1380 2510 primis,
1388 2483 1436 2510 pro
1447 2478 1534 2501 nostra
1545 2472 1748 2503 consuetudine,
1761 2472 1862 2499 111οΣ1-

1070 2514 1179 2539 stimate
1194 2517 1278 2547 potes.
1318 2513 1386 2539 Nam
1402 2512 1470 2538 mihi
1484 2511 1587 2541 omnia,
1609 2518 1679 2545 quae
1694 2509 1811 2536 iucunda
1826 2517 1861 2536 ex

1071 2550 1236 2576 humanitate
1250 2549 1361 2576 alterius
1375 2554 1402 2575 01
1415 2547 1535 2575 moribus
1550 2531 1654 2574 1101111101
1667 2546 1787 2573 accidere
1796 2554 1860 2581 pos—

1070 2591 1142 2618 sunt,
1155 2595 1188 2613 ex
1199 2586 1245 2613 illo
1255 2586 1421 2613 accidebant.
1451 2585 1537 2617 Quare
1548 2593 1601 2611 non
1611 2584 1715 2614 dubito,
1730 2584 1798 2618 quin
1807 2582 1860 2610 tibi

1070 2632 1177 2659 quoque
1189 2623 1217 2650 id
1227 2623 1369 2650 molestum
1379 2623 1427 2653 sit,
1444 2630 1530 2657 quum
1545 2626 1570 2648 et
1580 2630 1640 2648 meo
1649 2620 1740 2647 dolore
1751 2628 1860 2647 movea-

1070 2669 1106 2691 re,
1123 2666 1149 2688 et
1159 2661 1218 2696 ipse
1226 2660 1302 2687 omni
1312 2660 1410 2687 virtute
1419 2658 1563 2694 officioque
1576 2658 1792 2690 ornatissimum,
1804 2656 1859 2684 tui-
