1941 3052
397 134 487 161 PRO
519 134 548 161 C.
582 132 790 160 RABIRIO
822 130 1064 159 POSTUMO.

77 216 148 235 mors
163 206 196 233 ob
212 205 303 233 oculos
318 213 397 240 saepe
409 210 511 231 versata
523 209 576 231 est:
598 204 687 231 nudus
699 208 779 239 atque
789 211 870 239 egens

76 245 109 272 ad
120 249 269 271 extremum
281 242 351 278 fugit
361 251 375 268 e
386 251 476 278 regno.
504 243 545 268 40.
558 241 591 268 At
602 245 750 276 permutata
763 240 870 267 aliunde

76 282 189 318 pecunia
209 285 263 307 est:
295 280 390 306 ductae
410 288 491 305 naves
512 279 632 305 Postumi
652 278 770 305 Puteolis
792 282 868 304 sunt:

76 318 181 346 auditae
196 318 325 352 visaeque
341 325 456 347 merces,
476 316 583 342 fallaces
594 316 704 351 quidem
716 320 742 342 et
753 315 869 346 fucosae,

75 356 174 383 chartis
185 360 211 381 et
221 355 310 381 linteis
321 358 347 380 et
357 355 426 380 vitro
436 353 550 380 delatae:
563 353 665 388 quibus
676 361 761 388 quum
772 352 872 379 multae

75 401 157 420 naves
177 391 287 419 refertae
306 391 435 422 fuissent,
458 399 510 417 una
529 399 581 416 non
597 391 681 425 patuit
696 399 777 425 parva
793 394 872 424 atque

75 434 155 457 arcta.
185 429 257 461 Quid
276 427 412 463 amplius?
440 427 487 454 Ille
506 427 668 454 Puteolanus
689 436 777 453 sermo
797 427 872 453 illius

74 467 201 502 temporis
222 470 413 501 vectorumque
432 473 528 491 cursus
549 469 628 499 atque
643 465 796 495 ostentatio,
814 468 870 490 tum

75 504 248 531 subinvisum
263 503 335 538 apud
351 502 495 529 malevolos
510 502 630 528 Postumi
642 510 751 532 nomen,
765 505 873 536 propter

74 542 227 577 opinionem
238 541 368 576 pecuniae
379 539 468 566 nescio
479 548 570 575 quam,
578 543 703 565 aestatem
715 547 805 569 unam,
819 547 870 564 non

75 579 176 614 plures,
190 587 268 605 aures
280 577 385 604 refersit
395 577 454 603 istis
465 576 646 603 sermonibus.

128 616 188 643 XV.
211 617 252 642 Η,
276 615 375 642 Verum
396 618 494 645 autem,
517 613 633 644 iudices,
651 612 674 639 si
690 612 758 639 scire
773 611 869 638 vultis.

75 653 128 680 nisi
140 653 169 680 C.
182 653 301 680 Caesaris
312 660 418 678 summa
429 651 456 677 in
468 659 569 682 omneS,
582 649 750 677 incredibilis
760 650 788 676 in
800 649 872 675 hunc

75 690 168 717 eadem
181 689 324 717 liberalitas
336 689 495 719 exstitisset,
509 696 556 714 nos
568 688 639 714 hunc
649 688 807 713 Postumum
819 687 871 712 iam

74 728 180 763 pridem
195 729 223 754 in
235 727 290 754 foro
301 735 353 753 non
365 726 536 752 haberemus.
576 724 624 751 Ille
635 733 713 751 onera
724 723 871 750 multorum

74 765 158 792 huius
172 765 318 791 amicorum
334 764 439 798 excepit
454 771 538 794 unus,
560 770 684 797 quaeque
695 761 773 788 multi
785 761 872 787 homi-

76 811 124 829 nes
135 802 278 829 necessarii
289 800 415 827 secundis
421 799 541 826 Postumi
552 799 633 825 rebus
644 798 778 833 descripta
789 799 873 824 susti-

74 844 200 870 nuerunt,
214 847 286 865 nunc
297 838 355 864 eius
367 836 472 863 afflictis
484 836 597 863 fortunis
608 836 734 862 universa
746 836 870 862 sustinet.

74 877 201 904 Umbram
213 875 311 910 equitis
322 875 433 901 Romani
445 879 470 900 et
480 874 624 909 imaginem
636 873 743 904 videtis,
757 873 870 904 iudices,

74 914 156 941 unius
177 913 256 940 amici
271 916 453 938 conservatam
469 911 570 937 auxilio
585 915 611 937 et
626 911 687 937 fide.
719 910 792 937 Nihil
810 910 873 937 huic

75 952 142 987 eripi
158 955 243 986 potest
262 954 365 985 praeter
381 949 430 976 hoe
449 948 623 976 simulacrum
640 948 769 984 pristinae
783 949 873 984 digni-

75 991 149 1021 tatis,
166 988 239 1024 quod
251 988 346 1014 Caesar
356 987 430 1013 solus
442 992 531 1013 tuetur
542 992 567 1013 et
580 988 708 1013 sustinet:
731 995 799 1021 quae
811 986 873 1021 qui-

74 1026 150 1058 dem,
166 1027 194 1052 in
212 1025 372 1052 miserrimis
387 1024 481 1056 rebus,
501 1025 563 1050 huic
579 1029 667 1051 tamen
679 1023 820 1050 tribuenda
833 1028 873 1050 est

74 1064 201 1091 maxima.
241 1063 300 1089 Nisi
311 1070 373 1088 vero
385 1062 434 1088 hoc
445 1062 572 1088 mediocri
584 1062 682 1088 virtute
693 1061 762 1088 effici
775 1065 870 1096 potest,

74 1106 106 1128 ut
116 1105 204 1128 tantus
215 1100 261 1127 ille
272 1101 313 1126 vir
323 1100 388 1126 tanti
399 1099 480 1126 ducat
491 1099 571 1130 hunc,
580 1104 606 1126 et
616 1099 745 1125 afflictum
753 1107 873 1133 praeser-

74 1139 123 1166 tim
137 1143 163 1165 et
178 1138 328 1168 absentem,
346 1141 372 1163 et
382 1137 409 1163 in
425 1141 495 1163 tanta
507 1136 611 1163 fortuna
622 1145 679 1168 sua,
693 1141 723 1162 ut
733 1136 818 1162 aliena
830 1144 873 1162 re-

75 1177 177 1212 spicere
197 1183 324 1211 magnum
344 1175 393 1207 sit;
418 1178 488 1200 tanta
504 1175 677 1209 occupatione
692 1174 871 1200 maximarum

73 1222 173 1245 rerum,
186 1221 254 1248 quas
264 1213 333 1248 gerit
343 1216 423 1247 atque
434 1212 526 1248 gessit,
534 1216 564 1238 ut
575 1211 616 1238 vel
624 1211 747 1238 oblivisci
759 1210 872 1237 aliorum

74 1260 127 1278 non
141 1251 177 1277 sit
188 1251 296 1281 mirum,
309 1249 361 1281 vel,
378 1249 400 1276 si
413 1249 574 1280 meminerit,
587 1248 701 1275 oblitum
713 1257 781 1279 esse,
796 1247 873 1274 facile

74 1289 160 1324 possit
170 1288 290 1323 probare.
313 1288 354 1313 42.
367 1286 465 1313 Multas
476 1286 601 1321 equidem
614 1286 642 1313 C.
656 1286 775 1313 Caesaris
787 1286 873 1311 virtu—

73 1331 114 1353 tes
126 1334 236 1361 magnas
247 1324 474 1359 incredibilesque
484 1324 607 1360 cognovi.
633 1323 687 1349 Sed
698 1327 761 1349 sunt
772 1327 872 1349 ceterae

74 1363 222 1390 maioribus
230 1362 424 1397 quasitheatris
430 1362 580 1396 propositae
592 1365 706 1396 etpaene
712 1359 870 1396 populares:

74 1402 168 1427 castris
185 1399 272 1426 locum
284 1407 390 1434 capere,
404 1400 550 1425 exercitum
562 1399 704 1429 instruere,
718 1405 872 1433 expugnare

74 1438 169 1469 urbes,
187 1438 269 1464 aciem
286 1437 404 1463 hostium
416 1435 568 1472 profligare:
592 1436 659 1462 banc
675 1435 730 1461 vim
743 1435 872 1471 frigorum

75 1475 259 1510 hiememque.
276 1483 357 1510 quam
370 1482 417 1500 nos
430 1474 476 1500 vix
487 1473 569 1500 liuius
581 1473 656 1500 urbis
669 1473 744 1500 tectis
755 1472 873 1499 sustine-

75 1521 145 1544 mus,
154 1513 290 1547 excipere·
304 1511 347 1538 his
358 1511 426 1546 ipsis
437 1511 534 1537 diebus
542 1511 645 1537 hostem
657 1510 792 1546 persequi,
802 1514 870 1540 tum,

73 1559 160 1585 quum
185 1550 263 1576 etiam
285 1548 354 1575 ferae
376 1548 496 1575 latibulis
518 1556 546 1574 se
568 1552 670 1584 tegant,
687 1552 768 1583 atque
783 1547 872 1574 onmia

74 1586 144 1614 bella
165 1587 223 1614 iure
242 1587 364 1622 gentium
384 1586 584 1621 conquiescant.
626 1585 696 1612 Sunt
715 1594 745 1611 ea
760 1584 872 1620 quidem

74 1633 184 1661 magna:
197 1625 260 1659 quis
272 1622 368 1660 negat?
378 1623 426 1649 sed
438 1623 542 1659 magnis
553 1623 665 1649 excitata
675 1622 872 1657 suntpraemiis

74 1662 107 1689 ad
128 1662 283 1688 memoriam
304 1661 444 1687 bominum
466 1660 667 1695 sempiternam.
707 1659 766 1692 Quo
781 1660 872 1686 minus

75 1699 262 1727 admirandum
277 1702 330 1729 est,
344 1706 405 1724 eum
419 1697 504 1724 facere
514 1698 573 1728 illa,
586 1699 633 1732 qui
646 1697 872 1724 immortalitatem

74 1736 266 1772 concupiverit.
301 1736 371 1763 XVI.
394 1737 435 1762 43.
448 1736 517 1761 Haec
529 1735 595 1761 mira
608 1735 665 1761 laus
677 1739 725 1766 est,
739 1743 808 1770 quae
820 1743 872 1760 non

75 1778 213 1809 poetarum
227 1773 406 1804 carminibus,
425 1781 476 1799 non
488 1772 625 1799 annalium
637 1772 818 1799 monumentis
830 1779 874 1798 ce-

76 1811 201 1843 lebratur,
213 1811 260 1838 sed
272 1811 444 1846 prudentium
455 1810 556 1837 iudicio
567 1810 740 1845 expenditur:
754 1809 872 1845 equitem

74 1849 232 1880 Romanum,
246 1853 361 1874 veterem
373 1848 489 1874 amicum
501 1856 592 1878 suum,
606 1847 767 1878 studiosum,
782 1855 874 1873 aman-

74 1890 142 1918 tem,
154 1886 340 1913 observantem
351 1886 404 1916 sui,
419 1893 469 1912 non
483 1884 604 1916 libidine,
619 1893 670 1911 non
684 1885 810 1919 turpibus
822 1885 874 1910 im-

74 1924 167 1959 pensis
181 1922 360 1958 cupiditatum
372 1927 450 1958 atque
460 1922 579 1953 iacturis,
593 1922 640 1949 sed
651 1922 814 1957 experientia
826 1930 874 1956 pa—

75 1960 193 1988 trimonii
208 1959 389 1994 amplificandi
406 1959 537 1986 labentem
553 1960 670 1994 excepit,
687 1968 809 1986 corruere
821 1967 872 1986 non

75 1998 152 2029 sivit,
167 1996 244 2024 fulsit
259 2002 284 2023 et
299 1997 442 2028 sustinuit,
460 2004 500 2028 re,
520 1995 637 2027 fortuna,
656 1996 721 2027 side,
739 1996 873 2031 hodieque

75 2035 204 2068 sustinet;
232 2042 280 2060 nec
299 2035 415 2060 amicum
437 2033 596 2068 pendentem
617 2042 739 2060 corruere
759 2035 870 2069 patitur;

75 2080 125 2100 nec
139 2071 214 2099 illius
226 2071 308 2098 animi
319 2071 402 2098 aciem
415 2071 585 2107 praestringit
595 2070 721 2106 splendor
731 2071 775 2098 sui
787 2071 873 2098 nomi-

75 2109 132 2141 nis,
150 2118 198 2136 nec
212 2108 310 2135 mentis
320 2108 399 2143 quasi
411 2108 562 2134 luminibus
573 2108 655 2135 osiicit
665 2107 778 2135 altitudo
789 2107 873 2135 fortu-

75 2155 124 2175 nae
139 2150 165 2174 et
174 2146 286 2183 gloriae.
319 2147 360 2172 44.
373 2145 432 2172 Sint
442 2154 506 2172 sane
518 2145 562 2172 illa
574 2154 679 2182 magna,
692 2154 760 2181 quac
773 2154 799 2172 re
812 2154 872 2172 vera

75 2192 171 2221 magna
186 2188 263 2211 sunt:
289 2183 322 2209 de
337 2182 438 2209 iudicio
453 2183 535 2209 animi
548 2183 613 2214 mei„
624 2188 653 2209 ut
663 2183 742 2214 volet,
754 2183 872 2219 quisque

75 2221 185 2249 sentiat:
207 2229 257 2258 ego
267 2220 338 2247 enim
349 2220 417 2247 hanc
428 2220 455 2247 in
467 2220 546 2247 tantis
556 2220 664 2256 opibus,
673 2225 744 2248 tanta
755 2221 870 2253 fortuna,

1112 131 1210 158 CAP.
1248 132 1271 157 ll
1296 146 1332 150 —
1356 132 1394 157 17.
1666 133 1716 158 573

923 201 1108 228 liberalitatem
1128 202 1157 228 in
1177 210 1254 233 suos,
1272 201 1428 228 memoriam
1443 201 1587 232 amicitiae,
1605 201 1718 237 reliquis

922 239 1068 266 virtutibus
1088 239 1215 266 omnibus
1235 244 1375 274 antepono.
1419 238 1506 272 Quam
1526 238 1637 273 quidem
1659 248 1715 270 vos,

922 277 1035 308 iudices,
1048 277 1076 303 in
1088 285 1156 303 novo
1161 285 1258 312 genere
1269 277 1424 307 bonitatem,
1432 276 1586 302 inusitatam
1598 276 1677 302 claris
1689 286 1719 302 ac

922 314 1141 349 praepotentibus
1153 314 1228 345 viris,
1242 323 1294 340 non
1306 314 1384 340 modo
1395 322 1447 340 non
1459 314 1594 348 aspernari
1605 322 1635 339 ac
1646 313 1719 340 refu-

922 356 990 382 tare,
1013 351 1061 377 sed
1081 351 1223 386 complecti
1242 351 1321 377 etiam
1342 356 1368 377 et
1387 359 1484 386 augere
1503 350 1620 377 debetis:
1644 355 1669 377 et
1689 359 1720 377 eo

923 389 1023 424 magis,
1041 389 1114 424 quod
1126 389 1237 419 videtis,
1251 388 1299 415 hos
1309 389 1388 423 quasi
1400 392 1522 422 sumptos
1533 387 1591 414 dies
1603 387 1635 414 ad
1647 387 1720 414 labe-

923 425 1076 452 factandum
1090 426 1165 452 illius
1180 426 1352 462 dignitatem:
1378 434 1411 452 ex
1421 434 1474 460 qua
1486 424 1525 451 illi
1538 425 1604 451 nihil
1616 425 1720 451 detrahi

923 468 1022 498 potest,
1035 463 1108 498 quod
1124 472 1176 490 non
1187 468 1233 489 aut
1245 462 1345 489 fortiter
1356 462 1430 493 ferat,
1443 467 1489 488 aut
1499 462 1575 488 facile
1586 463 1718 489 restituat.

923 501 1127 526 Amicissimum
1140 501 1275 527 bominem
1287 501 1310 526 si
1323 500 1459 526 honestate
1470 499 1616 534 spoliatum
1627 499 1721 526 audie-

923 538 965 568 rit,
983 546 1031 564 nec
1042 538 1100 564 sine
1112 546 1208 573 magno
1218 537 1308 564 dolore
1319 537 1392 569 feret,
1406 545 1454 564 nec
1465 537 1491 563 id
1503 538 1634 568 amiserit,
1647 536 1719 572 quod

923 583 1003 610 posse
1013 580 1101 609 speret
1113 575 1272 609 recuperari.

979 612 1060 638 XVII.
1078 613 1119 638 45.
1133 612 1203 638 Satis
1215 611 1299 638 multa
1311 611 1467 638 hominibus
1479 619 1530 638 non
1542 611 1644 646 iniquis
1656 611 1720 638 haec

923 657 982 675 esse
993 649 1105 676 debent:
1128 650 1209 675 nimis
1221 650 1300 675 etiam
1312 649 1396 675 multa
1409 648 1494 679 vobis,
1507 657 1576 684 quos
1587 649 1721 683 aequissi-

923 695 981 713 mos
993 695 1051 713 esse
1062 686 1233 713 confidimus.
1268 686 1330 717 Sed,
1344 691 1373 712 ut
1384 686 1505 712 omnium
1517 686 1559 711 vel
1571 686 1720 720 suspicioni

923 723 966 750 vel
987 723 1189 750 malevolentiae
1210 723 1251 749 vel
1274 723 1424 749 crudelitati
1445 723 1509 749 satis
1526 723 1583 749 fiat:
1606 723 1721 750 occultat

922 761 1066 796 pecuniam
1081 761 1239 792 Postumus,
1261 760 1342 787 latent
1357 761 1444 796 regiae
1459 760 1578 786 divitiae.
1618 761 1719 795 Ecquis

923 803 965 824 est
975 806 1008 824 ex
1018 802 1090 824 tanto
1100 798 1208 833 populo,
1222 798 1269 832 qui
1279 798 1348 824 bona
1361 797 1390 824 C.
1402 797 1629 823 RabiriiPostumi
1641 806 1720 824 num-

924 844 968 862 mo
991 836 1113 862 sestertio
1133 835 1186 861 sibi
1206 835 1294 861 addici
1316 834 1398 861 velit‘?
1422 834 1488 865 Sed,
1511 835 1641 861 miserum
1662 836 1718 861 me!

923 877 1024 908 quanto
1035 873 1099 899 haec
1110 872 1166 899 dixi
1179 881 1240 899 cum
1252 872 1356 899 dolore!
1379 872 1454 903 Hem,
1468 872 1602 903 Postume,
1618 877 1680 898 tune
1691 880 1720 898 es

924 910 952 938 C.
967 910 1040 937 Curti
1057 910 1143 941 filius,
1161 910 1190 937 C.
1202 910 1312 940 Rabirii,
1326 909 1426 936 iudicio
1438 914 1462 936 et
1474 909 1622 941 voluntate,
1636 909 1718 941 filius,

924 953 1026 980 natura,
1034 948 1132 974 sororis
1145 947 1234 973 iilius‘?
1245 948 1319 973 Tune
1329 947 1375 973 ille
1387 948 1512 973 inomnes
1520 951 1578 973 tuos
1586 946 1722 973 liberalis‘?

923 987 1001 1012 cuius
1013 985 1113 1012 multos
1119 985 1224 1012 bonitas
1232 984 1421 1020 locupletavit?
1431 984 1552 1019 quinihil
1560 983 1722 1018 profudisti?

923 1023 991 1050 nihil
999 1023 1116 1050 ullamin
1124 1023 1263 1050 libidinem
1270 1021 1426 1049 contulisti?
1436 1027 1489 1052 tua,
1498 1022 1632 1051 Postume,
1642 1030 1722 1048 num—

924 1069 967 1087 mo
978 1061 1100 1087 sestertio
1111 1070 1124 1086 a
1136 1069 1179 1087 me
1190 1059 1369 1087 addicuntur?
1392 1061 1433 1086 46.
1451 1059 1473 1086 O
1488 1068 1579 1086 meum
1591 1060 1720 1085 miserum

924 1098 1105 1133 acerbumque
1117 1098 1302 1133 praeconium!
1315 1098 1348 1124 At
1359 1097 1408 1124 hoc
1419 1098 1498 1123 etiam
1509 1101 1582 1132 optat
1593 1097 1683 1127 miser,
1692 1101 1722 1123 ut

923 1135 1115 1162 condemnetur
1134 1144 1147 1162 a
1168 1136 1258 1162 vobis:
1281 1136 1316 1161 ita
1331 1135 1400 1161 bona
1415 1139 1540 1165 veneant,
1559 1139 1588 1160 ut
1603 1134 1720 1160 solidum

923 1182 1005 1200 suum
1011 1174 1109 1208 cuique
1115 1173 1243 1200 solvatur.
1265 1172 1338 1199 Nihil
1347 1173 1398 1199 iam
1405 1171 1479 1198 aliud
1485 1172 1538 1198 nisi
1545 1171 1624 1198 fldem
1630 1176 1718 1197 curat:

924 1219 972 1237 nec
992 1219 1039 1237 vos
1056 1210 1128 1242 huic,
1146 1211 1170 1237 si
1184 1211 1238 1237 iam
1249 1210 1374 1237 oblivisci
1388 1214 1493 1236 vestrae
1505 1208 1721 1236 mansuetudinis

923 1248 1071 1279 volueritis,
1085 1248 1234 1283 quidquam
1241 1252 1374 1283 praeterea
1381 1247 1492 1282 potestis
1504 1247 1616 1282 eripere.
1632 1246 1719 1278 Quod,

923 1285 1036 1317 iudices,
1045 1294 1077 1312 ne
1084 1285 1195 1317 faciatis,
1204 1285 1424 1320 oroobtestorque
1432 1293 1488 1315 vos,
1496 1289 1576 1319 atque
1587 1292 1617 1310 eo
1623 1284 1718 1319 magis,

923 1323 947 1349 si
964 1322 1109 1349 adventitia
1120 1324 1233 1358 pecunia
1245 1323 1344 1357 petitur
1355 1322 1388 1348 ab
1398 1331 1437 1353 eo,
1451 1322 1495 1348 cui
1507 1330 1554 1347 sua
1567 1330 1619 1348 non
1631 1321 1721 1347 reddi-

924 1364 967 1386 tur
998 1360 1065 1386 Nam
1081 1361 1109 1387 in
1121 1369 1197 1391 eum,
1209 1361 1252 1387 cui
1265 1359 1447 1386 misericordia
1459 1358 1584 1394 opitulari
1595 1358 1718 1387 debebat,

924 1397 1025 1424 invidia
1036 1399 1156 1433 quaesita
1167 1402 1216 1424 est.
1248 1398 1289 1424 47.
1303 1397 1355 1424 Sed
1367 1397 1428 1428 iam,
1442 1397 1578 1432 quoniam,
1593 1400 1621 1422 ut
1631 1404 1718 1430 spero.

925 1435 1018 1466 iidem,
1040 1444 1122 1470 quam
1138 1435 1227 1470 potui,
1245 1435 1295 1461 tibi
1311 1434 1443 1470 praestiti,
1460 1434 1597 1465 Postume,
1611 1433 1720 1459 reddam

923 1473 1002 1498 etiam
1016 1471 1146 1504 lacrimas,
1160 1480 1228 1507 quas
1239 1472 1336 1499 debeo:
1362 1480 1430 1507 quas
1441 1471 1551 1507 quidem
1563 1479 1612 1506 ego
1623 1475 1682 1496 tuas
1693 1471 1720 1496 in

924 1518 983 1536 meo
992 1518 1056 1536 casu
1068 1509 1199 1545 plurimas
1210 1509 1275 1536 vidi.
1307 1509 1432 1536 Versatur
1443 1513 1502 1535 ante
1513 1507 1604 1535 oculos
1617 1507 1721 1534 luctuo-

923 1556 952 1573 sa
969 1555 1021 1574 nox
1037 1547 1103 1573 meis
1119 1547 1259 1578 omnibus,
1272 1555 1357 1582 quum
1369 1551 1396 1573 tu
1409 1551 1492 1573 totum
1505 1550 1529 1572 te
1539 1554 1600 1572 cum
1613 1546 1665 1571 tuis
1677 1553 1721 1571 co-

924 1585 976 1620 piis
992 1584 1025 1611 ad
1040 1593 1082 1611 me
1096 1584 1228 1611 detulisti.
1267 1584 1307 1611 Tu
1323 1583 1482 1615 comitibus,
1499 1587 1527 1610 tu
1538 1583 1678 1618 praesidio.
1693 1587 1721 1608 tu

924 1623 1003 1648 etiam
1014 1627 1085 1648 tanto
1097 1622 1212 1657 pondere
1223 1622 1290 1653 auri,
1298 1626 1429 1657 quantum
1437 1626 1542 1656 tempus
1553 1620 1621 1647 illud
1628 1625 1721 1655 postu-

925 1659 1007 1690 labat,
1035 1659 1186 1686 discessum
1215 1659 1293 1686 illuni
1315 1659 1485 1685 sustentasti:
1517 1663 1546 1684 tu
1572 1666 1720 1692 numquam

924 1697 1000 1728 meis,
1018 1705 1060 1723 me
1071 1697 1191 1727 absente,
1205 1696 1306 1727 liberis,
1316 1705 1465 1731 numquam
1476 1695 1583 1731 coniugi
1597 1695 1720 1721 meaede-

925 1734 1009 1761 fuisti.
1035 1734 1148 1761 Possum
1160 1735 1274 1761 excitare
1287 1734 1385 1760 multos
1396 1733 1518 1760 reductos
1533 1737 1613 1759 testes
1625 1732 1722 1758 libera-

925 1771 1007 1798 litatis
1023 1776 1097 1798 tuae:
1119 1772 1191 1807 quod
1202 1780 1282 1806 saepe
1293 1771 1384 1798 audivi
1398 1771 1463 1806 patri
1477 1775 1531 1801 tuo,
1545 1771 1592 1805 qui
1604 1769 1631 1796 id
1643 1769 1723 1796 secis-

924 1813 973 1840 set,
987 1817 1083 1845 magno
1093 1809 1249 1836 adiumento
1259 1809 1286 1835 in
1299 1809 1398 1835 iudicio
1408 1807 1602 1843 capitissuisse.
1620 1806 1721 1833 tascii

924 1847 978 1873 iam
988 1847 1077 1874 omnia
1085 1847 1178 1873 timeo:
1191 1847 1317 1873 bonitatis
1328 1846 1415 1881 ipsius
1427 1845 1556 1872 invidiam
1568 1844 1720 1871 reformido.

924 1885 979 1911 tam
994 1884 1094 1911 indicat
1110 1889 1147 1911 tot
1163 1884 1303 1911 hominum
1315 1883 1406 1914 ssetuS,
1419 1892 1500 1918 quam
1512 1883 1551 1908 sis
1561 1890 1640 1908 carus
1653 1882 1720 1908 tuis:

924 1925 950 1948 et
960 1930 1003 1948 me
1014 1921 1089 1948 dolor
1099 1921 1230 1952 debilitat,
1239 1921 1407 1956 includitque
1419 1929 1521 1947 vocem.
1543 1920 1595 1946 Vos
1601 1919 1720 1949 obsecro,

924 1959 1037 1990 iudices.
1051 1959 1150 1986 uthuic
1161 1960 1262 1994 optimo
1275 1959 1338 1989 viro.
1347 1967 1402 1994 quo
1409 1957 1721 1991 nemomeliorumquum

925 1996 984 2028 fuit,
999 2005 1095 2023 nomen
1107 1997 1206 2032 equitis
1218 1997 1338 2026 Romani,
1352 2001 1377 2022 et
1389 2004 1498 2022 usuram
1511 1995 1593 2021 liuius
1606 1994 1683 2023 lucis.
1697 1999 1722 2019 ct

925 2038 1045 2060 vestrum
1059 2039 1232 2070 conspectum
1248 2042 1279 2060 ne
1290 2034 1419 2068 eripiatis.
1451 2033 1498 2059 llic
1510 2041 1557 2058 vos
1568 2031 1642 2058 aliud
1654 2030 1721 2058 nihil

924 2075 989 2104 orat,
1011 2071 1064 2098 nisi
1085 2076 1114 2099 ut
1137 2072 1216 2099 rectis
1235 2071 1321 2098 oculis
1343 2070 1410 2097 hanc
1430 2070 1524 2096 urbem
1540 2069 1592 2095 sibi
1613 2069 1720 2099 intueri,

924 2113 1004 2144 atque
1025 2113 1055 2136 ut
1076 2109 1102 2136 in
1124 2109 1174 2136 hoc
1196 2109 1250 2136 soro
1272 2108 1418 2144 vestigium
1434 2107 1519 2134 facere
1537 2107 1627 2133 liceat:
1649 2105 1721 2141 quod

925 2147 1015 2181 ipsum
1027 2146 1132 2173 fortuna
1143 2146 1286 2182 eripuerat.
1300 2145 1353 2173 uisi
1366 2146 1446 2173 unius
1457 2145 1535 2172 amici
1547 2152 1612 2179 opes
1623 2144 1722 2170 subn»

924 2184 1037 2211 nissent.
