1941 3052
231 97 279 123 072
804 91 836 117 72
871 90 905 116 M.
940 89 969 115 T,

229 178 278 194 non
291 166 418 200 intelligo.
460 165 562 191 iocerne
575 167 660 189 tecum
673 170 718 196 per
730 160 848 187 littei-ns?
865 160 950 185 civem
964 167 1019 184 me-

229 205 334 231 liert-ult·
347 213 396 229 uuu
411 207 555 236 putuit-⁴51¹,
572 201 618 234 qui
632 198 796 233 temporibus
809 198 850 223 liis
862 196 946 223 ridere
958 205 1019 230 poa-

226 244 271 268 uit.
300 242 337 267 An
349 241 457 273 gravius
470 237 570 272 aliquid
583 236 716 262 scribam?
726 235 796 267 Quid
808 239 860 264 est,
874 232 945 268 quod
958 241 1020 267 pos-

226 280 260 305 uit
277 278 391 311 graviter
402 286 414 301 a
427 277 550 301 (tiverone
562 274 642 299 scribi
654 273 685 298 ud
697 273 853 300 Curionem.
872 271 922 296 nisi
935 270 967 296 de
979 279 1020 296 re-

227 315 352 350 publica?
372 314 457 347 Atque
473 313 498 337 iu
512 312 559 337 linc
570 319 665 343 genere
678 309 740 335 hacc
752 317 808 335 mea
819 316 912 334 caussa
925 311 973 337 est.
991 311 1019 333 ut

227 361 312 386 neque
323 360 360 380 ea.
370 359 437 384 quac
449 349 541 378 sentio,
552 357 599 374 nee
609 355 678 382 quae
690 355 740 372 non
752 345 846 374 sentio,
862 344 941 370 velim
953 344 1019 370 scri-

226 390 296 416 bere.
338 390 360 413 ²2.
383 386 573 418 Quamobrem,
596 385 722 419 quoniam
745 383 809 409 milii
828 382 932 408 nullum
953 382 1019 407 scri-

226 426 304 452 lwudi
317 428 503 456 arguunt-utum
517 422 638 448 relictum
649 425 702 451 est,
716 425 773 446 utar
783 429 812 445 ca
822 418 953 449 clausula,
966 427 1018 453 qua

224 463 308 492 sol-zo,
329 467 406 496 teque
422 460 453 485 :ul
470 460 590 485 studium
607 466 728 484 summae
745 457 831 483 laudis
852 456 1017 482 cohortabor.

225 501 271 526 list
289 500 359 525 cuim
381 498 427 524 ubi
444 497 534 532 gravis
556 496 706 522 adversaria
721 494 863 521 constituta
884 497 909 519 ot
930 497 1018 528 parata

225 536 388 563 incredibilis
404 534 533 569 quaedam
550 533 724 568 exspe‹:tatio;
746 540 826 566 quum
841 536 867 557 tu
881 539 931 556 una
944 539 970 556 rc
982 530 1019 556 [ει-

224 574 323 600 cillime
337 573 439 602 vincet-1,
462 573 484 597 si
498 572 546 597 hoc
558 570 695 600 statueris,
712 577 826 604 quarum
841 568 949 594 laudum
961 567 1020 603 glo-

224 612 289 637 rium
305 610 450 639 adamatis,
473 609 573 643 quibus
589 607 691 634 artibus
703 616 748 633 cac
761 606 852 632 laudes
864 614 1019 639 comparan-

224 654 279 678 tur,
304 648 329 673 iu
352 647 384 672 iis
405 654 465 672 esse
485 645 686 672 elaborandum.

223 685 366 711 scriberem
388 683 476 718 plura,
501 683 551 709 nisi
573 687 597 708 te
619 687 661 708 tua
682 685 775 715 sponte
795 681 860 706 satis
881 680 1018 706 incitatum
1040 694 1041 697 =

223 731 281 749 esse
300 721 474 747 confiderem:
506 725 531 746 et
547 720 609 750 hoc,
635 718 769 754 quidquid
785 718 874 753 attigi.
897 726 948 743 nou
970 716 1018 742 set-i
1040 716 1049 753 l¹

225 758 405 832 irillaiii'niandi
422 758 460 784 tui
478 766 585 788 caussa,
603 756 651 783 scd
671 754 827 783 testificandi
843 754 940 781 amoris
957 755 1017 779 mei.

225 796 304 832 [Vale.

277 866 302 885 Υ.
324 865 365 884 Al(
374 864 399 883 G.
424 867 519 888 Questus
539 864 565 882 di·
581 863 677 889 pulnliri*
693 861 757 882 mulis
777 860 870 881 sui-iuni
887 860 1018 882 uramini-ir.
1040 869 1042 878 l

1040 826 1042 850 l

1040 884 1042 896 l

1040 904 1042 924 Ι

223 901 278 927 quud
299 906 323 919 ru
343 906 384 918 unu
405 898 484 918 iiilrnt.
510 899 596 919 vum-m
612 898 633 917 in
650 897 763 924 gir-uiuri:
780 897 864 916 laudem
877 896 986 919 tuendum,
999 899 1018 915 et

224 935 257 955 vel
270 942 326 955 uuut·
337 934 492 961 rempublicam
504 933 659 959 capessendum
670 935 752 951 rerinl.

462 971 549 991 (nu-nm,
561 970 593 986 -.,1.
606 973 709 990 ..m-mgna
722 970 754 985 τοι
768 970 775 987 )

353 1006 387 1031 M.
410 1006 439 1031 T.
463 1005 491 1030 (1.
514 1005 541 1030 S.
564 1005 592 1030 Ρ.
616 1005 644 1030 D.
667 1004 695 1029 C.
718 1002 890 1029 CURlONl.

280 1045 301 1068 t.
325 1039 399 1069 llaec
419 1042 521 1078 negotia
537 1040 670 1076 quomodo
686 1041 842 1070 seliabeant,
861 1048 892 1065 ne
908 1037 1018 1074 epistola

223 1080 333 1116 quidem
355 1088 458 1106 narrare
473 1079 567 1105 audeo.

223 1118 318 1152 scripsi
331 1117 363 1143 ad
376 1122 400 1143 te
411 1122 495 1147 antea,
509 1117 535 1142 in
543 1116 634 1142 eadem
646 1124 674 1142 es
682 1115 752 1145 navi,
761 1114 938 1149 tamemquod
945 1113 1016 1144 abes.

222 1154 353 1191 gratulor,
373 1154 412 1180 vel
428 1155 491 1189 quia
509 1162 558 1179 non
576 1153 650 1179 vides
665 1161 707 1182 ea,
725 1160 792 1187 quae
808 1160 869 1181 nos,
887 1151 928 1177 vel
947 1151 1018 1186 quod

223 1192 330 1219 excelso
341 1196 366 1219 ct
376 1191 475 1218 illustri
488 1191 544 1217 loco
554 1191 604 1217 sita
615 1195 655 1216 est
668 1190 723 1216 laus
736 1195 788 1220 tua,
802 1190 829 1215 in
842 1189 1018 1223 plurimorum

223 1235 249 1256 et
268 1230 400 1256 sociorum
421 1233 446 1255 et
465 1229 565 1254 civium
586 1231 743 1262 conspectu:
769 1234 838 1261 quae
858 1226 889 1252 ad
908 1235 955 1252 nos
971 1234 1019 1252 nec

223 1267 337 1293 obscuro
358 1274 405 1292 nec
422 1267 493 1291 vario
508 1273 639 1294 sermone,
658 1264 704 1290 sed
720 1268 745 1290 et
760 1264 907 1290 clarissima
923 1268 948 1290 et
966 1271 1018 1289 una

223 1305 343 1330 omnium
359 1311 422 1330 voce
433 1302 573 1337 perfertur.
595 1304 619 1329 Ξ.
636 1302 723 1328 Unum
736 1301 803 1327 illud
816 1301 914 1331 nescio,
927 1305 1019 1336 gratu-

225 1342 296 1368 lerne
308 1341 364 1371 tibi,
381 1349 414 1367 an
430 1341 547 1370 timeam,
564 1339 636 1374 quod
652 1338 782 1365 mirabilis
800 1343 841 1364 est
857 1338 1019 1373 exspectatio

224 1379 325 1405 reditus
347 1378 399 1404 tui:
423 1386 484 1408 non,
502 1377 573 1412 quod
590 1385 689 1407 verear,
704 1385 735 1402 ne
748 1381 790 1402 tua
803 1376 887 1402 virtus
899 1375 1018 1410 opinioni

225 1416 363 1442 homiuum
381 1423 432 1442 non
448 1414 619 1449 respondeat:
642 1413 689 1440 sed
701 1412 861 1443 mehercule,
875 1421 917 1443 ne,
933 1421 1018 1448 quum

224 1453 338 1484 veneris,
358 1461 408 1479 non
425 1452 523 1479 habeas
534 1453 596 1483 iam,
609 1451 681 1486 quod
693 1459 784 1477 cures:
806 1451 842 1476 ita
853 1455 916 1477 sunt
929 1450 1018 1477 omnia

223 1491 358 1517 debilitata
370 1495 396 1517 et
406 1491 458 1516 iam
465 1498 547 1525 prope
553 1490 692 1516 exstincta.
714 1488 767 1515 Sed
774 1488 910 1523 haecipsa,
919 1488 1017 1518 nescio,

223 1533 326 1555 rectene
337 1529 391 1554 sint
404 1527 497 1554 litteris
508 1528 665 1553 commissa:
686 1534 769 1561 quare
780 1529 864 1551 cetera
875 1533 1019 1561 cognosces

223 1574 256 1592 ex
267 1565 336 1591 aliis.
378 1566 417 1591 Tu
431 1570 526 1595 tamen,
547 1565 604 1591 sive
619 1563 702 1590 habes
713 1563 832 1598 aliquam
846 1571 922 1597 spem
933 1562 966 1588 de
978 1570 1020 1588 re-

224 1602 342 1638 publica,
355 1603 412 1629 sive
422 1602 558 1636 desperas,
572 1610 601 1628 ea
613 1610 684 1636 para,
698 1600 834 1630 meditare,
847 1600 1020 1635 cogita‚quae

223 1648 283 1666 esse
292 1640 320 1666 in
331 1648 362 1666 eo
372 1640 425 1666 civi
437 1648 466 1665 ac
478 1639 534 1665 viro
544 1639 650 1669 debent,
663 1638 710 1673 qui
722 1638 757 1664 sit
768 1637 972 1672 rempublicam,
980 1636 1020 1662 af—

224 1676 320 1703 flictam
340 1681 365 1703 et
384 1684 538 1711 oppressam
560 1676 665 1702 miseris
681 1674 847 1709 temporibus
862 1682 892 1700 ac
907 1673 1019 1709 perditis

224 1714 353 1745 moribus⁷
363 1714 390 1740 in
400 1718 516 1740 veterem
527 1713 684 1749 dignitatem
696 1720 725 1738 ac
737 1712 885 1738 libertatem
899 1711 1020 1737 vindica—

223 1756 311 1778 turus.

280 1822 315 1842 Yl.
334 1823 352 1842 A
360 1822 410 1842 RG.
429 1822 521 1843 Curiuui
540 1828 568 1841 ex
583 1821 638 1841 Asi·
657 1820 784 1841 adventanti
799 1819 891 1842 Milonis
910 1826 1018 1844 causum.

224 1851 361 1874 consul-nun
373 1852 477 1878 petentis,
489 1852 630 1872 commendat.

420 1885 507 1904 ‹ii-unae,
518 1883 611 1903 Domitio.
623 1884 696 1901 Vsterio
707 1890 754 1900 ron.
766 1885 820 1903 Tot.)

368 1916 403 1942 M.
421 1915 451 1941 T.
469 1914 498 1941 C.
516 1914 544 1940 S.
561 1914 590 1940 P.
607 1914 637 1940 D.
654 1913 683 1940 C.
701 1913 874 1940 CURtONi.

282 1955 306 1979 ⁴.
318 1947 450 1979 Nondum
461 1956 516 1978 erat
527 1951 657 1982 auditum,
672 1955 696 1977 te
707 1950 740 1977 ad
752 1951 852 1977 ltaliam
863 1950 1016 1981 adventare,

223 1998 309 2026 quum
321 1989 383 2016 Sex.
396 1989 518 2020 Villium,
535 1988 642 2015 Milonis
654 1989 707 2015 mei
719 1987 889 2018 familiai-em.
903 1997 964 2014 cum
976 1987 1018 2014 liis

223 2027 257 2054 ad
272 2032 297 2054 te
313 2026 405 2053 litteris
422 2026 493 2052 misi.
534 2025 586 2052 Sed
603 2030 689 2052 tamen
703 2034 789 2060 quum
804 2026 1018 2060 appropinquare

223 2069 287 2091 tuus
298 2064 428 2091 adventus
440 2067 577 2098 putaretur
587 2067 613 2090 et
624 2068 647 2089 te
659 2063 711 2089 iam
723 2071 756 2089 ex
765 2062 827 2089 Asia
839 2063 948 2089 Romam
959 2071 1019 2089 ver—

223 2111 270 2128 sus
282 2101 428 2137 profectum
443 2109 501 2127 esse
511 2105 654 2131 constaret,
673 2100 830 2135 magnitudo
845 2100 882 2126 rei
898 2099 972 2131 fecit.
991 2104 1020 2126 ut

225 2147 276 2166 non
292 2147 456 2169 vereremur,
475 2146 507 2164 ne
523 2138 603 2164 nimis
614 2138 665 2164 cito
676 2138 856 2167 mitteremus,
874 2145 960 2172 quum
972 2137 1019 2163 lias

224 2185 305 2211 quam
317 2176 434 2211 primum
446 2175 479 2202 ad
490 2179 514 2202 te
526 2174 635 2210 perferri
644 2174 743 2201 litteras
751 2183 845 2210 magno
851 2183 930 2209 opere
938 2174 1020 2200 velle-

225 2222 295 2240 mus.
335 2213 400 2249 Ego,
422 2213 445 2239 si
460 2221 518 2239 mea
533 2213 560 2239 in
577 2217 601 2239 te
615 2217 705 2238 essent
718 2211 803 2239 officia
814 2211 915 2243 solum,
928 2212 1017 2242 Curio,

226 2255 308 2282 tanta,
327 2254 426 2285 quanta
441 2250 526 2286 magis
542 2258 556 2276 a
571 2254 596 2276 te
611 2250 671 2284 ipso
682 2249 841 2285 praedicari,
859 2257 940 2284 quam
952 2257 965 2275 a
977 2257 1020 2275 me

225 2287 364 2323 ponderari
376 2287 474 2318 solent,
496 2287 674 2314 verecundius
685 2291 744 2318 ate,
757 2287 861 2322 siquae
873 2295 967 2322 magna
978 2294 1020 2312 res

226 2325 292 2351 mihi
312 2324 425 2360 petenda
445 2328 528 2356 esset.
549 2324 746 2351 contenderem.
787 2324 874 2351 Grave
893 2328 933 2350 est
948 2324 1019 2350 enim

227 2362 327 2388 homini
340 2361 460 2397 pudenti,
473 2367 561 2397 petere
572 2361 675 2397 aliquid
687 2369 815 2397 magnum
827 2361 861 2387 ab
872 2369 911 2392 eo,
924 2361 957 2387 de
966 2369 1021 2396 quo

226 2407 254 2425 se
265 2399 332 2425 bene
343 2399 467 2425 meritum
479 2403 562 2434 putet,
574 2407 608 2425 ne
618 2398 645 2425 id
654 2419 660 2429 ,
672 2399 745 2433 quod
756 2403 835 2433 petat,
848 2399 954 2434 exigere
964 2406 1022 2424 ma-

226 2436 283 2470 gis.
296 2443 377 2470 quam
389 2445 480 2471 rogare
491 2437 555 2463 etin
565 2435 696 2462 mercedis
707 2436 810 2471 potius,
827 2444 908 2470 quam
920 2435 1021 2462 benefi-

1040 606 1041 611 ’
1071 604 1143 634 eius,
1160 605 1186 630 in
1202 612 1256 638 quo
1270 605 1358 630 omnia
1373 612 1430 630 mee
1442 605 1526 639 posita
1538 613 1596 631 esse
1607 604 1723 631 decrevi.

727 644 754 670 ln
773 643 839 670 haue
859 642 1017 668 sententiam
1040 661 1049 682 Ἡ

1048 1024 1049 1029 ’
1070 1014 1223 1050 gratiosam.

608 1078 676 1109 Tibi.
690 1078 748 1108 etsi,
763 1077 928 1111 ubicumque
940 1085 976 1106 es,
991 1081 1019 1102 ut
1047 1087 1049 1100 ι

227 2472 261 2497 cii
282 2471 338 2498 loco
358 2481 496 2499 numerare
512 2473 643 2499 videatur.
683 2474 708 2499 Ξ.
730 2472 783 2499 Sed
797 2473 860 2508 quia
876 2477 920 2499 tua
934 2473 963 2499 in
978 2480 1020 2498 me
1041 2477 1043 2502 l,

228 2507 270 2534 vel
281 2513 339 2534 nota
351 2510 476 2536 omnibus
490 2509 531 2536 vel
543 2510 600 2544 ipsa
612 2511 727 2536 novitate
738 2518 858 2536 meorum
870 2514 1020 2544 temporum

227 2545 374 2571 clarissima
386 2550 411 2572 et
421 2547 537 2572 maxima
549 2547 675 2574 beneficia
685 2547 852 2577 exstiterunt,
865 2551 958 2582 estque
964 2547 1021 2573 ani·
1041 2543 1043 2562 ¹

229 2583 266 2607 mi
277 2582 396 2617 ingenui,
405 2584 447 2609 cui
460 2584 573 2610 multum
585 2584 691 2615 debeas,
700 2583 786 2611 eidem
798 2583 1021 2619 plurimumvelle

229 2617 339 2646 debere:
362 2628 413 2646 non
425 2619 558 2652 dubitavi¹
571 2621 599 2648 id
610 2630 624 2648 a
636 2626 659 2648 te
670 2630 717 2656 per
728 2621 827 2649 litteras
839 2626 935 2656 petere,
948 2620 1022 2657 quod

1005 87 1280 115 nicanorus

1071 158 1135 184 milii
1151 158 1271 184 omnium
1292 161 1361 184 esset
1382 158 1528 185 maximum
1550 159 1720 194 maximeque
1745 166 1866 185 necessa-

1071 196 1150 221 rium.
1192 195 1284 230 Neque
1299 195 1370 221 enim
1386 203 1446 221 sum
1465 197 1578 225 veritus.
1596 205 1628 222 ne
1639 198 1771 222 sustinere
1783 201 1826 222 tua
1839 197 1865 222 in

1071 242 1112 258 rue
1123 232 1215 258 merita
1228 231 1268 258 vel
1282 232 1485 258 innumerabilia
1498 241 1548 259 non
1556 242 1675 268 possem:
1698 242 1782 268 quum
1791 241 1867 268 proe-

1070 270 1161 295 sertim
1173 268 1343 299 confiderem,
1352 268 1453 295 nuttam
1465 277 1525 296 eane
1535 271 1656 303 gratiam,
1665 279 1746 306 quam
1759 279 1810 297 non
1824 270 1865 296 vel

1069 314 1162 340 capere
1173 307 1279 332 animus
1291 314 1367 332 meus
1380 307 1405 332 iu
1417 307 1584 341 accipiendo,
1604 307 1643 333 vel
1656 309 1682 334 in
1695 316 1867 334 remuneran-

1070 343 1104 369 do
1119 343 1256 369 cumulare
1271 348 1351 378 atque
1367 343 1500 370 illustrare
1516 349 1614 378 posset.
1656 347 1679 370 ³.
1702 345 1758 376 Euo
1777 345 1865 371 omnia

1071 389 1127 406 mea
1139 381 1237 411 studia,
1249 389 1355 407 omnem
1367 389 1483 415 operam,
1498 390 1598 412 curam,
1613 376 1779 411 industriam,
1792 382 1866 417 cogi-

1071 418 1210 447 tationem.
1229 423 1343 444 ment‹·m
1358 418 1474 452 denique
1490 426 1596 444 omnem
1613 419 1638 444 in
1652 419 1758 445 Milonis
1768 427 1866 445 consu-

1072 455 1124 480 latu
1136 455 1181 481 lixi
1193 460 1218 481 et
1230 454 1327 481 locavi:
1344 456 1479 490 statuique
1492 456 1517 482 in
1528 464 1558 481 eo
1570 464 1612 482 me
1624 464 1675 482 non
1686 455 1765 482 oflicii
1778 456 1865 482 solum

1072 492 1201 522 fructum,
1224 492 1271 518 scd
1288 493 1366 518 etiam
1384 492 1488 527 pictatis
1505 492 1610 519 laudem
1621 493 1717 519 debere
1727 501 1864 528 quaerere.

1071 530 1163 564 Neque
1180 537 1242 555 vero
1255 530 1381 564 cuiquam
1397 529 1511 556 salutem
1526 538 1556 556 ac
1572 529 1690 556 fortunas
1706 538 1770 556 suas
1780 535 1866 557 tantae

1070 575 1148 592 curae
1165 566 1247 593 [uisse
1265 575 1391 601 umquam
1408 571 1486 601 puto.
1509 572 1623 602 quantae
1638 567 1704 594 milii
1727 568 1763 594 sit
1783 567 1866 594 honos

1764 605 1831 630 Huic
1842 610 1866 630 te

1072 650 1154 668 unum
1167 645 1239 667 tanto
1249 641 1404 668 adiumento
1414 650 1485 672 esse,
1498 642 1521 668 si
1535 642 1664 672 volueris,
1679 650 1756 676 posse
1768 641 1867 668 intelli-

1071 687 1117 713 go,
1141 683 1170 705 ut
1181 678 1248 705 nihil
1259 679 1294 705 sit
1306 684 1438 713 praeterea
1450 679 1527 705 nobis
1539 679 1740 714 requirendum.
1781 679 1867 705 Habe-

1073 724 1133 741 mus
1150 715 1213 742 haec
1227 717 1330 742 omnia:
1353 716 1483 743 bonorum
1499 716 1620 742 studium
1641 716 1810 743 conciliatum
1833 724 1866 742 ex

1073 753 1208 779 tribunatu
1230 758 1337 788 propter
1357 758 1486 784 nostram,
1512 759 1541 780 ut
1563 762 1642 789 spero
1661 759 1686 780 te
1708 753 1864 789 intelligere.

1071 799 1207 821 caussam,
1231 791 1304 826 vulgi
1325 799 1355 817 ae
1370 790 1552 817 multitudinis
1572 795 1678 826 propter
1693 791 1867 826 magnificen-

1048 848 1049 852 ,
1072 828 1134 854 tiam
1147 836 1288 854 munerum
1298 828 1535 863 liberalitatemque
1547 833 1663 858 naturae,
1683 828 1830 854 iuventutis
1841 832 1868 854 et

1070 865 1245 900 gratiosorum
1258 866 1284 892 in
1295 865 1429 901 suffragiis
1440 865 1541 896 studia,
1564 870 1670 901 propter
1681 866 1768 900 ipsius
1779 864 1867 892 excel-

1073 901 1169 928 lentem
1185 903 1212 929 in
1228 911 1259 929 eo
1272 911 1368 938 genere
1384 903 1424 929 vel
1440 904 1550 939 gratiam
1568 902 1608 929 vel
1620 902 1800 938 diligentiam.
1820 910 1867 928 no-

1071 944 1152 966 stram
1164 939 1388 976 suffragationem,
1402 941 1424 966 si
1437 941 1526 967 minus
1539 945 1680 975 potentem.
1693 945 1717 966 at
1729 940 1866 974 probatam

1072 981 1158 1003 tamen
1170 981 1195 1003 et
1206 978 1303 1004 iustam
1315 982 1341 1003 et
1350 977 1468 1004 debitam
1483 982 1508 1004 et
1519 983 1654 1012 propterea
1667 977 1776 1004 tortasse
1787 979 1866 1004 etiem

1265 1016 1288 1041 k.
1306 1015 1365 1041 Dux
1376 1015 1453 1041 nobis
1467 1019 1492 1041 et
1504 1020 1593 1041 auctor
1604 1023 1673 1049 opus
1684 1020 1725 1041 est
1739 1020 1866 1041 eteorum

1074 1056 1211 1078 ventorum
1220 1072 1226 1083 ,
1239 1060 1307 1087 quos
1319 1053 1445 1087 proposui
1454 1072 1460 1082 ,
1473 1052 1621 1078 moderator
1631 1052 1741 1087 quidam
1753 1057 1778 1078 et
1788 1052 1867 1087 quasi

1070 1089 1244 1124 gubernator:
1261 1090 1307 1124 qui
1323 1090 1346 1115 si
1361 1098 1394 1115 ex
1409 1089 1537 1116 omnibus
1554 1098 1625 1116 unus
1639 1089 1773 1124 optandus
1786 1094 1865 1119 esset,

1071 1135 1152 1160 quem
1179 1131 1265 1153 tecum
1290 1125 1409 1153 conl'erre
1434 1135 1588 1161 possemus.
1620 1135 1671 1153 non
1697 1126 1866 1153 haberemus.

1070 1164 1262 1195 Quamobrem,
1279 1164 1303 1190 si
1319 1172 1362 1190 me
1376 1171 1534 1194 memorem,
1551 1164 1575 1190 si
1591 1169 1710 1200 gratum,
1728 1164 1750 1190 si
1767 1164 1867 1190 bonum

1072 1201 1170 1231 virum,
1185 1201 1225 1227 vel
1237 1209 1270 1228 ex
1281 1201 1330 1227 hoc
1343 1201 1410 1236 ipso.
1421 1200 1494 1236 quod
1507 1206 1558 1227 tam
1572 1201 1741 1227 vehementer
1751 1200 1869 1227 deMilo-

1071 1247 1103 1264 ne
1116 1238 1231 1264 laborem
1240 1259 1246 1269 ,
1259 1239 1412 1264 existimare
1423 1243 1511 1273 potes;
1528 1239 1551 1265 si
1562 1238 1675 1274 dignum
1687 1238 1803 1273 denique
1814 1238 1868 1264 tuis

1071 1275 1208 1302 beneficiis
1229 1275 1346 1302 iudicas:
1370 1275 1419 1302 hoc
1433 1284 1447 1302 a
1463 1280 1488 1302 te
1504 1280 1576 1310 peto.
1599 1280 1629 1302 ut
1644 1275 1790 1302 subvenias
1805 1275 1868 1302 huic

1047 1338 1049 1343 ,
1072 1321 1145 1339 meae
1157 1313 1347 1344 sollicitudini,
1371 1317 1396 1339 et
1410 1313 1472 1339 huic
1484 1321 1557 1339 meae
1569 1312 1655 1343 laudi,
1674 1312 1714 1339 vel
1727 1313 1766 1347 (ut
1777 1313 1867 1339 verius

1071 1350 1167 1386 dicam)
1183 1359 1264 1385 prope
1274 1350 1364 1377 saluti.
1377 1355 1454 1377 tuum
1468 1350 1589 1377 studium
1599 1350 1683 1377 dices.
1723 1351 1758 1376 De
1769 1350 1828 1385 ipso
1838 1350 1867 1376 T.

1070 1388 1158 1414 Annio
1169 1392 1272 1414 tantum
1283 1387 1331 1414 tibi
1343 1387 1477 1422 polliceor,
1493 1392 1518 1414 te
1530 1388 1638 1414 maioris
1647 1387 1739 1418 animi.
1751 1388 1869 1423 gravita-

1072 1426 1114 1456 tis,
1129 1426 1302 1455 constantiae,
1315 1424 1568 1460 benevolentiaeque
1579 1433 1640 1461 erga
1652 1429 1686 1455 te,
1694 1425 1717 1451 si
1727 1423 1867 1460 complecti

1072 1462 1207 1489 hominem
1224 1462 1356 1494 volueris,
1379 1462 1534 1489 habiturum
1546 1470 1605 1489 esse
1617 1463 1761 1488 neminem.
1801 1461 1868 1489 Mihi

1072 1508 1134 1526 vero
1145 1504 1247 1527 tantum
1258 1499 1361 1526 decoris
1369 1520 1375 1531 ,
1389 1504 1492 1526 tantum
1503 1499 1642 1535 dignitatis
1652 1499 1822 1530 adiunxeris,
1839 1503 1869 1526 ut

1071 1537 1196 1564 eumdem
1217 1542 1241 1564 te
1257 1536 1333 1564 facile
1349 1545 1489 1573 agnoscam
1507 1536 1591 1564 fuisse
1605 1537 1632 1563 in
1651 1536 1729 1563 laude
1740 1545 1807 1567 mea.
1819 1536 1868 1572 qui

1073 1574 1156 1601 fueris
1171 1575 1198 1601 in
1209 1573 1304 1600 salute.
1345 1575 1370 1600 ὅ.
1391 1574 1462 1610 Ego,
1480 1574 1508 1600 ni
1519 1579 1543 1600 te
1554 1573 1645 1600 videre
1654 1574 1765 1604 scirem,
1781 1581 1868 1608 quum

1071 1611 1104 1638 ad
1124 1617 1148 1638 te
1169 1612 1234 1638 haec
1253 1611 1412 1643 scriberem¹
1437 1615 1569 1646 quantum
1594 1610 1675 1637 officii
1695 1611 1866 1641 sustinerem,

1071 1653 1171 1684 quanto
1181 1657 1260 1683 opere
1275 1648 1342 1675 mihi
1358 1652 1428 1675 esset
1439 1649 1467 1675 in
1477 1648 1526 1674 hac
1540 1648 1666 1683 petitione
1677 1647 1784 1674 Milonis
1794 1648 1867 1674 omni

1072 1695 1123 1713 uon
1135 1686 1213 1713 modo
1223 1685 1399 1716 contentione,
1407 1685 1454 1712 sed
1461 1685 1540 1712 etiam
1551 1685 1720 1711 dimicatione
1731 1685 1869 1711 elaboran-

1071 1723 1149 1754 dum,
1167 1723 1244 1759 plura
1258 1723 1412 1749 scriberem.
1452 1723 1529 1749 Nunc
1543 1722 1591 1749 tibi
1603 1730 1710 1748 omnem
1721 1730 1776 1748 rem
1788 1726 1868 1757 atque

1071 1769 1193 1787 caussam
1209 1768 1305 1795 meque
1317 1764 1401 1787 totum
1414 1759 1573 1786 commendo
1583 1764 1663 1794 atque
1674 1759 1757 1786 trado.
1779 1759 1868 1786 Unum

1072 1798 1120 1825 hoc
1131 1799 1170 1824 sic
1182 1798 1290 1824 habeto:
1310 1798 1334 1824 si
1349 1806 1363 1824 a
1375 1802 1400 1823 te
1410 1796 1479 1824 hanc
1490 1805 1545 1823 rem
1557 1797 1712 1831 impetraro,
1731 1805 1773 1823 me
1785 1804 1869 1831 paene

1048 1859 1049 1863 ,
1071 1835 1133 1870 plus
1145 1836 1202 1866 tibi,
1215 1844 1297 1870 quam
1309 1833 1461 1870 ipsiMiloni
1472 1834 1642 1861 debiturum:
1655 1842 1707 1860 non
1718 1834 1789 1860 enim
1800 1833 1868 1860 mihi

1071 1877 1123 1899 tam
1137 1881 1194 1899 mea
1205 1872 1279 1899 salus
1290 1880 1349 1898 cara
1360 1871 1424 1903 suit,
1444 1872 1473 1898 in
1484 1880 1536 1907 qua
1549 1872 1691 1907 praecipue
1701 1879 1761 1897 sum
1778 1870 1869 1897 abillo

1046 1914 1049 1923 '
1071 1910 1193 1941 adiutus,
1210 1918 1292 1945 quam
1303 1910 1388 1944 pietas
1399 1909 1449 1936 erit
1458 1910 1486 1936 in
1498 1908 1635 1935 referenda
1645 1909 1728 1944 gratia
1739 1907 1866 1935 iucunda.

1070 1949 1135 2023 {auli
1141 1952 1230 2022 a]utem
1242 1951 1288 1974 tuo
1299 1948 1380 1974 unius
1391 1946 1481 1974 studio
1490 1954 1533 1973 me
1543 1946 1652 1982 assequi
1663 1953 1744 1982 posse
1752 1944 1866 1972 confido.

1096 1987 1117 2011 'a
1130 1993 1153 2011 e.

1122 2077 1172 2098 vu.
1192 2076 1268 2097 ARG.
1284 2075 1376 2097 Curioni
1388 2075 1522 2095 tribunatum
1532 2071 1668 2099 grant-tur.
1679 2072 1830 2098 tion-uirque,
1841 2078 1869 2092 ne

1070 2113 1133 2134 euius
1143 2111 1260 2133 eonsilium
1272 2114 1383 2137 nequatur.
1395 2109 1441 2133 sed,
1451 2109 1508 2136 quod
1519 2113 1600 2129 rectum
1611 2107 1649 2132 ιὶῑ,
1655 2111 1784 2128 cun-tamer
1791 2105 1867 2129 fatiat,

1071 2154 1124 2168 une
1134 2146 1179 2168 sitii
1189 2153 1238 2174 prot
1245 2145 1324 2166 inciam
1335 2143 1450 2172 pmrogari
1459 2143 1565 2171 peti-tur.

1167 2184 1197 2207 (ln
1207 2183 1271 2201 ostris
1280 2182 1304 2200 ad
1314 2181 1451 2202 Pindenissum,
1462 2179 1553 2204 sintpiu'u,
1563 2180 1655 2198 Marcello
1663 2184 1710 2196 ron.
1721 2178 1776 2200 3⁰³.)

1083 2237 1118 2262 Μ.
1131 2236 1161 2262 T.
1174 2234 1203 2263 C.
1217 2233 1377 2261 PROCOS.
1399 2232 1428 2260 S.
1439 2233 1470 2258 D.
1483 2231 1512 2258 C.
1525 2229 1687 2257 CURIONI
1703 2229 1800 2255 Tum.
1816 2229 1854 2255 Pl.

1129 2287 1152 2311 t.
1166 2280 1233 2311 Sera
1243 2283 1385 2320 gratulatio
1395 2280 1554 2318 reprehendi
1565 2288 1617 2307 uon
1628 2278 1702 2309 solet,
1711 2278 1867 2313 praesertim

1071 2324 1094 2349 si
1115 2321 1189 2349 nulla
1210 2321 1372 2358 negligentia
1393 2318 1579 2355 praetermissa
1599 2320 1649 2343 est.
1690 2315 1779 2351 Longe
1794 2315 1867 2341 enim

1072 2360 1183 2386 absum:
1205 2359 1286 2386 audio
1296 2367 1364 2385 sero.
1392 2356 1445 2384 Sed
1461 2356 1510 2382 tibi
1525 2359 1550 2381 et
1565 2352 1694 2390 gratulor,
1707 2357 1741 2383 et.
1754 2357 1785 2379 ut
1794 2360 1868 2378 sem-

1072 2399 1189 2432 piternae
1205 2395 1278 2423 laudi
1293 2396 1342 2422 tibi
1357 2395 1393 2421 sit
1406 2395 1458 2421 iste
1473 2392 1637 2421 tribunatus,
1655 2394 1764 2424 exopto,
1786 2393 1867 2424 teque

1072 2435 1160 2461 hortor
1167 2454 1173 2465 ,
1189 2438 1219 2460 ut
1229 2434 1317 2460 omnia
1327 2432 1462 2468 gubernes
1472 2433 1498 2457 et
1508 2428 1644 2455 moderere
1654 2426 1799 2468 prudentia·
1809 2430 1864 2468 tua,

1072 2480 1105 2498 ne
1120 2476 1144 2498 te
1159 2470 1279 2498 auferant
1293 2470 1406 2497 aliorum
1421 2466 1542 2495 consilia.
1581 2465 1665 2491 Nemo
1679 2468 1732 2495 est,
1753 2471 1801 2498 qui
1817 2463 1865 2489 ubi

1071 2508 1219 2543 sapientius
1234 2507 1346 2534 suadere
1360 2506 1446 2542 possit
1460 2509 1485 2530 te
1498 2504 1570 2538 ipso;
1599 2509 1748 2543 numquam
1765 2500 1862 2542 labere,

1071 2546 1096 2572 si
1106 2551 1130 2572 te
1141 2545 1244 2572 audies.
1278 2545 1336 2571 Non
1346 2543 1434 2571 scribo
1444 2541 1493 2568 hoc
1504 2545 1615 2566 temere:
1631 2547 1675 2565 cui
1685 2537 1810 2568 scribam,
1823 2545 1866 2563 vi-

1071 2583 1134 2610 deo:
1147 2583 1210 2609 novi
1220 2583 1354 2612 animum,
1368 2580 1429 2607 novi
1439 2577 1584 2605 consilium
1595 2581 1686 2608 tuum;
1699 2583 1752 2602 non
1762 2582 1862 2604 vereor.

1071 2628 1105 2647 ne
1119 2619 1186 2656 quid
1200 2619 1306 2650 timide,
1323 2626 1356 2645 ne
1367 2616 1433 2653 quid
1444 2614 1524 2643 stulte
1536 2614 1630 2644 facias,
1647 2613 1671 2640 si
1681 2621 1711 2640 ea
1724 2610 1864 2641 defendes,
