1941 3052
425 118 610 146 ORATIO
642 118 732 146 PRO
763 119 793 145 P.
827 118 1050 151 QUINTIO.
1085 119 1181 146 CAP.

74 190 191 226 possitis.
208 191 249 217 23.
264 189 316 221 Ait,
332 197 361 216 se
374 190 554 216 auctionatum
564 199 623 216 esse
637 191 665 217 in
679 189 778 217 Gallia:
794 189 867 224 quod

74 228 126 254 sibi
150 227 293 258 videretur,
315 236 343 253 se
361 227 528 254 vendidisse:
550 236 666 259 curasse,
688 236 720 253 ne
734 227 799 262 quid
814 227 866 253 sibi

73 266 185 291 societas
208 264 328 291 deberet:
358 274 386 291 se
409 265 462 291 iam
481 274 567 300 neque
586 265 675 291 vadari
691 265 806 299 amplius
821 273 868 290 ne-

73 311 126 337 que
152 302 334 328 vadimonium
352 303 514 337 promittere.
555 303 583 329 Si
601 302 667 337 quid
685 310 762 338 agere
775 311 866 328 secum

75 339 139 366 velit
151 339 287 371 Quintius,
303 348 355 365 non
370 348 500 366 recusare.
541 341 596 370 Hic,
613 349 697 374 quum
713 348 767 365 rem
783 339 868 366 Galli-

73 386 165 402 canam
188 381 296 411 cuperet
314 377 437 408 revisere,
459 377 593 403 hominem
613 377 639 403 iu
654 377 801 412 praesentia
817 385 867 402 non

74 415 194 441 vadatur.
216 415 252 440 Ita
266 414 323 440 sine
342 414 494 441 vadimonio
508 414 663 441 disceditur.
703 413 803 440 Deinde
816 414 869 440 Ro-

73 460 131 478 mae
145 452 202 478 dies
216 460 271 478 xxx
286 451 339 478 fere
352 451 478 484 Quintius
492 457 679 478 commoratur.
720 451 786 477 Cum
798 456 868 477 cete-

73 490 118 520 ris,
140 497 209 524 quae
224 489 345 520 babebat,
362 489 513 516 vadimonia
527 489 621 520 differt,
642 493 671 515 ut
685 488 826 523 expeditus
840 489 868 514 in

74 526 188 553 Galliam
211 526 342 561 proficisci
360 531 459 561 posset.
499 527 685 553 proficiscitur.
720 527 761 552 24.
786 526 867 551 Roma

73 563 208 599 egreditur
231 568 290 590 ante
308 564 379 590 diem
404 574 428 590 iv
445 564 556 590 Kalend.
573 563 729 590 Februarias
744 562 868 596 Scipione

72 606 98 627 et
119 601 242 628 Norbano
265 601 339 628 Coss.
386 601 498 634 Quaeso,
520 605 549 628 ut
563 609 623 627 eum
638 600 709 626 diem
724 600 867 626 memoriae

72 638 214 665 mandetis.
249 640 278 665 L.
298 638 402 670 Albius,
425 639 487 665 Sex.
503 638 584 669 filius,
600 637 710 670 Quirina
724 637 766 663 vir
780 637 867 662 bonus

72 680 98 702 et
119 684 181 702 cum
205 677 298 711 primis
317 676 445 702 honestus
464 684 516 702 una
531 675 665 710 profectus
687 678 736 701 est.
776 673 866 706 Quum

72 714 209 740 venissent
227 714 259 739 ad
278 713 349 740 Vada
364 713 531 740 Volaterrana
545 721 614 748 quae
629 712 807 742 nominantur,
826 712 868 737 vi-

71 750 135 777 dent
152 750 358 786 perfamiliarem
377 751 479 781 Naevii,
500 750 546 785 qui
562 759 595 776 ex
609 750 694 777 Gallia
709 758 806 784 pueros
821 757 867 775 ve-

71 787 145 814 nales
166 788 211 814 isti
229 787 386 819 adducebat,
406 788 436 814 L.
456 787 619 818 Publicium,
639 788 695 822 qui,
712 791 742 812 ut
756 787 866 812 Romam

71 826 152 856 venit,
177 829 265 851 narrat
283 825 390 856 Naevio,
408 834 462 860 quo
483 826 510 851 in
530 824 586 851 loco
604 825 700 851 viderit
714 824 864 856 Quintium.

70 861 146 894 Quod
170 862 221 889 nisi
245 871 278 889 ex
299 862 420 889 Publicio
443 866 577 888 narratum
595 862 696 888 Naevio
713 866 791 893 esset,
814 870 866 887 non

69 904 123 926 tam
149 900 201 926 cito
224 908 266 926 res
292 900 320 926 in
345 900 541 926 contentionem
562 900 689 926 venisset.
730 900 772 926 25.
797 899 865 925 Tum

69 937 186 963 Naevius
210 946 306 972 pueros
329 938 431 964 circum
454 937 552 963 amicos
571 937 694 963 dimittit:
721 937 779 971 ipse
802 945 865 962 suos

71 975 233 1001 necessarios
257 975 289 1001 ab
312 976 386 1001 atriis
409 975 519 1001 Liciniis
542 978 567 1000 et
585 983 599 1000 a
618 974 741 1000 faucibus
760 973 864 999 macelli

69 1016 196 1048 corrogat,
217 1016 247 1038 ut
264 1012 297 1038 ad
311 1012 429 1039 tabulam
444 1012 562 1038 Sextiam
576 1012 628 1038 sibi
643 1012 731 1038 adsint
745 1011 808 1037 hora
822 1019 865 1036 se-

69 1049 155 1076 cunda
178 1049 315 1084 postridie.
356 1050 473 1077 Veniunt
495 1049 657 1084 frequentes.
698 1048 865 1075 Testilicatur

68 1087 131 1118 iste,
157 1097 178 1113 ι».
204 1097 348 1117 oumrinn
373 1097 427 1114 Νοιι
451 1096 581 1113 sririsss
606 1096 641 1113 ετ
665 1095 695 1112 si:
716 1094 861 1112 sririsss:

68 1123 174 1151 tabulae
200 1125 331 1151 maximae
353 1125 439 1161 signis
462 1125 602 1151 hominum
626 1124 757 1150 nobilium
776 1123 864 1150 consi-

67 1166 196 1197 gnantur:
230 1162 386 1189 disceditur.
430 1162 550 1189 Postulat
567 1171 580 1188 a
598 1163 726 1188 Burrieno
744 1165 863 1196 praetore

67 1199 193 1231 Naevius,
217 1203 248 1226 ut
265 1208 299 1226 ex
316 1200 402 1226 edicto
419 1200 488 1226 bona
505 1199 642 1235 possidere
656 1199 742 1225 liceat.
782 1198 864 1225 lussit

67 1236 136 1263 bona
159 1237 289 1271 proscribi
311 1238 378 1269 eius,
399 1238 509 1272 quicum
529 1237 695 1263 familiaritas
709 1236 803 1267 fuerat,
820 1244 864 1262 so-

67 1274 148 1300 cietas
166 1278 230 1306 erat,
246 1274 369 1306 affinitas,
386 1274 477 1301 liberis
491 1275 570 1301 istius
584 1275 663 1306 vivis,
680 1273 773 1300 divelli
788 1272 863 1299 nullo

67 1311 146 1338 modo
168 1315 278 1346 poterat.
313 1313 354 1338 ⁶26.
378 1311 435 1345 Qua
457 1321 490 1339 ex
512 1321 540 1338 re
557 1312 671 1347 intelligi
686 1311 762 1337 facile
777 1311 863 1345 potuit

67 1348 173 1375 nullum
196 1357 255 1375 esse
277 1349 395 1376 officium
414 1354 466 1376 tam
484 1354 605 1376 sanctum
624 1354 704 1384 atque
722 1348 860 1379 sollemne,

66 1386 138 1421 quod
161 1395 214 1413 non
233 1387 342 1413 avaritia
360 1387 541 1413 comminuere
559 1391 638 1422 atque
656 1386 756 1413 violare
769 1385 861 1412 soleat.

65 1423 171 1450 Etenim
186 1424 209 1450 si
223 1424 333 1451 veritate
347 1424 471 1455 amicitia,
489 1424 540 1451 fide
553 1425 673 1455 societas,
690 1424 787 1458 pietate
802 1431 863 1457 pro-

65 1461 203 1496 pinquitas
226 1461 334 1488 colitur:
362 1470 470 1488 necesse
485 1466 526 1488 est
540 1462 598 1493 iste,
615 1462 662 1496 qui
677 1461 802 1491 amicum,
819 1469 863 1486 so-

65 1499 147 1530 cium,
164 1498 280 1530 affinem,
298 1499 367 1525 fama
382 1508 411 1525 ac
430 1499 544 1525 fortunis
558 1499 672 1534 spoliare
686 1502 796 1525 conatus
810 1502 858 1528 est,

65 1544 165 1562 vanum
189 1544 218 1562 se
240 1540 265 1562 et
287 1536 461 1571 perfidiosum
484 1541 509 1562 et
532 1537 646 1571 impium
665 1545 724 1562 esse
739 1535 859 1561 fateatur.

64 1573 106 1600 27.
131 1573 248 1600 Libellos
271 1573 331 1600 Sex.
357 1573 509 1608 Alplienus,
531 1578 683 1608 procurator
699 1573 728 1599 P.
748 1572 859 1605 Quintii,

65 1610 204 1637 familiaris
222 1615 248 1637 et
261 1612 429 1646 propinquus
444 1611 505 1637 Sex.
522 1612 623 1643 Naevii,
641 1611 745 1637 deiicit:
767 1618 862 1636 servu-

65 1647 122 1675 lum
138 1656 233 1679 unum,
254 1657 334 1684 quem
350 1649 398 1675 iste
412 1649 596 1683 prelienderat,
612 1648 734 1675 abducit:
757 1647 862 1673 denun-

64 1685 111 1712 tiat
132 1694 192 1712 sese
209 1691 405 1720 procuratorem
424 1695 495 1713 esse:
518 1687 600 1713 istum
619 1695 735 1721 aequum
751 1693 808 1711 esse
823 1684 862 1710 fa-

64 1731 122 1749 mae
146 1722 314 1759 fortunisque
338 1724 366 1750 P.
391 1722 493 1756 Quintii
516 1723 654 1750 consulere
672 1728 698 1750 et
715 1723 860 1749 adventum

64 1761 122 1787 eius
146 1766 309 1795 exspectare.
358 1760 435 1793 Quod
454 1762 476 1787 si
496 1761 581 1788 facere
600 1761 666 1788 nolit
683 1765 763 1796 atque
781 1760 862 1786 imbi-

64 1797 132 1824 berit
156 1798 289 1825 eiusmodi
309 1799 457 1825 rationibus
476 1799 553 1825 illum
572 1799 604 1825 ad
619 1807 681 1825 suas
695 1798 861 1825 conditiones

63 1835 217 1870 perducere,
233 1844 292 1862 sese
306 1836 372 1862 nibil
388 1836 501 1871 precari:
528 1840 561 1868 et,
578 1837 600 1862 si
614 1836 681 1872 quid
695 1844 772 1871 agere
786 1835 859 1866 velit,

62 1872 163 1899 iudicio
186 1873 337 1900 defendere.
377 1875 419 1901 28.
442 1874 510 1900 Haec
528 1874 593 1900 dum
608 1874 706 1900 Romae
719 1877 858 1909 geruntur,

63 1909 189 1942 Quintius
214 1911 313 1937 interea
335 1915 424 1937 contra
447 1912 499 1942 ius,
520 1911 754 1942 consuetudinem,
775 1910 861 1937 edicta

63 1952 214 1983 praetorum
237 1948 269 1975 de
291 1947 360 1974 saltu
379 1957 496 1984 agroque
510 1950 646 1975 communi
661 1958 674 1975 a
688 1949 774 1975 servis
788 1957 861 1975 com-

63 1985 192 2012 munibus
215 1986 242 2012 vi
261 1985 420 2012 detruditur.
461 1986 515 2013 Vll.
536 1986 675 2017 Existima,
697 1986 726 2013 C.
746 1985 857 2021 Aquilli,

62 2022 142 2049 modo
163 2027 189 2049 et
211 2023 310 2050 ratione
333 2024 422 2049 onmia
441 2023 539 2049 Romae
558 2024 688 2050 Naevium
708 2023 815 2054 fecisse,
836 2024 859 2049 si

63 2060 121 2091 boc,
145 2060 218 2095 quod
237 2069 284 2095 per
303 2060 402 2086 litteras
427 2061 506 2087 istius
529 2062 556 2087 in
576 2061 661 2088 Gallia
684 2065 790 2097 gestum
809 2065 857 2092 est,

63 2102 132 2124 recte
151 2101 231 2132 atque
248 2097 341 2124 ordine
356 2097 455 2124 factum
471 2098 585 2125 videtur.
626 2098 765 2133 Expulsus
780 2103 859 2133 atque

62 2135 162 2161 eiectus
186 2143 200 2161 e
222 2135 330 2170 praedio
348 2134 487 2167 Quintius,
509 2140 613 2171 accepta
632 2136 732 2171 insigni
751 2136 856 2167 iniuria,

62 2172 183 2208 confugit
205 2172 237 2199 ad
264 2172 293 2199 C.
314 2172 438 2199 Flaccum
458 2173 653 2208 imperatorem,
674 2174 720 2208 qui
734 2178 790 2199 tum
805 2177 860 2199 erat

61 2209 90 2236 in
107 2210 257 2245 provincia:
279 2218 370 2245 quem,
391 2215 420 2237 ut
433 2211 520 2245 ipsius
534 2211 650 2246 dignitas
665 2211 758 2245 poscit,
776 2211 859 2237 hono-

62 2247 99 2273 ris
124 2248 207 2283 gratia
231 2248 347 2274 nomino.
393 2248 417 2274 Is
436 2256 493 2274 eam
512 2256 568 2274 rem
586 2257 667 2283 quam
688 2248 859 2274 veliementer

62 2284 249 2312 vindicandam
265 2285 372 2320 putarit,
389 2294 421 2311 ex
435 2285 547 2312 decretis
561 2286 619 2312 eius
631 2286 750 2320 poteritis
761 2294 859 2321 cogno-

61 2330 144 2349 scere.
184 2324 225 2349 29.
250 2322 390 2358 Alphenus
414 2323 511 2349 iuterea
535 2324 632 2349 Romae
650 2332 711 2349 cum
732 2324 781 2349 isto
801 2323 859 2358 gla-

62 2358 162 2386 diatore
184 2359 274 2386 vetulo
296 2360 416 2395 quotidie
431 2360 576 2396 pugnabat.
617 2360 744 2387 Utcbatur
758 2360 858 2395 populo

61 2404 125 2423 sane
148 2405 206 2428 suo,
228 2402 373 2432 propterea,
394 2398 465 2432 quod
486 2399 535 2424 iste
549 2402 629 2432 caput
643 2402 731 2432 petere
745 2406 796 2424 non
811 2398 858 2424 de-

61 2434 174 2460 sinebat.
214 2435 265 2461 lste
288 2435 452 2470 postulabat,
484 2440 513 2461 ut
536 2440 688 2469 procurator
709 2435 856 2461 iudicatum

61 2470 129 2498 solvi
143 2472 292 2498 satisdaret.
346 2472 430 2508 Negat
444 2472 583 2507 Alphenus
594 2481 709 2507 aequum
724 2481 782 2498 esse
797 2481 858 2507 pro-

61 2513 208 2535 curatorem
223 2509 359 2542 satisdare,
375 2510 447 2545 quod
463 2519 523 2536 rcus
534 2510 662 2536 satisdare
677 2518 727 2536 non
739 2509 854 2541 deberet,

62 2545 85 2572 si
114 2546 172 2582 ipse
198 2547 312 2573 adesset.
362 2547 539 2582 Appellantur
565 2547 680 2574 tribuni:
715 2556 729 2573 a
755 2547 856 2582 quibus

61 2591 146 2618 quum
165 2588 236 2610 esset
249 2589 351 2611 certum
366 2585 496 2611 auxilium
513 2585 635 2620 petitum,
650 2585 683 2611 ita
699 2589 785 2611 tamen
800 2584 857 2610 dis-

61 2620 172 2652 ceditur,
198 2626 228 2648 ut
249 2622 342 2648 Idibus
360 2621 564 2657 Septembribus
584 2623 610 2648 1¹.
635 2622 775 2655 Quintium
798 2621 856 2648 sisti

63 2656 124 2685 Sex.
146 2659 285 2694 Alplienus
300 2660 473 2694 promitteret.
514 2661 580 2687 Vlll.
598 2661 638 2687 30.
656 2660 732 2687 Venit
747 2660 855 2687 Romam

1217 121 1231 146 3
1250 135 1287 139 -
1310 122 1348 146 l0.
1659 125 1707 149 ⁵207

918 189 1058 222 Quintius:
1081 190 1263 216 vadimonium
1277 191 1357 217 sistit.
1388 192 1447 222 Iste,
1464 191 1543 217 homo
1554 193 1707 223 acerrimus,

918 228 1048 254 bonorum
1069 236 1213 262 possessor,
1230 228 1366 263 expulsor,
1382 233 1493 263 ereptor,
1511 237 1610 255 annum
1625 234 1649 255 et
1663 239 1710 256 sex

919 273 1024 290 menses
1048 265 1114 291 nibil
1137 266 1215 299 petit:
1250 266 1377 300 quiescit:
1407 266 1604 292 conditionibus
1628 267 1708 298 hunc,

919 302 1006 336 quoad
1032 306 1126 337 potest,
1153 302 1287 337 producit:
1330 312 1343 329 a
1368 303 1415 330 Cn.
1438 303 1571 329 Dolabella
1594 303 1711 338 denique

920 343 1037 373 praetore
1060 339 1184 374 postulat,
1211 345 1240 366 ut
1263 340 1314 366 sibi
1333 339 1458 372 Quintius
1476 341 1624 367 iudicatum
1643 341 1711 367 solvi

919 376 1037 407 satisdet,
1054 385 1087 403 ex
1101 376 1227 403 formula:
1251 387 1325 408 Quot>
1345 387 1378 404 AB
1398 387 1433 404 Εο
1454 386 1557 409 rtur,
1580 388 1710 408 onosma

920 423 986 440 sius
1011 423 1045 440 ax
1069 423 1178 440 smero
1204 424 1363 441 raasroxis
1388 424 1459 442 noim
1485 425 1551 442 mss
1575 425 1628 442 xxx
1649 426 1712 441 ras—

919 460 1004 476 ssssA
1025 461 1096 477 smr.
1130 452 1187 477 Non
1202 452 1339 478 recusabat
1352 451 1487 484 Quintius,
1503 453 1568 487 quin
1584 454 1618 479 ita
1633 454 1712 479 satis-

919 488 980 514 dare
992 488 1103 519 iuberet,
1120 489 1143 514 si
1157 489 1225 515 bona
1239 498 1361 523 possessa
1375 494 1462 516 essent
1476 499 1508 516 ex
1523 490 1616 516 edicto.
1662 491 1712 516 De-

896 546 897 552 .
919 526 1015 551 cernit:
1048 534 1128 560 quam
1152 534 1277 560 aequum,
1298 527 1365 553 nihil
1383 527 1455 554 dico:
1478 536 1561 553 unum
1577 527 1626 554 hoc
1641 527 1708 558 dico,

920 571 1033 589 novum:
1068 567 1093 589 et
1119 563 1167 589 hoc
1186 564 1276 597 ipsum
1300 565 1413 590 tacuisse
1437 564 1557 594 mallem,
1584 565 1710 599 quoniam

919 604 1063 634 utrumque
1077 601 1167 635 quivis
1181 600 1329 635 intelligere
1343 602 1480 636 potuisset.
1503 602 1578 628 lubet
1589 603 1616 628 P.
1627 602 1711 634 Quin-

919 637 986 663 tium
1005 638 1175 672 sponsionem
1189 646 1250 664 cum
1265 638 1326 664 Sex.
1343 639 1442 665 Naevio
1456 639 1554 665 facere:
1594 649 1617 665 5ι
1638 649 1711 665 BONA

918 683 973 701 sua
994 683 1028 701 rx
1051 684 1157 701 smero
1181 685 1201 701 Ρ.
1227 685 1367 702 suaniam
1391 684 1554 702 rumonus
1574 686 1640 702 nlEs
1658 687 1710 703 xxx

919 721 1059 738 POSSESSA
1085 721 1202 738 Essem.
1242 713 1421 744 Recusabant,
1446 714 1493 748 qui
1520 714 1627 740 aderant
1653 719 1711 740 tum

918 749 1040 781 Quintio:
1062 749 1287 781 demonstrabant,
1304 750 1336 776 de
1350 759 1377 776 re
1392 751 1521 776 iudicium
1537 751 1591 777 fieri
1607 756 1711 786 oporte—

918 795 954 817 re,
971 791 1000 812 ut
1014 790 1059 812 aut
1073 791 1184 822 uterque
1199 787 1266 813 inter
1279 796 1307 813 se
1322 792 1367 813 aut
1382 793 1473 814 neuter
1483 788 1634 814 satisdaret:
1659 798 1709 815 non

918 832 1025 850 necesse
1060 833 1119 850 esse
1154 824 1251 850 famam
1282 824 1390 851 alterius
1408 826 1435 851 in
1456 825 1586 851 iudicium
1608 827 1708 852 venire.

918 863 958 888 34.
984 861 1120 888 Clamabat
1141 870 1218 896 porro
1232 862 1290 896 ipse
1304 862 1439 894 Quintius,
1456 871 1514 888 sese
1528 863 1626 889 idcirco
1640 863 1709 889 nolle

917 899 1053 930 satisdare,
1075 907 1108 925 ne
1126 899 1260 925 videretur
1278 900 1420 931 iudicasse,
1436 900 1504 926 bona
1518 909 1566 926 sua
1578 909 1611 926 ex
1624 900 1709 926 edicto

917 945 1040 971 possessa
1064 945 1131 962 esse.
1173 936 1349 971 Sponsionem
1367 946 1445 972 porro
1463 938 1485 963 si
1504 938 1656 963 istiusmodi
1672 937 1711 963 sa-

916 978 999 1000 ceret:
1031 983 1059 1000 se
1077 974 1114 1009 (id
1133 974 1205 1009 quod
1220 983 1290 1000 nunc
1304 975 1402 1010 evenit)
1415 974 1448 1000 de
1461 976 1547 1009 capite
1561 984 1610 1001 suo
1624 976 1710 1009 priore

917 1011 973 1038 loco
996 1020 1118 1038 caussam
1142 1020 1200 1038 esse
1226 1012 1371 1038 dicturum.
1412 1012 1545 1038 Dolabella
1571 1012 1710 1047 (quemad-

916 1048 1025 1075 modum
1048 1049 1133 1075 solent
1151 1049 1272 1075 homines
1291 1049 1407 1076 nobiles:
1434 1058 1482 1076 seu
1501 1054 1569 1076 recte
1588 1058 1635 1075 seu
1650 1058 1711 1084 per-

915 1094 1005 1120 peram
1030 1086 1114 1113 facere
1132 1091 1284 1121 coeperunt,
1304 1087 1339 1113 ita
1354 1088 1381 1113 in
1396 1091 1509 1122 utroque
1523 1087 1666 1117 excellunt,
1681 1092 1709 1113 ut

916 1132 992 1150 nemo
1007 1128 1095 1150 nostro
1110 1124 1165 1150 loco
1176 1129 1253 1151 natus
1264 1125 1370 1160 assequi
1385 1125 1478 1160 possit)
1489 1125 1613 1151 iniuriam
1626 1124 1710 1150 facere

915 1160 1059 1187 fortissime
1076 1166 1240 1196 perseverat:
1267 1166 1313 1188 aut
1330 1162 1457 1188 satisdare
1480 1166 1525 1188 aut
1539 1162 1709 1197 sponsionem

914 1198 988 1225 iubet
1007 1198 1104 1231 facere,
1127 1203 1152 1225 et
1169 1199 1267 1225 interea
1286 1204 1438 1226 recusantes
1454 1204 1556 1226 nostros
1570 1199 1710 1226 advocatos

915 1236 1040 1262 acerrime
1054 1236 1218 1263 submoveri.
1259 1237 1306 1263 IX.
1323 1239 1364 1264 32.
1381 1237 1558 1264 Conturbatus
1573 1246 1636 1263 sane
1655 1237 1710 1263 dis-

914 1273 984 1300 cedit
1006 1273 1146 1306 Quintius:
1173 1282 1260 1309 neque
1283 1274 1391 1306 mirum,
1418 1275 1461 1301 cui
1486 1275 1548 1301 haec
1567 1275 1638 1309 optio
1656 1279 1708 1300 tam

914 1312 1010 1337 misera
1029 1316 1137 1346 tamque
1155 1312 1247 1346 iniqua
1266 1311 1381 1343 daretur,
1399 1317 1428 1338 ut
1441 1317 1486 1338 aut
1500 1313 1557 1347 ipse
1571 1321 1600 1338 se
1614 1312 1709 1346 capitis

914 1348 1058 1380 damnaret,
1083 1350 1105 1375 si
1129 1349 1324 1380 satisdedisset,
1350 1354 1395 1375 aut
1417 1358 1538 1375 caussam
1558 1349 1665 1384 capitis,
1686 1350 1708 1375 si

913 1387 1084 1420 sponsionem
1107 1385 1223 1418 fecisset,
1247 1387 1333 1421 priore
1352 1386 1408 1413 loco
1425 1387 1532 1413 diceret.
1573 1388 1662 1419 Quum
1682 1387 1709 1412 in

913 1423 993 1450 altera
1016 1432 1043 1450 re
1064 1432 1174 1450 caussae
1196 1424 1263 1450 nihil
1284 1428 1366 1455 esset,
1396 1424 1462 1458 quin
1485 1433 1562 1450 secus
1581 1424 1710 1450 iudicaret

913 1461 970 1495 ipse
988 1460 1021 1487 de
1039 1470 1081 1493 se;
1109 1461 1182 1496 quod
1200 1461 1332 1487 iudicium
1347 1462 1538 1497 gravissimum
1554 1466 1606 1487 cst:
1629 1462 1656 1487 in
1671 1460 1709 1487 al-

914 1503 966 1524 tera
989 1507 1050 1533 spes
1073 1503 1142 1524 esset
1160 1498 1193 1525 ad
1212 1498 1289 1525 talem
1305 1503 1392 1525 tamen
1408 1499 1504 1529 virum,
1521 1499 1646 1529 iudicem,
1664 1507 1709 1524 ve—

914 1535 1012 1567 niendi,
1039 1535 1110 1562 unde
1128 1544 1159 1562 eo
1179 1535 1240 1570 plus
1254 1537 1312 1570 opis
1327 1536 1449 1566 auferret,
1466 1545 1520 1570 quo
1535 1537 1624 1562 minus
1639 1540 1710 1562 attu-

914 1573 988 1599 lisset
1010 1574 1123 1609 gratiae,
1140 1574 1310 1608 sponsionem
1327 1573 1410 1600 facore
1426 1573 1532 1599 maluit:
1562 1573 1631 1599 fecit.
1673 1573 1708 1599 Te

913 1610 1038 1642 iudicem,
1065 1610 1092 1637 C.
1118 1610 1228 1645 Aquilli,
1249 1611 1378 1645 sumpsit:
1410 1619 1443 1637 ex
1461 1620 1559 1645 sponso
1577 1611 1639 1646 egit.
1681 1611 1708 1636 ln

913 1648 962 1674 hoc
977 1657 1082 1674 summa
1096 1648 1188 1674 iudicii
1203 1657 1351 1682 caussaque
1366 1652 1417 1674 tota
1431 1649 1561 1674 consistit.

969 1687 1010 1712 33.
1032 1685 1164 1711 Iudicium
1179 1694 1245 1716 esse,
1263 1686 1291 1712 C.
1307 1685 1418 1720 Aquilli,
1433 1695 1482 1711 nou
1498 1685 1530 1711 de
1545 1694 1571 1711 re
1582 1685 1708 1720 pecunia-

913 1723 960 1753 ria,
976 1723 1023 1749 scd
1038 1723 1070 1749 de
1085 1722 1154 1749 fama
1169 1722 1337 1758 fortunisque
1351 1723 1380 1749 P.
1395 1723 1498 1755 Quintii
1514 1723 1595 1749 vides.
1618 1722 1707 1755 Quum

913 1760 1025 1786 maiores
1043 1761 1078 1786 ita
1096 1761 1290 1792 constituerint,
1311 1765 1348 1791 ut,
1369 1761 1417 1795 qui
1436 1769 1483 1795 pro
1500 1761 1585 1795 capite
1599 1760 1706 1789 diceret,

912 1798 935 1824 is
950 1798 1094 1832 posteriore
1109 1797 1165 1824 loco
1178 1797 1290 1824 diceret:
1320 1807 1376 1829 nos,
1393 1798 1510 1824 inaudita
1525 1798 1708 1823 criminatione

912 1840 1109 1866 accusatorum,
1137 1836 1223 1870 priore
1247 1835 1302 1861 loco
1321 1844 1442 1862 caussam
1462 1835 1549 1861 dicere
1569 1834 1706 1870 intelligis.

912 1872 963 1899 Eos
987 1881 1073 1908 porro,
1101 1874 1148 1907 qui
1167 1872 1308 1899 defendere
1323 1878 1493 1903 consuerunt,
1511 1872 1585 1899 vides
1600 1881 1708 1898 accusa-

912 1919 953 1936 re:
981 1915 1007 1936 et
1025 1919 1054 1936 ea
1072 1911 1179 1946 ingenia
1197 1911 1314 1936 converti
1333 1910 1366 1936 ad
1381 1911 1534 1944 perniciem,
1551 1919 1619 1944 quae
1633 1915 1706 1936 autea

912 1948 1087 1974 versabantur
1110 1949 1137 1974 in
1159 1947 1245 1974 salute
1267 1952 1346 1982 atque
1364 1948 1465 1974 auxilio
1480 1947 1596 1973 ferendo.
1639 1947 1707 1973 Illud

911 1986 990 2012 etiam
1015 1986 1153 2017 restiterat,
1178 1985 1251 2020 quod
1275 1985 1397 2011 hesterno
1421 1985 1463 2011 die
1482 1985 1614 2015 fecerunt,
1636 1990 1665 2010 ut
1684 1990 1707 2010 te

911 2024 938 2050 in
953 2023 995 2049 ius
1009 2022 1179 2054 adducerent,
1192 2027 1222 2049 ut
1233 2022 1309 2049 nobis
1324 2027 1439 2057 tempus,
1452 2031 1533 2057 quam
1548 2023 1595 2048 diu
1607 2022 1708 2048 dicere-

912 2069 981 2092 mus,
1003 2061 1204 2095 praestitucres:
1236 2069 1318 2095 quam
1337 2069 1391 2086 rem
1407 2060 1482 2086 facile
1497 2069 1509 2086 a
1526 2065 1642 2094 praetore
1658 2060 1707 2085 im-

912 2103 1067 2133 petrassent,
1093 2098 1145 2124 nisi
1169 2103 1206 2129 tu,
1222 2097 1295 2133 quod
1313 2102 1383 2124 essct
1402 2102 1477 2124 tuum
1493 2098 1534 2123 ius
1549 2102 1574 2123 ct
1587 2097 1705 2123 osticium

911 2140 1061 2171 partesque,
1087 2135 1235 2162 docuisses.
1269 2136 1311 2161 34.
1332 2136 1423 2169 Neque
1438 2135 1514 2161 uobis
1529 2135 1615 2160 adbuc
1631 2143 1707 2168 prae-

912 2178 949 2200 ter
972 2178 996 2200 tc
1017 2173 1162 2208 quisquam
1186 2172 1245 2203 fuit,
1266 2172 1313 2199 ubi
1338 2177 1456 2198 nostrum
1482 2173 1524 2198 ius
1543 2177 1631 2197 contra
1647 2171 1705 2197 illos

910 2211 1105 2237 obtineremus:
1129 2218 1215 2245 neque
1229 2209 1283 2236 illis
1299 2219 1427 2244 umquam
1441 2210 1506 2235 satis
1522 2209 1570 2235 fuit
1582 2209 1648 2235 illud
1659 2209 1706 2234 ob-

910 2249 1002 2279 tinere,
1023 2247 1096 2283 quod
1114 2248 1219 2282 probari
1233 2247 1359 2274 omuibus
1375 2251 1472 2281 posset.
1514 2247 1548 2273 lta
1563 2247 1620 2272 siue
1636 2247 1706 2272 iuiu-

910 2286 946 2311 ria
970 2286 1113 2319 potentiam
1134 2285 1218 2311 levem
1237 2289 1317 2319 atquc
1335 2285 1442 2318 inopem
1461 2292 1519 2309 esse
1533 2284 1703 2310 arbitrantur.

910 2323 944 2348 Χ.
971 2323 1067 2348 Verum
1091 2323 1217 2357 quonium
1238 2322 1284 2348 tibi
1300 2322 1381 2348 instat
1395 2322 1559 2351 llortcusius,
1577 2326 1605 2346 ut
1619 2330 1663 2346 cas
1679 2321 1704 2347 iu

908 2359 1064 2386 consilium:
1096 2368 1109 2385 a
1128 2368 1170 2385 mc
1189 2359 1313 2393 postulat,
1331 2368 1362 2384 uo
1377 2358 1490 2384 diceudo
1504 2363 1610 2392 tempus
1624 2358 1705 2384 absu-

909 2406 993 2423 mam:
1016 2397 1146 2432 queritur,
1168 2397 1253 2431 priore
1272 2401 1381 2431 patrono
1398 2405 1520 2422 caussam
1535 2395 1702 2426 defendente,

909 2443 1056 2469 numquam
1083 2434 1196 2468 perorari
1216 2435 1348 2468 potuisse:
1376 2442 1427 2459 uon
1447 2433 1538 2467 patiar.
1555 2433 1633 2459 istam
1649 2442 1705 2459 ma-

910 2480 970 2498 nere
989 2472 1180 2506 suspicionem,
1201 2480 1248 2497 nos
1267 2479 1322 2496 rem
1342 2470 1452 2496 iudicari
1468 2470 1550 2497 nolle:
1575 2479 1622 2496 uec
1636 2470 1703 2497 illud

909 2509 973 2535 milii
989 2509 1125 2544 arrognbo,
1142 2517 1184 2534 me
1196 2516 1272 2543 posse
1282 2516 1404 2534 caussam
1415 2508 1583 2534 commodius
1593 2508 1704 2534 demon·

908 2551 999 2578 strare,
1024 2555 1105 2581 quam
1129 2551 1203 2572 antea
1226 2546 1404 2572 demonstrata
1427 2546 1474 2572 sit:
1508 2555 1594 2581 neque
1616 2551 1703 2573 tamen

909 2589 960 2610 tam
981 2584 1063 2610 multa
1082 2584 1161 2610 verba
1181 2583 1288 2609 faciam:
1318 2587 1454 2618 propterea
1472 2583 1545 2618 quod
1560 2588 1585 2610 ct
1599 2583 1632 2609 ab
1646 2583 1700 2612 illo,

908 2621 955 2656 qui
969 2626 1028 2648 ante
1042 2621 1119 2651 dixit.
1136 2621 1274 2647 informata
1294 2621 1346 2647 iam
1363 2629 1458 2647 caussa
1473 2626 1548 2647 estet
1561 2630 1574 2647 a
1590 2630 1640 2651 me,
1655 2622 1702 2655 qui

908 2668 995 2695 noque
1017 2660 1165 2695 excogitare
1184 2666 1270 2694 neque
1289 2659 1459 2694 pronuntiare
1478 2658 1561 2685 multu
1580 2667 1699 2694 possum.
