1941 3052
227 116 289 140 taeztu
770 114 824 137 ⁴316.
865 111 899 137 Μ.
934 111 963 136 Τ.

224 189 378 210 neutrorum
389 181 700 209 ‹uiininocontemnenda
715 187 754 207 est
770 182 913 207 sententia:
932 180 978 206 sed
990 186 1015 206 et
1035 181 1044 193 ''

225 221 327 247 facilior
338 226 362 246 et
375 222 453 246 tutior
469 225 492 244 et
510 220 599 244 minus
611 219 670 244 aliis
681 219 772 251 gravis
783 223 827 244 aut
840 218 948 243 molesta
963 219 1014 244 vita

223 259 431 284 estotim-nrum,
453 256 610 282 fructuosior
626 261 713 281 nutem
731 255 870 281 bominum
885 255 975 289 generi
990 260 1015 281 et
1035 287 1037 290 Ι

224 295 256 321 nd
268 295 413 320 claritatem
426 293 685 327 nmplitmlint-mque
700 294 784 326 aptior
799 301 905 322 eorum,
923 293 970 327 qui
986 300 1014 317 se

224 332 256 358 ad
270 331 461 364 rempublicmn
474 330 541 356 etad
554 339 663 363 magnas
676 338 716 355 res
728 329 1014 362 gerendasaccommo-
1034 351 1036 362 A

223 369 362 394 (laverunt.
404 368 444 393 Ἡ.
468 369 634 401 Quapropter
651 371 675 392 et
692 367 724 392 iis
741 366 849 392 forsitan
865 366 1014 393 conceden-
1034 373 1035 378 ¹

223 406 287 431 dum
300 406 346 433 sit.
362 404 554 438 rempublicam
568 413 617 430 non
630 404 842 438 ‹eam-sstnnbus,
855 405 912 438 qui,
925 403 1015 429 excel-

225 443 286 468 lenti
306 443 426 474 ingenio,
443 441 578 467 doetrinae
594 450 651 466 sese
667 441 842 467 dediderunt:
860 446 886 467 et
903 441 948 470 iis,
966 442 1013 475 qui
1034 457 1035 460 =

223 485 267 505 aut
280 479 441 505 valetudinis
455 478 646 507 imbecillitate,
656 478 795 512 autaliqua
803 479 924 513 graviore
935 487 1015 504 caus-

222 527 249 542 sa
263 516 384 550 impediti
397 525 409 541 a
423 516 559 550 republica
573 520 746 545 recesserunt,
760 524 845 550 quum
858 516 916 541 eius
927 515 1014 541 admi-

222 553 373 579 nistrandae
391 558 545 587 potvstatem
567 553 627 578 aliis
649 552 809 587 laudemque
827 552 1012 579 concederent.
1034 583 1035 586 Ἴ

222 590 327 622 Quibus
342 596 429 616 autem
448 590 507 616 tulis
524 590 596 616 nulla
613 590 647 616 sit
662 598 770 619 caussa,
793 590 815 616 si
831 589 969 624 despicere
985 598 1013 615 se
1041 597 1042 624 j

221 628 311 653 ‹ln-ant
322 637 365 657 ea,
383 636 451 662 quae
463 627 584 662 plerique
599 628 741 658 mirentur,
761 628 873 661 imperia
887 632 913 653 et
929 627 1014 661 magi—

221 670 333 695 stratus,
356 665 388 690 iis
405 674 455 691 non
475 664 553 691 modo
569 673 620 691 non
639 664 724 695 laudi,
745 673 837 690 verum
854 665 933 690 etiam
949 664 1014 690 vitio

221 702 339 728 dandum
353 706 425 736 puto.
452 702 570 733 Quorum
584 701 714 728 iudicium
728 703 753 728 in
766 710 804 731 eo,
817 701 889 736 quod
900 702 1012 737 gloriam

220 744 390 765 contemnant
401 744 425 765 et
437 748 483 773 pro
496 739 580 765 nihilo
592 739 815 773 putent,disticile
830 739 898 766 l'actu
910 744 950 765 cst
962 748 1012 765 non

221 777 346 811 probare:
360 776 407 802 scd
421 777 545 802 videntur
557 776 659 803 labores
669 781 694 803 et
706 776 850 807 molestias,
864 781 920 802 tum
930 776 1014 802 otren-

220 814 328 840 sionum
349 819 374 839 ct
395 814 562 848 repulsarum
583 815 660 849 quasi
676 814 820 848 quomdam
838 814 1013 849 ignominiam

222 852 314 878 timere
325 856 351 877 et
363 850 510 877 infamiam.
542 852 608 877 Sunt
622 852 704 882 enim,
717 852 763 886 qui
777 852 802 877 in
818 851 898 877 rebus
909 855 1014 877 contra-

221 889 268 915 riis
281 897 373 923 parum
386 889 438 914 sibi
450 893 582 920 constent,
598 888 760 923 voluptatem
772 889 1014 914 severissimecon-

221 931 353 956 temnant,
369 927 393 952 in
406 925 495 952 dolore
507 927 561 952 sint
575 925 722 955 molliores:
741 925 853 960 gloriam
865 925 1011 961 negligant,

222 962 378 998 frangantur
394 962 517 989 infamia:
541 968 619 998 atquc
635 972 664 989 ea
680 963 791 997 quidem
808 972 858 989 non
874 964 940 989 satis
951 972 1012 989 con-

220 1005 330 1027 stanter.
369 1001 411 1026 72.
434 1000 485 1026 Sed
498 1001 539 1031 iis,
557 1001 604 1035 qui
621 1000 742 1027 habenta
758 1005 849 1026 natura
860 1000 1013 1026 adiumenta

220 1046 309 1064 rerum
321 1038 512 1072 gerendarum,
530 1038 632 1064 abiecta
643 1039 715 1064 omni
727 1038 908 1067 cunctatione,
926 1037 1014 1072 adipi-

220 1075 644 1110 scendimagistratusetgerenda
652 1075 804 1109 respublica
816 1080 868 1101 est:
883 1084 930 1101 nec
941 1075 1013 1100 enim
1034 1096 1035 1101 ,

220 1112 297 1138 aliter
312 1117 357 1138 aut
373 1113 429 1146 regi
444 1114 539 1138 civitas
555 1118 600 1139 aut
615 1112 743 1138 declarari
759 1113 842 1138 animi
857 1111 1014 1147 magnitudo

220 1154 315 1184 potest.

221 1188 311 1213 minus
320 1207 325 1217 ,
342 1196 424 1221 quam
441 1187 609 1221 pbilosophis
618 1207 623 1217 ,
642 1186 713 1213 baud
724 1187 780 1213 scio
791 1195 823 1212 an
837 1187 922 1222 magis
933 1187 1012 1212 etiam

219 1230 245 1250 et
261 1224 457 1259 magnificentia
474 1229 499 1250 et
513 1224 689 1259 despicientia
705 1224 858 1250 adhibenda
873 1225 909 1250 sit
924 1232 1013 1250 rerum

219 1261 413 1291 humanarum,
437 1266 461 1287 et
477 1269 520 1291 ea,
543 1270 624 1296 quam
641 1270 720 1296 saepe
736 1261 809 1292 dico,
833 1261 1013 1297 tranquillitas

219 1299 388 1332 animiatque
396 1299 538 1324 securitas:
553 1299 576 1324 si
588 1299 697 1334 quidem
711 1307 759 1326 nec
770 1299 844 1326 anxii
856 1298 939 1326 futuri
950 1304 1014 1326 sunt

218 1340 316 1362 etcum
327 1337 456 1370 gravitate
469 1337 669 1372 constantiaque
683 1337 790 1363 victuri.
830 1338 871 1363 73.
889 1337 961 1369 Quae
975 1337 1013 1362 fa-

218 1372 309 1399 ciliora
325 1378 388 1399 sunt
404 1373 586 1408 philosophis,
609 1383 663 1409 quo
678 1375 768 1400 minus
785 1374 867 1400 multa
884 1380 974 1409 patent
986 1375 1012 1400 in

218 1419 309 1436 eorum
323 1411 390 1442 vita,
408 1419 477 1445 quae
490 1410 593 1438 fortuna
607 1411 695 1442 feriat,
713 1416 739 1438 et
753 1420 806 1446 quo
818 1411 909 1438 minus
920 1411 1012 1438 multis

218 1447 299 1474 rebus
310 1452 401 1482 egent:
415 1453 440 1474 et
450 1449 523 1482 quia,
532 1449 555 1474 si
567 1448 633 1483 quid
645 1449 751 1475 adversi
763 1450 877 1480 eveniat,
887 1454 939 1475 tam
951 1457 1013 1485 gra-

218 1486 287 1511 viter
297 1485 391 1511 cadere
408 1494 458 1511 non
475 1491 597 1519 possunt.
637 1486 767 1518 Quocirca
782 1495 834 1513 non
847 1487 906 1513 sine
917 1495 1012 1513 caussa

217 1523 331 1548 maiores
343 1527 430 1549 motus
441 1524 592 1549 animorum
603 1524 782 1554 concitantur,
801 1524 938 1559 maiorque
949 1532 1013 1550 cura

217 1559 353 1585 efficiendi
375 1559 571 1594 rempublicam
591 1561 762 1595 gerentibus,
790 1570 871 1595 quam
897 1562 1010 1596 quietis,

216 1605 271 1631 quo
283 1597 369 1632 magis
380 1597 413 1623 iis
425 1602 450 1623 et
462 1598 914 1633 magnitudoanimiestadhibenda
929 1604 954 1625 et
966 1607 1013 1624 va-

216 1634 302 1660 cuitas
318 1635 351 1660 ab
367 1634 523 1669 angoribus.
563 1635 604 1661 Ad
621 1644 676 1661 rem
695 1635 840 1670 gerendam
855 1640 945 1662 autem
964 1636 1012 1670 qui

217 1671 333 1702 accedit,
346 1676 450 1702 caveat,
465 1680 497 1698 ne
510 1671 535 1698 id
548 1672 626 1699 modo
637 1672 800 1703 consideret,
818 1682 900 1708 quam
913 1673 958 1699 illa
970 1681 1012 1699 res

218 1708 328 1734 honesta
339 1709 382 1738 sit,
391 1708 438 1735 sed
449 1710 539 1739 etiam,
548 1714 578 1736 ut
589 1710 685 1736 habeat
695 1709 831 1736 efficiendi
843 1709 1009 1737 facultatem:

217 1745 245 1771 in
257 1754 311 1780 quo
323 1746 381 1780 ipso
391 1746 615 1773 considerandum
627 1752 680 1778 est,
698 1756 730 1774 ne
746 1752 791 1774 aut
806 1752 905 1774 temere
916 1747 1013 1782 despe-

217 1787 255 1809 ret
266 1788 373 1817 propter
384 1784 530 1818 ignaviam,
543 1789 589 1810 aut
600 1785 682 1810 nimis
692 1785 807 1811 confidat
817 1790 925 1820 propter
935 1786 1013 1819 cupi-

216 1819 337 1846 ditatem.
378 1821 405 1846 ln
426 1821 552 1847 omnibus
572 1826 661 1848 autem
686 1823 800 1857 negotiis
819 1823 908 1856 prius,
930 1831 1012 1856 quam

217 1857 382 1892 aggrediare,
395 1858 548 1885 adhibenda
560 1863 600 1885 est
610 1860 776 1893 praeparatio
789 1859 918 1895 diligens.

272 1894 357 1921 XXII.
380 1896 421 1921 74.
444 1895 497 1922 Sed
517 1904 602 1930 quum
624 1896 746 1930 plerique
767 1896 942 1927 arbitrentur,
970 1905 1012 1923 res

217 1930 328 1957 bellicas
343 1932 457 1958 maiores
472 1941 544 1963 esse,
562 1941 643 1967 qnam
660 1933 789 1963 urbanas,
811 1933 957 1960 minuenda
973 1938 1013 1960 est

217 1967 282 1994 haec
297 1969 398 2002 opinio.
439 1969 516 1995 Multi
535 1970 608 1996 enim
629 1969 698 1996 bella
720 1978 799 2004 saepe
819 1971 1013 2005 quaesiverunt

216 2010 324 2040 propter
333 2005 433 2041 gloriae
444 2006 632 2040 cupiditatem:
655 2012 736 2042 atque
753 2008 779 2034 id
796 2008 823 2034 in
835 2009 942 2044 magnis
953 2009 1012 2035 ani—

215 2043 268 2069 mis
280 2043 452 2078 ingeniisque
463 2044 623 2079 plerumque
635 2046 773 2080 contingit,
787 2053 872 2080 eoque
884 2046 1011 2081 magis,si

215 2080 321 2106 suntad
334 2088 390 2106 rem
407 2080 550 2107 militarem
565 2082 619 2116 apti
631 2087 655 2108 et
666 2082 758 2116 cupidi
771 2082 902 2109 bellorum
914 2091 1011 2118 geren-

215 2116 322 2143 dorum.
363 2118 429 2143 Vere
441 2123 529 2144 autem
541 2119 564 2144 si
577 2118 702 2145 volumus
714 2119 843 2150 iudicare,
856 2120 956 2147 multae
968 2129 1010 2147 res

215 2155 375 2181 exstiterunt
386 2154 503 2181 urbanae
514 2156 628 2182 maiores
643 2156 836 2191 clarioresque,
854 2166 936 2192 quam
951 2158 1011 2184 bel-

216 2190 292 2217 licae.
332 2192 374 2218 75.
396 2192 526 2224 Quamvis
541 2194 614 2219 enim
630 2193 823 2220 Themistocles
839 2195 897 2221 iure
917 2195 1011 2222 laude-

214 2233 265 2259 tur,
277 2233 303 2255 et
313 2229 349 2255 sit
358 2229 417 2255 eius
429 2238 539 2261 nomen,
555 2239 637 2265 quam
649 2230 769 2262 Solonis,
783 2231 931 2263 illustrius,
944 2233 1010 2260 cite-

214 2270 310 2300 turque
323 2266 438 2293 Salamis
450 2267 615 2294 clarissimae
627 2269 702 2294 testis
718 2269 858 2300 victoriae,
876 2278 945 2304 quae
961 2279 1010 2296 an-

213 2307 354 2337 teponatur
368 2304 481 2331 consilio
492 2304 598 2332 Solonis
613 2306 651 2336 ei,
668 2314 721 2340 quo
736 2307 856 2340 primum
871 2308 1010 2334 constituit

212 2340 399 2376 Areopagitas:
413 2350 466 2369 non
477 2343 568 2369 minus
579 2342 746 2377 praeclarum
758 2343 820 2373 hoc,
834 2352 916 2378 quam
929 2344 1006 2376 illud,

213 2377 390 2405 iudicandum
401 2384 450 2406 est.
491 2379 561 2406 Illud
572 2381 644 2406 enim
656 2380 738 2406 semel
751 2380 861 2415 profuit,
875 2381 925 2408 hoc
936 2390 1009 2408 sem-

213 2422 260 2447 per
270 2415 388 2449 proderit
397 2416 513 2443 civitati:
526 2417 576 2444 hoc
586 2417 698 2444 consilio
711 2417 782 2453 leges
789 2417 1006 2451 Atheniensium,

214 2450 263 2477 hoc
281 2452 413 2479 maiorum
428 2454 549 2481 instituta
569 2459 720 2480 servantur.
759 2455 793 2481 Et
812 2455 1008 2483 Themistocles

213 2487 323 2529 quidem
335 2490 403 2516 nihil
414 2490 522 2522 dixerit.
536 2492 564 2518 in
575 2500 629 2526 quo
640 2493 697 2526 ipse
711 2491 881 2528 Areopagum
893 2493 1008 2520 adiuve-

213 2528 260 2566 rit-z
283 2530 308 2551 at
326 2526 371 2552 ille
386 2536 461 2559 vere,
479 2528 512 2555 ab
523 2537 552 2554 se
563 2528 687 2556 adiutum
702 2528 919 2557 Themistoclem.
959 2531 1008 2558 Est

212 2569 285 2587 enim
297 2562 398 2589 bellum
411 2570 518 2600 gestum
532 2565 646 2593 consilio
659 2571 768 2592 senatus
779 2567 852 2597 eius,
870 2568 918 2602 qui
933 2577 947 2594 a
958 2568 1007 2595 So-

214 2597 273 2624 lone
288 2604 343 2626 erat
357 2603 528 2630 constitutus.
567 2604 610 2630 76.
630 2604 703 2630 Licet
715 2603 809 2630 eadem
825 2603 859 2630 de
874 2605 1006 2632 Pausania

212 2635 403 2672 Lysandroque
413 2638 515 2666 dicere:
531 2648 646 2675 quorum
658 2640 740 2668 rebus
749 2642 1006 2678 gestisquamquam

356 1146 565 1184 Capessentibus
590 1155 678 1176 autem
705 1149 900 1184 rempublicam
929 1149 1036 1175 ῐιίΙιίΙοι

999 110 1284 137 CICERONIS

1069 182 1211 216 imperium
1224 180 1430 208 Lacedaemonis
1441 181 1579 208 dilatatum
1593 187 1712 217 putatum
1727 187 1814 210 tamen
1827 192 1859 210 ne

1068 220 1178 245 minima
1194 218 1304 253 quidem
1321 227 1354 244 ex
1371 224 1443 253 parte
1456 219 1570 254 Lycurgi
1583 219 1689 254 legibus
1700 225 1725 246 et
1736 219 1860 255 discipli-

1067 265 1115 282 nae
1125 254 1279 282 conterendi
1292 260 1364 282 eunt.
1390 256 1459 287 Quin
1472 258 1550 283 etiam
1562 257 1596 283 ob
1608 256 1655 283 hau
1668 258 1739 292 ipsas
1750 266 1859 284 cauam

1066 299 1091 319 et
1103 293 1266 327 parentiores
1278 292 1430 319 babuerunt
1441 294 1574 320 exercitus
1585 300 1610 320 et
1623 294 1752 321 fortiores.
1794 295 1860 321 Mihi

1066 330 1176 365 quidem
1189 339 1285 364 neque.
1299 331 1390 364 pueris
1403 330 1489 361 nobie,
1503 330 1796 361 MScaurus‘LMario,
1813 341 1861 358 ne—

1066 376 1132 402 que,
1151 376 1235 402 ‹pittm
1254 376 1421 393 versaremur
1438 368 1464 394 in
1481 367 1632 403 republica.
1645 368 1677 401 Q.
1688 369 1800 396 Catulus
1810 368 1858 396 Cn.

1067 406 1192 439 l'ompeio
1203 404 1298 430 cedere
1311 404 1460 431 videbatur.

1104 443 1181 468 l'drci'
1192 445 1258 467 enim
1268 444 1332 474 [οι-ἐι
1342 447 1401 467 nunt
1414 451 1498 472 arma,
1511 445 1562 469 nisi
1571 445 1605 469 eit
1617 445 1749 469 comitium
1760 447 1835 469 donn.

1067 480 1120 505 Nec
1132 479 1193 513 plus
1205 478 1360 509 Africanus,
1378 479 1525 513 singularis
1535 485 1561 505 et
1573 480 1613 506 vir
1623 484 1649 506 et
1660 481 1814 514 imperator.
1833 481 1859 507 in

1066 516 1213 543 excidenda
1222 516 1364 542 Numantia
1377 517 1541 551 reipublicae
1553 516 1661 551 profuit.
1674 526 1755 552 quam
1766 516 1860 544 eodem

1066 559 1184 588 tempore
1196 554 1224 579 I'.
1238 553 1332 579 Nasica
1347 554 1482 588 privatus,
1499 563 1584 589 quum
1597 555 1636 580 Ti.
1650 554 1801 581 Gracchum
1819 555 1861 582 in-

1066 592 1182 618 teremit:
1201 599 1366 625 quamquam
1384 591 1448 617 haec
1463 591 1574 626 quidem
1590 600 1632 618 res
1653 600 1704 618 non
1723 591 1812 618 solum
1827 601 1860 619 ex

1065 628 1209 655 domestica
1222 633 1262 655 est
1276 628 1389 655 ratione:
1408 628 1524 663 (attingit
1540 630 1619 655 etiam
1637 629 1775 660 bellicam,
1792 638 1858 664 quo-

1066 667 1137 692 niam
1150 666 1176 692 vi
1189 674 1324 700 manuque
1341 665 1459 692 confecta
1475 668 1540 700 estzj
1559 666 1606 692 sed
1623 671 1710 693 tamen
1727 666 1753 693 id
1771 667 1859 701 ipsum

1065 709 1171 739 gestum
1188 708 1228 729 est
1243 703 1355 729 consilio
1371 703 1473 729 urbano
1488 703 1546 730 eine
1558 704 1688 730 exercitu.
1727 704 1770 730 77.
1791 702 1859 730 lllud

1065 746 1153 767 autem
1165 741 1296 775 optimum
1309 745 1358 771 est,
1368 741 1394 766 in
1404 740 1476 775 quod
1489 740 1580 767 invadi
1592 740 1677 767 solere
1688 740 1861 776 abimprobis

1065 783 1091 804 et
1105 778 1206 804 invidis
1217 778 1312 804 audio:

1105 815 1199 842 Cedant
1213 824 1286 841 arma
1299 820 1378 848 loque,
1393 817 1513 841 concedat
1528 817 1617 841 laurea
1630 817 1711 842 laudi.

1066 852 1098 879 Ut
1115 854 1187 879 enim
1210 852 1277 878 alios
1298 853 1418 879 omittam
1443 852 1520 879 nobis
1541 852 1738 887 rempublicam
1760 851 1861 888 guber-

1066 890 1202 920 nantibus,
1219 898 1305 916 nonne
1318 895 1392 925 togae
1404 898 1476 916 arma
1487 889 1610 916 cessere‘?
1626 890 1719 925 Neque
1730 890 1802 916 enim
1814 897 1862 924 pe-

1066 927 1181 953 riculum
1195 927 1220 953 in
1233 927 1371 962 republica
1383 928 1433 953 fuit
1443 928 1554 962 gravius
1567 936 1705 962 umquam,
1714 935 1763 953 nec
1774 927 1861 953 maius

1064 965 1159 991 otium.
1200 965 1235 991 Ita
1251 963 1373 991 consiliis
1386 964 1581 1000 diligentiaque
1594 970 1681 990 nostra
1692 963 1813 990 celeriter
1828 963 1861 990 de

1065 1002 1192 1028 manibus
1207 1001 1449 1028 audacissimorum
1465 1002 1568 1028 civium
1584 1001 1693 1036 delapsa
1709 1010 1781 1027 arma
1803 1002 1861 1036 ipsa

1065 1039 1229 1065 ceciderunt.
1270 1039 1343 1071 Quae
1359 1047 1401 1065 res
1417 1039 1500 1074 igitur
1514 1044 1587 1074 gesta
1605 1047 1734 1074 umquam
1752 1040 1778 1064 in
1790 1038 1861 1064 bello

1066 1075 1154 1102 tanta?
1173 1077 1219 1110 qui
1238 1076 1392 1110 triumphus
1403 1075 1600 1102 conserendus?
1632 1077 1674 1102 78.
1700 1076 1773 1102 Licet
1788 1076 1861 1102 enim

1066 1114 1146 1142 mihi.
1161 1114 1246 1139 Marce
1257 1113 1309 1143 fili,
1323 1113 1394 1148 apud
1407 1118 1430 1139 te
1441 1112 1564 1148 gloriari,
1578 1113 1610 1139 ad
1625 1122 1706 1148 quem
1718 1118 1744 1139 et
1754 1112 1862 1139 heredi-

1066 1156 1104 1177 tas
1121 1150 1203 1176 huius
1214 1150 1314 1185 gloriae
1327 1156 1352 1177 et
1363 1150 1492 1176 sactorum
1505 1151 1617 1176 imitatio
1628 1151 1753 1185 pertinet.
1793 1149 1862 1176 Mihi

1065 1187 1176 1222 quidem
1201 1193 1271 1214 certe
1297 1189 1338 1213 vir
1358 1187 1499 1214 abundans
1520 1187 1626 1214 bellicis
1648 1187 1788 1218 laudibus,
1810 1187 1860 1214 Cn.

1067 1226 1219 1260 Pompeius,
1233 1224 1326 1251 multis
1337 1224 1521 1256 audientibus,
1538 1224 1587 1251 hoc
1598 1225 1700 1255 tribuit,
1710 1230 1739 1252 ut
1749 1224 1860 1256 diceret,

1066 1262 1163 1290 frustra
1183 1271 1212 1290 se
1233 1262 1403 1298 triumphum
1419 1263 1527 1289 tertium
1545 1262 1747 1297 deportaturum
1766 1261 1860 1292 fuisse,

1066 1302 1117 1327 nisi
1130 1309 1189 1327 meo
1201 1301 1227 1327 in
1240 1300 1435 1335 rempublicam
1447 1300 1591 1331 beneflcio,
1609 1300 1657 1326 ubi
1673 1299 1860 1334 triumpharet.

1065 1343 1134 1364 esset
1147 1338 1298 1365 habiturus.
1339 1337 1408 1364 Sunt
1419 1338 1503 1373 igitur
1513 1337 1675 1364 domesticae
1691 1336 1862 1364 tortitudines

1066 1385 1116 1402 non
1139 1375 1278 1402 inferiores
1299 1375 1477 1402 militaribus:
1511 1376 1537 1401 in
1561 1375 1663 1410 quibus
1687 1374 1749 1409 plus
1769 1375 1859 1403 etiam,

1064 1422 1145 1448 quam
1159 1414 1185 1439 in
1199 1413 1250 1443 his,
1263 1421 1359 1448 operae
1369 1412 1509 1447 studiique
1520 1412 1675 1447 ponendum
1687 1416 1736 1438 est.

1120 1450 1217 1477 xxm.
1240 1451 1282 1476 79.
1299 1450 1415 1477 Omnino
1428 1450 1495 1476 illud
1508 1450 1659 1479 honestum,
1675 1448 1747 1484 quod
1758 1457 1792 1475 ex
1803 1449 1862 1475 ani-

1065 1496 1108 1514 mo
1119 1488 1226 1514 excelso
1238 1487 1435 1523 magnificoque
1446 1488 1616 1522 quaerimus,
1639 1487 1723 1513 animi
1734 1485 1858 1516 efficitur,

1065 1534 1116 1551 non
1128 1526 1248 1560 corporis
1260 1525 1376 1551 viribus.
1416 1524 1604 1551 Exercendum
1621 1529 1710 1550 tamen
1725 1531 1823 1558 corpus
1836 1527 1863 1550 et

1040 1571 1042 1579 ¹
1064 1563 1098 1589 ita
1111 1562 1283 1589 afficiendum
1296 1567 1383 1593 est,ut
1393 1562 1502 1588 obedire
1516 1561 1629 1588 consilio
1643 1561 1863 1596 rationiquepos-

1064 1601 1099 1626 sit
1110 1601 1137 1626 in
1147 1599 1330 1635 exsequendis
1342 1600 1458 1635 negotiis
1469 1605 1495 1626 et
1506 1600 1532 1626 in
1546 1599 1635 1626 labore
1647 1597 1792 1625 tolerando.
1809 1598 1862 1624 Ho-

1065 1642 1171 1663 nestum
1183 1642 1272 1663 autem
1286 1637 1327 1667 id,
1345 1636 1418 1672 quod
1429 1637 1615 1672 exquirimuS,
1632 1641 1717 1662 totum
1732 1640 1773 1662 est
1786 1635 1862 1670 posi-

1065 1679 1121 1700 tum
1134 1675 1161 1700 in
1173 1675 1255 1700 animi
1267 1683 1330 1700 cura
1342 1679 1368 1700 et
1378 1674 1551 1709 cogitatione:
1566 1674 1594 1700 in
1605 1682 1659 1708 quo
1670 1681 1722 1700 non
1729 1673 1861 1699 minorem

1065 1711 1206 1738 utilitatem
1222 1711 1349 1742 afferunt,
1370 1712 1419 1746 qui
1438 1711 1519 1746 togati
1538 1710 1703 1746 reipublicae
1721 1714 1859 1744 praesunt.

1063 1757 1145 1783 quam
1157 1750 1204 1783 qui
1217 1748 1319 1775 bellum
1330 1753 1438 1784 gerunt.
1473 1749 1563 1783 Itaque
1575 1756 1666 1774 eorum
1678 1746 1791 1774 consilio
1802 1755 1862 1773 sae-

1064 1794 1096 1820 pe
1108 1791 1153 1812 aut
1165 1794 1215 1812 non
1228 1790 1351 1820 suscepta
1363 1790 1408 1812 aut
1418 1784 1536 1811 confecta
1549 1784 1618 1811 bella
1629 1790 1706 1816 sunt,
1727 1792 1863 1811 nonnum-

1065 1832 1146 1858 quam
1158 1824 1238 1849 etiam
1250 1822 1336 1849 illata:
1350 1828 1379 1849 ut
1389 1823 1424 1849 M.
1437 1822 1544 1849 Catonis
1556 1822 1658 1848 bellum
1665 1822 1798 1848 Punicum
1809 1826 1862 1848 ter-

1064 1861 1146 1892 tium:
1161 1861 1188 1886 in
1200 1868 1254 1895 quo
1265 1861 1345 1886 etiam
1359 1861 1458 1886 mortui
1470 1859 1555 1886 valuit
1565 1860 1718 1886 auctoritas.
1735 1860 1777 1885 80.
1789 1857 1862 1890 Qua-

1065 1906 1091 1923 re
1103 1897 1252 1932 expetenda
1263 1897 1375 1932 quidem
1387 1897 1474 1932 magis
1481 1896 1770 1926 estdecernendiratio,
1778 1904 1862 1930 quam

1063 1935 1217 1961 decertandi
1234 1934 1375 1961 fortitudo:
1393 1934 1442 1960 sed
1456 1934 1622 1965 cavendum,
1645 1942 1678 1960 ne
1694 1933 1722 1960 id
1741 1932 1861 1960 bellandi

1064 1973 1150 2007 magis
1163 1971 1235 2007 fuga,
1248 1981 1329 2007 quam
1342 1971 1466 1998 utilitatis
1476 1972 1576 1998 ratione
1588 1971 1730 1998 faciamus.

1117 2009 1221 2035 Bellum
1232 2014 1321 2035 autem
1333 2010 1369 2035 ita
1380 2009 1558 2044 suscipiatur,
1576 2013 1606 2035 ut
1616 2008 1686 2035 nihil
1701 2007 1790 2039 aliud,
1807 2007 1862 2034 nisi

1063 2055 1114 2081 pax
1131 2047 1252 2081 quaesita
1269 2046 1403 2073 videatur.
1444 2047 1530 2073 Fortis
1547 2054 1608 2073 vero
1623 2051 1649 2072 et
1661 2046 1808 2072 constantis
1820 2049 1861 2071 est

1063 2093 1114 2110 non
1127 2084 1279 2119 perturbari
1290 2085 1318 2110 in
1330 2084 1412 2110 rebus
1422 2085 1535 2118 asperis,
1545 2092 1592 2110 uec
1604 2082 1812 2110 tumultuantem
1826 2081 1861 2108 de

1061 2121 1147 2156 gradu
1166 2121 1260 2152 deiici,
1281 2126 1310 2147 ut
1327 2121 1440 2154 dicitur3
1462 2121 1510 2147 sed
1526 2121 1660 2156 praesenti
1675 2121 1766 2146 animo
1780 2120 1820 2146 uti
1834 2124 1861 2146 et

1061 2158 1184 2189 consilio,
1198 2167 1247 2185 nec
1257 2167 1271 2184 a
1283 2160 1383 2185 ratione
1394 2158 1544 2185 discedere.
1570 2159 1612 2184 8⁴.
1628 2158 1798 2192 Quamquam
1809 2156 1860 2183 hoc

1061 2196 1154 2226 animi,
1168 2195 1238 2222 illud
1249 2197 1329 2222 etiam
1341 2196 1445 2231 ingenii
1456 2196 1548 2231 magni
1559 2200 1608 2226 est,
1621 2195 1775 2230 praecipere
1785 2194 1860 2229 cogi—

1061 2233 1159 2260 tatione
1171 2232 1259 2259 sutnra
1267 2253 1274 2264 ,
1291 2238 1317 2260 et
1327 2232 1464 2268 aliquanto
1474 2238 1534 2259 ante
1544 2233 1707 2259 constituere
1714 2252 1721 2263 ,
1736 2231 1804 2267 quid
1814 2239 1860 2256 ac-

1060 2270 1149 2297 cidere
1160 2271 1246 2305 possit
1257 2271 1285 2297 in
1295 2275 1438 2305 utramque
1449 2275 1566 2306 partem:
1589 2275 1627 2300 et,
1645 2268 1712 2304 quid
1722 2267 1858 2304 agendum

1060 2309 1104 2338 sit,
1117 2316 1203 2342 quum
1214 2307 1281 2343 quid
1293 2309 1426 2340 evenerit,
1440 2316 1489 2334 nec
1499 2307 1678 2338 committere,
1693 2311 1724 2332 ut
1733 2305 1859 2340 aliquan-

1060 2345 1095 2372 do
1104 2344 1251 2371 dicendum
1262 2345 1310 2371 sit:
1325 2345 1382 2371 Non
1391 2349 1523 2378 putaram.
1555 2345 1624 2370 Haec
1634 2347 1698 2370 sunt
1708 2351 1789 2378 opera
1800 2350 1858 2368 ma-

1059 2383 1108 2418 gni
1122 2383 1206 2409 animi
1221 2387 1246 2408 et
1256 2381 1356 2408 excelsi
1368 2387 1394 2408 et
1404 2382 1547 2417 prudentia
1559 2380 1726 2415 consilioque
1738 2379 1856 2406 fidentis.

1061 2420 1171 2446 Temere
1182 2424 1272 2446 autem
1283 2421 1310 2446 in
1321 2420 1378 2445 acie
1391 2420 1501 2449 versari,
1509 2423 1622 2445 etmauu
1633 2425 1695 2444 cum
1707 2417 1782 2443 hoste
1793 2425 1859 2443 con-

1060 2456 1161 2493 fligere,
1175 2457 1292 2483 immane
1302 2456 1434 2491 quiddam
1444 2462 1470 2483 et
1480 2455 1632 2483 belluarum
1642 2453 1732 2480 simile
1741 2459 1794 2480 est:
1808 2453 1857 2480 sed

1059 2503 1146 2529 quum
1166 2499 1274 2529 tempus
1295 2495 1497 2529 necessitasque
1511 2491 1641 2528 postulat,
1663 2491 1856 2518 decertandum

1060 2540 1141 2558 manu
1159 2536 1213 2563 est,
1237 2537 1263 2558 et
1277 2540 1349 2558 mors
1363 2531 1487 2557 servituti
1507 2528 1725 2564 turpitudinique
1746 2534 1856 2563 antepo-

1059 2569 1156 2595 nenda.
1197 2568 1295 2595 XXIV.
1309 2570 1350 2595 82.
1366 2568 1402 2594 De
1413 2566 1566 2594 evertendis
1576 2571 1667 2593 autem
1677 2565 1856 2600 diripiendis-

1058 2614 1112 2640 que
1123 2606 1247 2637 urbibus,
1255 2605 1334 2632 valde
1345 2603 1570 2632 considerandum
1580 2608 1629 2634 est.
1637 2611 1671 2629 ne
1681 2603 1748 2638 quid
1759 2601 1857 2629 crude-

1059 2643 1128 2670 liter.
1169 2643 1254 2678 quue
1267 2648 1309 2669 est
1323 2643 1376 2669 viri
1391 2642 1496 2677 magni,
1519 2640 1601 2668 rebus
1616 2641 1736 2676 agitatis,
1758 2639 1856 2675 punire
