1941 3052
776 153 804 178 ‘²¹

208 155 256 179 268
855 152 889 178 M.

208 229 231 248 te
247 228 363 257 prm—tor«-
367 233 390 249 ιιι
406 228 475 248 esset
487 227 615 252 mortuina
631 224 807 249 rontrovernin
821 222 904 248 sinor-nt
917 222 998 253 nulla,

210 270 250 286 nu·
254 261 341 286 titione
345 270 369 286 m
391 260 483 286 [eet-rm
503 270 533 286 m·
537 270 587 285 nio.

209 297 379 323 bunditiam
399 298 570 331 propinqui-⁴,
591 297 622 321 da
639 297 811 330 palm-atritis:
834 296 978 330 praedarc'
974 305 999 322 ιιι

1021 228 1023 261 1

209 334 285 360 bonis
303 335 410 363 alit-nis,
433 335 538 360 ιιιιιιιιιιι·
555 334 683 359 civicam:
712 338 800 359 everte
815 333 899 367 legen,
921 338 999 359 testa-
1022 342 1023 352 ι

210 376 305 402 menta,
323 371 471 397 voluntates
487 375 664 399 mortuorum,
682 371 738 395 iura
755 371 887 396 vivorum.
930 371 998 396 Num

208 410 286 434 etiarn
312 409 402 442 patriis
428 407 576 433 lli-raelium
602 407 677 432 bonis
701 407 841 433 exturbare
867 408 1001 441 oportuit?

208 446 258 476 Qui
274 445 386 471 simulac
401 444 530 478 profugit,
551 453 630 477 quatu
651 444 832 478 impudenter,
853 453 933 479 quam
954 453 999 478 pa·
1022 476 1023 479 Ἴ

211 482 274 511 lam.
291 491 370 516 quam
385 482 490 510 acerbe,
507 481 544 506 dli
561 481 735 511 immortales,
757 481 801 507 illa
817 481 882 507 boun
898 482 999 515 direpta

209 519 283 544 κιιιιῑ*
308 527 387 553 (μιιιιιι
405 518 447 543 illa
462 527 503 544 ris
517 527 530 543 ‹
533 518 668 544 alamitosa
684 518 815 548 lleraeliO,
839 523 999 553 quaestuosa

211 557 295 584 Verri,
313 556 397 589 turpis
412 556 600 589 Syracusanis,
622 555 770 582 miseranda
785 556 911 582 omnibus
927 556 1001 582 vide-

209 593 298 618 batur!
328 594 392 618 Num
408 592 474 618 illud
489 576 600 627 quidenl
613 593 701 619 stitim
716 598 836 622 curatur,
859 597 899 623 ut,
920 593 1001 627 quid-

208 629 273 664 quid
288 639 301 654 ‹-
304 630 350 655 ἰι-Ι.
346 630 378 655 iti
394 630 492 664 argenti
510 629 579 656 fnit
574 639 600 656 ιιι
615 630 669 656 illis
685 630 770 661 bonis,
787 630 818 656 ad
834 631 914 656 istum
927 629 1001 656 desc-

209 671 292 693 ratur:
309 667 440 702 quidquid
453 667 649 693 Corinthiorum
662 676 794 698 vasorum,
811 667 944 701 stragulae
955 676 1001 693 νο·
1022 667 1023 673 ’

208 705 265 735 stis,
285 704 348 730 baec
364 713 440 730 nemo
454 704 593 730 dubitabat
607 705 672 739 quin
689 714 739 731 non
755 705 833 731 modo
846 713 878 731 ex
895 704 938 731 illa
953 704 1001 730 do-

208 750 251 767 ιιιο
269 746 343 776 capta
363 746 387 768 et
405 750 544 776 oppressa,
571 750 663 768 verum
682 750 715 768 ex
733 746 784 768 tota
810 742 943 776 provincia
968 742 1000 768 ad

210 779 289 805 istum
303 779 460 813 comportari
476 788 582 805 neeesse
597 783 675 806 esset.
717 779 855 814 Mancipia,
871 788 940 814 quae
955 788 1001 805 vo-

210 817 270 847 luit,
291 816 416 847 ah‹luxit;
441 816 490 842 alia
509 816 615 843 divisit:
639 817 726 843 auctio
744 816 810 843 sacta
825 821 878 848 est,
907 817 1000 850 inqua

208 853 300 880 cohors
316 854 394 880 istius
409 854 506 880 invicta
521 853 654 880 dominata
668 859 717 880 est.
759 855 799 880 47.
821 854 917 880 Verum
933 853 999 879 illud

208 896 248 917 est
262 891 440 925 praeclarum:
461 891 496 918 St
501 892 631 920 raeusani,
647 892 695 926 qui
710 891 878 926 praefuerant
894 891 935 917 his
951 891 1001 917 lle-

209 928 281 955 raclii
293 929 378 959 bonis,
395 929 484 959 v,erbo
501 928 661 963 redigendis
678 937 714 959 re,
728 928 927 963 dispertiendis
940 929 1001 954 red-

207 966 305 992 debant
319 974 410 992 eorum
427 967 591 1001 negotiorum
607 966 733 992 rationem
749 966 775 992 in
794 970 901 993 senatu:
927 965 1000 991 dice·
1022 960 1029 987 l*

209 1004 270 1029 bant
284 1003 447 1038 scyphorum
462 1004 533 1037 paria
548 1003 698 1037 complura.
725 1003 832 1038 hydrias
851 1008 997 1038 argenteas.

209 1041 348 1075 pretiosam
364 1045 464 1066 vestem
478 1040 638 1073 stragulam,
659 1040 741 1066 multa
757 1041 887 1075 mancipia
904 1041 1001 1075 pretio-

204 1082 249 1108 sa,
266 1077 339 1104 Verri
354 1078 412 1103 data
428 1086 499 1104 esse:
520 1078 656 1107 dicebant,
677 1082 806 1112 quantum
825 1078 923 1112 cuique
941 1078 1000 1103 eius
1022 1103 1023 1107 ,

208 1116 283 1141 iussu
299 1123 470 1141 nummorum
486 1119 555 1141 essct
569 1114 670 1141 datum.
693 1114 841 1141 Gemebant
855 1114 1001 1150 Syracusa·
1022 1145 1023 1150 Ἰ

208 1152 248 1178 ιιί;
277 1152 323 1178 sed
339 1157 424 1178 tamen
440 1152 615 1187 patiebantur.
656 1152 772 1186 Repente
787 1152 923 1183 recitatur,
947 1160 1001 1178 uno

208 1189 314 1216 nomine
337 1190 399 1215 ll-S
422 1198 471 1215 cci.
493 1189 575 1215 millia
598 1189 675 1215 iussu
700 1190 827 1223 praetoris
849 1189 918 1215 data.

207 1227 341 1253 maximus
352 1226 450 1253 clamor
459 1227 589 1257 omnium,
602 1235 652 1252 non
664 1226 742 1253 modo
751 1227 846 1261 optimi
856 1227 998 1261 cuiusque,

208 1272 293 1299 neque
308 1273 413 1295 eorum,
433 1264 534 1299 quibus
554 1263 695 1299 indignum
710 1272 816 1298 semper
830 1264 919 1290 visum
935 1268 998 1295 erat,

207 1301 274 1327 bona
289 1302 398 1336 privati,
416 1301 507 1336 populi
523 1301 643 1332 nomine,
663 1309 711 1336 per
724 1310 858 1327 summam
874 1301 999 1327 iniuriam
1022 1306 1023 1311 ¹

206 1344 309 1373 erepta:
335 1347 426 1364 verum
441 1339 520 1365 etiam
535 1339 588 1373 ipsi
603 1338 642 1364 illi
656 1343 776 1365 auctores
789 1338 912 1369 iniuriae,
928 1343 953 1364 et
967 1347 1000 1365 ex

207 1375 295 1411 aliqua
311 1376 439 1410 particula
453 1376 517 1402 socii
533 1375 645 1410 praedae
659 1384 688 1402 ac
702 1376 869 1410 rapinarum,
885 1375 1000 1402 clamare

206 1418 362 1448 coeperunt,
383 1414 435 1439 sibi
454 1418 483 1439 ut
501 1413 609 1439 haberet
627 1413 811 1439 hereditatem,
853 1413 953 1439 Tantus
972 1413 999 1439 in

206 1451 278 1477 curia
293 1451 392 1477 clamor
405 1450 490 1477 factus
503 1455 551 1482 est,
568 1455 597 1476 ut
612 1450 728 1485 populus
742 1455 919 1477 concurreret.

261 1488 323 1514 XX.
340 1489 381 1514 48.
401 1488 452 1514 Res
466 1488 499 1514 ab
512 1488 585 1514 omni
599 1492 731 1514 conventu
746 1488 864 1523 cognita,
880 1487 1001 1514 celeriter

205 1525 315 1552 domum
330 1526 475 1551 nuntiatur.
516 1525 600 1552 Homo
613 1525 740 1551 inimicus
754 1525 810 1556 his,
830 1525 878 1560 qui
893 1525 1001 1551 recitas-

206 1567 278 1593 sent,
299 1562 383 1589 bostis
397 1562 538 1593 omnibus,
554 1563 602 1597 qui
617 1562 819 1594 acclamassent.
836 1563 935 1588 exarsit
948 1562 1001 1588 ira-

205 1600 302 1626 cundia
316 1609 345 1626 ac
359 1600 504 1626 stomacho.
526 1600 715 1626 Verumtamen
730 1599 781 1626 suit
794 1604 851 1626 tum
865 1600 908 1625 sui
919 1599 1001 1625 dissi-

206 1637 289 1663 milis.
331 1638 420 1664 Nostis
433 1646 463 1663 os
478 1637 607 1667 hominis,
629 1637 714 1663 nostis
731 1636 885 1663 audaciam:
911 1641 999 1662 tamen

206 1679 263 1701 tum
289 1683 395 1700 rumore
416 1673 510 1709 populi
533 1679 559 1700 et
581 1674 695 1700 clamore
718 1678 744 1700 et
766 1673 836 1700 furto
858 1673 1000 1700 manifesto

204 1711 314 1747 grandis
333 1712 460 1746 pecuniae
479 1711 650 1746 perturbatus
667 1715 717 1737 est.
757 1710 808 1737 Ubi
831 1719 860 1736 se
881 1710 996 1747 collegit,

206 1753 281 1775 vocat
294 1749 326 1775 ad
340 1757 369 1775 se
384 1748 579 1778 Svracusanos:
600 1748 663 1783 quia
682 1756 734 1774 non
752 1752 842 1784 posset
856 1756 952 1785 negare
966 1749 999 1775 ab

959 1190 1001 1215 Fit

1022 1218 1030 1252 ³,
1052 1226 1177 1253 honorem
1193 1227 1310 1253 hominis
1323 1226 1434 1253 deorum
1449 1227 1576 1263 religione
1589 1233 1773 1254 consecratum
1788 1229 1844 1255 vio-

206 1785 260 1812 illis
275 1779 415 1820 pecuniam
430 1787 531 1818 datam3
553 1794 605 1812 non
619 1785 755 1821 quaesivit
768 1786 859 1821 procul
875 1786 999 1813 alicunde
1020 1789 1022 1820 ξ

205 1823 302 1858 (neque
315 1824 386 1849 enim
402 1823 532 1858 probaret)
545 1823 591 1850 sed
606 1824 772 1858 proximum,
790 1832 873 1858 paene
886 1823 999 1850 alterum
1020 1823 1022 1837 l

206 1860 305 1891 fllium,
337 1869 418 1895 quem
445 1861 517 1887 illam
544 1861 686 1895 pecuniam
712 1861 812 1887 diceret
837 1861 997 1887 abstulisse:

205 1898 320 1924 ostendit
337 1907 366 1924 se
384 1898 493 1924 reddere
511 1902 674 1924 coacturum.
714 1897 766 1930 Qui
784 1902 957 1933 posteaquam
972 1897 999 1924 id

1020 1859 1023 1914 ἱ

205 1935 321 1965 audivit
342 1935 436 1962 babuit
454 1940 479 1961 et
497 1935 636 1971 dignitatis
654 1939 680 1961 et
697 1935 790 1962 aetatis
809 1940 835 1962 et
852 1935 999 1962 nobilitatis
1020 1919 1023 1958 l

205 1980 269 1998 suae
282 1973 424 1998 rationem:
445 1973 524 1998 verba
526 1957 610 2015 0apud
625 1977 746 1999 senatum
762 1972 837 1999 fecit:
858 1972 949 1999 docuit
966 1972 1022 2001 ad

204 2017 234 2035 se
252 2009 318 2035 nihil
339 2011 483 2044 pertinere:
503 2010 536 2036 de
554 2010 618 2041 isto,
638 2009 666 2036 id
679 2010 752 2045 quod
766 2018 858 2036 omnes
873 2007 1022 2036 videbant

205 2054 292 2082 neque
306 2046 352 2073 ille
366 2047 476 2082 quidem
490 2047 617 2078 obscure,
639 2047 743 2073 locutus
761 2052 811 2074 est.
853 2048 944 2082 Itaque
958 2046 998 2073 illi

205 2083 364 2120 Syracusani
379 2089 492 2110 statuam
507 2089 598 2119 postea
611 2089 774 2111 statuerunt:
795 2089 820 2111 et
834 2085 865 2115 is,
882 2085 930 2110 ubi
944 2085 1000 2119 pri·
1020 2094 1022 2100 ‚

205 2129 279 2147 mum
294 2121 387 2156 potuit,
403 2122 485 2148 istum
501 2122 609 2157 reliquit
622 2121 654 2148 de
669 2122 859 2157 provinciaque
873 2121 997 2147 decessit.

205 2159 246 2185 49.
265 2159 298 2184 Et
317 2163 403 2185 tamen
422 2159 496 2185 aiunt
513 2167 575 2185 eum
593 2159 670 2194 queri
684 2159 769 2185 solere
783 2167 996 2194 nonnumquam,

204 2204 233 2222 se
247 2196 386 2227 miserum,
402 2196 474 2231 quod
490 2205 541 2222 non
555 2196 622 2227 suis,
638 2196 685 2222 sed
699 2205 809 2223 suorum
821 2197 936 2231 peccatis
947 2196 999 2222 cri—

204 2233 378 2268 minibusque
396 2238 540 2268 prematur.
580 2234 737 2260 Triennium
751 2234 915 2268 provinciam
929 2233 999 2260 obti—

205 2270 301 2296 nuisti:
321 2279 403 2306 gener
422 2270 505 2297 lectus
523 2270 677 2297 adolescens
696 2279 781 2297 unum
795 2279 896 2297 annum
910 2275 997 2297 tecum

205 2307 268 2334 fuit:
284 2307 397 2339 sodales,
415 2308 465 2334 viri
480 2308 573 2338 sortes,
590 2307 668 2343 legati
683 2309 722 2334 tui
736 2308 823 2343 primo
836 2316 905 2334 anno
919 2312 944 2334 te
957 2316 1000 2334 re-

204 2344 354 2379 liquerunt:
370 2354 442 2372 unus
457 2345 559 2381 legatus
569 2345 598 2371 P.
610 2345 718 2376 Tadius,
734 2346 783 2380 qui
797 2343 852 2371 er‘at
865 2345 996 2380 reliquus,

205 2390 256 2408 non
270 2382 305 2408 ita
319 2381 435 2409 multum
449 2387 537 2409 tecum
551 2382 616 2409 fuit:
636 2383 684 2417 qui
702 2383 725 2409 si
743 2391 850 2417 semper
863 2391 916 2409 una
931 2382 1000 2408 fuis-

205 2423 252 2449 set,
269 2422 356 2446 tamen
369 2428 475 2446 summa
488 2428 551 2446 cura
564 2428 649 2454 quum
664 2424 733 2450 tuae,
749 2424 806 2446 tum
820 2419 905 2446 multo
918 2420 998 2446 etiam

205 2456 290 2491 magis
308 2465 372 2482 suae
391 2456 474 2483 famae
492 2457 664 2492 pepercisset.
703 2457 775 2489 Quid
797 2461 849 2488 est,
873 2456 947 2492 quod
969 2461 998 2483 tu

206 2477 270 2518 alios
289 2493 416 2520 accuses‘?
437 2494 503 2528 quid
518 2499 571 2525 est,
591 2494 765 2529 quamobrem
784 2499 863 2529 putes
881 2499 906 2520 te
924 2498 997 2520 tuam

204 2528 311 2571 culpam
325 2539 376 2557 non
391 2531 469 2557 modo
481 2531 622 2557 derivare'
616 2540 643 2557 ιιι
661 2531 792 2566 aliquem,
812 2531 860 2557 sed
877 2539 999 2557 commu—

206 2566 292 2592 nicare
309 2575 370 2593 cum
390 2567 471 2594 altero
484 2567 581 2603 posse‘?
613 2569 654 2594 50.
675 2568 856 2594 Numerantur
873 2568 919 2594 illa
932 2568 973 2594 H-
979 2567 996 2593 S

205 2602 317 2629 ducenta
335 2605 529 2640 quinquaginta
543 2604 727 2640 Syracusanis

204 2639 268 2666 dum
283 2639 316 2666 ad
330 2641 411 2667 istum
427 2646 515 2675 postea
530 2650 576 2676 per
589 2642 802 2677 pseudothyrum
820 2647 995 2673 reuertamur,

205 2676 304 2703 tabulis
317 2677 394 2704 vobis
408 2678 584 2713 testibusque,
601 2679 712 2710 iudices,
728 2679 838 2713 planum
854 2678 958 2705 faciam.

1020 2028 1023 2041 l

1021 2046 1023 2066 l

1020 2075 1022 2091 ι

1020 2105 1022 2162 l

1020 2169 1022 2192 l

1020 2193 1022 2221 l

1019 2317 1022 2361 l

767 2605 804 2631 Ea
822 2605 998 2640 quemadmo-
1020 2615 1021 2621 ¹

923 151 952 178 Τ.
989 150 1263 178 ctetittONts

1107 222 1179 248 xxi
1200 222 1239 249 Ex
1254 223 1301 248 hac
1316 223 1456 257 iniquitate
1471 224 1549 250 istius
1563 229 1587 249 ‹·t
1603 224 1784 259 improbitate.
1801 227 1843 252 iu·

630 260 701 285 XlX.
724 260 820 285 &erum
839 264 908 288 esto.
928 260 1000 301 eripe
1021 278 1023 307 A
1050 259 1138 287 dices.
1158 259 1230 293 quud
1249 260 1344 321 praedla
1364 268 1396 286 ex
1411 260 1465 286 illia
1478 260 1555 286 boni»
1570 261 1602 287 ad
1618 261 1716 288 multos
1730 262 1844 289 Stratu-

1052 305 1130 321 nano-t
1150 296 1233 322 invito
1252 296 1332 331 popul
1335 306 1351 322 o
1368 302 1516 332 senatuque
1534 298 1702 333 Syrmusano
1726 305 1840 330 venerat.

1053 333 1096 358 illa
1111 333 1209 359 »celera
1225 342 1272 368 per
1285 333 1493 360 Theomnastum
1509 340 1534 361 et
1546 327 1706 362 (eutitium
1700 345 1734 362 m
1748 341 1774 362 et
1783 337 1844 363 Dio-

1052 379 1086 405 ny
1090 370 1214 396 sodon-um
1229 376 1254 397 et
1268 371 1287 396 C
1291 370 1436 397 ltomcnem
1451 371 1611 398 invitissima
1625 374 1731 399 visitate
1746 373 1791 400 illa
1805 373 1844 400 ὴ·
1886 391 1889 395 -

1051 413 1090 432 eta
1105 411 1181 436 ntint
1199 408 1314 442 primum
1330 412 1358 433 ut
1373 408 1436 434 urbs
1451 413 1501 434 tota
1516 409 1687 443 “mnan-tur
1703 419 1755 445 qua
1769 410 1802 436 de
1816 419 1844 437 re

1052 444 1120 470 aliun
1145 445 1210 471 mihi
1235 444 1308 470 loeus
1330 444 1363 470 ad
1385 444 1527 471 dicendum
1550 451 1590 472 est
1611 448 1787 478 constitutum
1816 453 1845 474 ut

1051 482 1139 507 omnia
1159 483 1234 515 signa
1254 483 1303 508 iste
1322 490 1368 516 per
1386 491 1430 507 eos
1450 482 1585 513 hominen,
1608 492 1677 519 quos
1697 485 1842 515 nominati.

1051 527 1129 545 omne
1143 519 1209 545 ebur
1223 528 1255 545 ex
1269 519 1381 545 aedibus
1396 520 1487 547 sacris.
1503 528 1596 546 omnes
1610 521 1729 556 undique
1740 522 1844 548 tabulas

1052 557 1148 590 pictas,
1169 556 1279 582 deorum
1293 556 1410 591 deniquo
1424 556 1580 587 simulacra,
1600 566 1669 592 quae
1684 558 1776 590 vellet,
1796 568 1842 586 au-

1053 593 1144 619 ferret:
1160 593 1257 619 deinde
1273 598 1300 619 ut
1315 593 1341 619 in
1355 594 1428 619 curia
1443 593 1594 628 Syracusis,
1609 603 1690 630 quem
1706 595 1792 622 locum
1805 596 1843 623 illi

1051 631 1231 665 stimi-wirham
1251 635 1357 661 von-ant,
1379 631 1568 658 honestissimo
1588 631 1642 658 loco
1660 637 1685 658 et
1698 633 1770 667 apud
1784 633 1844 660 illos

1051 667 1212 697 clarissimo,
1230 668 1276 694 ubi
1295 668 1369 694 illius
1389 668 1476 702 ipsius
1495 669 1530 694 M.
1551 669 1680 699 Mam-lli.
1706 670 1763 705 (qui
1782 679 1843 697 eum

1052 705 1227 731 5ιιιιευ5ειιιίιι
1248 705 1348 734 locum,
1369 714 1449 740 quem
1470 706 1572 740 eripere
1591 706 1653 733 belli
1672 716 1701 733 ac
1721 708 1844 734 victoriae

1053 741 1110 775 l‹;.e
1126 747 1228 777 posset,
1248 743 1416 769 conservavit
1433 752 1462 768 ac
1481 743 1617 778 reddidit.)
1635 749 1720 770 statua
1739 753 1772 771 ex
1785 753 1845 771 uere

1053 779 1117 805 saeta
1132 784 1186 810 est;
1207 779 1244 806 ibi
1259 780 1405 806 inauratam
1421 780 1478 809 isti,
1499 785 1523 806 et
1538 780 1646 807 alteram
1661 781 1716 808 lilio
1729 786 1843 809 statuam

1053 822 1193 851 ponerent:
1215 821 1252 846 ut,
1269 817 1333 843 dum
1349 818 1428 843 istius
1443 817 1559 844 bominis
1575 819 1700 845 memoria
1715 824 1842 850 maneret,

1051 859 1161 880 senatus
1171 854 1360 917 Svracusanuf¹
1371 855 1429 880 sine
1445 854 1560 881 lacrimis
1574 860 1600 881 et
1613 856 1715 898 gemitu
1731 857 1756 882 in
1771 857 1843 883 curia

1052 900 1112 917 esse
1126 900 1177 917 non
1193 884 1292 926 posset.
1369 892 1444 918 ,l’er
1456 892 1564 918 eosdem
1579 892 1658 919 istius
1673 894 1842 924 iniuriarum,

1028 951 1029 954 ,
1053 928 1183 954 furtorum
1199 893 1367 963 uxorumqulz
1382 929 1467 955 socios
1483 929 1561 955 istius
1576 930 1688 964 imperio
1702 930 1738 958 Sv
1741 931 1844 957 neusin

1053 965 1189 992 Marcellea
1209 965 1339 992 tolluntur
1357 966 1474 992 maximo
1492 967 1593 1001 gemitu
1609 959 1736 1002 luctuque
1750 969 1845 994 civita-

1052 1004 1100 1029 tis:
1121 1011 1202 1038 quem
1221 1003 1260 1029 illi
1279 1003 1350 1029 diem
1366 1002 1464 1029 festum
1478 1012 1563 1038 quum
1578 1005 1730 1030 recentibus
1744 1005 1845 1032 benefi-

1051 1040 1100 1066 ciis
1115 1040 1143 1066 C.
1160 1040 1276 1066 Marcelli
1290 1040 1411 1066 debitum
1427 1040 1585 1070 reddebant.
1605 1045 1661 1068 tum
1676 1043 1781 1077 generi,
1798 1051 1844 1069 no-

1052 1077 1127 1109 mini,
1144 1077 1260 1104 l'amiliae
1271 1077 1454 1104 Marcellorum
1469 1079 1584 1104 maxima
1595 1078 1730 1105 voluntate
1743 1079 1845 1106 tribue-

1052 1114 1124 1140 bant.
1166 1115 1332 1141 Mithridates
1352 1115 1378 1141 in
1399 1115 1473 1145 Asia,
1497 1124 1583 1150 quum
1602 1124 1660 1142 eam
1680 1117 1843 1151 provinciam

1029 1159 1030 1162 ’
1053 1156 1131 1178 totam
1145 1156 1310 1186 occupasset,
1327 1152 1414 1178 Mucia
1429 1161 1480 1179 non
1494 1152 1613 1179 sustulit.
1648 1154 1747 1184 nostis,
1762 1158 1787 1180 et
1798 1154 1845 1181 ho-

1052 1190 1100 1215 stis
1115 1190 1142 1215 in
1156 1190 1252 1215 ceteris
1266 1189 1346 1215 rebus
1362 1189 1442 1216 nimis
1462 1189 1534 1216 ferus
1553 1195 1578 1216 et
1596 1191 1735 1221 immanis,
1756 1195 1843 1218 tamen

1053 1263 1105 1289 lare
1119 1263 1218 1290 noluit:
1239 1269 1268 1290 tu
1282 1264 1464 1291 Svracusanos
1479 1273 1563 1290 unum
1577 1264 1648 1291 diem
1664 1264 1761 1291 festum
1776 1266 1845 1292 Mar-

1051 1301 1127 1327 cellis
1141 1302 1277 1336 impertire
1292 1301 1415 1332 noluisti,
1432 1310 1479 1336 per
1491 1310 1560 1336 quos
1575 1301 1613 1328 illi
1628 1302 1799 1337 adeptisunt,
1815 1308 1845 1330 ut

1051 1342 1150 1364 ceteros
1164 1338 1222 1364 dies
1237 1338 1318 1364 festos
1332 1339 1431 1373 agitare
1446 1343 1564 1373 possent.
1590 1340 1632 1365 52.
1649 1340 1680 1366 At
1694 1348 1756 1366 vero
1769 1348 1845 1375 prae-

1028 1380 1030 1392 ¹
1050 1374 1151 1401 clarum
1167 1375 1238 1402 diem
1253 1376 1411 1410 reposuisti,
1432 1375 1527 1402 Verrea
1543 1380 1572 1402 ut
1584 1381 1705 1412 agerent,
1725 1382 1751 1404 et
1770 1382 1798 1404 ut
1811 1377 1843 1404 ad

1051 1421 1112 1438 eum
1127 1413 1197 1439 diem
1212 1421 1280 1448 quae
1294 1413 1376 1439 sacris
1390 1412 1533 1448 epulisque
1543 1422 1611 1448 opus
1621 1419 1718 1444 essent,
1735 1415 1762 1441 in
1771 1423 1844 1441 com-

1052 1450 1142 1484 plures
1161 1459 1244 1476 annos
1264 1450 1421 1477 locarentur.
1461 1451 1515 1477 lam
1534 1451 1560 1477 in
1576 1456 1645 1477 tanta
1660 1451 1740 1478 istius
1754 1452 1844 1487 impu—

1051 1487 1140 1514 dentia
1155 1487 1344 1514 remittendum
1363 1487 1466 1522 aliquid
1485 1487 1604 1519 w'detur,
1625 1497 1657 1515 ne
1675 1490 1764 1515 omnia
1781 1497 1844 1516 oon—

1051 1524 1206 1555 tendamus,
1231 1533 1264 1551 ne
1286 1525 1375 1551 omnia
1398 1533 1459 1551 eum
1481 1525 1571 1552 dolore
1594 1534 1671 1561 agere
1694 1526 1842 1553 videamur.

1051 1562 1118 1588 Nam
1132 1570 1175 1588 me
1188 1561 1255 1592 dies,
1272 1571 1332 1592 vox,
1350 1561 1428 1588 latera
1442 1562 1574 1593 deficiant,
1590 1563 1613 1589 si
1629 1563 1677 1589 hoc
1691 1572 1763 1590 nunc
1772 1564 1844 1590 voci-

1028 1602 1029 1607 *
1051 1598 1130 1625 seran'
1145 1598 1239 1629 velim,
1254 1607 1336 1634 quam
1351 1600 1479 1626 miserum
1495 1599 1691 1635 indignumque
1705 1601 1747 1631 sit,
1764 1601 1843 1627 istius

1051 1636 1159 1662 nomine
1176 1636 1249 1671 apud
1267 1645 1311 1663 eos
1329 1636 1401 1662 diem
1420 1635 1518 1663 festum
1536 1645 1608 1667 esse,
1629 1638 1676 1672 qui
1690 1646 1751 1664 sese
1764 1638 1843 1664 istius

1050 1681 1128 1708 opera
1144 1673 1266 1700 funditus
1281 1674 1426 1701 exstinctos
1439 1682 1499 1701 esse
1512 1674 1682 1701 arbitrentur.
1713 1675 1735 1702 O
1748 1675 1843 1702 Verrea

1028 1735 1029 1747 ,
1050 1709 1196 1746 praeclara!
1220 1720 1275 1746 quo
1292 1712 1442 1743 accessisti.
1461 1720 1570 1747 quaeso,
1589 1721 1644 1747 quo
1657 1721 1708 1738 non
1723 1713 1843 1739 attuleris

1020 1755 1029 1784 ι’
1051 1754 1138 1775 tecum
1153 1749 1234 1775 istum
1249 1749 1335 1775 diem!
1356 1749 1462 1775 Etenim
1475 1757 1556 1784 quam
1571 1754 1600 1775 tu
1618 1749 1742 1781 domum,
1761 1759 1842 1785 quam

1051 1786 1144 1812 urbem
1159 1786 1262 1818 adiisti,
1278 1786 1350 1821 quod
1364 1785 1456 1812 Ianum
1471 1787 1601 1821 denique,
1616 1786 1688 1822 quod
1703 1795 1755 1813 non
1768 1796 1844 1814 ever-

1050 1832 1112 1849 sum
1131 1828 1211 1858 atque
1228 1828 1364 1850 extersum
1387 1823 1547 1858 reliqueris?
1566 1823 1653 1856 Quare
1675 1823 1844 1858 appellentur

1050 1869 1115 1887 sane
1128 1861 1178 1887 ista
1193 1861 1302 1891 Verrea,
1317 1869 1386 1896 quae
1400 1869 1452 1887 non
1466 1869 1500 1887 ex
1513 1861 1633 1891 nomine,
1653 1861 1701 1887 sed
1715 1870 1749 1888 ex
1762 1862 1844 1888 mori-

1050 1898 1102 1924 bus
1117 1897 1129 1910 ⁸
1144 1903 1289 1933 naturaque
1303 1902 1348 1924 tua
1361 1898 1503 1924 constituta
1517 1906 1576 1924 esse
1589 1898 1740 1925 videantur.

1105 1935 1191 1961 xxu.
1207 1937 1248 1961 53.
1268 1935 1354 1967 Quam
1372 1935 1449 1961 facile
1466 1940 1554 1970 serpat
1567 1935 1664 1962 iniuria
1678 1940 1704 1961 et
1716 1935 1843 1970 peccandi

1050 1972 1230 2003 consuetudo,
1246 1981 1327 2007 quam
1342 1981 1394 1999 non
1409 1972 1486 1999 facile
1499 1973 1668 2007 reprimatur,
1684 1973 1785 2004 videte,
1801 1973 1844 2000 iu-

1049 2010 1134 2036 dices.
1174 2009 1247 2036 Bidis
1261 2009 1391 2044 oppidum
1405 2014 1459 2040 est,
1479 2014 1558 2036 tenue
1571 2018 1647 2040 sane.
1667 2018 1720 2036 non
1739 2009 1816 2046 longe
1829 2018 1843 2037 a

1051 2047 1202 2082 Syracusis.
1242 2047 1328 2073 Huius
1344 2046 1421 2083 longe
1435 2047 1539 2081 primus
1552 2047 1668 2073 civitatis
1681 2051 1723 2074 est
1734 2047 1844 2082 Epicra-

1051 2089 1090 2110 tes
1100 2084 1221 2119 quidam.
1249 2084 1336 2110 Huius
1346 2084 1478 2110 hereditas
1489 2083 1553 2110 H-S
1562 2084 1769 2120 quingentorum
1781 2084 1843 2111 mil—

1051 2121 1117 2147 lium
1136 2126 1243 2148 venerat
1257 2130 1272 2147 a
1285 2121 1397 2148 muliere
1410 2121 1525 2156 quadam
1539 2122 1699 2156 propinqua,
1715 2125 1794 2157 atque
1807 2122 1842 2148 ita

1028 2163 1029 2168 ¹
1050 2159 1208 2193 propinqua,
1225 2164 1255 2185 ut
1267 2167 1297 2185 ea
1311 2159 1416 2185 etiamsi
1430 2159 1552 2185 intestata
1566 2163 1639 2185 esset
1651 2163 1762 2189 mortua,
1777 2158 1839 2194 Epi-

1049 2200 1147 2222 cratem
1166 2195 1321 2222 Bidinorum
1345 2195 1450 2231 legibus
1473 2195 1597 2222 heredem
1620 2203 1680 2222 esse
1700 2200 1840 2230 oporteret.

1051 2233 1151 2259 Recens
1165 2233 1332 2268 Syracusana
1347 2238 1402 2259 erat
1415 2232 1460 2259 illa
1478 2241 1535 2264 res,
1553 2241 1636 2275 quam
1653 2237 1714 2259 ante
1731 2232 1843 2259 demon—

1049 2271 1146 2301 stravi,
1166 2270 1199 2296 de
1212 2269 1333 2296 Heraclio
1347 2269 1528 2306 Syracusano,
1544 2270 1591 2305 qui
1604 2269 1673 2296 bona
1687 2278 1739 2296 non
1752 2269 1843 2305 perdi-

1049 2307 1143 2338 disset,
1159 2307 1212 2333 nisi
1226 2308 1250 2334 ei
1264 2307 1383 2334 venisset
1395 2307 1539 2334 hereditas.
1575 2306 1643 2333 nuic
1656 2315 1764 2342 quoque
1776 2307 1842 2342 Epi—

1049 2345 1113 2370 crati
1127 2349 1248 2376 venerat,
1268 2349 1299 2371 ut
1311 2344 1382 2376 dixi,
1402 2344 1545 2370 hereditas.
1585 2344 1627 2370 54.
1647 2343 1770 2379 Cogitate
1782 2352 1842 2371 ooe-

1049 2386 1146 2416 perunt
1168 2382 1227 2408 eius
1249 2382 1366 2413 inimici,
1393 2380 1478 2408 nihilo
1500 2381 1591 2407 minus
1612 2380 1705 2407 eodem
1723 2386 1843 2416 praetore

1050 2419 1121 2445 hunc
1134 2419 1216 2445 everti
1230 2419 1308 2445 bonis
1323 2427 1410 2453 posse,
1425 2426 1480 2453 quo
1489 2417 1625 2444 Heraclius
1635 2422 1707 2444 esset
1719 2426 1840 2445 eversus.

1048 2456 1114 2482 Rem
1127 2456 1230 2482 occulte
1244 2457 1402 2482 instituunt:
1417 2455 1451 2482 ad
1461 2455 1568 2482 Verrem
1581 2463 1629 2490 per
1637 2455 1697 2481 eius
1711 2455 1842 2490 interpre-

1049 2498 1088 2519 tes
1098 2493 1232 2520 deferunt.
1256 2494 1293 2519 Ita
1299 2501 1393 2519 caussa
1403 2492 1580 2527 componitur,
1594 2492 1692 2518 utitem
1702 2492 1842 2527 palaestri-

1049 2535 1090 2556 tae
1100 2530 1229 2556 Bidenses
1239 2534 1358 2565 peterent
1367 2529 1400 2556 ab
1410 2529 1532 2564 Epicrate
1542 2529 1715 2555 hereditatem
1723 2550 1730 2560 ,
1744 2537 1841 2564 quem—

1049 2567 1194 2594 admodum
1212 2567 1380 2602 palaestritae
1393 2566 1554 2602 Syracusani
1573 2566 1606 2592 ab
1619 2565 1740 2593 Heraclio
1757 2567 1841 2601 petis·

1048 2609 1116 2630 sent.
1138 2605 1293 2640 Numquam
1307 2612 1355 2630 vos
1369 2608 1515 2638 praetorem
1530 2608 1583 2630 tam
1597 2603 1785 2638 palaestricum
1799 2604 1840 2630 vi-

1048 2642 1141 2668 distis:
1162 2650 1256 2668 verum
1270 2643 1305 2667 ita
1319 2640 1485 2683 palaestritas
1498 2640 1670 2671 defendebat,
1690 2645 1721 2667 ut
1737 2640 1771 2667 ab
1785 2639 1840 2667 illis

1025 2696 1028 2710 ,
1048 2679 1107 2713 ipse
1124 2679 1229 2704 unctior
1245 2677 1407 2704 discederet:
1426 2678 1473 2713 qui
1488 2678 1591 2709 statim,
1610 2685 1696 2713 quum
1713 2685 1840 2712 praesen-
