1941 3052
209 145 253 169 07⁸
780 146 805 169 Η
848 144 882 169 Μ.
912 143 941 169 Τ.
973 143 991 168 Γ,
1006 143 1014 169 Ι

203 224 255 248 que
274 214 546 241 accommodatissimi.
587 215 691 240 lamlius
710 215 780 239 enim
805 213 988 248 frequentissi-

205 261 264 277 mus
278 253 357 278 estin
373 253 418 281 iis,
438 261 505 286 «μων
525 251 640 277 ‹leniisso
657 256 735 285 atque
755 250 849 276 humili
868 259 988 276 sermone
1010 257 1012 266 ’

204 289 341 320 ulii-untur,
369 290 423 315 0⁰7.
440 298 520 323 paean
535 293 620 313 :nutem
637 289 662 314 iu
676 287 859 321 amplioribus.
877 288 902 313 in
918 292 989 313 utro-
1010 297 1013 320 ι

203 335 255 360 «μιν
274 327 404 361 dactylus.
446 327 480 352 lta
500 327 525 351 in
545 326 613 350 varin
632 329 656 350 et
675 329 799 358 perpetuu
822 324 938 350 oratione
962 324 988 350 lii
1010 322 1013 358 ᾗ

205 369 265 389 -uitt
286 364 352 389 inter
370 372 397 388 se
416 363 542 388 miscendi
561 367 585 387 ct
604 361 777 395 temperandi.
818 361 861 386 Sic
880 361 988 387 minime
1010 362 1013 396 ξ

204 401 426 426 auimmlvertetur
449 399 627 424 delectationis
650 399 794 432 aucupium
813 403 838 423 ct
856 398 989 432 ‹pindrnn-
1010 403 1013 435 Ἰ

203 438 251 462 dno
269 438 393 463 orationis
412 436 553 463 industria:
576 444 643 469 quae
663 435 752 461 latebit
770 444 801 461 eo
819 435 912 467 nitigis,
928 435 949 461 si
965 439 990 461 et

206 474 343 500 verlmrum
359 479 383 499 et
398 474 585 498 sententiarum
602 472 762 506 ponderibus
779 476 892 498 utemur.
924 472 988 497 Nam

203 511 249 545 qui
264 511 388 539 attiliunt,
403 510 464 535 liat-t·
478 510 530 535 duo
544 509 756 535 auiiuadvertunt
769 514 794 535 et
809 508 923 535 iucunda
937 509 988 534 sibi
1010 513 1013 537 ἶ

203 553 322 576 censent,
340 548 417 572 verba
431 547 490 572 «lico
503 553 528 572 ct
541 547 698 576 sententias,
718 555 801 581 eaque
814 546 878 572 dum
893 546 989 572 animis

204 586 307 610 attentis
322 584 479 610 admirantes
494 584 642 618 excipiunt,
661 583 729 618 fugit
742 592 786 610 cos
801 588 826 609 et
840 588 989 617 praetervo-

206 622 237 646 lat
253 630 393 653 numerus,
415 621 461 655 qui
482 626 567 646 tamen
586 621 608 646 si
627 621 744 650 abesset,
765 620 809 646 illa
829 621 885 655 ipsa
900 621 989 646 minus

203 658 369 684 delectarent.
412 660 467 684 198.
485 659 537 684 Nec
552 666 612 684 vcro
627 658 726 684 nimius
740 659 763 684 is
777 666 872 683 cursus
886 662 926 683 est
939 665 990 683 nu-

204 704 344 725 merorum,
361 695 485 721 orationis
500 695 559 721 dico
571 695 642 730 (nam
656 699 696 721 est
710 695 786 730 longe
800 695 876 721 aliter
889 695 915 721 in
931 703 990 720 ver-

202 733 299 767 sibus.)
322 732 387 758 nihil
413 738 440 758 ut
460 733 503 758 liat
520 737 591 758 extra
611 732 733 762 modum:
756 741 815 758 nam
835 732 860 758 id
879 731 988 766 quidem

202 774 270 795 essct
289 778 394 804 poema;
417 770 463 796 sed
485 770 572 796 omnis
597 778 644 795 nec
666 769 817 795 claudicans
839 777 886 795 nec
911 769 988 804 quasi

203 806 332 833 fluctuans
350 811 375 833 et
393 807 536 841 aequaliter
553 811 755 841 constanterque
773 806 925 841 ingrediens
939 814 990 832 nu-

203 852 302 870 merosa
322 844 433 870 hahetur
451 845 540 870 oratio.
581 845 666 878 Atque
684 844 710 870 id
730 844 755 870 in
769 843 881 869 dicendo
895 852 990 869 nume-

202 889 291 907 rosum
311 886 430 915 putatur.
452 890 502 907 non
521 881 592 916 quod
612 886 694 907 totum
713 885 814 907 constat
831 889 844 906 e
858 880 986 910 numeris,
1010 893 1011 896 =

202 918 248 944 sed
270 918 342 952 quod
365 918 398 944 ad
421 927 544 944 numeros
568 919 686 953 proxime
704 918 816 949 accedit;
838 926 892 952 quo
910 918 988 943 etiam

202 954 339 981 difficilius
353 960 392 981 est
405 956 520 981 oratione
535 956 582 986 uti,
599 964 678 990 quam
694 955 829 986 versibus;
849 954 921 990 quod
935 954 989 980 illis

201 997 269 1018 certa
283 992 412 1027 quaedam
428 998 452 1019 et
465 993 571 1019 definita
587 992 628 1019 lex
642 998 694 1024 est,
709 1001 790 1028 quam
805 993 881 1027 sequi
896 992 930 1019 sit
943 1000 990 1018 ne-

201 1038 287 1056 cesse:
314 1030 340 1056 in
358 1029 469 1056 dicendo
487 1035 574 1056 autem
597 1030 663 1056 nihil
681 1034 721 1056 est
739 1030 912 1064 propositum,
937 1029 988 1055 nisi

195 1071 230 1093 ·ut
242 1075 273 1092 ne
285 1067 453 1093 immoderata
465 1072 509 1093 aut
520 1072 630 1103 angusta
642 1071 687 1093 aut
699 1067 828 1093 dissoluta
843 1071 888 1092 aut
903 1065 987 1092 fluens

201 1104 235 1130 sit
248 1104 338 1130 oratio.
379 1105 469 1139 Itaque
489 1113 538 1131 non
557 1109 620 1130 sunt
638 1105 664 1130 in
682 1113 711 1130 ea
726 1109 860 1138 tamquam
876 1103 987 1130 tibicinii

201 1142 402 1176 percussionum
423 1141 506 1171 modi,
531 1141 578 1167 sed
597 1142 718 1168 universa
741 1140 942 1176 comprehensio
963 1145 989 1167 et

201 1179 302 1213 species
316 1179 440 1205 orationis
453 1178 542 1205 clausa
556 1183 581 1205 et
600 1179 737 1205 terminata
751 1183 803 1211 est,
825 1177 897 1213 quod
912 1177 989 1204 volu—

202 1220 271 1250 ptate
285 1216 389 1242 aurium
404 1216 543 1242 iudicatur.

1010 651 1013 670 t

1010 676 1013 691 ι

256 1253 323 1279 th.
341 1254 396 1279 ⁴99.
413 1253 483 1279 Solet
501 1257 588 1279 autem
606 1253 711 1287 quaeri,
737 1257 822 1279 totone
839 1253 867 1278 in
886 1252 987 1278 ambitu
1009 1261 1018 1280 t,

201 1289 341 1316 verborum
356 1291 459 1316 numeri
474 1290 579 1316 tenendi
594 1291 655 1321 sint,
672 1299 704 1316 an
718 1290 745 1316 in
759 1290 853 1324 primis
868 1290 988 1324 partibus
1010 1312 1011 1316 ,

200 1332 279 1361 atque
301 1327 327 1353 in
351 1328 486 1353 extremis.
526 1327 649 1362 Plerique
671 1327 741 1353 enim
765 1331 873 1353 censent
895 1326 988 1353 cadere

201 1369 301 1390 tantum
321 1373 461 1390 numerose
479 1369 596 1399 oportere
611 1365 800 1399 terminarique
818 1364 986 1390 sententiam.
1009 1396 1011 1401 Ι

199 1401 245 1427 Est
259 1406 360 1432 autem,
378 1406 405 1428 ut
418 1401 445 1427 id
460 1402 575 1428 maxime
588 1401 691 1432 deceat,
713 1411 764 1428 non
782 1401 810 1428 id
823 1400 924 1432 solum3
941 1409 988 1435 po-
1008 1410 1011 1436 τ,

200 1438 303 1464 nendus
317 1443 356 1464 est
369 1439 439 1465 enim
455 1439 499 1465 ille
510 1439 635 1470 ambitus,
649 1447 700 1465 non
711 1438 886 1465 abiiciendus.
901 1437 987 1470 Quare

198 1484 283 1510 quum
302 1484 378 1502 aures
396 1480 544 1502 extremum
563 1484 669 1510 semper
685 1480 839 1511 exspectent
857 1476 885 1502 in
903 1483 987 1510 eoque

199 1513 374 1547 acquiescant,
396 1513 422 1539 id
442 1522 533 1539 vacare
552 1521 662 1539 numero
679 1522 731 1540 non
749 1517 862 1548 oportet,
888 1513 936 1539 sed
954 1512 987 1539 ad

199 1550 270 1576 hunc
283 1550 384 1576 exitum
400 1555 485 1576 tamen
500 1559 514 1576 a
528 1551 659 1585 principio
674 1550 734 1577 ferri
753 1550 831 1577 debet
844 1550 986 1576 verborum

199 1587 243 1613 illa
260 1587 461 1622 comprehensio
483 1592 508 1614 et
526 1592 577 1614 tota
596 1596 609 1614 a
627 1588 712 1622 capite
730 1588 766 1614 ita
784 1586 877 1618 fluere,
905 1592 936 1613 ut
954 1587 986 1613 ad

198 1628 346 1650 extremum
362 1625 470 1651 veniens
484 1626 542 1659 ipsa
556 1625 690 1651 consistat.
721 1627 779 1651 200.
795 1624 823 1651 Id
837 1629 925 1650 autem
939 1624 988 1650 bo-

199 1670 230 1687 na
244 1661 385 1696 disciplina
399 1662 561 1693 exercitatis,
582 1663 629 1696 qui
643 1666 669 1688 et
682 1661 765 1688 multa
783 1661 938 1696 scripserint
950 1665 984 1692 et,

197 1706 382 1733 quaecumque
396 1699 474 1725 etiam
488 1699 546 1725 sine
561 1699 659 1733 scripto
672 1698 797 1730 dicerent,
809 1698 908 1725 similia
921 1698 987 1724 scri-

198 1740 302 1770 ptorum
317 1735 458 1767 effecerint.
471 1745 522 1762 non
537 1737 585 1762 erit
599 1735 798 1762 difficillimum.
838 1735 905 1762 Ante
915 1736 986 1762 enim
1008 1761 1009 1766 ,

198 1773 425 1799 circumscribitur
443 1777 530 1799 mente
547 1774 677 1799 sententia
694 1772 888 1808 confestimque
906 1772 986 1799 verba

198 1814 367 1840 concurrunt,
382 1818 450 1845 quae
465 1819 540 1836 mens
553 1810 654 1841 eadem,
667 1819 719 1845 qua
731 1810 798 1836 nihil
809 1815 849 1836 est
862 1809 984 1841 celerius,

197 1846 285 1873 statim
300 1846 417 1877 dimittit,
434 1851 521 1873 utsuo
531 1847 657 1882 quodque
669 1847 724 1873 loco
735 1847 904 1882 respondeat3
919 1855 987 1882 quo-

198 1892 257 1910 rum
271 1883 420 1919 descriptus
435 1884 498 1911 ordo
512 1884 576 1910 alias
590 1884 640 1910 alia
654 1885 836 1911 terminatione
850 1883 987 1911 concludi-

197 1925 254 1953 tur;
270 1925 348 1955 atque
361 1922 448 1947 omnia
463 1921 507 1947 illa
521 1925 546 1948 et
556 1921 641 1956 prima
651 1926 676 1948 et
691 1921 776 1947 media
790 1921 870 1948 verba
883 1926 988 1956 specta—

198 1966 225 1984 re
238 1957 335 1984 debent
348 1958 380 1984 ad
398 1958 534 1985 ultimum.
574 1960 633 1985 20«.
648 1959 782 1985 Interdum
801 1959 872 1985 enim
890 1967 986 1985 cursus

198 1999 237 2021 est
250 1995 278 2021 in
291 1995 407 2022 oratione
424 1996 567 2025 incitatior,
589 1995 721 2022 interdum
736 1995 869 2022 moderata
883 1996 987 2031 ingres-

197 2033 245 2063 sio,
263 2036 291 2058 ut
304 2033 356 2058 iam
371 2041 384 2059 a
398 2033 528 2067 principio
543 2032 689 2059 videndum
703 2033 745 2063 sit,
758 2033 985 2068 quemadmodum

198 2069 265 2095 vetis
283 2070 373 2096 venire
391 2070 424 2096 ad
441 2075 599 2096 extremum.
640 2071 693 2096 Nec
710 2070 738 2096 in
756 2070 875 2096 numeris
889 2070 983 2105 magis,

197 2114 278 2141 quam
292 2107 319 2132 in
333 2106 444 2142 reliquis
457 2107 618 2133 ornamentis
631 2108 770 2137 orationis,
790 2107 882 2133 eadem
900 2115 985 2142 quum
1008 2131 1009 2135 ,

198 2143 338 2175 faciamus,
353 2152 422 2179 quae
437 2149 539 2178 poetae,
555 2143 698 2179 effugimus
719 2148 807 2171 tamen
824 2145 852 2170 in
870 2145 986 2171 oratione
1008 2142 1016 2181 ¹³

197 2181 326 2215 poematis
340 2181 555 2208 similitudinem.
576 2181 624 2207 Est
637 2182 708 2207 enim
722 2182 750 2208 in
765 2186 877 2216 utroque
891 2186 916 2208 et
929 2190 986 2208 ma-

198 2218 261 2244 teria
279 2222 305 2244 et
322 2219 453 2245 tractatio:
473 2219 582 2245 materia
599 2219 626 2245 in
642 2218 742 2249 verbis,
759 2219 877 2245 tractatio
889 2219 917 2245 in
931 2218 986 2245 col—

198 2254 323 2281 locatione
336 2255 487 2282 verborum.
522 2255 578 2281 LX.
594 2256 692 2282 Ternae
707 2260 794 2282 autem
809 2260 871 2282 sunt
885 2256 986 2282 utrius-

196 2300 248 2326 que
267 2296 367 2327 partes:
389 2293 544 2323 verborum,
564 2292 700 2323 tralatum,
721 2301 834 2323 novum,
851 2293 983 2327 priscum3

197 2330 266 2362 {nam
281 2329 314 2355 de
326 2330 440 2364 propriis
454 2330 521 2356 nihil
536 2330 585 2356 hoc
600 2330 656 2356 loco
668 2329 810 2365 dicimus:)
829 2332 888 2357 ⁴202.
903 2329 986 2357 collo-

196 2367 305 2392 cationis
320 2371 407 2393 autem
421 2375 479 2398 eae,
499 2375 567 2402 quas
581 2367 712 2398 diximus,
733 2368 901 2402 compositio,
922 2375 986 2394 con-

196 2403 322 2435 cinnitas,
346 2413 485 2431 numerus.
525 2404 578 2431 Sed
603 2405 630 2430 in
657 2408 769 2439 utroque
793 2404 985 2440 frequentiores

197 2444 259 2466 sunt
276 2445 301 2466 et
319 2441 454 2468 liberiores
472 2446 660 2476 poetaezmam
678 2445 703 2467 et
721 2441 883 2468 transferunt
904 2441 985 2468 verba

196 2485 281 2510 quum
295 2478 422 2509 crebrius,
435 2484 492 2505 tum
505 2479 584 2505 etiam
598 2478 734 2509 audacius,
751 2484 776 2505 et
790 2479 885 2513 priscis
899 2478 985 2505 liben-

197 2514 249 2539 tius
264 2518 375 2541 utuntur
388 2521 413 2542 et
428 2516 537 2542 liberius
551 2516 637 2542 novis.
677 2515 754 2547 Quod
767 2516 839 2542 idem
853 2516 882 2542 fit
894 2517 922 2542 in
933 2524 985 2542 nu-

196 2551 289 2582 meris,
309 2552 336 2577 in
354 2553 453 2586 quibus
471 2554 548 2587 quasi
566 2553 714 2580 necessitati
732 2561 824 2587 parere
841 2557 982 2588 coguntur.

197 2587 249 2613 Sed
266 2592 354 2614 tamen
373 2589 435 2615 haec
454 2599 500 2616 nec
520 2591 599 2616 nimis
617 2598 675 2615 esse
693 2589 798 2616 diversa
819 2598 906 2624 neque
927 2589 984 2616 ullo

196 2624 274 2651 modo
287 2626 426 2652 coniuncta
439 2627 553 2662 intelligi
568 2627 637 2653 lieet.
669 2627 706 2653 Ita
719 2626 757 2658 fit,
773 2631 803 2653 ut
813 2635 865 2653 non
878 2627 942 2652 item
955 2627 982 2653 in
1005 2637 1007 2646 τ

196 2662 323 2693 oratione,
349 2667 378 2689 ut
395 2663 423 2689 in
441 2672 534 2695 versu,
550 2671 678 2690 numerus
691 2668 789 2695 exstet,
804 2663 896 2699 idque,
911 2663 983 2698 quod

1006 2567 1015 2594 ³.
1035 2590 1105 2615 niam
1123 2588 1274 2616 adhibenda
1291 2595 1492 2621 nonnumquam
1513 2591 1565 2618 est,
1589 2587 1706 2621 primum
1728 2586 1822 2613 viden-

1003 2674 1014 2688 ,ι
1033 2667 1091 2689 tum
1108 2667 1174 2698 quot
1190 2662 1277 2689 modis
1293 2660 1489 2688 commutanda.

1030 143 1245 169 ‹it-:noxis

1010 213 1019 247 Γ,
1041 222 1211 239 numerosum
1226 214 1252 239 in
1266 214 1382 239 oratione
1394 213 1504 244 dicitur,
1525 222 1576 240 non
1594 222 1699 249 semper
1717 223 1827 241 numero

1040 250 1095 279 liat,
1116 249 1162 275 scd
1177 258 1377 284 nonnumquam
1395 256 1440 276 aut
1457 252 1630 277 concinnitate
1648 256 1693 278 eut
1706 257 1827 278 constru-

1039 288 1124 312 ctione
1153 286 1302 313 verborum.
1343 289 1400 314 203.
1426 288 1475 318 tu,
1499 289 1522 314 si
1548 297 1675 315 nuinorus
1701 290 1827 316 orationi·

1039 324 1176 358 quaeritur
1189 324 1235 358 qui
1249 325 1292 353 sii.
1308 325 1394 351 omnis
1409 330 1456 354 eut.
1472 325 1519 351 sed
1533 325 1601 352 alius
1615 325 1667 351 alio
1681 326 1775 352 melior
1787 331 1826 352 at-

1039 369 1092 395 que
1109 361 1207 395 aptior,
1228 361 1251 386 ni
1272 360 1357 391 locus,
1382 362 1408 388 in
1427 363 1498 388 omni
1522 367 1594 397 parte
1617 363 1771 393 verborum,
1793 364 1825 393 si.

1041 397 1111 423 unde
1129 402 1202 423 ortus
1216 398 1262 428 sit,
1283 407 1316 424 ex
1334 399 1439 424 aurium
1458 398 1604 434 voluptate;
1627 400 1649 426 si
1667 409 1828 435 componen-

1018 454 1019 458 ,
1040 435 1133 460 (lorum
1146 435 1219 465 ratio,
1232 434 1334 461 dicotur
1347 435 1399 461 alio
1413 435 1476 466 loco,
1488 437 1551 470 quin
1563 438 1675 471 pertinet
1689 437 1722 463 nd
1737 446 1825 467 usum.

1011 464 1020 489 'l
1040 481 1108 506 quae
1123 481 1182 506 pars
1195 477 1288 507 quarta
1302 477 1326 498 et
1340 477 1456 499 extrema
1471 473 1546 499 nobis
1565 474 1590 499 in
1604 473 1749 500 dividendo
1763 473 1826 504 fuit,

1040 518 1076 538 si,
1092 509 1124 534 ad
1143 518 1223 544 quam
1243 518 1297 535 rem
1316 509 1487 540 adhibeatur,
1507 510 1539 536 ad
1557 510 1771 538 delectationem:
1793 512 1825 541 si,

1018 543 1019 553 ¹
1040 546 1154 581 quando,
1170 555 1288 580 semper,
1311 547 1342 576 si,
1358 555 1413 581 quo
1431 547 1498 577 loco,
1519 547 1546 573 in
1565 552 1615 573 tota
1633 548 1828 575 continuatione

1041 583 1196 615 verborum
1218 584 1254 613 si,
1274 592 1342 618 quae
1361 593 1401 610 res
1419 583 1516 610 efficiat
1534 584 1709 619 voluptatem,
1725 585 1825 613 eadem.

1039 629 1108 655 quae
1122 621 1148 646 in
1164 620 1295 650 versibus,
1311 630 1425 655 quorum
1440 621 1549 647 modum
1564 626 1635 648 notat
1648 631 1703 651 ars,
1719 622 1767 648 sed
1780 631 1827 648 nu-

1041 667 1081 683 res
1096 658 1168 692 ipsae
1183 659 1260 684 tacito
1273 666 1334 684 eum
1348 667 1429 684 sensu
1443 659 1500 684 sine
1514 664 1568 684 arte
1581 658 1721 685 deliniunt.

1096 694 1163 720 LXI.
1179 695 1236 721 204.
1252 694 1322 721 Satis
1336 695 1419 721 multa
1436 695 1468 721 de
1487 700 1593 722 natura:
1615 696 1737 731 sequitur
1751 704 1826 726 usus.

1018 741 1019 746 ¹
1040 731 1072 757 ‹le
1086 740 1140 766 quo
1153 736 1192 758 est
1205 733 1354 758 accuratius
1367 732 1570 767 disputandum.
1611 733 1639 759 ln
1653 742 1708 768 quo
1720 734 1828 768 quaesi-

1018 774 1019 795 ]
1041 773 1096 795 tum
1111 774 1158 798 est.
1175 770 1201 795 in
1217 773 1302 795 totone
1315 770 1428 796 circuitu
1443 769 1489 796 illo
1501 770 1635 800 orationis,
1651 779 1731 805 quem
1746 770 1828 797 Gra&

1039 806 1062 832 ci
1077 806 1206 841 περίοδον,
1222 815 1270 832 nos
1289 811 1345 833 tum
1365 807 1507 837 ambitum.
1529 812 1585 833 tum
1603 808 1754 837 circuitum.
1770 812 1827 834 tum

1018 851 1019 855 ¹
1039 843 1302 877 comprehensionem
1315 848 1361 870 aut
1373 844 1595 870 continuationem
1606 849 1651 871 eut
1660 845 1829 871 circumscri-

1041 881 1155 914 ptionem
1173 880 1302 911 dicimus,
1322 889 1354 907 an
1369 881 1396 907 in
1410 881 1548 916 principiis
1566 881 1667 911 solum.
1687 890 1720 908 an
1740 882 1768 908 in
1781 889 1828 908 ex-

1040 918 1144 948 tremis,
1165 926 1197 943 an
1216 918 1243 944 in
1262 922 1371 952 utraque
1390 923 1461 952 parte
1480 927 1607 945 numerus
1630 918 1760 945 tenendus
1778 919 1826 950 siu

1039 954 1148 985 deinde,
1172 963 1257 989 quum
1276 954 1350 981 aliud
1368 955 1489 981 videatur
1506 964 1564 981 esse
1587 964 1729 986 numerus,
1754 955 1827 982 aliud

1041 1000 1220 1022 numerosum,
1233 992 1298 1027 quid
1310 992 1421 1018 intersit.
1446 994 1504 1019 205.
1517 993 1584 1019 Tum
1595 997 1692 1023 autem,
1705 993 1732 1019 in
1742 993 1829 1019 omni-

1017 1039 1019 1048 =
1040 1029 1125 1055 busne
1139 1029 1258 1055 numeris
1276 1029 1420 1064 aequaliter
1438 1029 1580 1064 particulas
1597 1029 1688 1056 deceat
1701 1029 1826 1060 incidere,

1039 1075 1071 1092 an
1086 1065 1170 1092 facere
1184 1066 1249 1092 alias
1264 1066 1406 1097 breviores,
1419 1067 1483 1093 alias
1495 1066 1634 1102 longiores,
1648 1066 1729 1102 idque
1742 1075 1828 1102 quan-

1039 1103 1073 1129 do
1086 1108 1200 1133 auteur,
1215 1103 1370 1139 quibusque
1388 1104 1521 1139 partibus;
1545 1103 1703 1139 pluribusne
1721 1112 1753 1130 an
1771 1104 1828 1130 sin-

1038 1140 1119 1176 gulis,
1140 1141 1288 1175 imparibus
1306 1150 1338 1167 an
1360 1141 1531 1176 aequalibus3
1553 1146 1578 1167 et
1591 1140 1698 1176 quando
1711 1145 1756 1167 aut
1769 1141 1828 1167 istis

1039 1182 1083 1203 aut
1109 1177 1163 1204 illis
1186 1179 1221 1204 sit
1241 1178 1384 1204 utendum:
1406 1187 1528 1214 quaeque
1550 1179 1618 1205 inter
1640 1187 1669 1204 se
1690 1179 1828 1213 aptissime

1038 1214 1199 1241 collocentur
1216 1220 1240 1241 et
1258 1215 1410 1250 quomodo?
1428 1225 1461 1242 an
1479 1216 1587 1242 omnino
1604 1215 1677 1242 nulla
1694 1216 1730 1242 sit
1751 1216 1779 1242 in
1797 1224 1828 1242 eo

1038 1260 1133 1287 genere
1146 1252 1294 1284 distinctim
1315 1252 1441 1288 quodque
1459 1253 1491 1279 ad
1505 1261 1560 1279 rem
1575 1253 1690 1279 maxime
1704 1253 1825 1287 pertinet.

1038 1298 1090 1323 qua
1109 1289 1207 1315 ratione
1226 1298 1365 1316 numerosa
1384 1290 1427 1316 fiat
1440 1289 1540 1316 oratio‘?
1559 1289 1827 1324 206 Exp1icandum

1038 1327 1116 1352 ctiam
1130 1331 1178 1357 est,
1195 1327 1265 1353 unde
1279 1332 1333 1353 orta
1347 1327 1382 1353 sit
1396 1326 1478 1353 forma
1493 1326 1648 1353 verborum:
1669 1326 1828 1353 dicendum-

1038 1371 1103 1398 que,
1127 1369 1240 1398 quantos
1258 1365 1386 1390 circuitus
1405 1363 1489 1390 facere
1506 1363 1610 1394 deceat,
1635 1363 1722 1399 deque
1735 1372 1828 1390 eorum

1039 1400 1176 1435 particulis
1193 1406 1219 1427 et
1236 1406 1371 1436 tamquam
1390 1401 1566 1428 incisionibus
1583 1401 1770 1427 disserendum
1787 1406 1828 1427 est

1008 1442 1010 1477 ᾗ
1038 1437 1288 1473 quaerendumque,
1308 1443 1398 1465 utrum
1417 1447 1469 1464 una
1487 1438 1590 1473 species
1603 1442 1629 1464 et
1642 1437 1780 1474 longitudo
1793 1439 1829 1464 sit

1038 1483 1128 1501 earum
1143 1484 1210 1501 anne
1224 1475 1323 1510 plures,
1336 1480 1370 1507 et,
1382 1476 1405 1502 si
1417 1475 1517 1510 plures,
1528 1484 1583 1510 quo
1597 1475 1652 1502 loco
1665 1480 1711 1501 aut
1720 1475 1828 1510 quando

1037 1521 1144 1547 quoque
1163 1521 1259 1548 genere
1277 1514 1316 1539 uti
1334 1517 1460 1548 oporteat.
1500 1513 1636 1539 Postremo
1653 1513 1734 1539 totius
1746 1521 1827 1548 gene-

1038 1550 1074 1575 ris
1088 1549 1188 1576 utilitas
1201 1549 1357 1584 explicanda
1375 1555 1427 1581 est,
1443 1558 1512 1585 quae
1524 1549 1633 1585 quidem
1648 1554 1718 1584 patet
1732 1549 1825 1576 latius:

1038 1595 1089 1613 non
1107 1586 1140 1612 ad
1158 1595 1238 1613 unam
1256 1588 1327 1613 enim
1345 1595 1400 1614 rem
1419 1587 1549 1621 aliquam,
1569 1586 1616 1613 sed
1633 1586 1666 1612 ad
1680 1586 1770 1621 plures
1784 1595 1827 1612 ac—

1037 1623 1228 1650 commodatur.
1270 1625 1327 1651 207.
1354 1624 1391 1651 Ac
1416 1623 1477 1650 licet
1502 1632 1554 1650 non
1580 1623 1613 1650 ad
1637 1623 1759 1659 singulas
1785 1632 1826 1650 res

1037 1660 1240 1695 respondentem
1253 1661 1286 1688 de
1301 1662 1426 1688 universo
1438 1669 1534 1697 genere
1544 1661 1583 1687 sic
1593 1660 1690 1691 dicere,
1705 1665 1735 1687 ut
1747 1661 1826 1687 etiam

1037 1697 1152 1733 singulis
1165 1698 1229 1724 satis
1243 1707 1400 1733 responsum
1413 1706 1472 1724 esse
1486 1697 1616 1724 videatur.
1645 1698 1762 1724 Remotis
1775 1698 1827 1733 igi-

1037 1740 1080 1761 tur
1098 1734 1208 1769 reliquis
1220 1736 1364 1771 generibus
1378 1744 1462 1762 unum
1476 1735 1622 1771 selegimus
1635 1735 1697 1766 hoc,
1712 1734 1784 1771 quod
1798 1735 1826 1761 in

1036 1772 1139 1798 caussis
1153 1771 1262 1807 foroque
1277 1778 1403 1803 versatur,
1419 1772 1452 1799 de
1465 1781 1520 1808 quo
1531 1773 1691 1799 diceremus.

1091 1809 1161 1845 Ergo
1174 1810 1202 1835 in
1215 1810 1284 1842 aliis,
1299 1810 1327 1837 id
1340 1815 1380 1837 est
1393 1810 1420 1836 in
1435 1810 1543 1836 historia
1557 1814 1582 1836 et
1594 1809 1621 1836 in
1631 1818 1674 1840 eo,
1693 1809 1766 1844 quod
1779 1818 1827 1844 ap-

1037 1845 1169 1881 pellamus
1191 1847 1370 1878 ἐπιδεικτικόν,
1397 1847 1482 1882 placet
1504 1847 1592 1873 omnia
1618 1846 1672 1873 dici
1696 1847 1825 1874 Isocrateo

1037 1883 1277 1920 Theopompeoque
1295 1891 1367 1911 more
1384 1884 1429 1911 illa
1447 1884 1692 1918 circumscriptione
1710 1883 1827 1910 ambitu—

1036 1929 1098 1955 que,
1114 1925 1144 1947 ut
1157 1926 1292 1957 tamquam
1306 1922 1334 1948 in
1346 1921 1409 1948 orbe
1421 1921 1525 1948 inclusa
1537 1925 1625 1947 currat
1636 1921 1726 1952 oratio,
1738 1920 1825 1956 quoad

1036 1958 1142 1984 insistat
1159 1958 1186 1986 in
1204 1958 1322 1994 singulis
1339 1958 1462 1994 perfectis
1479 1957 1663 1993 absolutisque
1675 1958 1824 1984 sententiis.

1037 1996 1095 2021 208.
1111 1995 1202 2029 ltaque
1215 2001 1387 2031 posteaquam
1401 2000 1441 2022 est
1454 2000 1514 2022 nata
1528 1995 1593 2022 haec
1606 1994 1648 2022 vel
1657 1995 1826 2021 circumscri-

1036 2032 1092 2066 ptio
1115 2031 1157 2057 vel
1175 2033 1378 2068 comprehensio
1396 2032 1438 2059 vel
1456 2033 1620 2059 continuatio
1637 2031 1679 2058 vel
1697 2032 1823 2062 ambitus,

1036 2069 1058 2095 si
1073 2069 1108 2095 ita
1122 2068 1182 2097 licet
1195 2070 1295 2101 dicere,
1311 2079 1401 2100 nemo,
1417 2070 1464 2105 qui
1477 2069 1568 2104 aliquo
1580 2074 1650 2096 esset
1663 2069 1690 2095 in
1703 2077 1823 2099 numero,

1036 2106 1143 2140 scripsit
1159 2109 1303 2134 orationem
1321 2108 1427 2143 generis
1445 2107 1516 2137 eius,
1537 2106 1609 2142 quod
1622 2111 1692 2132 esset
1705 2105 1739 2132 ad
1752 2105 1825 2132 dele-

1035 2144 1174 2171 ctationem
1193 2149 1374 2179 comparatum
1392 2148 1577 2179 remotumque
1589 2152 1604 2169 a
1618 2143 1724 2170 iudiciis
1738 2142 1826 2170 foren-

1035 2183 1112 2217 sique
1125 2183 1280 2212 certamine,
1300 2182 1367 2216 quin
1384 2181 1515 2217 redigeret
1531 2189 1624 2208 omnes
1643 2179 1695 2206 fere
1712 2180 1741 2206 in
1757 2188 1825 2214 qua-

1035 2219 1114 2246 drum
1139 2227 1334 2253 numerumque
1359 2219 1512 2245 sententias.
1552 2218 1619 2244 Nam
1635 2225 1720 2252 quum
1739 2217 1762 2243 is
1784 2222 1825 2244 est

1035 2256 1153 2287 auditor,
1177 2257 1226 2291 qui
1243 2264 1296 2282 non
1313 2260 1447 2286 vereatur,
1467 2263 1501 2281 ne
1517 2255 1678 2289 compositae
1699 2255 1824 2281 emtionis

1035 2293 1141 2320 insidiis
1163 2301 1212 2319 sua
1235 2293 1300 2319 fides
1313 2297 1466 2323 attentetur,
1490 2292 1601 2327 gratiam
1619 2299 1727 2326 quoque
1745 2290 1826 2317 habet

1035 2331 1139 2361 oratori,
1158 2330 1285 2365 voluptati
1304 2330 1409 2356 aurium
1427 2329 1563 2355 servienti.
1601 2328 1682 2354 LXII.
1697 2329 1755 2354 209.
1771 2328 1825 2355 Ge-

1036 2376 1087 2394 nus
1104 2372 1193 2393 autem
1210 2367 1260 2394 hoc
1277 2367 1402 2393 orationis
1420 2374 1506 2401 neque
1524 2370 1607 2391 totum
1630 2364 1823 2392 assumendum

1035 2409 1075 2431 est
1087 2404 1120 2430 ad
1134 2413 1242 2430 caussas
1255 2403 1373 2430 forenses
1386 2411 1473 2438 neque
1485 2403 1594 2429 omniuo
1611 2401 1821 2437 repudiandum;

1036 2442 1059 2468 si
1082 2441 1154 2468 enim
1171 2449 1277 2476 semper
1290 2446 1376 2471 utare,
1396 2448 1480 2475 quum
1500 2439 1645 2465 satietatem
1663 2439 1738 2465 affert
1754 2443 1820 2470 tum,

1034 2478 1113 2513 quale
1131 2479 1178 2510 sit,
1204 2479 1283 2505 etiam
1306 2478 1340 2504 ab
1357 2476 1488 2512 imperitis
1506 2476 1666 2511 agnoscitur.
1705 2476 1823 2502 Detrahit

1035 2520 1168 2550 praeterea
1181 2515 1290 2542 actionis
1303 2514 1433 2543 dolorem,
1453 2512 1538 2539 aufert
1551 2513 1699 2539 humanum
1711 2521 1821 2539 sensum

1035 2553 1137 2583 actoris,
1153 2552 1222 2578 tollit
1234 2551 1356 2578 funditus
1369 2550 1506 2576 veritatem
1519 2554 1545 2575 et
1558 2549 1647 2576 fidem.
1677 2549 1739 2581 Sed,
1753 2557 1823 2584 quo-

1467 2632 1548 2658 quam
1566 2623 1614 2649 diu
1627 2623 1763 2650 retinenda
1775 2624 1818 2653 sit,

1033 2626 1098 2652 dum
1113 2630 1165 2657 est,
1188 2634 1243 2661 quo
1263 2625 1331 2656 loco,
1354 2623 1450 2650 deinde

1529 2662 1588 2687 2⁴0.
1606 2660 1764 2687 Adhibenda
1781 2665 1823 2687 est
