1941 3052
256 119 473 154 TUSCULAN.
496 125 819 153 DISPUTATIONUM
841 126 911 152 LIB.

84 200 111 226 in
122 198 219 234 primis
231 197 357 224 laudabat
368 197 445 227 illud,
454 197 527 232 quod
538 197 647 227 diceret,
656 196 765 223 eosdem
776 196 880 223 labores
908 200 910 228 ζ

83 245 136 263 non
144 244 203 262 esse
215 243 299 270 aeque
310 243 407 270 graves
419 235 573 270 imperatori
584 239 609 261 et
624 234 717 265 militi,
735 234 808 269 quod
822 235 880 268 ipse

83 273 168 300 honos
179 272 298 299 laborem
309 272 438 299 leviorem
445 272 760 307 faceretimperatorium.
777 273 818 298 63.
827 271 880 298 Sed

82 315 171 337 tamen
187 310 237 336 hoc
251 310 354 341 evenit,
377 315 407 336 ut
422 310 450 336 in
466 309 566 345 vulgus
582 310 768 344 insipientium
788 310 880 344 opinio

82 347 170 374 valeat
189 347 350 378 honestatis,
372 355 458 382 quum
480 348 567 382 ipsam
588 346 681 373 videre
696 355 749 373 non
765 347 878 381 possint.
908 364 910 383 1

82 385 174 419 ltaque
189 383 259 411 fama
275 389 300 411 et
315 383 499 411 multitudinis
514 384 616 411 iudicio
632 389 787 415 moventur,
808 388 837 410 ut
852 383 880 409 id

82 422 225 448 honestum
237 426 340 456 putent,
354 421 427 456 quod
438 430 451 448 a
463 421 601 456 plerisque
612 421 745 448 laudetur.
784 421 820 447 Te
832 429 880 447 au—

82 464 149 490 tem,
167 460 191 485 si
205 460 233 485 in
243 458 331 485 oculis
341 460 380 485 sis
392 459 589 490 multitudinis,
607 464 695 485 tamen
707 459 767 485 eius
779 458 880 485 iudicio

81 501 150 523 stare
162 496 255 527 nolim,
265 505 322 527 nec,
331 496 403 531 quod
416 496 462 522 illa
472 501 557 531 putet,
566 496 637 522 idem
649 501 743 531 putare
753 495 880 530 pulcher-

81 534 192 560 rimum.
233 534 289 560 Tuo
301 533 350 560 tibi
361 533 463 560 iudicio
474 538 514 560 est
525 533 667 560 utendum.
703 533 764 559 Tibi
774 534 799 559 si
810 537 879 559 recta

80 571 205 606 probanti
220 570 355 606 placebis,
374 576 431 597 tum
447 580 499 598 non
515 571 594 598 modo
610 576 661 598 tete
677 571 788 601 viceris,
806 570 879 605 quod

81 608 172 643 paullo
190 613 250 635 ante
265 608 478 643 praecipiebam,
496 608 544 634 sed
555 617 648 634 omnes
664 613 689 635 et
702 609 802 634 omnia.
836 609 878 633 64.

81 646 134 672 Hoc
146 646 230 681 igitur
241 646 291 672 tibi
302 654 434 680 propone:
449 645 656 680 amplitudinem
667 646 880 680 etquasiquam-

80 683 143 709 dam
163 684 397 718 exaggerationem
417 692 499 718 quam
515 682 674 709 altissimam
691 683 788 713 animi,
810 691 879 717 quae

81 721 199 746 maxime
215 721 316 747 eminet
331 720 535 747 contemnendis
549 725 574 747 et
585 719 769 754 despiciendis
780 719 880 746 dolori-

80 757 146 788 bus,
168 766 250 784 unam
267 766 327 784 esse
342 759 464 784 omnium
480 766 536 784 rem
550 757 775 792 pulcherrimam,
794 765 880 792 eoque

79 795 272 829 pulchriorem,
280 795 304 821 si
311 800 387 821 vacet
396 794 506 829 populo,
515 803 612 829 neque,
620 794 748 829 plausum
757 799 876 829 captans,

80 841 108 858 se
123 837 226 858 tantum
248 832 306 867 ipsa
326 832 449 859 delectet.
489 831 562 864 Quin
577 833 658 858 etiam
676 831 745 857 mihi
765 831 879 866 quidem

80 868 257 901 laudabiliora
265 869 391 896 videntur
400 869 499 900 omnia,
508 878 577 904 quae
589 870 647 895 sine
658 868 840 896 venditatione
854 873 880 896 et

79 907 138 932 sine
148 906 248 941 populo
260 911 326 933 teste
336 906 417 933 fiunt:
434 915 487 933 non
498 915 553 941 quo
564 906 712 942 fugiendus
722 907 766 937 sit,
780 906 878 941 (omnia

79 944 152 970 enim
167 942 306 970 benefacta
318 944 345 970 in
358 943 418 970 luce
429 952 458 970 se
469 943 594 970 collocari
605 943 719 979 volunt.)
730 943 778 970 sed
789 949 878 970 tamen

78 980 185 1007 nullum
197 980 330 1008 theatrum
342 982 437 1008 virtuti
448 982 613 1008 conscientia
624 982 713 1008 maius
724 986 773 1008 est.

131 1038 241 1066 XXVII.
263 1041 305 1066 65.
327 1040 415 1075 Atque
427 1040 563 1074 inprimis
574 1039 738 1066 meditemur
749 1038 831 1070 illud,
850 1044 879 1066 ut

77 1076 144 1103 haec
157 1077 285 1111 patientia
297 1076 430 1108 dolorum,
444 1085 526 1112 quam
537 1085 617 1112 saepe
629 1078 683 1104 iam
694 1077 778 1104 animi
789 1077 879 1103 inten-

76 1115 148 1141 tione
163 1114 223 1141 dixi
238 1123 297 1141 esse
314 1114 487 1145 firmandam.
506 1115 533 1141 in
548 1115 622 1141 omni
632 1123 730 1150 genere
740 1122 768 1140 se
779 1123 879 1150 aequa—

77 1151 160 1178 bilem
177 1152 313 1186 praebeat.
353 1152 438 1187 Saepe
454 1152 528 1178 enim
542 1152 635 1182 multi,
652 1153 701 1187 qui
715 1156 760 1178 aut
772 1157 879 1187 propter

76 1189 204 1215 victoriae
215 1189 401 1224 cupiditatem,
410 1193 456 1216 aut
466 1194 575 1225 propter
585 1189 695 1225 gloriae,
704 1190 835 1216 autetiam
849 1194 879 1216 ut

76 1227 120 1253 ius
136 1234 217 1252 suum
231 1231 257 1253 et
273 1226 423 1253 libertatem
440 1231 573 1259 tenerent,
590 1226 703 1253 vulnera
714 1232 879 1262 exceperunt

77 1262 212 1290 fortiteret
222 1263 356 1296 tulerunt;
371 1264 455 1290 iidem
466 1265 565 1291 omissa
577 1265 747 1291 contentione
758 1264 877 1291 dolorem

76 1301 164 1327 morbi
177 1300 244 1327 ferre
256 1310 308 1328 non
324 1306 447 1336 possunt.
488 1302 581 1337 Neque
597 1302 670 1328 enim
685 1301 777 1334 illum,
795 1311 877 1338 quem

77 1337 156 1364 facile
168 1337 292 1368 tulerant,
305 1340 406 1365 ratione
417 1343 463 1366 aut
473 1339 605 1374 sapientia
618 1338 746 1370 tulerant,
759 1339 807 1366 sed
819 1344 878 1366 stu-

75 1375 121 1402 dio
134 1376 224 1410 potius
235 1380 261 1402 et
271 1376 366 1412 gloria.
397 1377 489 1411 Itaque
501 1376 609 1403 barbari
620 1377 732 1412 quidam
743 1382 769 1403 et
781 1378 877 1403 imma-

76 1421 124 1439 nes
136 1412 206 1440 ferro
217 1413 352 1440 decertare
363 1415 492 1440 acerrime
504 1418 626 1449 possunt,
641 1419 777 1450 aegrotare
789 1415 878 1441 virili-

76 1455 116 1477 ter
131 1458 183 1476 non
201 1455 312 1485 queunt.
353 1451 448 1478 Graeci
467 1456 556 1478 autem
578 1451 714 1482 homines,
738 1460 790 1478 non
811 1453 877 1479 satis

75 1488 201 1518 animosi,
215 1488 371 1522 prudentes,
380 1493 409 1515 ut
419 1493 564 1524 estcaptus
575 1489 726 1520 hominum,
739 1490 814 1521 satis,
828 1489 878 1516 ho-

75 1529 144 1551 stem
161 1525 281 1560 aspicere
297 1534 350 1552 non
365 1531 492 1561 possunt,
509 1526 592 1552 iidem
611 1526 720 1553 morbos
735 1527 877 1554 toleranter

75 1567 155 1597 atque
167 1562 285 1589 humane
296 1562 395 1590 ferunt.
426 1564 460 1590 At
470 1563 573 1591 Cimbri
585 1568 611 1590 et
620 1563 747 1590 Celtiberi
760 1565 786 1590 in
799 1573 877 1599 prae-

77 1599 121 1625 liis
136 1599 285 1631 exsultant,
304 1599 483 1627 lamentantur
499 1602 525 1627 in
537 1601 644 1627 morbo:
663 1601 730 1627 nihil
743 1602 816 1628 enim
828 1610 876 1637 po-

75 1641 127 1663 test
136 1645 195 1663 esse
207 1637 362 1672 aequabile,
383 1638 455 1673 quod
471 1647 522 1665 non
538 1647 551 1665 a
568 1643 638 1665 certa
655 1639 756 1665 ratione
767 1640 876 1674 protici-

75 1678 174 1700 scatur.
209 1676 251 1701 66.
269 1674 322 1701 Sed
334 1684 420 1710 quum
432 1675 539 1707 videas,
555 1676 660 1711 eOS,qui
672 1681 717 1702 aut
728 1676 818 1703 studio
829 1681 876 1703 aut

73 1711 201 1746 opinione
207 1711 349 1743 ducantur,
358 1713 422 1739 ineo
429 1713 618 1748 persequendo
629 1717 708 1748 atque
720 1713 875 1749 adipiscen—

73 1748 108 1775 do
119 1748 210 1776 dolore
221 1757 273 1776 non
285 1749 385 1786 frangi;
402 1750 503 1777 debeas
518 1751 674 1777 existimare
689 1755 736 1777 aut
751 1760 803 1778 non
815 1760 875 1778 esse

74 1785 177 1812 malum
187 1786 316 1818 dolorem,
329 1792 383 1819 aut,
397 1787 657 1823 etiamsi,quidquid
670 1796 796 1823 asperum
808 1789 875 1816 alie-

74 1832 196 1859 numque
206 1829 299 1851 natura
311 1825 360 1856 sit,
378 1825 406 1851 id
421 1825 552 1860 appellari
569 1825 672 1860 placeat
682 1825 799 1857 malum,
816 1831 875 1853 tan-

74 1860 162 1887 tulum
178 1865 266 1888 tamen
283 1870 355 1893 esse,
374 1867 403 1889 ut
418 1871 431 1888 a
448 1863 547 1889 virtute
559 1863 594 1889 ita
605 1863 748 1894 obruatur,
767 1868 797 1890 ut
808 1872 875 1891 nus-—

73 1905 156 1933 quam
168 1903 303 1933 appareat.
343 1899 417 1931 Quae
428 1899 571 1931 meditare,
587 1908 701 1935 quaeso,
719 1900 778 1927 dies
789 1906 814 1928 et
826 1909 875 1928 no-

73 1939 139 1961 ctes.
181 1936 272 1962 Latius
288 1936 360 1962 enim
376 1937 497 1963 manabit
511 1937 576 1963 haec
592 1938 673 1968 ratio.
695 1942 721 1964 et
735 1938 874 1974 aliquanto

74 1973 203 1999 maiorem
216 1972 314 2004 locum,
323 1981 404 2008 quam
416 1973 449 2000 de
461 1982 515 2000 uno
525 1973 784 2010 dolore,occupabit.
805 1976 873 2003 Nam

74 2010 97 2035 si
109 2010 198 2036 omnia
215 2009 360 2046 fugiendae
376 2011 554 2045 turpitudinis
566 2011 812 2048 adipiscendaeque
825 2013 874 2040 ho-

75 2047 185 2073 nestatis
196 2055 291 2073 caussa
308 2047 452 2079 faciemus.
471 2057 523 2074 non
535 2048 614 2075 modo
624 2049 750 2075 stimulos
761 2050 871 2082 doloris,

73 2083 121 2110 sed
133 2084 213 2110 etiam
225 2084 339 2111 fulmina
347 2084 786 2118 fortunaecontemnamuslicebit,
795 2096 874 2122 prae-

73 2122 165 2147 sertim
179 2130 265 2157 quum
277 2126 398 2157 paratum
410 2123 446 2149 sit
456 2121 524 2149 illud
536 2131 569 2149 ex
582 2123 874 2159 hesternadispututio·

73 2167 106 2184 ne
120 2158 287 2195 perfugium.
328 2160 370 2186 67.
393 2160 426 2186 Ut
436 2160 509 2186 enim
523 2161 547 2187 si
563 2161 608 2187 cui
621 2161 773 2196 naviganti,
790 2170 872 2197 quem

72 2195 221 2230 praedones
233 2197 424 2232 insequantur,
442 2196 510 2224 deus
525 2198 588 2233 quis
603 2197 717 2225 dixerit:
740 2199 832 2226 »Eiice
848 2204 873 2226 te

73 2233 148 2259 navi:
163 2238 268 2268 praesto
279 2238 327 2265 est,
336 2235 384 2270 qui
396 2234 526 2269 excipiat,
540 2234 582 2261 vel
595 2234 751 2270 delphinus,
761 2236 874 2263 utArio-

72 2278 134 2296 nem
149 2271 384 2307 Methymnaeam,
407 2271 449 2298 vel
465 2272 528 2306 equi
544 2271 650 2307 Pelopis
672 2272 712 2299 illi
732 2273 870 2308 Neptunii,

71 2307 119 2342 qui
139 2315 189 2343 per
208 2308 295 2335 undas
315 2316 411 2335 currus
432 2317 579 2344 suspensos
594 2310 717 2344 rapuisse
732 2310 870 2342 dicuntur,

71 2345 210 2380 excipient
220 2350 245 2372 te
256 2350 290 2377 et,
304 2354 358 2381 quo
370 2345 448 2376 velis.
465 2346 630 2381 perferent«;
649 2355 756 2374 omnem
769 2349 873 2375 omittat

71 2382 208 2409 timorem:
231 2383 271 2409 sic
285 2391 317 2410 ur
338 2383 446 2410 entibus
457 2384 560 2418 asperis
571 2388 597 2410 et
607 2383 709 2410 odiosis
720 2384 869 2417 doloribus,

71 2419 94 2482 di
110 2420 176 2446 tanti
191 2421 259 2483 sliat,
276 2424 306 2448 ut
332 2420 424 2448 erendi
441 2429 493 2447 non
509 2421 576 2452 sint,
594 2429 649 2456 quo
664 2422 700 2448 sit
710 2422 872 2459 confugien-

92 2463 147 2488 um,
161 2465 189 2483 vi
210 2465 248 2484 es.

126 2510 197 2537 Haec
212 2510 267 2539 sere
283 2511 333 2539 hoc
347 2517 466 2547 tempore
476 2513 570 2547 putavi
581 2521 641 2540 esse
652 2513 777 2541 dicenda.
817 2513 871 2541 Sed

71 2552 100 2574 tu
111 2546 222 2575 fortasse
233 2550 260 2576 in
275 2550 407 2577 sententia
424 2558 576 2585 permanes.
616 2550 647 2577 A.
665 2551 778 2578 Minime
791 2559 867 2579 voro:

71 2592 168 2620 meque
179 2585 265 2614 biduo
277 2586 394 2614 duarum
406 2596 506 2618 rerum.
519 2596 587 2622 quas
600 2588 718 2615 maxime
730 2587 868 2621 timebam.

70 2630 149 2656 spero
165 2621 308 2651 liberatum
320 2629 403 2652 metu.
445 2625 480 2652 M.
492 2625 556 2652 Cras
567 2634 630 2661 ergo
641 2625 674 2652 ad
686 2625 868 2662 clepsydram.

68 2659 114 2686 Sic
124 2660 197 2688 enim
208 2660 336 2690 dicimus.
353 2662 387 2690 Et
398 2662 447 2690 tibi
458 2662 507 2690 hoc
521 2662 599 2690 video
610 2671 662 2690 non
673 2671 753 2699 posse
764 2663 867 2691 deberi.

1259 126 1404 152 LtB.111.
1427 126 1509 152 CAP.
1537 128 1556 151 t.
1665 128 1727 153 4067

933 126 969 152 11.
991 126 1073 152 CAP.
1096 128 1173 152 23-
1187 127 1227 152 27.

931 197 962 222 Α.
980 197 1016 223 Ita
1028 205 1148 231 prorsus.
1189 197 1221 223 Et
1232 196 1300 223 illud
1311 196 1422 231 quidem
1433 201 1494 223 ante
1505 196 1660 227 meridiem,
1679 197 1728 224 hoc

931 233 1026 260 eodem
1042 239 1170 268 tempore.
1212 234 1247 260 M.
1265 233 1310 260 Sic
1326 233 1470 265 faciemus,
1494 235 1604 270 tuisque
1617 235 1728 269 optimis

931 271 1029 297 studiis
1040 271 1232 306 obsequemur.

1304 553 1359 576 ⁴⁴8.

1116 614 1270 643 LIBER
1305 614 1539 645 TERTIUS.

984 737 1061 757 ARG.
1079 737 1192 758 Praefatio
1207 737 1273 757 buius
1288 737 1341 758 libri
1356 737 1380 758 in
1395 737 1499 758 laudibus
1513 737 1671 765 philosophiae
1681 744 1728 757 ver-

931 776 1062 798 satur-,quae
1072 779 1135 798 quum
1147 772 1215 792 animi
1226 772 1335 793 medicina
1346 773 1384 796 sit.
1392 772 1443 793 hnic
1453 772 1562 800 praeferri
1573 772 1674 799 queritur
1685 779 1727 792 me-

931 807 1026 827 dicinam
1041 807 1141 834 corporis
1152 815 1169 828 ¹:-
1181 810 1232 828 1-3.
1262 807 1373 834 Deinceps
1383 807 1406 827 itl
1421 808 1506 832 agitur,
1522 811 1546 827 ut
1559 807 1729 834 aegritudinem

931 849 975 862 ιιυιι
990 843 1069 862 cudere
1084 842 1108 862 in
1121 842 1247 869 sapientem
1262 842 1432 863 demonstretur.
1462 842 1639 863 Praemittunmr
1649 849 1666 863 c.
1678 845 1697 863 ιὶΔ
1709 845 1727 863 5.

931 880 1058 901 argumenta
1068 877 1099 897 let
1105 877 1161 901 iura,
1171 880 1195 897 ut
1206 883 1218 897 a
1227 877 1301 897 verbis
1312 878 1440 898 Latinorum
1450 878 1527 901 ductu.
1539 876 1577 903 qui
1587 884 1670 897 onmem
1682 877 1729 897 aui-

931 912 960 932 mi
970 912 1122 937 affectionem,
1133 912 1229 933 rationis
1240 912 1323 933 lumine
1333 915 1456 937 carentem,
1467 911 1577 932 insaniam
1586 927 1591 936 ,
1603 911 1728 935 amentiam,

930 947 1061 967 dementiam
1079 947 1203 974 appellent,
1220 948 1318 974 adeoque
1332 955 1345 968 a
1355 947 1456 974 sapiente
1466 951 1599 967 removeant.
1629 948 1728 973 Sequun-

930 985 966 1003 tur
976 982 1056 1003 deiude
1067 986 1194 1008 argumenta
1204 982 1328 1003 Stoicorum
1345 982 1442 1003 breviter
1457 982 1550 1003 astricta
1564 989 1581 1002 c.
1594 984 1645 1003 6-9.
1674 982 1729 1006 Qui-

931 1018 971 1038 bus
982 1017 1106 1045 expositis,
1117 1017 1191 1038 fusius
1201 1017 1246 1038 ista
1257 1018 1418 1039 edisseruntur.
1447 1018 1574 1038 probantur
1585 1016 1729 1043 pbilosopho-

929 1060 976 1073 rum
986 1056 1103 1080 praecepta
1114 1053 1184 1074 fortes
1196 1053 1300 1080 quasdam
1312 1053 1435 1074 sententias
1445 1052 1583 1079 sequentium
1591 1067 1597 1076 ,
1613 1051 1729 1078 Peripate-

931 1088 1024 1109 ticon-um
1044 1095 1087 1109 non
1105 1088 1171 1113 item,
1193 1088 1384 1116 perturbationum
1405 1087 1570 1108 mediocritates
1590 1086 1728 1114 probantium

929 1130 947 1144 c.
957 1126 988 1144 to.
1008 1123 1097 1144 Clarum
1108 1127 1180 1144 autem
1192 1131 1242 1145 esse
1252 1124 1342 1149 dicitnr,
1354 1130 1396 1144 non
1408 1122 1479 1143 solum
1491 1121 1562 1143 omnis
1573 1121 1729 1147 aegritudinis.

929 1165 1003 1179 verunt
1013 1162 1135 1179 ceterarum
1146 1159 1211 1179 etiam
1223 1159 1412 1186 perturbationum
1424 1165 1525 1179 caussam
1536 1164 1585 1178 esse
1592 1156 1730 1184 abnpinione

929 1194 1068 1221 repetendam
1077 1209 1082 1217 ,
1094 1197 1116 1214 et
1126 1194 1275 1219 aegritudinis
1285 1194 1372 1220 quidem
1383 1194 1410 1214 ab
1420 1193 1527 1221 opinione
1537 1192 1610 1217 magni
1620 1191 1680 1215 mali,
1693 1199 1729 1211 cn-

928 1230 964 1250 ius
975 1229 1076 1250 definitio
1086 1229 1208 1250 subiicitur
1217 1229 1380 1250 huiuscemodi:
1396 1235 1445 1249 esse
1455 1228 1581 1255 opinionem
1593 1226 1666 1252 magni
1677 1226 1729 1246 mali

928 1264 1067 1293 praesentis,
1082 1268 1103 1284 et
1118 1268 1227 1285 recentem
1242 1264 1329 1290 quidem
1345 1263 1472 1291 opinionem
1485 1262 1538 1283 tntis
1549 1261 1614 1285 mali,
1634 1261 1691 1282 utin
1704 1268 1728 1281 eo

929 1304 1011 1321 rectum
1022 1300 1124 1320 videatur
1135 1306 1191 1324 esse,
1202 1299 1254 1324 ang-i
1263 1307 1281 1320 c.
1296 1302 1326 1320 tt.
1356 1299 1389 1319 hx
1402 1299 1441 1319 bac
1450 1297 1580 1319 definitione
1591 1297 1613 1316 in
1625 1300 1669 1316 tres
1680 1304 1729 1323 par-

929 1339 963 1356 tes
978 1335 1024 1356 abit
1038 1335 1176 1362 disputatio,
1195 1341 1285 1361 quarum
1302 1334 1374 1361 prima
1387 1334 1451 1354 dotet
1466 1333 1626 1359 aegritudinem
1643 1339 1692 1352 esse
1702 1339 1729 1351 e).

928 1371 1036 1398 opinione
1045 1369 1106 1395 mati,
1117 1377 1135 1391 c.
1148 1372 1178 1390 12.
1190 1372 1222 1390 ta.
1233 1369 1256 1389 in
1267 1376 1310 1396 qua
1319 1369 1437 1396 Epicurum
1448 1368 1541 1393 refellit,
1553 1368 1590 1396 qui
1599 1368 1670 1395 ipsam
1681 1367 1728 1393 opi>

929 1406 1015 1426 itionem
1027 1412 1078 1426 esse
1088 1404 1248 1430 aegritudinem
1258 1404 1384 1428 contendat,
1396 1408 1417 1424 et
1427 1403 1570 1429 cyrenaico..
1582 1403 1619 1430 qui
1630 1409 1674 1423 non
1684 1401 1730 1422 nisi

928 1441 1066 1468 inopinatum
1082 1440 1160 1461 nudum
1172 1439 1198 1460 ad
1209 1438 1368 1464 aegritudinem
1380 1438 1453 1460 utere
1464 1442 1552 1466 putent,
1568 1438 1637 1465 quod,
1654 1443 1728 1464 quam-

928 1483 990 1503 quam
1001 1476 1115 1503 insperata
1126 1475 1172 1495 siut
1182 1474 1291 1500 graviora.
1300 1474 1377 1501 etipsa
1387 1473 1557 1501 praemeditatio
1567 1472 1727 1498 aegritudinem

928 1509 1013 1530 minuat
1027 1517 1044 1530 ε,
1062 1512 1093 1530 13.
1109 1511 1164 1531 med.
1182 1513 1213 1530 14.
1232 1513 1262 1531 ts.
1279 1514 1301 1530 ut
1318 1509 1397 1531 merito
1413 1509 1601 1536 reprehendantur
1616 1506 1728 1534 Epicurei.

928 1544 965 1571 qui
976 1544 1041 1565 istam
1052 1545 1237 1572 reprehendente.
1246 1547 1277 1566 16.
1289 1549 1308 1565 ct
1320 1544 1468 1570 cogitationen
1479 1543 1555 1571 potius
1566 1543 1592 1563 ad
1603 1542 1728 1569 voluptates

928 1580 1043 1601 traducant
1054 1581 1167 1608 eorporis,
1184 1584 1220 1601 aut
1232 1588 1286 1608 qum¹
1296 1584 1385 1608 propter
1396 1586 1476 1607 corpus
1485 1579 1519 1599 ret
1531 1577 1684 1599 recordatione
1694 1575 1729 1597 vel

928 1622 967 1642 spe
982 1615 1107 1639 cogitentur
1121 1623 1138 1637 c.
1156 1619 1235 1637 17-21.
1252 1620 1324 1637 tamen
1335 1615 1358 1636 iu
1368 1615 1412 1635 isto
1424 1622 1466 1635 non
1477 1614 1523 1634 sint
1535 1613 1619 1637 omnin,
1631 1619 1695 1639 quum
1707 1617 1727 1632 et

927 1650 1106 1678 necopinatorum
1119 1655 1197 1672 natura
1207 1651 1348 1672 considerata
1358 1649 1506 1675 intelligatur.
1517 1652 1634 1677 propterea
1644 1650 1728 1668 tantum

927 1692 1004 1710 :inagna
1014 1685 1092 1709 videri,
1100 1687 1255 1713 quod,quanta
1265 1686 1318 1710 sint,
1329 1684 1485 1706 ‹omittet-andi
1496 1684 1592 1712 spatium
1604 1690 1646 1703 non
1657 1683 1728 1705 detur.

927 1723 948 1741 t‘t
963 1720 1027 1747 quasi
1043 1721 1108 1748 eulpa
1122 1725 1257 1743 contractum
1274 1728 1336 1742 omne
1352 1728 1394 1741 non
1406 1719 1518 1748 provisum
1529 1718 1608 1740 muttum
1618 1717 1727 1740 videmur,

926 1758 983 1776 n'l‘l.
996 1755 1244 1784 Ain-rapnn‚d1»t‹»ren=
1255 1756 1404 1777 voluntarium
1416 1762 1473 1779 ease,
1481 1762 1524 1775 nun
1535 1754 1556 1774 in
1568 1758 1646 1774 natura
1657 1759 1728 1773 rerum

926 1790 976 1817 ipsa
987 1791 1061 1815 situm,
1073 1798 1100 1812 ex
1111 1799 1136 1813 eo
1147 1792 1291 1816 demonstrat,
1305 1792 1370 1818 quod,
1381 1798 1445 1818 quum
1458 1790 1552 1811 accessit
1564 1790 1589 1809 ad
1601 1788 1727 1816 opinionem

927 1826 999 1851 magni
1010 1826 1062 1847 mali
1074 1826 1144 1847 altera
1153 1826 1195 1846 illa
1205 1826 1290 1854 opinio.
1303 1827 1329 1847 ad
1340 1826 1437 1848 osticium
1448 1825 1571 1853 pertinere.
1587 1830 1651 1849 aegre
1661 1823 1727 1845 ferre,

926 1861 982 1888 quod
1000 1861 1118 1886 acciderit,
1139 1862 1278 1883 veliementer
1297 1865 1403 1887 mulgeatur
1422 1859 1570 1886 aegritudini·
1589 1857 1728 1887 perturbatio

926 1899 1032 1917 eea-28.
1040 1904 1072 1923 sq.
1085 1897 1266 1924 Tertiadenique
1274 1897 1314 1918 linc
1325 1900 1452 1922 munimento
1464 1903 1476 1916 a
1486 1899 1565 1916 natura
1574 1901 1646 1915 rerum
1656 1892 1727 1917 negri-

926 1932 1023 1953 tudinem
1034 1936 1143 1957 removet,
1159 1933 1216 1959 quod
1227 1932 1342 1958 aegritudo
1353 1933 1400 1953 fere
1409 1938 1452 1953 nnn
1463 1931 1492 1951 nit
1504 1930 1548 1951 nisi
1559 1937 1571 1951 e
1581 1928 1664 1950 recenti
1675 1927 1727 1949 mali

925 1967 1044 1994 opinione.
1064 1975 1164 1995 quaeque
1179 1968 1258 1988 babeat
1272 1968 1385 1994 qumudam
1401 1967 1550 1989 viriditatem,
1565 1964 1623 1986 unito
1638 1964 1688 1987 liat.
1704 1966 1728 1983 ut

925 2002 974 2030 ipse
984 2003 1032 2023 (lies
1043 2003 1077 2023 tel
1087 2003 1196 2023 nutximne
1207 2003 1343 2028 aegritudini
1359 2003 1472 2023 medentur
1481 2009 1499 2022 r.
1510 2004 1543 2022 31,
1572 1999 1668 2026 Reliqua
1681 1998 1726 2018 nti·-

926 2037 1012 2065 putatio
1023 2045 1040 2058 t.
1053 2041 1086 2059 32.
1097 2041 1130 2059 ³³.
1142 2042 1244 2059 vertatur
1252 2038 1276 2059 in
1287 2038 1392 2059 renuati-
1403 2036 1550 2058 aeuritudinis
1560 2034 1679 2057 tradendis-

982 2105 1000 2131 1.
1007 2107 1016 2131 4
1024 2098 1178 2136 .Quidnam
1185 2113 1254 2136 esse,
1263 2106 1724 2140 Brute,caussaeputen1.cur.quum

925 2147 1080 2168 constemus
1092 2150 1125 2169 ex
1137 2143 1228 2169 auimo
1238 2148 1264 2169 et
1273 2141 1639 2177 corpore‚corporiscurandi
1648 2146 1725 2167 tuen-

925 2179 1008 2213 dique
1019 2187 1114 2205 caussa
1125 2181 1246 2214 quaesita
1258 2180 1293 2206 sit
1304 2188 1361 2210 ars,
1375 2181 1489 2214 eiusque
1502 2178 1603 2206 utilitas
1613 2178 1725 2204 deorum

925 2215 1119 2242 immortalium
1132 2217 1281 2243 inventioni
1292 2221 1458 2243 consecrata:
1472 2217 1556 2243 animi
1568 2220 1656 2242 autem
1669 2222 1725 2240 me-

924 2253 1014 2280 dicina
1028 2262 1076 2279 nec
1088 2259 1140 2280 tam
1152 2253 1302 2280 desiderata
1313 2254 1362 2284 sit.
1379 2258 1524 2289 antequam
1537 2254 1658 2281 inventa,
1677 2260 1724 2277 nec

925 2296 978 2317 tam
999 2290 1083 2321 cotta.
1107 2296 1281 2326 posteaquam
1297 2291 1404 2326 cognita
1419 2296 1472 2321 est.
1495 2299 1544 2317 uec
1563 2295 1615 2316 tam
1633 2288 1725 2315 multis

924 2333 998 2364 grata
1013 2332 1039 2354 et
1053 2328 1177 2362 probata,
1200 2328 1327 2363 pluribus
1341 2329 1423 2355 otiam
1438 2333 1564 2362 suspecta
1578 2331 1605 2353 et
1620 2325 1725 2352 invisa?

924 2365 1168 2400 Anquodcorporis
1179 2366 1339 2401 gravitatem
1351 2370 1378 2392 et
1386 2364 1505 2391 dolorem
1517 2365 1607 2391 animo
1619 2363 1724 2389 iudica-

925 2411 994 2432 mus,
1011 2403 1094 2429 animi
1107 2403 1231 2430 morbum
1242 2411 1352 2437 corpore
1365 2411 1416 2429 non
1427 2401 1579 2428 sentimus?
1594 2401 1629 2427 lta
1642 2400 1679 2430 lit.
1696 2406 1724 2427 ιιι

923 2440 1030 2466 animus
1041 2439 1074 2466 de
1085 2449 1114 2466 se
1127 2441 1184 2475 ipso
1196 2445 1253 2467 tum
1271 2439 1386 2468 indict-t,
1403 2448 1489 2474 quum
1506 2438 1531 2465 id
1548 2439 1653 2473 ipsum.
1669 2445 1724 2473 quo

923 2477 1071 2507 indicatur.
1089 2482 1215 2513 aegrotet.
1255 2478 1280 2504 2.
1302 2476 1379 2509 Quod
1395 2477 1419 2502 si
1434 2475 1500 2503 tales
1511 2484 1559 2502 nos
1571 2481 1664 2502 natura
1675 2484 1724 2511 ge-

924 2515 1037 2544 nuisset.
1046 2519 1076 2541 ut
1085 2523 1143 2541 eam
1157 2516 1243 2550 ipsam
1256 2515 1354 2541 intueri
1366 2519 1391 2540 et
1402 2514 1564 2548 perspicere.
1573 2513 1723 2548 eademque

922 2552 1022 2586 optima
1039 2551 1107 2578 duce
1123 2561 1234 2579 cursum
1251 2552 1321 2578 vitae
1332 2551 1463 2578 conticere
1475 2559 1631 2586 possemus:
1649 2549 1721 2577 haud

922 2594 977 2616 orat
989 2598 1067 2620 saue,
1085 2589 1158 2624 qnod
1172 2591 1318 2625 quisquam
1337 2589 1466 2616 rationem
1478 2597 1508 2614 ac
1519 2587 1668 2615 doctrinam
1680 2596 1723 2614 re-

921 2627 1050 2661 quireret.
1091 2627 1168 2654 Nunc
1180 2627 1308 2662 parvulos
1320 2626 1398 2653 nobis
1409 2625 1485 2652 dedit
1496 2625 1639 2661 igniculos.
1652 2633 1721 2660 quos

921 2663 1044 2691 celeriter
1058 2664 1138 2692 malis
1152 2664 1274 2692 moribus
1287 2663 1518 2699 opinionibusque
1532 2663 1672 2699 depravati
1682 2663 1721 2688 sic

1444 2712 1490 2737 130
1503 2710 1512 2720 “
