1941 3052
340 124 670 151 EPISTOLARUM
700 124 752 150 AD
781 123 1204 150 ATTICUMLlB.x1v.

87 200 178 232 poeta,
200 203 288 230 neque
303 199 389 221 orator
404 195 467 227 fuit,
487 196 535 230 qui
550 204 715 230 quemquam
730 194 878 225 meliorem,

87 242 170 269 quam
189 241 231 263 se,
254 232 436 259 arbitraretur.
480 234 534 259 Hoc
549 233 628 259 etiam
644 233 723 258 malis
738 233 878 267 contingit.

88 270 160 303 Quid
176 274 204 296 tu
215 270 295 296 Bruto
307 274 398 304 putaS,
413 275 438 296 et
453 270 606 305 ingenioso,
620 275 645 296 et
663 269 787 296 erudito‘?
807 271 831 295 3.
845 270 880 295 De

89 316 143 343 quo
158 307 238 333 etiam
253 307 356 341 experti
371 315 467 333 sumus
482 316 568 341 nuper
584 308 611 333 in
622 307 719 333 edicto.
759 306 881 341 Scripse-

88 353 145 371 ram
166 348 259 379 rogatu
278 349 333 370 tuo.
373 344 462 370 Meum
483 344 551 370 mihi
572 343 706 378 placebat,
729 344 769 370 illi
788 352 878 369 suum.

88 381 159 414 Quin
175 382 269 411 etiam,
283 389 377 415 quum,
397 382 483 415 ipsius
499 381 626 416 precibus
641 390 725 416 paene
736 381 878 411 adductus,

88 418 259 452 scripsissem
275 418 309 444 ad
324 427 386 443 eum
397 421 427 444 de
437 421 529 451 optimo
539 428 628 451 yenere
638 421 746 448 dicendi,
760 427 811 444 non
824 426 882 443 mo·-

89 456 123 482 do
134 456 211 486 mihi,
225 455 272 481 sed
283 455 363 481 etiam
374 455 424 481 tibi
436 456 552 490 scripsit,
566 455 619 481 sibi
632 455 708 486 illud,
725 455 797 490 quod
813 455 879 480 mihi

88 493 214 528 placeret,
232 501 284 518 non
298 492 416 527 probari.
442 492 529 524 Quare
540 493 599 518 sine
610 501 709 527 quaeso
720 493 774 519 sibi
785 500 882 527 quem-

89 538 142 564 que
153 530 281 556 scribere.

147 568 228 594 Suam
248 567 338 600 cuique
357 576 489 600 sponsam,
506 569 568 592 mihi
583 575 677 597 mentm
706 575 779 592 suum
791 569 881 600 cuique

475 613 593 633 amorem,
609 605 671 629 mihi
681 612 768 628 meum.

89 642 147 668 Non
159 642 234 667 scite.
266 642 320 668 Hoc
330 641 403 667 enim
414 641 532 672 Attilius,
546 645 622 675 poeta
633 640 808 666 durissimus.
834 641 881 666 At-

89 687 142 714 que
154 679 257 704 utinam
269 678 346 704 liceat
357 679 402 704 isti
413 678 578 705 concionari!
611 677 655 703 cui
666 678 689 703 si
701 686 760 703 esse
772 678 798 703 in
810 677 880 703 Urbe

89 720 146 743 tuto
158 714 262 746 licebit,
276 716 404 742 vicimus.
443 716 544 741 Ducem
556 715 628 741 enim
640 715 702 741 novi
714 714 779 740 belli
790 714 881 740 civilis

89 757 136 779 aut
151 760 229 779 nemo
245 757 385 787 sequetur,
403 757 449 779 aut
463 753 483 778 ii
494 757 654 787 sequentur.
671 753 720 786 qui
732 751 809 777 facile
820 752 881 777 vin—-

89 794 193 816 cantur.
234 791 258 816 4.
279 790 364 816 Venio
384 789 417 815 ad
438 790 552 816 tertiam.
593 789 687 815 Gratas
708 788 792 814 fuisse
808 797 881 814 meas

90 827 191 853 litteras
211 827 291 853 Bruto
311 831 337 852 et
351 826 456 857 Cassio,
473 826 588 862 gaudeo.
628 827 719 860 Itaque
735 826 769 852 iis
785 826 882 852 rescri-

89 865 142 899 psi.
173 863 249 896 Quod
261 864 375 890 Hirtium
387 872 435 898 per
445 872 487 890 me
499 863 636 890 meliorem
648 863 705 889 fieri
718 862 825 889 volunt:
848 863 882 889 do

89 901 216 936 equidem
228 909 349 935 operam;
383 905 409 926 et
421 900 465 927 ille
476 901 576 935 optime
588 900 721 935 loquitur:
753 900 802 926 sed
813 901 883 926 vivit

91 938 247 972 habitatque
257 946 320 964 cum
331 937 426 968 Balbo,
442 938 490 972 qui
501 939 565 964 item
577 938 645 964 bene
660 937 788 972 loquitur.
811 937 882 969 Quid

89 975 192 1006 credas,
206 974 318 1001 videris.
343 974 508 1001 Dolabellam
520 974 597 1001 valde
609 974 714 1010 placere
726 975 775 1001 tibi
788 975 878 1007 vide0;

90 1013 158 1038 mihi
178 1012 290 1047 quidem
307 1013 425 1048 egregie.
466 1012 533 1039 Cum
552 1013 636 1038 Pansa
653 1013 710 1038 vixi
726 1013 753 1038 in
769 1013 883 1047 Pompe—

90 1051 160 1076 iano.
201 1050 225 1075 Is
241 1049 320 1084 plane
336 1050 404 1075 mihi
420 1050 550 1084 probabat
563 1058 591 1076 se
606 1050 674 1076 bene
686 1050 784 1076 sentire
795 1055 821 1076 et
833 1058 883 1076 cu-

90 1095 152 1122 pere
166 1095 269 1121 pacem.
310 1086 438 1113 caussam
451 1096 585 1114 armorum
597 1087 690 1122 quaeri
702 1087 780 1121 plane
792 1087 880 1113 video.

88 1124 214 1150 Edictum
234 1124 309 1150 Bruti
329 1129 354 1150 et
373 1124 459 1150 Cassii
475 1124 567 1159 probo.
607 1124 733 1156 Quaeris,
750 1129 780 1151 ut
794 1125 883 1150 susei-

89 1162 162 1196 piam
182 1162 384 1196 cogitationem,
401 1161 532 1196 quidnam
548 1162 606 1188 istis
621 1161 756 1197 agendum
773 1167 879 1196 putem:

90 1198 202 1225 consilia
223 1203 373 1233 temporum
390 1204 464 1230 sunt;
496 1208 565 1234 quae
586 1200 612 1225 in
630 1199 707 1225 horas
723 1199 882 1225 commutari

91 1236 178 1262 vides.
219 1235 369 1261 Dolabellae
385 1241 411 1262 et
426 1237 512 1270 prima
529 1236 574 1262 illa
586 1237 662 1267 actio,
679 1241 705 1262 et
716 1236 781 1262 haec
791 1242 881 1262 contra

90 1273 234 1299 Antonium
247 1273 339 1299 concio
351 1273 418 1299 milii
431 1273 575 1308 profecisse
587 1273 751 1308 permultum
764 1274 880 1300 videtur.

90 1311 201 1336 Prorsus
217 1310 272 1336 ibat
283 1319 334 1336 reS.
375 1311 451 1336 Nunc
463 1315 551 1337 autem
564 1311 689 1337 videmur
701 1311 818 1337 habituri
831 1311 882 1337 (lu-

89 1356 162 1374 cem:
206 1347 278 1381 quod
304 1356 388 1373 unum
410 1349 557 1382 municipia
578 1348 696 1383 bonique
716 1348 880 1375 desiderant.

89 1386 114 1411 5
128 1385 239 1419 Epicuri
251 1385 413 1410 mentionem
427 1385 501 1416 sacis,
515 1390 540 1411 et
551 1385 635 1411 audes
649 1385 751 1416 dicere,
763 1386 797 1420 μὴ
808 1387 882 1411 πολι-

89 1421 235 1449 τεύεσθαιῖ)
248 1422 305 1448 Non
317 1427 341 1448 te
352 1422 426 1448 Bruti
439 1423 521 1449 nostri
534 1422 682 1449 vulticulus
694 1423 727 1448 ab
740 1423 788 1449 ista
800 1423 882 1449 orati-

88 1468 138 1486 one
153 1458 285 1485 deterret‘?
314 1459 430 1491 Quintus
446 1460 531 1490 lilius,
550 1465 579 1486 ut
589 1460 699 1490 scribis.
718 1461 826 1486 Antonii
843 1465 882 1486 est

89 1496 215 1522 dextella.
256 1496 304 1522 Per
319 1505 381 1522 eum
399 1497 494 1532 igitur,
511 1497 583 1531 quod
596 1497 727 1527 volemus,
742 1497 819 1523 facile
834 1506 882 1523 au-

89 1533 216 1560 feremus.
257 1533 397 1568 ExspectO,
411 1534 443 1565 si,
457 1539 486 1560 ut
495 1539 582 1569 putas,
596 1535 625 1560 L.
638 1535 770 1560 Antonius
782 1534 883 1569 produ—
910 1538 912 1541 ’

90 1572 129 1597 xit
139 1570 296 1601 Octavium,
310 1570 399 1605 qualis
410 1572 502 1597 concio
515 1571 604 1598 suerit.
627 1572 695 1597 llaec
706 1572 803 1607 scripsi
815 1573 882 1598 cita-

89 1608 147 1634 tim.
188 1608 281 1634 Statim
301 1608 373 1634 enim
394 1608 479 1635 Cassii
496 1609 660 1635 tabellarius.
702 1609 780 1635 Eram
797 1610 882 1635 conti—

89 1653 143 1671 nuo
164 1644 258 1671 Piliam
279 1645 456 1677 salutaturus;
489 1646 587 1672 deinde
608 1646 640 1672 ad
656 1646 750 1681 epulas
767 1647 881 1673 Vestorii

89 1681 223 1708 navicula.
263 1682 364 1708 Atticae
375 1682 521 1717 plurimam
532 1683 656 1710 salutem.

230 1753 330 1775 (Puteolis,
340 1754 431 1775 Antonio,
442 1754 542 1772 Dolabella
553 1761 599 1772 cusu.
612 1757 667 1776 710.)

269 1795 437 1823 CICERO
466 1797 634 1825 ATTICO
665 1798 693 1825 S.

146 1835 169 1860 4,
192 1827 289 1865 Quum
302 1833 392 1868 paullo
403 1839 463 1860 ante
475 1834 611 1861 dedissem
624 1835 656 1861 ad
668 1840 692 1862 te
702 1835 882 1862 Cassiitabel—

89 1870 154 1897 lario
166 1870 279 1901 litteras,
297 1879 323 1897 v.
336 1871 399 1897 Idus
411 1872 485 1898 venit
496 1877 585 1898 noster
598 1872 768 1903 tabellarius,
781 1878 807 1899 et
819 1873 882 1908 qui-

87 1907 159 1938 dem,
176 1908 290 1942 portenti
301 1908 399 1939 simile,
413 1909 470 1935 sine
482 1909 535 1935 tuis
548 1909 652 1936 litteris.
692 1910 744 1936 Sed
755 1911 807 1936 cito
818 1919 882 1937 con-

89 1945 150 1975 ieci,
164 1945 280 1971 Lanuvii
295 1949 319 1971 te
332 1944 426 1972 fuisse.
467 1946 533 1972 Eros
545 1951 633 1972 autem
646 1946 792 1978 festinavit,
806 1952 835 1974 ut
849 1947 882 1973 ad

89 1990 132 2008 me
154 1981 255 2008 litterae
271 1981 422 2008 Dolabellae
438 1982 633 2016 perferrentur.
652 1992 704 2010 non
719 1984 752 2010 de
768 1993 795 2010 re
811 1993 879 2015 mea,

88 2018 218 2054 (nondum
241 2019 313 2044 enim
325 2027 397 2045 meas
408 2020 565 2054 acceperat,)
576 2020 623 2046 sed
636 2021 774 2056 rescripsit
784 2021 817 2048 ad
824 2030 878 2052 eas,

87 2064 204 2091 quarum
229 2055 384 2090 exemplum
406 2056 455 2082 tibi
476 2057 616 2088 miseram,
645 2066 709 2084 sane
734 2057 878 2085 luculente.

87 2095 113 2120 2.
133 2093 173 2119 Ad
190 2101 231 2119 me
247 2097 350 2123 autem,
367 2101 452 2128 quum
468 2093 554 2120 Cassii
571 2094 741 2121 tabellarium
757 2095 881 2122 dimisis-

141 1751 206 1772 XXI.

89 2139 161 2161 sem,
182 2130 271 2156 statim
283 2129 392 2156 Balbus.
414 2132 436 2156 O
446 2130 484 2156 dii
498 2131 574 2162 boni,
590 2140 672 2166 quam
685 2131 762 2158 facile
774 2133 880 2167 perspi-

87 2176 162 2194 ceres
174 2168 266 2194 timere
280 2167 378 2193 otiuml
396 2172 421 2193 et
432 2168 501 2194 nosti
516 2168 614 2199 virum,
627 2177 708 2204 quam
720 2174 819 2196 tectus:
832 2170 879 2196 sed

88 2210 176 2232 tamen
190 2205 299 2231 Antonii
310 2204 421 2231 consilia
434 2205 569 2231 narrabat:
588 2205 666 2232 illurn
677 2207 821 2233 circumire
833 2215 880 2233 ve-

88 2247 206 2272 teranos,
220 2246 249 2268 ut
261 2246 317 2268 acta
328 2242 450 2268 Caesaris
461 2243 607 2274 sancirent,
627 2243 709 2279 idque
722 2252 751 2270 se
763 2243 879 2271 facturos

87 2288 146 2306 esse
162 2280 292 2310 iurarent,
311 2284 340 2306 ut
350 2284 404 2305 rata
415 2288 509 2306 omnes
521 2279 661 2307 haberent:
684 2289 768 2316 eaque
779 2281 880 2307 duum-

87 2317 140 2343 viri
151 2317 278 2343 omnibus
290 2316 609 2351 mensibusinspicerent.
631 2317 878 2350 Questusestetium

86 2353 120 2380 de
133 2362 182 2380 sua
194 2353 310 2386 invidia;
336 2362 420 2389 eaque
431 2355 519 2380 omnis
530 2354 589 2380 eius
600 2355 683 2382 oratio
695 2355 753 2386 suit,
767 2360 795 2382 ut
806 2364 880 2382 ama-

87 2399 114 2418 re
127 2390 263 2417 videretur
273 2392 430 2418 Antonium.
461 2391 532 2423 Quid
543 2391 669 2426 quaeris?
689 2392 757 2418 nihil
769 2394 877 2419 sinceri.

87 2430 112 2454 3,
127 2428 194 2454 Mihi
205 2433 294 2454 autem
306 2437 358 2455 non
369 2433 410 2455 est
420 2428 545 2459 dubium,
558 2429 625 2463 quin
641 2430 827 2464 resspectetad
835 2439 879 2455 ca-

87 2470 151 2492 stra.
173 2465 237 2492 Acta
248 2465 373 2492 enimilla
380 2474 422 2492 res
429 2466 566 2492 estanimo
573 2465 655 2496 virili,
668 2466 780 2493 consilio
787 2467 879 2501 pueri-

88 2501 117 2528 li.
129 2501 197 2534 Quis
208 2503 280 2529 enim
293 2503 342 2530 hoc
353 2511 404 2530 non
417 2502 498 2534 vidit.
512 2503 587 2539 regni
600 2503 725 2529 heredem
737 2503 880 2530 relictum?

86 2539 158 2572 Quid
169 2543 258 2566 autem
269 2540 424 2571 absurdius.

142 2578 188 2603 hoc
199 2580 315 2608 metuere,
326 2579 436 2604 alterum
449 2580 476 2604 t'n
487 2582 552 2603 ntem
567 2586 615 2602 ηοιι
626 2576 736 2610 ponere?

86 2613 157 2646 Quin
169 2614 249 2640 etiam
261 2613 310 2641 hoc
321 2615 380 2649 ipso
391 2619 508 2650 tempore
521 2614 602 2640 multa
615 2613 784 2641 ἰνηοσὺλοικα.
812 2614 880 2640 Ροη-

87 2651 118 2678 tii
129 2650 333 2686 Neapolitanum
345 2660 359 2678 a
371 2656 453 2679 matre
465 2651 647 2687 tyrannoctoni
661 2651 812 2686 possideri?
831 2652 879 2678 Le-

1239 124 1299 150 Ei‘.
1328 126 1353 149 ¹8
1374 139 1409 142 ——
1432 126 1471 149 22.
1673 125 1720 150 937

931 193 1037 229 gendus
1054 194 1121 220 mihi
1136 194 1244 228 saepius
1260 199 1300 221 est
1321 194 1383 220 Cato
1398 196 1493 226 maior,
1511 193 1545 220 ad
1561 198 1584 220 te
1608 195 1719 220 missus.

933 232 1099 257 Amariorem
1111 232 1182 257 enim
1195 239 1237 257 me
1249 236 1373 257 senectus
1385 231 1457 258 facit.
1498 231 1655 258 Stomachor
1664 240 1723 258 orn-

932 269 985 294 nia.
1027 268 1079 295 Sed
1105 268 1173 294 mihi
1198 268 1309 303 quidem
1334 268 1459 303 βεβὶωται.
1499 268 1622 294 Viderint
1646 269 1724 294 iuve-

934 314 992 331 nes.
1031 306 1071 332 Tu
1083 314 1141 331 mea
1152 305 1269 335 curabis,
1284 310 1313 331 ut
1323 314 1411 331 curas.
1452 306 1475 332 4.
1489 306 1557 332 Haec
1567 306 1664 340 scripsi
1675 314 1723 332 seu

932 342 1046 372 dictavi,
1070 343 1191 377 apposita
1211 342 1329 368 secunda
1346 351 1450 373 mensa,
1469 343 1542 377 apud
1560 343 1722 369 Vestorium.

932 379 1064 406 Postridie
1075 379 1147 414 apud
1159 380 1273 405 Hirtium
1285 380 1449 415 cogitabam:
1476 385 1501 406 et
1512 380 1622 414 quidem
1635 382 1725 406 πεντέ-

931 418 1032 443 λοιτιον.
1073 417 1117 443 Sic
1138 416 1273 443 hominem
1291 417 1428 443 traducere
1444 417 1475 443 ad
1491 418 1633 452 optimates
1649 425 1722 451 paro.

931 457 1018 489 Λῆρος
1033 454 1121 484 πολύς.
1161 454 1245 480 Nemo
1260 459 1300 480 est
1316 454 1441 484 istorum,
1459 454 1506 488 qui
1521 455 1605 480 otium
1622 463 1674 480 non
1691 455 1725 480 ti-

932 495 1011 517 meat.
1052 490 1138 522 Quare
1158 490 1249 517 talaria
1266 491 1416 518 videamus.
1457 491 1572 523 Quidvis
1588 492 1659 517 enim
1676 500 1724 525 po-

933 528 1000 558 tius,
1017 536 1098 563 quam
1111 533 1205 554 castra.
1246 528 1346 554 Atticae
1358 528 1472 554 salutem
1485 528 1629 563 plurimam
1642 529 1723 554 velim

932 565 1016 591 dicas.
1038 566 1170 600 Exspecto
1181 565 1284 591 Octavii
1295 566 1460 596 concionem,
1474 571 1499 592 et
1521 566 1544 591 si
1556 565 1623 601 quid
1634 565 1721 592 aliud:

933 603 1049 628 maxime
1068 608 1170 633 autem,
1191 602 1289 637 ecquid
1301 602 1435 629 Dolabella
1450 604 1558 630 tinniat:
1582 612 1615 629 an
1626 604 1652 629 in
1666 611 1724 629 meo

933 640 1041 666 nomine
1052 639 1158 666 tabulas
1169 648 1252 666 novas
1267 639 1368 666 fecerit.

986 708 1063 729 XXII.

1087 711 1116 731 (In
1127 710 1236 729 Prot-niano,
1247 711 1335 729 Antonin.
1346 711 1443 728 Dolabella
1455 718 1500 727 cn«.
1512 711 1566 727 710.⁴⁴

1123 753 1290 780 CICERO
1320 753 1485 779 ATTICO
1515 754 1542 779 S.

989 791 1012 816 4.
1028 785 1136 816 Certior
1151 799 1164 816 a
1183 790 1250 816 Pilia
1262 790 1360 820 factus,
1374 791 1443 816 mitti
1455 790 1488 816 ad
1500 795 1523 816 te
1535 790 1628 816 Idibus
1640 790 1725 816 tabel-

934 827 1027 857 iarios,
1041 828 1129 853 statim
1141 827 1191 854 hoe
1202 828 1292 854 nescio
1303 827 1369 862 quid
1380 828 1499 853 exaravi.
1539 828 1659 853 Primum
1672 829 1724 863 igi-

933 869 976 890 tur
987 865 1055 890 scire
1068 869 1091 890 te
1104 864 1186 895 volui,
1201 873 1242 890 me
1255 865 1317 890 hinc
1331 865 1463 899 Arpinum
1473 864 1723 890 xx-1.Kalend.lun.

932 902 970 927 Eo
992 902 1074 937 igitur
1097 903 1200 932 mittes,
1218 903 1241 927 si
1256 902 1320 936 quid
1338 903 1387 928 erit
1402 901 1526 936 posthac:
1559 910 1724 936 quamquam

934 940 991 974 ipse
1003 939 1056 964 iarn
1068 939 1176 974 iamque
1187 938 1277 965 adero.
1317 939 1402 973 Cupio
1414 940 1485 964 enim
1497 943 1566 969 ante,
1581 947 1662 973 quam
1674 939 1726 965 Ro-

934 985 1005 1002 mam
1030 976 1121 1006 venio,
1144 976 1248 1002 odorari
1264 975 1436 1011 diligentius,
1459 976 1525 1010 quid
1543 975 1663 1002 futurum
1679 977 1723 1002 sit.

933 1013 1103 1048 Quamquam
1116 1022 1216 1044 vereor,
1230 1022 1262 1039 ne
1275 1013 1342 1039 nihil
1355 1014 1505 1039 coniectura
1521 1013 1652 1039 aberrem.
1674 1014 1725 1039 Mi-

933 1051 1006 1077 nime
1017 1051 1089 1076 enim
1100 1050 1247 1076 obscurum
1259 1055 1311 1081 est,
1330 1050 1396 1085 quid
1408 1051 1452 1076 isti
1465 1049 1621 1080 moliantur,
1639 1050 1726 1085 (meus

936 1096 996 1114 vero
1008 1087 1169 1122 discipulus,
1182 1088 1231 1122 qui
1244 1087 1322 1114 hodie
1334 1087 1405 1122 apud
1412 1096 1454 1113 nie
1461 1092 1561 1117 caenat,
1572 1087 1649 1113 valde
1656 1093 1725 1114 amat

934 1125 1026 1156 illum,
1048 1134 1130 1160 quem
1146 1125 1243 1151 Brutus
1259 1130 1348 1151 noster
1361 1125 1558 1159 sauciavit,)et‚
1572 1126 1595 1151 si
1607 1126 1724 1159 quaeris,

933 1162 1069 1197 (perspexi
1080 1163 1153 1188 enim
1165 1162 1264 1197 plane‚)
1276 1163 1370 1188 timent
1383 1164 1481 1189 otium:
1497 1162 1725 1189 ὑπόθεσινᾶυῐοηι

934 1200 1003 1226 hanc
1016 1200 1128 1230 habent,
1147 1208 1260 1234 eamque
1271 1208 1333 1234 prae
1344 1208 1373 1225 se
1386 1199 1487 1230 serunt,
1505 1200 1595 1225 virum
1607 1199 1727 1225 clarissi—

934 1246 1008 1263 mum
1025 1236 1208 1267 interfectum.
1227 1242 1306 1263 totam
1323 1237 1518 1271 rempublicam
1530 1236 1604 1262 illius
1617 1237 1725 1263 interitu

934 1274 1129 1309 perturbatam:
1162 1274 1235 1300 irrita
1253 1273 1322 1304 fore,
1336 1283 1405 1309 quae
1418 1274 1462 1300 ille
1475 1274 1588 1309 egisset,
1602 1274 1726 1300 simulac

933 1312 1095 1338 desistemus
1107 1312 1214 1337 timere:
1240 1311 1410 1337 clementiam
1423 1311 1462 1337 illi
1475 1310 1543 1337 malo
1559 1310 1655 1343 fuisse3
1673 1320 1725 1345 qua

933 1351 956 1375 si
977 1358 1043 1375 usus
1065 1357 1117 1375 non
1137 1353 1220 1379 esset,
1244 1348 1311 1374 nihil
1333 1349 1357 1374 ei
1379 1348 1429 1374 tale
1455 1348 1575 1374 accidere
1595 1349 1723 1383 potuisse.

933 1386 1033 1413 2.Mibi
1045 1391 1133 1412 autem
1146 1386 1252 1412 venitin
1261 1390 1386 1416 mentem,
1400 1386 1726 1420 siPompeiusrumexer-

933 1424 987 1450 citu
999 1424 1074 1450 firmo
1086 1424 1184 1453 veniat,
1197 1423 1268 1458 quod
1281 1428 1320 1449 est
1331 1423 1451 1459 εὔλογον.
1464 1427 1534 1449 certo
1546 1422 1599 1448 fore
1612 1422 1724 1448 bellum.

934 1462 1002 1487 llaec
1014 1469 1056 1486 me
1067 1461 1172 1495 species
1181 1461 1360 1495 cogitatioque
1373 1460 1519 1494 perturbat.
1542 1460 1634 1494 Neque
1641 1460 1723 1489 enim,

933 1498 1005 1533 quod
1018 1498 1067 1524 tibi
1080 1503 1135 1523 tum
1150 1497 1234 1526 licuit,
1248 1497 1325 1523 nobis
1337 1506 1408 1523 nunc
1421 1497 1520 1523 licebit.
1557 1497 1623 1523 Nam
1636 1502 1725 1531 aperte

934 1535 1022 1562 laetati
1041 1544 1147 1561 sumus.
1188 1534 1288 1560 Deinde
1305 1534 1404 1560 habent
1421 1535 1446 1560 in
1458 1543 1515 1564 ore,
1537 1543 1584 1560 nos
1597 1535 1723 1569 ingratos.

934 1572 1014 1599 Nullo
1035 1572 1113 1598 modo
1125 1572 1228 1602 licebit,
1247 1571 1319 1606 quod
1332 1577 1388 1598 tum
1400 1577 1425 1598 et
1437 1572 1485 1598 tibi
1499 1571 1573 1597 licuit
1585 1576 1609 1597 et
1621 1571 1723 1597 multis.

935 1611 1201 1645 Φαινοπροςωπητέυν
1221 1618 1293 1644 crgo,
1316 1614 1341 1635 ct
1361 1608 1428 1635 ἰτέον
1449 1610 1475 1635 ἰη
1496 1608 1599 1635 castra?
1628 1608 1726 1634 Millies

934 1648 1001 1673 mori
1013 1646 1120 1677 melius,
1135 1647 1197 1672 huic
1209 1647 1365 1681 praesertim
1377 1647 1465 1672 aetati.
1507 1647 1597 1680 Itaque
1609 1654 1650 1671 me
1664 1645 1725 1671 Idus

933 1685 1009 1711 Mart.
1051 1692 1103 1710 non
1120 1688 1172 1710 tam
1184 1683 1363 1713 consolantur,
1378 1692 1459 1718 quam
1471 1688 1557 1709 antea.
1599 1683 1725 1719 Magnum

933 1722 1006 1748 enim
1029 1721 1157 1747 mendum
1178 1721 1323 1747 continent.
1364 1721 1420 1746 Etsi
1441 1720 1481 1746 illi
1502 1721 1613 1746 iuvenes

989 1759 1076 1788 ἄλλοις
1087 1761 1114 1785 ἐν
1129 1759 1239 1788 ἐσθλοῖς
1253 1758 1321 1784 nird'
1334 1757 1507 1784 amacium-m«
1520 1757 1614 1793 ψόγυικ

933 1796 998 1827 Sed,
1017 1797 1040 1822 si
1052 1801 1079 1822 tu
1092 1795 1190 1821 melius
1201 1795 1342 1830 quippiam
1357 1804 1458 1829 speras,
1471 1794 1543 1829 quod
1554 1799 1579 1820 et
1590 1794 1667 1829 plura
1678 1802 1726 1820 au-

933 1833 985 1864 dis,
999 1838 1024 1860 et
1036 1834 1133 1859 interes
1147 1832 1283 1862 consiliis,
1305 1833 1408 1858 scribas
1420 1832 1452 1858 ad
1465 1841 1506 1858 me
1519 1831 1614 1861 velim,
1629 1831 1726 1857 simul-

933 1879 985 1906 que
997 1871 1108 1906 cogites,
1126 1870 1193 1905 quid
1214 1869 1348 1905 agendum
1362 1870 1439 1896 nobis
1451 1870 1485 1895 sit
1497 1877 1578 1903 super
1594 1868 1725 1903 legatione

934 1909 1032 1934 votiva.
1074 1907 1208 1942 Equidem
1224 1907 1249 1933 iu
1263 1907 1304 1932 liis
1318 1907 1382 1933 locis
1394 1915 1502 1933 moneor
1513 1915 1527 1932 a
1539 1906 1640 1935 multis,
1655 1914 1687 1931 ne
1699 1906 1725 1931 in

933 1950 1026 1971 senatu
1049 1944 1184 1971 Kalendis.
1225 1945 1355 1970 Dicuntur
1370 1945 1441 1970 enim
1457 1943 1560 1969 occulto
1577 1943 1676 1969 milites
1692 1942 1725 1969 ad

933 1991 991 2008 eam
1012 1982 1084 2008 diem
1100 1982 1260 2016 comparati,
1279 1981 1430 2016 etquidem
1449 1982 1473 2007 iu
1486 1982 1563 2012 istos;
1599 1981 1647 2015 qui
1659 1980 1725 2006 milii

935 2019 1060 2046 videntur
1072 2019 1164 2046 ubivis
1176 2019 1269 2050 tutius,
1283 2027 1364 2053 quam
1379 2019 1406 2045 in
1418 2023 1521 2048 senatu,
1537 2017 1599 2044 sore.

1304 2299 1360 2324 ⁴0⁴.

1053 2361 1172 2390 LIBER
1203 2361 1391 2392 DECIMUS
1413 2362 1604 2397 QUINTUS.

986 2486 1062 2507 ΛΚΘ.
1093 2486 1142 2507 Non
1162 2485 1225 2506 uhtu
1239 2486 1314 2506 dim-rt
1330 2485 1395 2505 huin-
1411 2485 1463 2505 libri
1479 2490 1627 2507 areum-‘ntum
1639 2492 1651 2505 ι
1661 2492 1723 2512 nipe-

932 2521 999 2541 rit-ri·
1010 2520 1128 2541 sententia.
1153 2523 1232 2541 (ln-ue·
1243 2520 1299 2540 enim
1311 2520 1420 2547 epi-toln·
1431 2520 1526 2547 scriptae
1537 2524 1595 2543 nunt,
1607 2527 1671 2546 quum
1682 2519 1725 2540 inu

931 2557 1012 2576 Romae
1032 2555 1144 2576 Antoniu-
1164 2560 1185 2576 ει
1205 2555 1309 2576 nemin·
1326 2555 1361 2575 it·
1372 2555 1488 2575 minet-rent
1499 2555 1585 2578 ori-nin,
1606 2558 1637 2578 ut.
1649 2561 1721 2581 quam-

931 2591 965 2611 vi·
981 2598 1020 2611 nee
1043 2590 1108 2618 'tinne
1127 2590 1215 2614 bellum.
1242 2597 1281 2610 nec
1299 2597 1342 2616 pan
1362 2594 1428 2613 met.
1450 2594 1564 2617 ami-roret
1583 2594 1662 2613 «anien,
1682 2597 1724 2610 rou·

931 2626 956 2646 uid
968 2632 1027 2646 uma
1037 2626 1152 2646 «ledus-tum
1163 2626 1199 2646 iri⁴
1217 2628 1265 2649 ‘1¹¹⁰
1277 2625 1362 2651 quidem
1375 2629 1471 2652 tempore
1477 2625 1554 2646 (irem
1565 2629 1585 2645 rt
1594 2625 1724 2645 sibitimen-

933 2664 969 2681 111.
981 2664 1013 2685 V..
1025 2663 1045 2681 et
1056 2660 1124 2681 tilium
1132 2677 1137 2685 ,
1154 2661 1247 2681 Atheni·
1259 2659 1414 2688 philosophiae
1424 2666 1511 2687 opernm
1522 2661 1618 2684 dantem.
1633 2659 1724 2687 cupiens

1474 2700 1520 2725 1¹8
