1941 3052
261 139 320 162 1Ζῖῧῆ
831 133 883 157 ilii.
915 131 949 156 M.
980 131 1010 157 Τ.

254 207 305 239 Qui
323 211 408 232 tami-n
427 206 477 239 ipsi
495 208 604 229 mortem
622 203 655 229 ita
673 202 793 232 laudant,
813 207 840 228 ιιι
859 201 949 235 fugere
965 202 1045 227 vitam

257 249 344 269 vetent
365 249 443 277 sitque
466 241 490 267 id
511 245 599 266 contra
617 239 710 265 foedus
727 240 783 265 fieri
800 238 889 264 dicant
906 239 1046 272 legemque
1074 263 1076 267 ,

417 279 502 305 Aliam
519 277 628 312 quidem
644 285 767 302 caussam
780 276 871 302 mortis
883 275 1046 301 voluntariae
1074 292 1076 313 ξ

257 318 356 344 nullam
370 315 485 351 profecto
499 316 594 340 iustam
607 314 753 348 reperietis.
789 313 874 347 Atque
888 313 936 339 hoc
949 312 992 338 ille
1006 313 1047 338 vi-
1074 336 1076 346 ,

257 286 375 307 naturae.

255 355 303 380 dit.
332 355 396 379 Num
411 353 473 385 legit
484 351 599 385 quodam
614 350 669 376 loco
682 351 734 376 vita
747 350 819 376 illum
833 349 972 376 mulierem
984 358 1047 383 spo-

257 392 327 420 liari,
350 399 430 424 quam
449 388 577 423 pudicitia
595 387 732 414 maluisse.

255 429 316 458 tim,
337 436 383 452 nec
399 426 431 451 dc
444 426 572 460 pudicitia
586 425 660 460 plura
673 425 755 454 dixit,
775 425 888 455 veritus,
904 424 997 454 credo,
1015 432 1046 449 ne

254 473 334 499 quem
353 463 480 489 irridendi
498 463 574 488 nobis
590 462 663 488 daret
678 467 703 488 vt
720 461 822 488 iocandi
840 461 937 487 locum.
978 462 1047 487 (jon-

254 507 303 528 stiit
315 502 386 527 enim
400 499 470 526 illam
483 509 567 535 quum
580 499 746 525 deformitate
757 508 862 525 summa
875 498 972 527 fuisse.
991 503 1046 524 tum
1075 515 1076 533 ι

255 540 332 564 etiam
345 542 491 563 senectute.
532 537 618 569 Quare
634 545 702 571 quae
719 541 817 571 potest,
835 537 961 571 quamvis
977 534 1046 561 salsa

255 577 302 602 ista
319 575 400 601 Sarda
419 574 509 605 suerit,
532 574 585 600 ulla
603 573 724 600 libidinis
743 578 788 600 aut
806 574 903 600 amoris
922 581 980 599 esse
1000 581 1047 598 su-

253 612 356 647 spicio?

308 651 333 675 7.
357 649 392 675 Ac
404 658 436 674 ne
448 649 596 679 existimes,
609 648 703 679 Triari,
715 647 787 682 quod
797 647 903 673 afferam
917 648 943 673 in
955 646 1047 673 dicen-

254 687 344 717 ·lo,me
362 686 462 721 fingere
478 687 567 719 ipsum
583 690 609 712 et
625 694 674 712 non
687 694 700 711 a
713 694 756 711 reo
768 694 890 711 caussam
902 693 1046 719 cognosce-

254 733 294 750 re:
311 723 452 758 explicabo
464 723 526 753 tibi,
543 731 611 757 quae
624 722 722 749 fuerint
734 723 873 757 opiniones
886 722 912 748 in
923 721 1045 748 Sardinia

253 761 286 787 de
307 761 385 787 istius
406 760 528 787 mulieris
549 765 641 787 morte.
683 761 749 786 Nam
766 759 873 786 suerunt
888 759 970 790 duae,
992 767 1046 793 quo

252 799 332 825 etiam
349 797 456 824 facilius
471 800 496 824 tu·
512 803 534 824 ct
545 798 641 824 Scauri
655 799 822 823 innocentiam
837 802 860 823 et
876 799 975 823 testium
990 801 1046 822 tuo-

251 845 310 861 rum
320 838 458 862 utulaci‘um
470 844 617 869 coqiioscere
626 837 723 868 possint
739 839 761 860 e!
776 843 874 864 eorum,
896 842 962 868 quae
975 836 1045 867 sacta

251 878 318 903 sunt,
336 875 520 906 inrliqnilatem.
562 874 586 898 8.
608 872 707 897 Surdae
717 874 791 898 istius
801 874 910 897 maritus
920 872 980 897 Aris
990 880 1046 896 ma-

253 915 315 936 trem
331 911 459 942 Bostaris,
478 914 502 936 te
517 909 589 940 dixi,
613 909 784 935 libidinosam
799 913 879 944 atque
895 908 1045 942 improbam

254 952 379 978 matrem,
402 946 496 973 infami
512 956 542 973 ac
558 951 618 973 noto
633 946 763 973 adulterio
780 947 831 972 iam
845 946 892 972 diu
904 945 1044 980 diligebat.

227 987 231 994 '
253 986 276 1010 ls
292 993 376 1019 quum
393 984 462 1011 hanc
477 993 554 1011 suam
569 992 694 1014 uxorem,
717 992 797 1010 anum
814 988 839 1010 et
851 983 1009 1017 locupletem
1021 987 1047 1008 et
1067 1001 1069 1009 ,

253 1022 406 1053 molestam,
420 1022 538 1048 timeret:
560 1030 646 1056 neque
658 1029 715 1047 eam
729 1021 825 1047 habere
838 1022 864 1047 in
877 1021 1046 1046 matrimonio

252 1064 360 1094 propter
371 1058 533 1089 foeditatem,
542 1058 769 1094 nequedimittere
781 1063 887 1093 propter
898 1057 985 1084 dotem
999 1065 1046 1083 vo-

254 1097 332 1123 lebat.
358 1097 448 1131 Itaque
462 1101 598 1131 compecto
608 1104 669 1122 cum
682 1101 764 1122 matre
774 1096 889 1122 Bostaris
901 1094 1045 1121 consilium

251 1135 336 1168 cepit,
355 1138 383 1160 ut
398 1138 509 1168 uterque
521 1134 630 1159 Romam
648 1134 762 1160 veniret:
787 1133 824 1158 ibi
836 1141 864 1158 se
874 1131 991 1169 aliquam
1005 1143 1047 1160 ra-

252 1172 351 1198 tionem
363 1170 862 1207 inventurum,quemadmodumillam
870 1178 980 1198 uxorem
995 1170 1047 1197 du—

251 1214 330 1240 ceret,
344 1211 519 1243 confirmavit.

307 1248 332 1273 9.
354 1247 402 1272 llic
412 1247 504 1281 opinio
515 1246 578 1277 fuit,
601 1246 712 1276 utdixi,
731 1245 846 1280 duplex,
864 1255 916 1272 una
932 1254 983 1272 non
998 1245 1047 1272 ab-

252 1284 362 1310 horrens
373 1293 386 1310 a
399 1288 468 1310 statu
479 1289 627 1318 naturaque
639 1292 737 1314 rerum,
751 1284 854 1309 »Arinis
866 1292 976 1310 uxorem
988 1282 1046 1318 pel-

251 1321 360 1348 nlicatus
380 1320 471 1348 dolore
491 1322 667 1348 concitatam«
689 1329 774 1356 quum
796 1321 916 1347 audisset
936 1321 1045 1347 Arinem

250 1368 310 1384 cum
328 1358 373 1385 illa
393 1367 441 1385 sua
462 1364 550 1385 metus
565 1363 590 1385 et
606 1358 684 1394 fugae
703 1357 874 1385 simulatione
890 1358 998 1384 Romam
1017 1366 1046 1384 se

249 1395 409 1427 contulisse,
428 1400 469 1427 ut,
483 1405 568 1431 quum
580 1400 656 1422 antea
667 1395 832 1422 consuetudo
842 1396 912 1422 inter
922 1403 967 1422 eos
979 1394 1046 1421 fuis-

249 1438 297 1463 set,
307 1438 362 1459 tum
375 1434 454 1459 etiam
466 1434 569 1468 nuptiis
581 1434 765 1469 iungerentur,
773 1434 871 1459 arsisse
882 1432 972 1459 dolore
983 1441 1046 1458 mu-

250 1470 328 1496 liebri
340 1475 365 1497 et
376 1471 456 1501 mori,
478 1479 560 1506 quam
574 1470 601 1497 id
613 1471 716 1505 perpeti
727 1470 868 1502 maluisse;
902 1472 941 1496 ⁴0.
963 1469 1044 1496 altera
1073 1495 1074 1502 ,

1072 1506 1073 1511 ¹
1096 1510 1141 1531 aut
1155 1506 1319 1539 privatarum
1335 1506 1417 1541 (quod
1429 1511 1516 1533 tamen
1528 1507 1618 1541 ipsum
1635 1506 1700 1541 fingi
1716 1506 1811 1541 potest)
1826 1513 1891 1532 con-

250 1516 300 1534 non
313 1508 403 1534 minus
415 1508 471 1534 veri
482 1508 580 1534 similis
592 1513 630 1538 et,
649 1513 678 1534 ut
688 1509 796 1543 opinor,
814 1508 842 1534 in
853 1507 976 1534 Sardinia
987 1515 1045 1533 ma-

248 1546 291 1580 gis
302 1546 382 1571 etiam
396 1545 510 1577 credita,
523 1546 632 1572 Arinem
644 1546 740 1577 istum,
754 1550 847 1571 testem
859 1550 938 1580 atque
951 1545 1044 1579 hospi·
1072 1564 1074 1571 ,

1072 1596 1073 1603 1
1095 1579 1192 1615 agam?
1211 1579 1278 1606 Cum
1295 1581 1411 1616 singulis
1427 1580 1582 1616 disputem?
1601 1580 1686 1616 quid?
1706 1589 1757 1606 non
1770 1579 1889 1606 habuisti

249 1588 312 1612 tem,
327 1583 425 1613 Triari,
439 1587 529 1613 tuum,
544 1582 756 1617 proficiscentem
770 1583 893 1613 Romam,
906 1583 1043 1618 negotium

248 1619 356 1645 dedisse
369 1619 476 1650 liberto,
499 1624 530 1646 ut
544 1619 584 1646 illi
600 1620 721 1646 aniculae
738 1629 789 1646 non
806 1620 850 1646 ille
865 1620 975 1655 quidem
988 1620 1042 1645 vim

248 1656 352 1682 afferret
361 1656 459 1691 (neque
471 1657 542 1683 enim
557 1662 612 1683 erat
623 1662 724 1683 rectum
736 1658 886 1692 patronae),
909 1657 974 1683 »sed
988 1656 1044 1683 col-

249 1693 306 1720 lum
318 1693 442 1728 digitulis
453 1694 560 1720 duobus
569 1693 724 1725 oblideret,‹1
737 1694 862 1721 resticula
873 1695 1001 1730 cingeret,
1015 1699 1044 1720 ut
1064 1710 1065 1720 i

249 1730 294 1756 illa
305 1731 407 1765 perisse
419 1731 566 1766 suspendio
576 1736 724 1766 putaretur.
767 1733 806 1758 Η.
829 1731 919 1764 »Quae
931 1731 1042 1767 quidem

247 1768 382 1802 »suspicio
397 1767 483 1794 valuit
497 1769 577 1795 etiam
593 1768 654 1803 plus
669 1769 703 1795 ob
720 1768 788 1795 hanc
804 1777 941 1799 caussam,
959 1768 1040 1804 quod.
1064 1798 1065 1807 ἵ

247 1813 346 1840 »quum
367 1810 475 1840 agerent
494 1806 639 1840 parentalia
660 1807 805 1832 Norenses«
825 1814 971 1841 omnesque
993 1814 1043 1832 suo

247 1850 320 1868 more
332 1851 365 1868 ex
376 1842 475 1877 oppido
486 1844 613 1874 exissent,
624 1843 732 1870 tumilla
744 1848 784 1870 est
795 1852 808 1869 a
821 1843 916 1869 liberto
926 1851 1043 1877 suspen-

247 1880 320 1906 disse
331 1888 358 1905 se
370 1879 450 1906 dicta.
489 1881 629 1906 Discessus
640 1885 729 1907 autem
744 1880 860 1907 solitudo
875 1880 914 1911 ei,
931 1881 979 1915 qui
995 1888 1043 1914 pa-

248 1921 350 1943 tronam
362 1916 521 1948 suffocabat,
540 1917 766 1952 fuitquaerenda3
786 1917 839 1947 illi,
857 1925 925 1951 quae
937 1917 1043 1943 volebat

247 1954 328 1983 mori,
352 1962 402 1979 non
424 1953 483 1980 fuit.
526 1955 566 1980 42.
588 1954 747 1981 Confirmata
769 1962 832 1980 vero
851 1954 972 1989 suspicio
991 1959 1040 1985 est,

246 1990 319 2025 quod
331 1998 383 2016 anu
395 1995 497 2017 mortua
510 1990 622 2017 libertus
633 1993 732 2022 statim,
741 1996 877 2026 tamquam
888 2000 967 2026 opere
978 2000 1043 2018 con-

247 2027 328 2057 fecto.
346 2028 456 2054 Romam
469 2027 666 2062 estprofectus;
690 2029 751 2055 Aris
762 2033 864 2059 autem,
882 2028 996 2055 simulac
1008 2028 1042 2055 li-

246 2065 339 2091 bertus
358 2064 391 2091 de
413 2070 495 2091 morte
515 2066 606 2091 uxoris
628 2066 776 2097 nuntiavit,
801 2067 928 2093 continuo
943 2067 1040 2093 Romae

246 2107 357 2129 matrem
370 2101 443 2128 illam
455 2102 570 2128 Bostaris
581 2101 659 2128 duxit
670 2111 792 2129 uxorem.

304 2140 343 2165 ⁴3.
365 2139 414 2170 En,
428 2139 529 2174 quibus
544 2139 664 2170 familiis,
677 2149 759 2174 quam
772 2140 870 2171 foedis,
883 2149 965 2175 quam
977 2149 1041 2167 con-

245 2176 394 2207 taminatis,
412 2185 494 2211 quam
510 2176 635 2211 turpibus
645 2177 745 2203 dedatis
757 2177 825 2204 hanc
835 2177 964 2204 familiam
974 2198 980 2208 ,
998 2178 1042 2204 iu-

245 2213 332 2240 dices!
350 2221 397 2244 en,
415 2214 516 2248 quibus
533 2214 646 2240 testibus
661 2216 787 2241 commoti
802 2214 835 2241 de
850 2223 904 2249 quo
919 2215 1038 2246 homine,

245 2250 278 2277 de
289 2259 343 2286 quo
353 2258 460 2286 genere,
468 2250 501 2277 de
507 2259 560 2286 quo
567 2252 675 2277 nomine
686 2252 831 2278 sententias
843 2251 947 2278 feratis!
963 2251 1041 2278 Obli-

245 2288 405 2314 viscendum
417 2288 495 2314 vobis
506 2289 606 2322 putatis
618 2293 733 2316 matrum
746 2290 772 2315 in
785 2289 897 2320 liberos,
919 2289 1039 2315 virorum

245 2326 272 2352 in
289 2333 386 2352 uxores
402 2325 520 2351 scelera‘?
538 2325 653 2352 Cernitis
668 2326 825 2352 crudelitate
836 2327 934 2352 mixtas
946 2325 1040 2352 libidi-

245 2370 301 2393 nes,
310 2362 409 2388 videtis
421 2363 566 2394 immanes,
580 2363 695 2389 duorum
707 2364 885 2390 maximorum
892 2364 1037 2389 criminum

244 2404 376 2430 auctores,
399 2400 501 2434 quibus
516 2400 677 2426 criminibus
693 2400 759 2427 haec
774 2405 825 2427 tota
841 2400 913 2435 apud
931 2401 1038 2436 ignaros

244 2441 289 2462 aut
300 2436 407 2463 invidos
418 2436 514 2463 famata
525 2446 619 2463 caussa
631 2442 686 2469 est,
708 2438 782 2464 omni
799 2437 915 2464 facinore
925 2442 951 2464 et
961 2436 1039 2473 flagi-

245 2473 280 2498 tio
291 2473 450 2500 deformatos
462 2474 577 2501 habetis.

300 2511 338 2535 44.
360 2511 430 2536 Num
443 2511 526 2547 igitur
538 2512 564 2537 in
577 2511 620 2537 his
631 2511 801 2542 criminibus,
816 2510 929 2542 iudices,
942 2512 1037 2538 residet

244 2546 297 2572 iam
311 2546 401 2581 aliqua
417 2548 554 2582 suspicio?
574 2549 632 2575 Non
646 2552 807 2584 perpurgata
822 2547 903 2574 sunt?
922 2557 975 2574 non
994 2557 1037 2574 re-

243 2582 344 2609 i'utata‘.>
355 2592 406 2609 non
419 2584 516 2611 fracta?
535 2585 586 2617 Qui
599 2586 682 2621 igitur
693 2585 720 2611 id
732 2585 832 2612 factum
843 2584 900 2611 est‘?
909 2584 976 2617 Quia
988 2585 1037 2611 de—

242 2619 306 2646 disti
318 2619 395 2650 mihi,
409 2621 506 2652 Triari,
523 2622 596 2656 quod
606 2622 752 2653 diluerem,
765 2623 792 2649 in
803 2631 857 2657 quo
870 2627 1036 2657 argumenta-

241 2666 292 2689 rer,
300 2656 333 2684 de
344 2665 398 2692 quo
409 2657 587 2692 disputarem,
601 2661 664 2694 quia
675 2668 762 2695 genus
773 2659 907 2686 eiusmodi
920 2658 970 2686 fuit
981 2660 1036 2686 cri-

773 390 797 413 6.
820 387 871 413 Sed
885 387 1047 421 refugitsta-
1068 396 1070 405 ν

1071 1707 1072 1730 }
1095 1691 1189 1717 fuisse.

1041 131 1313 157 (Llctiitoxis

1100 202 1217 230 minum,
1235 200 1305 235 quod
1319 210 1369 226 non
1383 206 1464 227 totum
1477 202 1602 236 penderet
1613 212 1645 230 ex
1659 208 1737 233 teste,
1761 204 1806 229 sed
1818 204 1890 239 quod

1099 238 1255 272 ponderaret
1268 237 1347 263 iudex
1362 247 1418 272 ipse
1430 248 1477 273 per
1488 248 1525 264 se.
1568 242 1606 265 ⁴5.
1630 241 1721 275 Neque
1735 250 1805 270 vero,
1820 242 1891 267 iudi-

1098 285 1155 304 ces,
1179 274 1327 309 quidquam
1344 275 1416 300 aliud
1433 277 1458 302 in
1477 277 1565 311 ignoto
1576 282 1640 303 teste
1653 278 1737 303 facere
1749 278 1889 308 dvlwmus,

1099 312 1150 337 nisi
1164 317 1191 336 ut
1203 313 1537 346 arguunt-nto,coniectura.
1550 315 1703 348 suspicione
1719 324 1806 341 rerum
1821 317 1891 350 ipsa-

1100 357 1158 374 rum
1175 349 1227 374 vim
1241 354 1415 384 naturamque
1426 359 1597 384 quaeramus.
1637 352 1740 378 Etenim
1753 354 1827 379 testis
1840 362 1890 379 nen

1100 384 1178 411 inodo
1190 385 1260 415 Aser.
1274 386 1328 411 (aut
1339 386 1438 412 Sardus
1449 396 1526 417 sane,
1548 389 1570 413 si
1585 389 1617 414 ita
1632 398 1659 414 se
1676 390 1718 414 isu
1731 390 1833 416 malunt
1845 398 1892 415 no—

1100 423 1218 456 minari„
1230 423 1275 448 sed
1288 424 1379 457 quivis
1391 425 1469 450 etiam
1482 425 1627 459 elegantior
1637 435 1667 451 ac
1679 426 1829 460 religiosior
1841 428 1892 453 im-

1099 459 1176 494 pelli,
1193 460 1333 490 deterreri,
1352 462 1431 496 fingi,
1449 461 1517 488 flecti
1530 467 1627 496 potest:
1645 463 1772 489 dominus
1783 469 1822 490 est
1835 465 1891 498 ipse

1100 497 1243 522 voluntatis
1255 506 1318 522 suae
1327 518 1332 526 ,
1356 499 1381 524 in
1396 507 1450 533 quo
1460 504 1499 525 est
1511 500 1640 534 impunita
1653 501 1797 526 mentiendi
1810 500 1891 527 lieen-

1099 535 1145 559 tia.
1190 536 1224 559 ifi.
1246 535 1441 569 Argumentum
1455 545 1528 566 vero,
1551 537 1622 571 quod
1638 537 1767 572 quidem*
1779 543 1819 563 est
1830 547 1892 572 pro-

1074 583 1075 586 =
1098 572 1187 605 prium
1200 571 1246 600 rei,
1259 571 1356 606 (neque
1367 573 1438 598 enim
1452 573 1536 599 ullum
1544 573 1616 600 aliud
1629 580 1817 610 argumentum
1830 583 1891 601 vere

1100 609 1186 633 vocari
1203 613 1301 643 potest:
1325 618 1413 635 rerum
1431 619 1482 636 vox
1495 615 1535 636 est
1547 616 1654 637 naturae
1667 612 1825 647 vestigium.
1845 620 1891 637 ve-

1098 646 1183 671 ritatis
1196 647 1280 680 notin)
1294 645 1319 671 id
1330 646 1528 682 qualecumque
1540 654 1592 677 cst,
1607 654 1711 675 maneat
1723 648 1891 675 immutabile

1098 691 1206 708 necesse
1218 688 1270 709 est:
1288 692 1338 709 non
1351 685 1422 710 enim
1436 684 1545 720 fingitur
1555 686 1888 716 aboratore,sedsumitur.

1074 717 1075 725 ¹
1097 721 1184 751 Quare
1197 721 1222 746 in
1234 729 1265 745 eo
1275 729 1372 754 genere
1383 723 1561 748 accusationis
1572 723 1594 748 si
1609 724 1741 754 vincerer,
1764 732 1891 749 succum-

1098 757 1187 783 berem
1199 762 1225 783 et
1235 758 1370 784 cederem:
1396 760 1515 785 vincerer
1532 761 1604 786 omni
1621 769 1661 790 re,
1682 762 1802 787 vincerer
1813 769 1891 787 caus-

1097 803 1139 825 sa,
1162 795 1284 821 vincerer
1307 797 1426 822 veritate.
1480 797 1518 822 ⁴7.
1550 797 1652 833 Agmen
1673 803 1699 823 tu
1722 798 1788 824 milii
1811 798 1890 824 indu-

1097 840 1141 858 cas
1161 831 1304 858 Sardorum
1326 838 1352 859 et
1375 833 1512 860 catervas?
1540 840 1566 860 et
1591 843 1633 860 me
1657 844 1707 861 non
1728 835 1890 861 criminibus

1098 877 1206 904 urgere,
1229 869 1275 895 sed
1295 869 1418 896 Afrorum
1447 870 1552 897 fremitu
1575 876 1672 898 terrere
1692 872 1805 898 conere?
1834 873 1889 898 Non

1097 912 1187 941 potero
1207 907 1333 941 equidem
1354 907 1504 943 disputare3
1531 909 1577 935 sed
1599 909 1631 935 ad
1654 909 1748 935 horum
1771 909 1849 935 fidem
1865 914 1891 936 et

1098 944 1331 971 mansuetudinem
1342 945 1493 981 confugere,
1516 946 1551 972 ad
1566 949 1756 972 iusiurandum
1769 949 1889 977 iudicum,

1096 984 1130 1007 ud
1139 981 1232 1015 populi
1245 981 1355 1008 Romani
1370 984 1545 1018 aequitatem,
1566 985 1614 1018 qui
1633 984 1700 1010 hanc
1717 983 1844 1010 familiam
1863 985 1889 1010 in

1097 1018 1146 1044 hac
1159 1018 1224 1044 urbe
1236 1020 1385 1054 principem
1398 1020 1483 1046 voluit
1493 1029 1561 1051 esse,
1575 1021 1685 1047 deorum
1699 1021 1889 1047 immortalium

1098 1063 1196 1082 numen
1209 1056 1350 1090 implorare
1362 1062 1464 1091 potero,
1478 1058 1526 1093 qui
1537 1067 1644 1094 semper
1655 1059 1815 1085 exstiterunt
1826 1059 1890 1084 huic

1066 1102 1068 1106 ⁴
1096 1093 1189 1130 generi
1200 1095 1356 1130 nominique
1370 1094 1494 1122 fautores.

1154 1133 1193 1157 ⁴8.
1216 1132 1346 1167 Poposcit,
1360 1133 1512 1168 imperavit,
1525 1133 1633 1168 eripuit,
1646 1134 1743 1168 coegit.
1755 1148 1791 1152 —
1802 1132 1830 1159 Si
1842 1132 1890 1158 do-

1097 1173 1138 1195 cet
1149 1168 1262 1199 tabulis,
1279 1171 1406 1204 quoniam
1424 1170 1503 1196 habet
1518 1171 1614 1197 seriem
1625 1170 1770 1205 quamdam
1782 1175 1808 1196 et
1817 1170 1890 1196 ordi-

1097 1214 1158 1232 nem
1169 1208 1296 1233 contracti
1309 1209 1407 1243 negotii
1419 1207 1549 1234 confectio
1561 1209 1618 1243 ipsa
1630 1207 1792 1235 tabularum.
1806 1212 1890 1233 atten-

1096 1243 1158 1269 dam
1171 1244 1265 1270 acriter
1275 1249 1308 1274 et,
1321 1245 1388 1279 quid
1401 1245 1428 1271 in
1439 1244 1608 1271 defendendo
1619 1245 1686 1271 mihi
1698 1245 1832 1280 agendum
1844 1245 1888 1274 sit,

1097 1281 1204 1307 videbo.
1245 1281 1275 1308 Si
1295 1281 1412 1317 denique
1431 1283 1514 1309 nitere
1531 1282 1644 1309 testibus
1658 1282 1721 1316 (non
1735 1282 1796 1308 dico
1811 1282 1890 1308 bonis

1097 1319 1163 1344 viris
1174 1327 1204 1344 ac
1215 1319 1342 1353 probatis,
1352 1320 1406 1346 noti
1416 1320 1471 1346 sint
1481 1319 1582 1354 modo):
1597 1319 1826 1355 quemadmodum
1839 1320 1890 1345 mi-

1097 1355 1197 1392 hicum
1209 1364 1317 1391 quoque
1328 1357 1363 1383 sit
1373 1356 1582 1392 confligendum,
1595 1357 1778 1383 considerabo.
1797 1356 1889 1382 ⁴9.Sin

1097 1401 1167 1419 unus
1179 1393 1263 1424 color,
1280 1402 1332 1420 una
1343 1403 1408 1425 vox,
1427 1403 1479 1420 una
1495 1395 1567 1421 natio
1580 1399 1620 1421 est
1629 1395 1750 1421 omnium
1765 1394 1887 1425 testium,

1096 1431 1134 1462 si,
1151 1430 1223 1465 quod
1237 1431 1255 1457 ii
1265 1430 1372 1462 dicunt,
1389 1440 1441 1458 non
1457 1431 1536 1458 modo
1551 1431 1634 1458 nullis
1645 1431 1825 1467 argumentis,
1842 1430 1890 1457 sed

1096 1476 1128 1493 ne
1146 1467 1294 1494 litterarum
1310 1468 1420 1503 quidem
1436 1468 1527 1504 aliquo
1541 1477 1638 1505 genere
1653 1474 1699 1495 aut
1719 1468 1889 1503 publicarum

1097 1542 1201 1568 firmare
1213 1548 1355 1570 conantur:
1372 1552 1426 1578 quo
1442 1552 1484 1570 me
1499 1549 1614 1574 vertam,
1632 1543 1750 1574 iudices,
1768 1542 1890 1578 autquid

1095 1617 1167 1651 quod
1188 1616 1472 1645 dares‘?—Habuisse
1492 1627 1520 1644 se
1540 1618 1621 1644 dicet.
1637 1633 1674 1637 —
1688 1617 1754 1650 Quis
1775 1617 1802 1643 id
1822 1616 1890 1644 scit?

1094 1654 1162 1686 Quis
1183 1654 1211 1680 id
1232 1654 1379 1682 indicavit?
1398 1656 1456 1682 Non
1478 1655 1562 1682 fuisse
1577 1654 1719 1682 caussam?
1737 1670 1774 1674 —
1793 1654 1890 1690 Finget

1229 1691 1280 1723 Qui
1293 1692 1446 1719 refellemus
1457 1693 1577 1727 potuisse
1588 1701 1640 1718 non
1652 1691 1728 1722 dare,
1750 1692 1774 1717 si
1786 1690 1889 1717 noluis-

1094 1728 1152 1755 set‘?
1173 1729 1204 1754 Vi
1220 1734 1341 1764 ereptum
1357 1738 1416 1756 esse
1430 1729 1510 1756 dicet.
1550 1729 1622 1761 Quae
1639 1733 1724 1764 potest
1735 1728 1888 1763 eloquentia

1094 1765 1257 1800 disputando
1278 1767 1362 1801 ignoti
1382 1766 1500 1793 hominis
1519 1766 1716 1801 impudentiam
1734 1765 1890 1792 confutare?

1094 1804 1136 1829 ⁶20.
1151 1803 1208 1828 Non
1220 1811 1296 1838 agam
1309 1804 1391 1839 igitur
1401 1812 1463 1830 cum
1476 1804 1525 1830 ista
1535 1803 1679 1830 Sardorum
1691 1803 1888 1837 conspiratione

1094 1844 1191 1866 etcum
1205 1848 1346 1875 express0.
1363 1845 1453 1867 coacto
1466 1840 1662 1875 sollicitatoque
1673 1840 1791 1874 periurio
1801 1840 1889 1866 subti-

1094 1876 1155 1903 liter
1169 1885 1217 1903 nec
1237 1886 1286 1904 acu
1303 1878 1435 1912 quaedam
1450 1877 1587 1904 enucleata
1603 1882 1760 1913 argumenta
1775 1878 1889 1912 conqui-

1070 1934 1072 1945 ,
1094 1922 1163 1946 ram3
1180 1914 1228 1940 sed
1243 1920 1331 1941 contra
1347 1916 1477 1950 impetum
1494 1915 1575 1942 istum
1592 1914 1699 1941 illorum
1715 1915 1818 1949 impetu
1838 1922 1888 1950 ego

1070 1951 1072 1967 ἰ
1094 1957 1182 1978 nostro
1193 1960 1349 1979 concurram
1360 1958 1440 1987 atque
1450 1951 1602 1988 confligam.
1628 1952 1686 1978 Non
1697 1956 1738 1978 est
1750 1960 1822 1978 unus
1836 1952 1889 1977 mi-

1095 1989 1122 2015 hi
1137 1989 1254 2024 quisque
1268 1998 1302 2016 ex
1318 1989 1425 2016 illorum
1440 1990 1496 2016 acie
1514 1988 1710 2025 protrahendus
1726 1997 1814 2023 neque
1825 1997 1887 2014 cum

1070 2043 1071 2046 =
1093 2026 1209 2062 singulis
1220 2026 1411 2053 decertandum
1423 2032 1502 2062 atque
1508 2026 1698 2063 pugnandum,
1712 2030 1763 2052 tota
1770 2026 1887 2052 estacies

1093 2063 1138 2089 illa
1150 2072 1202 2090 uno
1214 2064 1316 2099 impetu
1330 2064 1532 2099 prosternenda.

1145 2102 1188 2127 2⁴.
1209 2101 1257 2128 Est
1274 2102 1346 2128 enim
1367 2110 1452 2128 unum
1474 2102 1623 2128 maximum
1647 2100 1728 2126 totius
1748 2099 1886 2126 Sardiniae

1069 2144 1071 2172 j
1092 2137 1298 2164 frumentarium
1312 2139 1414 2165 crimen
1422 2159 1429 2170 ,
1446 2138 1479 2165 de
1490 2147 1544 2174 quo
1555 2138 1674 2165 Triarius
1685 2145 1778 2163 omnes
1789 2136 1886 2163 Sardos

1092 2175 1278 2211 interrogavit,
1300 2175 1373 2210 quod
1387 2184 1473 2211 genus
1495 2184 1548 2202 uno
1569 2174 1715 2202 testimonii
1735 2173 1840 2200 foedere
1861 2178 1887 2200 et

1091 2221 1224 2239 consensu
1239 2213 1361 2239 omnium
1377 2217 1418 2239 est
1433 2212 1630 2240 confirmatum.
1669 2210 1746 2243 Quod
1764 2219 1814 2246 ego
1832 2211 1886 2236 cri-

1091 2258 1153 2276 men
1164 2254 1307 2285 antequam
1319 2250 1433 2285 attingo,
1454 2255 1516 2285 peto
1527 2259 1540 2276 a
1552 2249 1644 2280 vobis,
1665 2248 1783 2278 iudices,
1800 2252 1830 2274 ut
1842 2255 1885 2273 me

1091 2287 1172 2313 totius
1188 2292 1293 2313 nostrae
1310 2287 1475 2314 deiensionis
1489 2287 1567 2322 quasi
1582 2285 1714 2321 quaedam
1726 2286 1811 2311 iacere
1823 2283 1885 2310 fun-

1091 2324 1213 2350 damenta
1230 2325 1380 2359 patiamini.
1420 2324 1493 2357 Quae
1508 2325 1532 2350 si
1546 2328 1637 2354 erunt,
1660 2327 1690 2349 ut
1704 2330 1763 2348 mea
1778 2321 1844 2347 ratio
1859 2326 1885 2347 et

1090 2362 1215 2397 cogitatio
1222 2361 1280 2391 fert,
1289 2363 1375 2396 posita
1386 2366 1411 2388 et
1421 2361 1578 2388 constituta:
1591 2359 1694 2387 nullam
1705 2358 1883 2386 accusationis

1090 2403 1192 2433 partem
1212 2399 1409 2433 pertimescam.
1449 2400 1492 2425 Ἠ.
1514 2399 1606 2424 Dicam
1625 2397 1697 2423 enim
1715 2396 1834 2430 primum
1849 2394 1883 2421 de

1089 2437 1149 2471 ipso
1159 2444 1257 2471 genere
1268 2436 1459 2468 accusationis;
1473 2440 1564 2470 postea
1575 2435 1607 2461 de
1614 2433 1719 2465 Sardis,
1734 2437 1791 2458 tum
1801 2433 1882 2458 etiam

1088 2481 1173 2508 pauca
1187 2473 1220 2499 de
1231 2473 1344 2499 Scauro:
1366 2473 1467 2508 quibus
1483 2472 1564 2498 rebus
1580 2470 1721 2505 explicatis
1736 2474 1793 2496 tum
1804 2469 1883 2495 deni-

1088 2519 1141 2545 que
1156 2510 1189 2537 ad
1205 2510 1255 2537 hoc
1269 2510 1399 2537 horribile
1414 2514 1440 2537 et
1455 2509 1657 2536 formidolosum
1675 2506 1881 2533 frumentarium

1087 2549 1189 2574 crimen
1201 2547 1336 2574 accedam.

1142 2587 1184 2611 23.
1206 2584 1283 2617 Quod
1297 2589 1338 2611 est
1351 2584 1435 2620 igitur
1445 2583 1495 2610 hoc
1509 2581 1700 2611 accusationis,
1717 2580 1816 2611 Triari,
1833 2587 1881 2616 ge-

1086 2621 1155 2648 nus‘?
1174 2622 1308 2653 Primum,
1331 2625 1360 2647 ut
1375 2621 1536 2656 inquisitum
1554 2627 1607 2646 non
1623 2617 1704 2645 ieris‘?
1733 2617 1806 2649 Quae
1830 2617 1881 2644 fuit

1086 2659 1135 2685 ista
1147 2664 1200 2686 tam
1212 2658 1300 2690 ferox,
1323 2663 1376 2685 tam
1387 2657 1522 2693 explorata
1534 2656 1616 2683 huius
1627 2654 1799 2690 opprimendi
1810 2653 1880 2681 fidu-
