1941 3052
318 127 644 154 EPISTOLARUM

674 127 727 153 AD
757 126 986 153 DIVERSOS
1017 127 1097 153 LIB.
1120 126 1182 153 XV.
1213 126 1274 153 ΕΡ.
1298 127 1413 153 4-8,

1637 128 1686 154 785

46 200 88 230 iis,
101 199 148 234 qui
160 198 227 224 meis
240 198 369 224 institutis
381 207 409 225 se
421 203 550 225 recreatos
561 202 666 233 putant.
692 197 838 232 Quumque
859 197 868 233 jl
891 199 927 224 Ea
943 202 984 224 est
999 198 1071 224 enim
1087 197 1204 232 profecto
1220 197 1338 224 iucunda
1357 197 1429 229 laus,
1446 206 1514 233 quae
1531 197 1564 224 ab
1580 198 1614 224 iis
1626 207 1688 233 pro-

44 245 137 263 omnes
158 244 211 262 uno
226 244 309 270 prope
324 244 456 262 consensu
472 236 505 262 de
522 244 564 262 me
580 235 652 270 apud
668 240 692 261 te
706 244 749 266 ea,
770 244 839 270 quae
860 238 861 251 ³

45 274 113 300 mihi
127 274 295 308 optatissima
310 277 382 304 sunt,
400 273 603 307 praedicabunt,
625 278 682 299 tum
698 272 767 299 duae
783 281 841 298 ma·
860 286 861 305 1

45 311 134 338 ximae
149 310 288 336 clientelae
304 315 373 341 tuae,
387 310 492 346 Cyprus
508 310 597 336 insula
615 315 641 336 et
656 309 840 344 Cappadociae
860 318 861 322 ¹

45 356 168 383 regnum,
185 352 274 374 tecum
293 347 326 373 de
341 356 384 373 me
400 347 556 383 loquentur:
582 352 647 382 puto
658 348 738 374 etiam
749 355 840 382 regem

45 386 211 416 Deiotarum,
243 385 292 420 qui
321 385 369 411 uni
390 385 440 411 tibi
460 390 500 412 est
520 385 638 411 maxime
658 385 838 410 necessarius.

44 422 118 455 Quae
128 423 151 448 si
163 423 243 448 etiam
256 422 356 448 maiora
367 427 430 448 sunt
440 427 466 449 et
476 423 503 448 in
514 422 643 448 omnibus
649 421 766 448 saeculis
773 430 840 456 pau·
860 423 862 429 ⁴

44 460 129 486 ciores
146 460 199 485 viri
215 460 312 494 reperti
328 464 403 490 sunt,
421 460 470 494 qui
487 468 550 486 suas
564 459 740 494 cupiditates,
758 467 840 493 quam

45 498 92 532 qui
118 497 237 523 hostium
262 497 352 531 copias
373 497 523 523 vincerent:
555 501 596 522 est
614 496 732 531 profecto
750 500 838 527 tuum,

45 543 131 569 quum
147 534 180 560 ad
191 543 234 560 res
244 534 356 560 bellicas
368 534 442 565 haec,
460 542 530 569 quae
541 534 639 560 rariora
651 538 676 560 et
686 532 840 559 difficiliora

44 576 116 602 sunt,
133 580 230 607 genera
247 572 355 598 virtutis
370 571 536 602 adiunxeris,
550 572 623 606 ipsas
635 571 715 597 etiam
727 570 787 596 illas
798 578 840 596 res

45 613 134 644 gestas
156 609 281 635 iustiores
301 613 327 635 et
342 609 456 635 maiores
472 613 576 643 putare.
619 610 658 634 46.
680 608 840 634 Extremum

45 646 113 672 illud
130 651 183 677 est,
201 651 239 677 ut,
259 647 338 681 quasi
353 645 481 672 diffidens
496 646 627 682 rogationi
644 653 732 676 meae,
750 644 840 679 philo-

45 683 169 718 sophiam
185 683 218 709 ad
230 688 254 710 te
265 683 390 718 allegem,
408 691 461 718 qua
476 692 524 709 nec
536 683 604 709 mihi
615 683 702 709 carior
712 681 768 708 ulla
779 691 841 708 um-

45 729 127 755 quam
143 729 185 747 res
203 721 230 747 in
246 721 301 746 vita
317 720 376 751 fuit,
395 729 443 746 nec
459 720 601 746 hominum
617 720 711 756 generi
727 719 814 746 maius
826 728 840 745 a
861 744 862 749 ,

45 758 99 784 diis
111 767 211 784 munus
223 757 309 784 ullum
323 762 363 783 est
373 757 476 784 datum.
507 758 576 784 Haec
586 758 678 793 igitur,
691 765 760 792 quae
772 757 841 783 mihi

45 800 135 822 tecum
148 795 300 822 communis
311 799 360 826 est,
368 795 481 821 societas
492 795 645 821 studiorum
656 799 736 829 atque
742 795 840 820 artium

46 837 205 863 nostrarum,
224 832 349 867 quibusa
366 832 482 866 pueritia
496 832 581 859 dediti
597 841 627 858 ac
647 832 776 862 devincti,
790 831 841 858 soli

44 869 239 905 propemodum
255 878 302 895 nos
322 869 522 904 philosophiam
538 869 613 896 illam
629 878 720 896 veram
732 873 757 896 et
772 869 841 895 anti-

44 916 135 943 quam,
153 915 223 942 quae
238 906 405 942 quibusdam
420 907 468 933 otii
479 916 538 933 esse
549 916 579 933 ac
589 906 710 933 desidiae
721 906 838 937 videtur,

46 946 73 971 in
87 944 175 971 forum
186 949 266 979 atque
277 945 305 971 in
317 944 514 979 rempublicam
525 949 604 980 atque
616 945 644 971 iu
656 945 743 979 ipsam
755 944 841 970 aciem

46 990 129 1017 paene
140 981 314 1013 deduximus,
323 986 412 1008 tecum
422 982 478 1017 agit
489 982 522 1008 de
533 981 687 1013 mealaude,
697 982 841 1018 cuinegari

45 1028 60 1046 a
71 1019 168 1046 Catone
183 1019 222 1046 fas
234 1028 293 1045 esse
304 1028 356 1045 non
368 1024 444 1054 puto.
474 1019 656 1052 Quamobrem
669 1019 718 1046 tibi
729 1020 768 1046 sic
780 1028 842 1054 per-

45 1056 168 1088 suadeas,
187 1057 283 1083 velim:
306 1057 330 1083 si
346 1057 414 1083 mihi
428 1061 473 1083 tua
484 1058 615 1084 sententia
626 1057 745 1084 tributus
756 1056 841 1083 honos

45 1102 79 1120 ex
93 1094 161 1120 meis
177 1093 273 1121 litteris
288 1093 378 1125 fuerit,
399 1103 441 1120 me
456 1095 496 1120 sic
511 1095 739 1126 existimaturum,
756 1103 842 1129 quum

45 1132 199 1158 auctoritate
213 1136 267 1163 tua,
276 1136 333 1158 tum
345 1131 532 1159 benevolentia
544 1141 608 1168 erga
619 1141 671 1164 me,
679 1132 757 1164 mihi,
769 1131 843 1167 quod

47 1169 164 1196 maxime
175 1169 317 1204 cupierim,
333 1169 489 1205 contigisse.
529 1170 603 1197 Vale.

94 1223 121 1242 V.
140 1222 218 1243 ARG.
238 1222 325 1242 Gaudet
347 1223 456 1243 decretum
479 1229 528 1243 ene
552 1221 750 1249 mpplicutionem3
779 1228 842 1249 quam

45 1253 115 1279 quod,
131 1253 170 1279 qui
183 1252 366 1274 honorificentiun
377 1252 494 1277 sensisset,
505 1260 549 1274 non
558 1253 608 1281 ipse
618 1259 704 1280 quoque
712 1252 842 1277 decreverit,

45 1283 166 1304 excusandi
186 1283 222 1304 sui
239 1290 318 1304 caussa
337 1283 436 1310 exponit.

256 1316 342 1339 (Romae,
351 1316 418 1337 Paulo,
428 1316 521 1334 Marcello
530 1322 577 1334 con.
588 1317 642 1338 704.)

155 1351 191 1377 M.
214 1350 315 1377 CATO
336 1350 364 1377 S.
386 1351 415 1377 P.
437 1351 468 1377 D.
493 1351 529 1378 M.
551 1351 581 1378 T.
603 1352 633 1378 C.
655 1352 732 1378 IMP.

103 1389 127 1415 l.
150 1382 234 1420 Quod
249 1392 275 1414 et
289 1388 443 1423 respublica
459 1396 501 1414 me
516 1392 542 1415 et
553 1393 641 1415 nostra
652 1389 770 1416 amicitia
781 1389 844 1416 hor-

46 1430 129 1456 tatur,
148 1425 262 1452 libenter
274 1425 355 1456 facio,
369 1430 399 1452 ut
409 1430 482 1452 tuam
497 1426 637 1457 virtutem,
650 1427 841 1458 innocentiam,

46 1463 224 1499 diligentiam,
238 1463 372 1499 cognitam
385 1464 411 1489 in
424 1463 550 1489 maximis
562 1464 652 1494 rebus,
666 1464 739 1491 domi
751 1465 842 1499 togati,

5 1528 7 1537 Ι
46 1501 141 1527 armati
166 1499 244 1531 foris,
272 1501 329 1535 pari
343 1500 474 1527 industria
496 1500 678 1528 administrari
698 1501 842 1537 gaudeam.

7 1541 8 1546 ¹
45 1538 147 1573 Itaque,
170 1537 243 1572 quod
258 1546 306 1572 pro
322 1546 381 1564 meo
397 1538 498 1564 iudicio
515 1537 600 1565 facere
616 1539 705 1573 potui,
726 1544 756 1565 ut
767 1539 845 1565 inno—

7 1601 9 1606 ,
45 1576 132 1602 centia
149 1575 315 1610 consilioque
332 1580 376 1601 tuo
392 1575 530 1602 defensam
547 1577 729 1610 provinciam,
752 1585 845 1603 serva-

46 1617 104 1640 tum
124 1612 313 1639 Ariobarzanis
333 1621 395 1639 cum
410 1613 470 1647 ipso
485 1622 547 1648 rege
563 1622 691 1649 regnum,
709 1614 844 1640 sociorum

8 1647 11 1684 ζ
46 1654 196 1677 revocatam
222 1649 255 1676 ad
279 1649 401 1676 studium
426 1650 535 1685 imperii
559 1651 642 1677 nostri
668 1650 842 1683 voluntatem,

46 1687 177 1714 sententia
189 1695 247 1713 mea
258 1691 284 1714 et
294 1687 400 1714 decreto
412 1687 559 1719 laudarem,
573 1687 634 1714 feci.
665 1690 690 1716 2.
700 1688 845 1724 Supplica-

10 1723 11 1727 ’
46 1725 146 1752 tionem
167 1724 315 1756 decretam,
333 1725 356 1751 si
373 1729 415 1756 tu,
432 1734 485 1760 qua
502 1726 529 1752 in
546 1733 573 1751 re
584 1725 653 1752 nihil
666 1725 783 1757 fortuito,
797 1726 845 1752 sed

47 1770 153 1788 summa
173 1766 218 1788 tua
239 1762 339 1789 ratione
359 1766 385 1789 et
402 1763 578 1794 continentia,
602 1763 767 1798 reipublicae
783 1772 846 1799 pro-

13 1830 15 1835 .
47 1799 138 1826 visum
154 1804 207 1831 est,
225 1799 278 1826 diis
290 1799 489 1827 immortalibus
500 1800 629 1836 gratulari
642 1810 703 1832 nos,
717 1810 799 1836 quam
812 1802 846 1828 ti-

46 1836 75 1863 hi
90 1836 189 1863 reterre
207 1841 346 1872 acceptum
363 1838 463 1869 mavis,
479 1837 595 1873 gaudeo.
621 1837 699 1870 Quod
710 1839 734 1865 si
748 1839 846 1865 trium-

47 1873 96 1909 phi
115 1875 328 1909 praerogativam
350 1879 428 1909 putas
443 1874 683 1909 supplicationem,
703 1880 729 1902 et
745 1876 845 1903 idcirco

16 1914 17 1921 ¹
47 1919 141 1938 casum
153 1911 252 1946 potius,
266 1920 347 1946 quam
359 1916 383 1938 te
396 1911 499 1938 laudari
513 1913 615 1939 mavis.-
639 1922 727 1948 neque
738 1913 846 1949 suppli-

47 1949 179 1976 cationem
201 1949 325 1983 sequitur
344 1957 452 1984 semper
472 1950 640 1984 triumphus,
662 1954 688 1977 et
708 1951 845 1986 triumpho

46 1985 132 2013 multo
152 1985 251 2012 clarius
265 1990 318 2017 est,
331 1991 454 2012 senatum
466 1986 600 2018 iudicare,
618 1988 708 2021 potius
719 1996 846 2015 mansue-

46 2023 141 2051 tudine
163 2027 189 2049 et
208 2023 360 2049 innocentia
377 2024 546 2058 imperatoris
562 2025 744 2059 provinciam,
761 2034 844 2060 quam

20 2062 22 2085 ἶ
46 2061 75 2087 νὶ
95 2060 214 2086 militum
238 2064 284 2087 aut
306 2060 472 2096 benignitate
493 2060 604 2088 deorum
621 2066 750 2088 retentam
766 2067 845 2098 atque

46 2102 231 2125 conservatam
243 2106 315 2124 csse:
338 2098 411 2133 quod
422 2106 471 2134 ego
483 2106 541 2124 mea
553 2099 683 2125 sententia
690 2099 845 2127 censebam.

22 2137 23 2142 ¹
47 2136 72 2162 3.
93 2135 180 2170 Atque
193 2135 258 2161 haec
267 2143 317 2171 ego
328 2135 428 2162 idcirco
440 2135 473 2161 ad
485 2140 509 2162 te
519 2140 609 2162 contra
621 2137 845 2164 consuetudinem

47 2180 134 2199 meam
146 2172 273 2207 pluribus
282 2173 389 2207 scripsi,
404 2177 441 2204 ut,
455 2172 528 2208 quod
540 2174 657 2200 maxime
670 2173 739 2205 volo.
751 2175 847 2202 existi-

48 2217 119 2242 mes,
136 2218 179 2236 me
191 2209 324 2241 laborare,
342 2214 372 2236 ut
382 2210 432 2236 tibi
442 2210 634 2245 persuadeam,
653 2219 695 2238 me
706 2216 732 2238 et
743 2211 847 2238 voluis-

48 2255 77 2274 se
92 2246 125 2274 de
141 2252 185 2274 tua
201 2247 353 2278 maiestate,
372 2247 445 2282 quod
457 2247 658 2282 amplissimum
669 2248 721 2275 sim
733 2249 847 2276 arbitra-

49 2288 105 2316 tus,
125 2289 151 2312 et
160 2284 234 2320 quod
246 2289 273 2311 tu
286 2284 414 2315 maluisti.
429 2284 528 2311 factum
540 2294 598 2312 esse
609 2285 737 2321 gaudere.
771 2286 845 2317 Vale,

4 2354 5 2357 Ἴ
50 2325 77 2348 et
91 2329 138 2348 nos
153 2321 250 2358 dilige,
269 2327 295 2349 et
308 2322 431 2348 instituto
442 2322 537 2349 itinere
548 2323 718 2350 severitatem
729 2323 848 2360 diligen-

28 2361 29 2366 *
50 2358 168 2394 tiamque
179 2359 260 2386 sociis
274 2363 300 2386 et
311 2359 476 2393 reipublicae
489 2364 602 2394 praesta.

102 2411 140 2433 Vl.
159 2411 236 2433 ΑΚΘ.
256 2412 356 2438 Magnam
372 2419 395 2432 ne
410 2419 438 2432 ex
457 2413 549 2433 (fat-nni·
569 2411 698 2433 laudatione
713 2412 847 2440 voluptatem

30 2446 31 2452 ¹
51 2445 136 2473 cepi-ne
149 2447 275 2474 profitetur.
296 2446 395 2474 petitque
404 2450 436 2472 ut,
447 2447 468 2468 ui
479 2447 553 2468 favero
563 2447 661 2468 noluerit
670 2447 693 2467 in
704 2447 846 2475 adipi-cenae

51 2479 169 2509 triumpho,
180 2481 267 2507 ultam,
279 2481 299 2502 ni
309 2482 454 2510 adipiscatur,
465 2483 567 2507 gaudent.

251 2521 284 2541 (lu
296 2519 341 2538 Asin
350 2533 355 2540 ,
372 2519 446 2540 Paullo,
456 2519 548 2537 Mari-vlla
559 2526 604 2537 vnn.
616 2521 640 2536 70
646 2521 668 2539 b.)

182 2553 217 2580 M.
239 2554 269 2581 Τ,
291 2554 321 2581 C.
343 2553 370 2580 S.
393 2554 421 2580 P.
443 2554 473 2580 D.
499 2554 533 2580 M.
556 2554 712 2581 CATONI.

0 2618 12 2624 Ἴ,
34 2611 35 2614 ,
109 2591 131 2616 l.
143 2584 246 2618 Laetus
255 2600 311 2618 sum
322 2593 428 2618 laudari
439 2601 484 2619 me.

35 2657 37 2665 Ι
54 2625 142 2662 inquit
153 2627 255 2660 llector,
268 2629 371 2665 opinor,
385 2628 457 2665 apud
471 2629 612 2659 Naevium,

36 2672 37 2678 ¹
446 2668 492 2694 abs
503 2670 533 2697 te,
542 2670 626 2701 puter,
638 2675 655 2693 α
665 2668 772 2694 laudato
781 2669 847 2694 viro.

891 235 1033 266 ficiscitur,
1051 235 1099 270 qui
1115 235 1168 269 ipsi
1184 235 1211 261 in
1228 234 1306 261 laude
1322 235 1458 262 vixerunt.
1494 236 1550 271 Ego
1566 243 1629 261 vero
1644 235 1687 261 vel

892 272 1071 308 gratulatione
1089 272 1237 298 litterarum
1255 277 1376 303 tuarum=
1395 272 1438 298 vel
1453 273 1614 299 testimoniis
1626 281 1689 298 sen-

891 310 988 336 tentiae
1004 309 1103 340 dictae,
1122 309 1190 335 nibil
1202 314 1255 341 est,
1269 310 1342 345 quod
1353 318 1396 336 me
1407 318 1459 336 non
1471 314 1625 336 assecutum
1636 318 1689 345 pu-

891 352 955 374 tem.
991 347 1073 381 quue
1085 346 1153 372 mihi
1165 355 1250 381 quum
1261 347 1461 381 amplissimum
1470 368 1476 379 ,
1493 352 1550 374 tum
1564 347 1689 382 gratissi-

891 393 967 410 mum
981 388 1034 415 est,
1051 389 1076 410 te
1089 384 1203 410 libenter
1214 385 1347 410 amicitiae
1359 384 1480 415 dedisse,
1498 384 1571 420 quod
1584 384 1688 420 liquido

892 421 997 448 veritati
1008 421 1096 447 dares.
1126 421 1172 452 Et,
1189 422 1276 448 sinon
1288 421 1367 448 modo
1377 430 1483 453 omnes,
1502 430 1596 448 verum
1608 422 1689 448 etiam

891 458 971 485 multi
986 458 1099 485 Catones
1110 463 1200 485 essent
1212 459 1238 485 in
1250 459 1358 485 civitate
1370 464 1473 490 nostra,
1497 460 1524 485 in
1536 468 1589 494 qua
1601 468 1687 485 unum

860 519 862 528 ‚
891 496 1027 522 exstitisse
1044 495 1167 522 mirabile
1178 501 1230 522 est:
1256 505 1337 531 quem
1349 505 1398 532 ego
1409 505 1532 528 currum,
1551 501 1596 522 aut
1606 505 1689 531 quam

867 2345 870 2488 l

867 2487 878 2693 l

892 533 1011 559 lauream
1036 542 1098 559 cum
1123 538 1167 559 tua
1189 533 1341 560 laudatione
1361 533 1528 560 conferrem?
1566 534 1632 559 Nam
1656 533 1690 560 ad

892 579 983 597 meum
999 579 1110 597 sensum
1125 574 1150 597 et
1165 570 1199 596 ad
1214 570 1283 597 illud
1303 571 1439 597 sincerum
1456 580 1485 597 ac
1500 570 1600 597 subtile
1616 571 1690 597 iudi-

891 609 965 634 cium
981 608 1050 634 nihil
1065 612 1152 642 potest
1167 616 1226 634 esse
1243 607 1422 639 laudabilius,
1440 617 1522 643 quam
1533 617 1563 634 ea
1575 612 1619 634 tua
1631 617 1690 635 ora-

892 646 937 676 tio,
960 654 1029 680 quae
1049 650 1089 671 est
1109 645 1142 671 ad
1163 654 1205 671 me
1224 646 1372 680 perscripta
1396 655 1410 672 a
1430 647 1498 672 meis
1519 646 1688 672 necessariis.

893 684 918 710 2.
941 682 993 708 Sed
1004 682 1510 714 caussammeaevoluntatis,nonenim
1518 683 1691 718 dicamcupi-

893 720 994 751 ditatis,
1009 720 1124 754 exposui
1136 720 1186 746 tibi
1197 720 1499 754 superioribuslitteris:
1520 729 1589 755 quae
1596 721 1692 747 etiam-

892 758 916 784 si
929 766 1026 792 parum
1042 758 1112 783 iusta
1128 757 1178 783 tibi
1190 758 1248 783 visa
1260 762 1312 788 est,
1334 757 1403 783 hanc
1418 762 1506 784 tamen
1519 757 1601 784 habet
1611 758 1691 784 ratio-

892 803 954 821 nem
962 815 968 826 ,
984 803 1036 821 non
1048 799 1078 821 ut
1088 794 1170 820 nimis
1181 794 1414 829 concupiscendus
1426 795 1519 826 honos,
1533 795 1579 820 sed
1591 800 1689 826 tamen,

892 833 916 858 si
935 831 1070 858 deferatur
1088 840 1102 857 a
1118 836 1227 863 senatu,
1245 832 1357 858 minime
1373 831 1559 866 aspernandus
1575 840 1633 858 esse
1651 833 1692 858 vi-

892 869 996 896 deatur.
1036 869 1119 904 Spero
1134 874 1237 901 autem,
1261 869 1339 896 illum
1354 869 1491 900 ordinem,
1510 878 1557 904 pro
1573 870 1641 895 meis
1657 870 1692 895 ob

893 906 1091 942 rempublicam
1106 907 1241 942 susceptis
1257 906 1409 938 laboribus,
1429 916 1471 933 me
1483 916 1535 933 non
1548 907 1692 942 indiguum

893 945 1006 976 honore,
1032 945 1130 971 usitato
1151 945 1323 979 praesertim,
1345 945 1575 971 existimaturum.
1615 944 1692 976 Quod

893 984 916 1009 si
933 983 968 1009 ita
983 982 1046 1013 erit,
1065 986 1169 1008 tantum
1183 990 1218 1008 ex
1233 986 1257 1008 te
1272 986 1346 1017 peto,
1364 981 1437 1017 quod
1448 982 1614 1008 amicissime
1625 982 1693 1008 scri-

893 1020 950 1051 bis,
972 1024 1014 1050 ut,
1038 1028 1124 1054 quum
1139 1024 1184 1046 tuo
1204 1019 1318 1051 iudicio,
1336 1019 1409 1054 quod
1421 1019 1622 1054 amplissimum
1634 1028 1693 1046 esse

894 1057 1045 1088 arbitraris,
1064 1057 1133 1083 mihi
1145 1057 1286 1088 tribueris,
1300 1058 1324 1083 si
1336 1057 1376 1088 id,
1390 1057 1462 1092 quod
1475 1056 1608 1087 maluero,
1622 1057 1694 1083 acci-

894 1095 976 1126 derit,
996 1094 1124 1121 aaudeas.
1162 1094 1207 1120 Sic
1222 1095 1294 1120 enim
1311 1094 1407 1121 fecisse
1426 1099 1465 1125 te,
1483 1099 1508 1120 et
1519 1095 1650 1125 sensisse,
1668 1100 1694 1120 et

896 1116 1011 1169 [veriusff
1026 1132 1169 1167 scripsisse
1181 1131 1274 1158 video:
1309 1141 1406 1167 resque
1421 1132 1479 1167 ipsa
1491 1131 1621 1163 declarat,
1644 1132 1693 1158 tibi

894 1170 973 1197 illum
985 1170 1113 1196 honorem
1125 1174 1246 1196 nostrum
1253 1169 1617 1204 supplicationisiucundum
1626 1169 1695 1195 suis-

895 1217 936 1239 se,
950 1207 1023 1242 quod
1034 1207 1178 1234 scribendo
1190 1206 1311 1234 adfuisti.
1342 1208 1411 1234 llaec
1425 1208 1498 1233 enim
1509 1212 1619 1233 senatus
1630 1216 1695 1233 con-

895 1244 965 1272 sulta
988 1253 1040 1271 non
1057 1245 1150 1280 ignoro
1170 1244 1203 1270 ab
1219 1245 1394 1271 amicissimis
1410 1245 1483 1276 eius,
1501 1245 1580 1271 cuius
1596 1244 1628 1270 de
1646 1244 1695 1270 lio-

895 1291 958 1309 nore
975 1282 1076 1318 agitur,
1094 1282 1178 1308 scribi
1193 1282 1289 1308 solere.
1320 1283 1390 1318 Ego,
1408 1287 1437 1308 ut
1448 1290 1540 1316 spero,
1561 1287 1585 1308 te
1597 1290 1695 1316 prope-

895 1320 968 1346 diem
984 1319 1096 1353 videb0;
1121 1324 1202 1354 atque
1214 1320 1316 1346 utinam
1328 1319 1467 1354 republica
1480 1319 1598 1349 meliore,
1612 1328 1694 1353 quam

896 1358 989 1384 timeo!

949 1435 998 1456 vn.
1018 1435 1094 1456 ΛΚΕ.
1110 1436 1135 1456 C.
1147 1434 1260 1459 Marcello,
1281 1434 1385 1462 patrueli,
1400 1434 1487 1456 eun-uli
1498 1435 1558 1459 =l‹·s.,
1572 1434 1695 1460 gutuli-tur

896 1477 1001 1498 suamque
1010 1470 1139 1496 «lignitatem
1151 1471 1293 1491 commendat.

1032 1508 1061 1529 (lu
1072 1508 1136 1525 cuti-is
1146 1508 1169 1525 ad
1180 1507 1273 1530 Cybistra,
1283 1507 1341 1527 Ruso,
1351 1507 1444 1525 Marcello
1452 1513 1497 1524 ross.
1510 1507 1566 1527 703.)

896 1543 932 1569 M.
958 1543 989 1569 T.
1015 1542 1045 1570 C.
1067 1541 1229 1569 PROCOS.
1264 1541 1293 1568 S.
1319 1542 1348 1568 P.
1376 1542 1406 1568 D.
1428 1541 1458 1568 C.
1480 1541 1695 1568 MARCELLO

1201 1579 1281 1606 COS.
1308 1579 1353 1605 DE
1362 1579 1389 1605 S.

952 1612 1078 1643 Maxima
1099 1626 1160 1643 sum
1181 1616 1280 1644 laetitia
1301 1616 1425 1645 affectus.
1444 1625 1529 1651 quum
1545 1615 1652 1642 audivi.
1671 1621 1694 1642 te

896 1654 1036 1681 consulem
1048 1654 1148 1681 sactum
1160 1662 1232 1681 esse:
1250 1662 1366 1689 eumque
1379 1653 1506 1680 honorem
1515 1653 1634 1680 tihideos
1642 1653 1695 1679 sor—

897 1697 991 1719 tunare
1015 1691 1089 1723 volo,
1111 1696 1191 1727 atque
1206 1701 1220 1719 a
1240 1696 1263 1718 te
1280 1700 1328 1726 pro
1344 1696 1387 1718 tua
1404 1691 1578 1726 parentisque
1598 1691 1636 1717 tui
1652 1690 1696 1717 di-

896 1730 998 1766 gnitate
1018 1729 1212 1756 administrari.
1254 1730 1321 1755 Nam
1342 1737 1427 1763 quum
1444 1733 1468 1755 te
1484 1737 1591 1763 semper
1606 1729 1696 1755 amavi

897 1767 1050 1802 dilexiquc,
1073 1771 1130 1794 tum
1147 1767 1200 1793 mei
1215 1767 1434 1793 amantissimum
1450 1766 1564 1801 cognovi
1580 1766 1606 1792 in
1621 1766 1695 1792 omni

897 1805 1024 1832 varietate
1036 1813 1126 1831 rerum
1138 1813 1273 1837 mearum3
1297 1809 1354 1830 tum
1369 1804 1452 1838 patris
1465 1804 1503 1830 tui
1514 1803 1641 1838 pluribus
1649 1803 1697 1829 be-

898 1842 1012 1873 neficiis,
1030 1841 1073 1869 vel
1089 1841 1218 1868 defensus
1235 1841 1358 1868 tristibus
1375 1840 1543 1876 temporibus
1560 1840 1601 1866 vel
1618 1849 1697 1867 orna-

898 1885 940 1907 tus
955 1879 1094 1911 secundis,
1102 1884 1198 1906 etsum
1211 1884 1281 1906 totus
1292 1884 1380 1906 vester
1389 1884 1415 1905 et
1424 1887 1482 1904 csse
1493 1878 1592 1908 debeo;
1610 1887 1696 1913 quum

898 1917 1056 1952 praesertim
1076 1917 1170 1944 matris
1190 1922 1265 1948 tuae,
1287 1917 1466 1953 gravissimae
1483 1921 1563 1951 atque
1579 1916 1696 1950 optimae

898 1954 1028 1986 feminae,
1047 1955 1147 1981 maiora
1167 1963 1230 1990 erga
1245 1953 1361 1981 salutem
1377 1953 1592 1989 dignitatemque
1609 1962 1696 1979 meam

897 1992 997 2023 studia,
1015 2000 1098 2027 quam
1114 1997 1189 2019 erant
1204 2001 1217 2018 a
1234 1991 1347 2018 muliere
1363 1990 1533 2026 postulanda,
1550 1999 1697 2026 perspexe-

899 2030 960 2056 rim.
982 2030 1150 2064 Quapropter
1161 2038 1175 2056 a
1190 2034 1213 2056 te
1225 2034 1286 2064 peto
1298 2030 1325 2055 in
1338 2029 1466 2055 maiorem
1481 2028 1602 2059 modum,
1615 2033 1644 2054 ut
1654 2036 1696 2054 me

898 2067 1037 2094 absentem
1049 2066 1149 2103 diligas
1160 2071 1240 2102 atque
1251 2066 1390 2093 defendas.

952 2174 1015 2196 vm.
1031 2174 1107 2195 Aac.
1124 2174 1148 2194 C.
1164 2173 1270 2194 Marcello
1285 2172 1364 2198 auguri
1378 2173 1405 2193 «le
1418 2172 1461 2192 filii
1471 2171 1589 2193 eon-ulam
1599 2171 1695 2197 gutulu-

898 2213 942 2235 tun.
953 2209 1009 2238 petit
1019 2213 1044 2230 ut
1054 2215 1078 2229 ae
1089 2209 1201 2229 abu-ntem
1211 2208 1323 2229 defendat.

1027 2246 1058 2268 (ln
1068 2246 1132 2263 enutri:
1142 2245 1166 2263 nt
1177 2244 1271 2268 cybium,
1281 2244 1339 2264 Rutu.
1349 2244 1442 2263 Mucello
1452 2250 1498 2262 cou-
1510 2244 1565 2264 703.)

899 2289 933 2315 M.
952 2289 983 2314 T.
1003 2287 1032 2315 C.
1052 2288 1149 2315 PROC.
1165 2287 1193 2314 S.
1214 2288 1242 2314 Ρ.
1262 2287 1292 2314 D.
1308 2286 1490 2314 MARCELLO
1505 2285 1694 2314 COLLEGAE.

953 2324 1118 2356 Marcellum
1134 2332 1212 2354 tuum
1222 2326 1362 2354 consulem
1375 2326 1489 2358 factum,
1506 2332 1585 2362 teque
1597 2335 1626 2352 ea
1643 2326 1696 2352 lae-

898 2367 956 2393 titia
971 2366 1095 2392 allectum
1107 2373 1180 2395 esse,
1193 2373 1275 2400 quam
1288 2365 1405 2391 maxime
1416 2364 1527 2398 optasti,
1541 2363 1695 2390 mirandum

901 2405 926 2430 in
946 2403 1057 2430 modum
1073 2402 1192 2438 gaudeo:
1220 2401 1303 2437 idque
1318 2410 1404 2437 quum
1417 2401 1504 2436 ipsius
1516 2410 1624 2430 caussa.
1639 2405 1696 2427 tum

899 2440 971 2476 quod
993 2445 1016 2467 to
1036 2440 1164 2467 omnibus
1180 2439 1389 2465 secundissimis
1404 2438 1485 2465 rebus
1501 2438 1695 2472 dignissimum

901 2478 1004 2504 iudico:
1028 2478 1107 2503 cuius
1119 2485 1181 2512 erga
1194 2485 1236 2503 me
1243 2476 1410 2511 singularem
1423 2475 1639 2502 benevolentiam
1653 2475 1695 2501 vel

900 2516 925 2541 in
939 2515 1028 2541 laboro
1040 2523 1100 2541 mco
1111 2514 1152 2541 vel
1168 2515 1195 2540 in
1211 2514 1309 2540 bonore
1321 2514 1462 2548 perspexi:
1485 2518 1565 2539 totam
1578 2512 1696 2548 denique

899 2553 1010 2579 domum
1028 2556 1144 2579 vestram
1159 2551 1201 2578 vel
1218 2551 1314 2577 salutis
1326 2551 1367 2577 vel
1387 2551 1528 2586 dignitatis
1544 2558 1619 2576 meae
1636 2556 1695 2577 stu·

898 2590 1081 2617 ‹liosissimnm
1098 2589 1360 2624 cupidissimamque
1376 2588 1500 2624 cognovi.
1531 2588 1618 2620 Quare
1633 2596 1694 2623 gra-

868 2640 870 2650 v
900 2633 956 2654 tum
974 2627 1041 2653 mibi
1061 2626 1170 2657 feceris.
1188 2627 1212 2652 si
1228 2626 1306 2653 uxori
1323 2631 1382 2653 tuae
1394 2625 1498 2655 luniao,
1515 2625 1694 2661 gravissumo

899 2669 978 2700 atque
991 2665 1108 2700 optimae
1124 2663 1252 2695 feminae,
1274 2664 1342 2690 meis
1358 2663 1449 2690 verbis
1467 2663 1520 2690 eris
1533 2662 1691 2699 gratulatus.

1454 2712 1488 2737 99
