1941 3052
230 150 278 174 mix
803 149 845 173 51.
880 147 914 173 M.

229 229 270 244 res
287 218 391 245 meam‘?
415 227 495 253 quam
513 223 539 244 tu
557 219 633 253 ponis
651 218 676 244 in
693 226 732 247 co.
751 218 772 244 si
789 226 895 252 semper
905 225 966 243 cum
980 217 1021 248 iiie,

227 257 391 291 quibuscum
423 256 566 290 aliquando
595 255 791 285 contendimus,
823 254 1022 289 ‹lepugnemum

227 294 303 326 Quod
325 299 365 319 est
385 293 462 326 longe
478 302 565 318 secus,
597 293 671 317 Stare
685 293 756 317 enim
773 300 865 317 omnes
881 291 1021 322 ‹li-bemus,

228 336 363 365 tamquam
376 331 401 356 in
413 330 476 355 orbo
486 329 577 364 aliquo
589 329 759 363 reipublicae,
773 329 957 363 quiquoniam
967 337 1023 354 ver-

227 374 309 398 satur,
329 376 384 393 enin
401 367 518 400 deligere
535 371 645 400 partem,
664 366 695 392 ad
711 375 791 400 quam
805 374 852 392 nos
865 365 938 391 illius
951 365 1024 391 utili-

227 411 265 431 tas
277 404 576 438 salusqueconverterit.
600 403 726 429 XXXlX.
735 403 883 439 Egoautem
891 403 938 429 Cn.
948 403 1025 428 Pom-

228 443 327 476 peium,
346 450 396 467 non
413 441 472 466 (lieo
487 445 630 470 auctorem,
649 441 754 470 ducem,
771 439 939 466 defensorem
952 439 1024 466 salii-

227 481 259 505 tis
277 487 357 509 mene,
376 478 446 512 (nam
465 478 528 504 haec
544 478 668 512 privatim
685 477 795 504 fortasse
806 477 955 503 officiorum
968 486 1023 503 mc-

227 516 337 542 moriam
359 519 492 549 quaerunt
511 519 537 541 ct
551 515 685 550 gratiam.)
700 515 746 541 scd
765 515 813 541 hoc
824 515 892 545 dico,
907 514 979 550 quod
991 514 1022 540 ad
1044 529 1045 534 =

225 552 339 579 sulutem
366 552 529 587 reipublicae
555 553 681 587 pertinet:
713 561 762 587 ego
782 561 844 578 eum
865 561 917 578 non
939 557 1021 581 tuear,

225 598 305 624 quem
325 598 417 615 omnes
433 590 459 615 in
477 590 613 624 republica
630 590 777 624 principem
789 598 847 616 esse
858 589 1024 616 concedunt?

227 628 281 662 ligo
297 627 325 654 C.
344 627 463 653 Caesaris
481 627 607 653 laudibus
618 627 713 658 desim,
727 636 795 662 quas
807 627 923 662 primum
937 635 1023 661 popu·
1044 644 1053 662 ,¹

226 665 243 690 li
257 665 375 695 Romani,
390 673 461 690 nunc
472 665 551 690 etiam
563 669 681 695 senatus,
695 665 737 691 cui
751 673 792 690 me
803 672 910 699 semper
920 663 1020 694 addixi.

226 701 351 735 plurimis
367 706 446 736 atque
457 701 634 736 amplissimis
647 702 755 728 iudiciis
768 701 871 728 videam
884 710 942 727 csse
953 701 1023 727 cele-
1044 724 1045 734 ,

226 738 332 765 bratus?
356 739 424 765 Tum
441 739 549 765 hercule
566 748 608 765 me
619 740 752 770 confitear,
767 748 818 765 non
831 739 961 765 iudicium
973 738 1022 765 ali·
1044 740 1045 758 l

224 776 297 811 quod
314 776 442 802 habuisse
453 776 486 802 de
498 777 660 811 reipublicae
672 777 793 807 utilitate,
807 776 854 802 sed
866 776 1021 802 hominibus

224 814 341 840 amicum
357 818 403 840 aut
418 814 558 840 inimicum
574 814 667 840 fuisse.
693 815 735 840 94.
752 814 801 845 An,
819 822 904 848 quum
916 813 1020 839 videam

225 859 320 877 navem
341 851 467 877 secundis
491 852 578 878 ventis
598 860 707 878 cursum
728 855 860 878 tenentem
881 859 976 881 suum,
999 851 1021 876 si

225 896 278 914 non
293 896 355 914 cum
373 892 443 923 petat
458 893 573 923 portum,
591 897 672 924 quem
685 897 734 924 ego
745 888 889 924 aliquando
900 889 1019 923 probavi,
1044 902 1045 907 =

224 925 272 952 sed
288 925 370 951 alium
387 934 439 952 non
451 927 542 952 minus
554 931 642 952 tutum
654 931 733 961 atque
745 926 936 961 tranquillum:
959 934 1021 951 cum

215 961 380 997 'tempestate
391 971 508 998 pugnem
521 962 670 998 periculose
682 964 780 998 potius,
793 972 873 998 quam
886 963 935 993 itti.
949 962 1022 988 salu-

225 1008 250 1027 te
265 1001 419 1035 praesertim
436 1001 579 1035 proposita,
593 1001 772 1035 obtemperem
785 1005 810 1027 et
821 1000 947 1035 paream?
967 1000 1022 1035 Ego

225 1046 287 1064 vero
303 1037 367 1064 haec
377 1037 469 1069 didici,
484 1038 548 1064 haec
561 1038 625 1069 vidi,
639 1038 703 1064 haec
714 1039 812 1073 scripta
826 1038 892 1073 legi:
914 1037 978 1064 hacc.
989 1037 1022 1064 de

223 1075 432 1110 sapientissimis
443 1080 468 1101 et
479 1075 636 1102 clarissimis
648 1076 723 1106 viris,
737 1076 800 1101 etin
813 1075 861 1101 hac
872 1075 1019 1110 republica,

224 1117 249 1138 et
260 1113 288 1138 in
300 1112 360 1138 aliis
371 1113 534 1144 civitatibus,
544 1117 716 1139 monumenta
728 1113 806 1139 nobis
819 1112 920 1139 litterae
931 1112 1022 1147 prodi-

224 1149 334 1176 derunt:
368 1158 418 1176 non
439 1158 546 1185 semper
566 1150 673 1176 easdem
698 1150 843 1176 sententias
864 1150 897 1176 ab
913 1150 1019 1182 iisdem,

223 1187 281 1218 sed,
294 1195 480 1222 quascumque
490 1188 652 1222 reipublicae
663 1191 758 1218 status,
772 1187 908 1213 inclinatio
920 1192 1022 1222 tempo-

224 1233 294 1255 rum,
308 1225 373 1250 ratio
383 1224 537 1251 concordiae
549 1225 702 1259 postularet,
716 1233 774 1251 esse
785 1224 918 1251 defensas.
945 1224 1021 1257 Quod

223 1270 273 1297 cgo
284 1266 309 1288 ct
320 1261 395 1293 facio.
411 1262 569 1293 Laterensis,
583 1267 608 1288 et
618 1262 840 1297 sempersaciam:
859 1261 1022 1288 libertatem-

223 1307 285 1333 que,
302 1308 383 1334 quani
401 1303 428 1325 tu
444 1300 470 1325 in
487 1308 529 1325 me
540 1300 664 1334 requiris,
677 1308 759 1335 quam
771 1308 820 1335 ego
832 1308 918 1334 neque
929 1299 1021 1326 dimisi

224 1345 353 1371 umquam
375 1345 461 1371 neque
481 1336 623 1368 dimittam,
647 1346 699 1363 non
715 1338 742 1364 in
758 1337 910 1372 pertinacia,
929 1337 977 1363 sed
993 1337 1020 1363 in

222 1374 339 1409 quadam
351 1373 530 1400 moderatione
542 1375 656 1409 positam
669 1374 778 1409 putabo.

278 1411 336 1437 XL.
354 1412 396 1437 95.
416 1412 493 1438 Nunc
509 1412 587 1438 venio
598 1412 630 1438 ad
642 1411 710 1438 illud
721 1416 881 1442 extremum,
894 1410 967 1446 quod
979 1411 1021 1438 di-

223 1448 294 1479 xisti,
313 1448 377 1474 dum
394 1448 495 1475 Plancii
511 1449 539 1475 in
555 1457 597 1475 me
614 1449 738 1476 meritum
753 1449 842 1475 verbis
854 1448 1018 1479 extollerem,

222 1493 265 1512 me
280 1494 366 1512 arcem
383 1485 468 1512 facere
483 1495 517 1512 ex
532 1486 618 1513 cloaca
633 1486 803 1521 lapidemque
814 1494 828 1512 e
839 1485 963 1521 sepulcro
974 1495 1020 1512 ve-

223 1523 308 1549 nerari
325 1531 373 1558 pro
387 1523 451 1550 deo:
479 1532 566 1559 neque
576 1524 648 1550 enim
659 1524 727 1550 mihi
739 1523 899 1550 insidiarum
911 1524 1019 1559 pericu-

223 1560 279 1587 lum
295 1560 382 1587 ullum
400 1569 486 1596 neque
502 1561 594 1588 mortis
612 1561 705 1588 fuisse.
731 1561 816 1588 Cuius
831 1569 881 1597 ego
892 1563 1019 1595 temporis

221 1598 349 1624 rationem
365 1598 505 1633 explicabo
520 1599 604 1630 brevi,
622 1607 709 1633 neque
725 1599 837 1625 invitus.
863 1598 936 1624 Nihil
948 1599 1019 1624 enim

221 1643 255 1661 ex
279 1635 346 1661 meis
370 1640 410 1661 est
430 1636 606 1670 temporibus,
628 1636 701 1671 quod
722 1636 812 1662 minus
833 1639 1016 1671 pervagatum,

220 1672 349 1707 quodque
366 1672 456 1699 minus
468 1678 513 1700 aut
524 1682 582 1699 mea
593 1673 844 1700 commemoratione
855 1672 1018 1699 celebratum

221 1709 264 1740 sit,
283 1714 328 1736 aut
344 1710 499 1737 hominibus
514 1710 636 1737 auditum
653 1715 732 1746 atque
744 1714 846 1737 notum.
867 1710 924 1745 Ego
934 1710 1016 1741 enim.

222 1747 382 1778 Laterensis,
399 1755 433 1774 ex
444 1747 490 1774 illo
501 1747 625 1775 incendio
636 1747 736 1784 legum,
750 1748 826 1778 iuris,
840 1752 957 1778 senatus,
971 1747 1018 1773 bo—

222 1791 317 1810 norum
328 1785 458 1815 omnium,
472 1785 578 1816 cedens,
591 1793 677 1820 quum
689 1793 746 1811 mea
758 1785 855 1811 domus
866 1784 958 1811 ardore
969 1793 1019 1810 suo

221 1820 436 1857 deflagrationem
453 1822 517 1848 Urbi
533 1826 614 1857 atque
630 1822 719 1848 Italiae
735 1822 782 1848 toti
797 1822 952 1852 minaretur,
965 1821 1016 1848 nisi

221 1859 400 1893 quievissem:
427 1858 547 1885 Siciliam
563 1859 645 1894 petivi
662 1859 760 1889 animo,
778 1867 847 1894 quae
857 1863 883 1885 et
894 1859 952 1893 ipsa
963 1863 1018 1885 erat

221 1895 297 1927 mihi,
323 1896 393 1922 sicut
412 1896 508 1923 domus
529 1905 591 1928 una,
613 1897 762 1928 coniuncta,
785 1901 811 1922 et
825 1896 1017 1922 obtinebatura

221 1933 250 1959 C.
265 1933 390 1969 Virgilio,
413 1942 530 1968 quocum
543 1942 585 1960 me
597 1942 650 1960 uno
662 1933 703 1960 vel
715 1935 832 1960 maxime
842 1942 928 1968 quum
941 1938 1019 1960 vetu-

220 1975 284 2000 stas,
307 1975 363 1996 tum
378 1971 507 2002 amicitia,
521 1975 578 1997 tum
591 1971 643 1997 mei
659 1970 748 1997 fratris
758 1970 879 2006 collegia,
894 1975 950 1997 tum
962 1979 1018 1997 res—

220 2006 329 2042 publica
345 2008 465 2034 sociarat.
492 2010 534 2034 96.
551 2008 618 2035 Vide
629 2016 701 2035 nunc
711 2008 854 2043 caliginem
866 2012 1017 2042 temporum

219 2044 338 2071 illorum.
370 2044 460 2077 Quum
480 2046 537 2080 ipsa
556 2054 637 2080 paene
652 2045 740 2072 insula
757 2045 823 2071 mihi
838 2054 897 2072 sese
911 2045 1016 2072 obviam

220 2081 288 2108 serre
304 2081 398 2109 vellet:
425 2088 529 2118 praetor
545 2083 598 2114 ille,
611 2082 732 2109 eiusdem
744 2083 845 2109 tribuni
857 2082 943 2118 plebis
954 2091 1018 2109 con-

219 2119 343 2146 cionibus
362 2124 470 2155 propter
484 2120 604 2146 eamdem
622 2119 784 2155 reipublicae
799 2129 922 2146 caussam
937 2128 1016 2155 saepe

219 2161 341 2188 vexatus,
360 2157 426 2183 nihil
442 2157 559 2192 amplius
575 2157 642 2188 dico,
662 2158 722 2188 nisi,
741 2166 784 2183 me
800 2157 826 2184 in
839 2157 958 2184 Siciliam
970 2166 1018 2184 ve-

219 2195 276 2221 nire
288 2194 383 2221 noluit.
414 2194 484 2226 Quid
495 2194 601 2221 dicam‘?
621 2195 650 2221 C.
661 2195 781 2230 Virgilio,
795 2194 841 2221 tali
851 2195 905 2221 civi
916 2195 1014 2226 etviro,

219 2231 434 2258 benevolentiam
446 2233 473 2258 in
485 2241 536 2263 me,
549 2233 705 2259 memoriam
717 2233 902 2258 communium
913 2236 1017 2267 tempo-

220 2277 289 2300 rum,
312 2269 446 2304 pietatem.
465 2269 667 2301 humanitatem,
682 2269 761 2296 fidem
772 2269 911 2296 defuisse?
930 2269 1014 2300 Nihil,

219 2306 331 2338 iudices,
349 2311 389 2333 est
403 2315 509 2339 eorum;
536 2307 594 2339 sed,
611 2316 692 2342 quam
709 2311 892 2342 tempestatem
908 2315 956 2333 nos
969 2316 1017 2334 vo-

218 2343 324 2370 biscum
346 2353 408 2370 non>
419 2343 586 2375 tulissemus,
608 2345 712 2375 metuit,
735 2349 765 2370 ut
780 2353 838 2370 eam
853 2345 911 2379 ipse
926 2348 1017 2380 posset

218 2381 315 2415 opibus
327 2382 384 2407 suis
395 2382 536 2408 sustinere.
563 2382 640 2413 Tum,
658 2381 770 2408 consilio
785 2386 893 2416 repente
903 2385 1014 2412 mutato,

218 2418 268 2444 iter
282 2427 296 2444 a
308 2419 409 2445 Vibone
419 2419 593 2446 Brundisium
605 2424 671 2445 terra
683 2423 773 2454 petere
783 2418 921 2446 contendi:
953 2427 1015 2445 nam

219 2455 366 2481 maritimos
390 2464 486 2482 cursus
512 2456 700 2491 praecludebat
725 2456 822 2482 hiemis
847 2456 1013 2492 magnitudo.

274 2492 342 2518 XLI.
360 2494 401 2519 97.
418 2493 508 2525 Quum
523 2494 613 2520 omnia
629 2493 674 2519 illa
691 2493 846 2528 municipia,
863 2501 933 2528 quae
951 2497 1016 2520 sunt

218 2536 233 2553 a
253 2528 355 2555 Vibone
374 2530 558 2561 Brundisium,
579 2532 607 2557 in
627 2530 679 2557 fide
694 2538 761 2561 mea,
779 2530 893 2561 iudices,
910 2535 1013 2557 essent:

219 2565 268 2590 iter
280 2565 346 2591 mihi
358 2571 454 2598 tutum,
469 2567 562 2594 multis
574 2567 771 2597 minitantibus,
785 2576 882 2602 magno
892 2576 954 2594 cum
965 2576 1016 2594 suo

220 2606 291 2627 metu
309 2604 504 2636 praestiterunt.
539 2605 714 2633 Brundisium
731 2604 802 2635 veni,
820 2603 862 2630 vel
878 2605 968 2639 potius
982 2604 1015 2631 ad

219 2639 323 2664 moenia
338 2641 447 2666 accessi.
482 2641 580 2668 Urbem
597 2650 677 2668 unam
687 2641 755 2667 mihi
765 2641 957 2668 amicissimam
968 2641 1016 2668 ds

218 2674 325 2707 clinavi,
339 2684 408 2712 quae
418 2685 448 2704 se
459 2677 500 2704 vel
512 2679 600 2712 potius
612 2677 742 2710 exscindi,
755 2687 845 2714 quam,
859 2686 872 2704 e
882 2687 932 2705 suo
941 2687 1015 2705 com-

946 147 974 172 T.
1007 146 1280 173 CICERONIS

1077 217 1155 251 plexu
1174 222 1201 242 ut
1217 218 1340 251 eriperer,
1360 217 1435 244 facite
1452 223 1593 253 pateretur.
1629 218 1656 245 ln
1673 218 1762 244 hortos
1778 227 1820 245 me
1832 218 1866 245 M.

1077 255 1166 280 Laenii
1183 254 1268 280 Flacci
1285 254 1398 281 contuli:
1429 256 1472 281 cui
1487 264 1572 291 quum
1590 257 1677 282 omnis
1699 261 1795 286 metus.
1819 264 1870 290 pu-

1077 291 1182 317 blicatio
1195 291 1322 318 bonorum
1332 312 1337 322 ,
1350 291 1486 322 exsilium,
1500 301 1570 319 mora
1589 298 1787 328 proponeretur.
1806 293 1870 318 baec

1077 329 1186 363 perpeti,
1208 329 1230 354 si
1249 329 1406 359 acciderent.
1424 329 1527 359 maluit,
1545 338 1626 364 quam
1651 330 1799 356 custodiam
1816 330 1870 356 uiei

1075 366 1170 400 capitia
1181 365 1323 392 dimittere.
1345 366 1432 392 Huius
1442 374 1500 402 ego,
1513 372 1539 392 et
1550 368 1665 401 parentia
1676 368 1742 397 eius,
1753 366 1870 402 pruden-

1079 403 1176 428 tissimi
1192 408 1271 438 atque
1282 404 1376 438 optimi
1387 404 1470 433 senis.
1483 408 1508 430 et
1521 403 1615 434 fratria,
1628 409 1654 430 et
1665 405 1806 439 utriusque
1818 404 1871 430 lili-

1075 448 1151 466 orum
1174 441 1308 471 manibus,
1332 441 1358 467 in
1379 441 1440 467 navi
1457 445 1511 466 tuta
1527 449 1556 466 ac
1572 440 1643 467 tideli
1658 442 1811 470 collocatus.
1825 449 1871 467 eo-

1076 486 1190 512 rumque
1207 486 1298 512 preccs
1309 483 1334 503 ct
1347 483 1403 504 vota
1415 478 1447 503 (le
1459 487 1518 504 meo
1528 478 1614 504 reditu
1625 479 1780 506 exaudienti.
1804 479 1869 513 Dyr-

1076 514 1225 545 rhachium.
1237 515 1375 550 quoderat
1387 516 1413 542 in
1430 516 1481 541 side
1493 524 1559 546 mea,
1573 520 1661 550 petere
1670 516 1803 542 contendi.
1825 517 1868 541 98.

1075 553 1134 584 Quo
1157 560 1242 587 quum
1268 553 1411 583 venissem,
1437 553 1560 588 cognovi,
1583 552 1609 579 id
1630 552 1702 587 quod
1722 552 1867 582 audieram,

1076 589 1196 616 refertam
1218 598 1278 616 csse
1293 590 1430 616 Graeciam
1447 589 1712 616 sceleratissimorum
1730 589 1869 616 hominum

1075 636 1104 653 ac
1120 626 1291 658 nefariorum,
1308 635 1423 662 quorum
1440 627 1554 662 impium
1570 626 1669 653 ferrum
1682 627 1812 662 ignesque
1823 635 1870 662 pe-

1074 663 1179 690 stiferos
1201 673 1278 690 meus
1302 664 1347 691 ille
1367 664 1522 691 consulatus
1539 673 1553 690 e
1568 664 1693 690 manibus
1709 669 1867 690 extorserat:

1074 701 1120 736 qui
1146 705 1288 736 antequam
1314 701 1347 728 de
1373 710 1432 728 meo
1456 701 1572 728 adventu
1596 701 1690 728 audire
1709 702 1868 736 potuissent.

1074 747 1158 774 quum
1166 744 1252 765 tamen
1264 739 1389 766 abessent
1399 739 1499 774 aliquot
1510 739 1614 765 dierum
1626 739 1706 768 viam.
1714 739 1741 765 in
1749 738 1868 765 Macedo-

1074 776 1146 802 niam
1166 776 1199 802 ad
1215 776 1407 811 Planciumque
1422 777 1536 811 perrexi.
1567 776 1615 802 llic
1629 784 1691 802 vero
1706 775 1870 811 simulatque

1074 822 1116 840 me
1131 822 1203 840 mare
1214 815 1340 840 transisse
1351 814 1489 849 cognovit:
1514 813 1595 848 (audi,
1609 813 1681 843 audi,
1694 817 1774 848 atque
1785 817 1870 839 atten-

1073 851 1115 882 de,
1130 851 1288 881 Laterensis.
1303 856 1331 877 ut
1342 852 1420 882 scias,
1433 850 1499 886 quid
1510 850 1870 885 egoi’lanciodebeam.oon-

1075 889 1217 924 liteareque
1233 888 1386 924 aliquando,
1405 897 1455 919 me,
1467 889 1540 923 quod
1552 888 1656 918 faciam.
1670 892 1695 914 et
1705 892 1778 924 grate
1789 892 1815 914 et
1826 888 1869 922 pie

1075 926 1172 952 facere:
1204 926 1276 957 huic,
1299 934 1367 961 quae
1383 934 1431 960 pro
1446 925 1532 951 salute
1549 934 1605 952 mea
1623 924 1722 955 fecerit,
1739 925 1761 951 si
1778 925 1869 951 minua

1074 963 1210 999 protutura
1221 964 1284 994 sint,
1292 964 1387 990 obesse
1397 968 1467 989 certe
1479 972 1530 989 non
1537 968 1656 997 oportere
1666 962 1683 998 z)
1695 971 1765 993 nam,
1773 962 1869 988 simul—

1073 1010 1103 1027 ac
1118 1010 1160 1027 me
1177 1001 1371 1037 Dyrrhachium
1387 1001 1507 1036 attigisse
1522 1000 1639 1031 audivit:
1662 1000 1751 1026 statim
1767 998 1799 1026 ad
1814 1008 1865 1029 mc.

1075 1039 1212 1065 lictoribus
1227 1039 1356 1068 dimissis,
1374 1038 1528 1073 insignibus
1538 1038 1658 1068 abiectis,
1672 1041 1746 1064 veste
1757 1041 1866 1067 mutata.

1074 1076 1208 1111 profectus
1223 1080 1273 1102 est.
1304 1077 1346 1101 99.
1363 1075 1385 1102 Ο
1396 1075 1516 1101 acerbam
1528 1075 1603 1105 mihi.
1618 1074 1729 1105 iudices.
1744 1075 1869 1101 memori-

1073 1122 1115 1140 am
1137 1113 1264 1148 temporis
1283 1112 1357 1139 illius
1375 1117 1401 1139 et
1423 1112 1481 1142 loci,
1499 1121 1583 1147 quum
1600 1112 1644 1138 hic
1659 1113 1686 1138 in
1706 1120 1748 1138 me
1765 1111 1867 1142 incidit,

1072 1159 1158 1186 quum
1173 1150 1331 1185 complexus
1346 1154 1395 1180 est,
1411 1151 1614 1184 conspersitque
1632 1148 1759 1179 lacrimis,
1771 1157 1819 1175 nec
1830 1148 1869 1175 lo-

1072 1189 1120 1223 qui
1136 1196 1198 1223 prae
1214 1196 1331 1214 maerore
1349 1187 1447 1222 potuit!
1472 1187 1494 1214 O
1505 1196 1559 1213 rem
1571 1195 1656 1222 quum
1668 1186 1761 1212 auditu
1771 1185 1869 1212 crude-

1075 1226 1139 1257 lem,
1158 1230 1214 1252 tum
1231 1226 1293 1252 visu
1311 1224 1452 1251 nefariam:
1487 1233 1503 1251 o
1519 1224 1636 1259 reliquos
1647 1231 1740 1250 omnes
1751 1222 1809 1249 dics
1821 1231 1869 1250 no-

1072 1268 1182 1298 ctesque
1193 1271 1246 1293 eas,
1254 1262 1355 1297 quibus
1367 1263 1426 1293 iste,
1435 1271 1449 1288 a
1460 1270 1503 1288 me
1517 1270 1568 1288 non
1581 1261 1716 1291 recedens,
1726 1260 1868 1287 Thessalo-

1073 1301 1159 1327 nicam
1176 1301 1257 1326 mein
1269 1300 1507 1335 quaestoriumque
1519 1298 1657 1333 perduxit!
1679 1298 1727 1324 Hic
1737 1306 1787 1333 ego
1797 1306 1869 1324 nunc

1072 1337 1105 1364 de
1116 1342 1235 1373 praetore
1246 1336 1414 1363 Macedoniae
1426 1336 1492 1363 nihil
1505 1337 1590 1363 dicam
1602 1335 1728 1370 amplius.
1742 1335 1794 1361 nisi
1806 1343 1867 1361 eum
1907 1339 1925 1348 ‘⁴

1072 1380 1097 1402 et
1117 1376 1204 1401 civem
1224 1375 1358 1409 optimum
1379 1383 1485 1409 semper
1506 1379 1531 1400 et
1551 1373 1618 1400 mihi
1634 1373 1750 1399 amicum
1766 1371 1865 1399 fuisse:

1071 1413 1120 1439 sed
1130 1412 1222 1439 eadem
1234 1412 1366 1443 timuisse,
1380 1419 1449 1446 quae
1459 1416 1572 1443 ceteros,
1589 1410 1637 1437 Cn.
1651 1410 1788 1436 Plancium
1801 1408 1869 1436 suis-

1071 1459 1100 1477 se
1119 1458 1214 1480 unum,
1232 1458 1294 1480 non,
1311 1449 1359 1484 qui
1378 1449 1469 1475 minus
1484 1449 1597 1479 timeret,
1614 1447 1671 1479 sed,
1685 1447 1708 1473 si
1719 1446 1868 1473 acciderent

1071 1497 1110 1519 ea,
1127 1496 1196 1523 quae
1213 1487 1378 1517 timerentur,
1396 1494 1502 1512 mecum
1518 1494 1547 1512 ea
1558 1485 1650 1512 subire
1661 1489 1686 1511 et
1697 1484 1799 1519 perpeti
1811 1484 1868 1510 vel-

1072 1525 1116 1552 let.
1145 1526 1202 1551 tou.
1219 1524 1280 1556 Qui.
1293 1532 1378 1559 quum
1391 1523 1423 1550 ad
1436 1532 1478 1550 me
1487 1523 1518 1549 L.
1531 1523 1644 1553 Tubero,
1657 1530 1735 1549 meus
1746 1529 1868 1548 necessa-

1071 1563 1136 1593 rius,
1153 1562 1201 1597 qui
1217 1561 1289 1588 fratri
1305 1569 1364 1587 meo
1379 1560 1482 1596 legatus
1498 1560 1602 1590 suisset,
1619 1558 1751 1586 decedens
1761 1567 1795 1585 ex
1805 1559 1867 1585 Asia

1071 1600 1197 1629 venisset,
1215 1607 1315 1633 easque
1330 1598 1451 1628 insidias,
1468 1606 1536 1632 quas
1549 1597 1616 1624 mihi
1627 1601 1730 1632 paratas
1741 1595 1774 1622 ab
1785 1604 1868 1622 exsu-

1071 1636 1143 1663 libus
1163 1636 1307 1662 coniuratis
1328 1635 1456 1665 audierat,
1479 1635 1512 1661 ad
1533 1643 1575 1660 me
1595 1635 1684 1660 animo
1703 1633 1867 1660 amicissimo

1070 1673 1224 1700 detulisset:
1252 1673 1279 1699 in
1296 1673 1385 1699 Asiam
1401 1681 1444 1698 me
1461 1672 1498 1698 ire
1514 1673 1630 1706 (propter
1641 1671 1699 1697 eius
1715 1670 1866 1705 provinciae

1070 1719 1175 1737 mecum
1191 1714 1217 1737 et
1231 1718 1293 1736 cum
1305 1718 1364 1736 meo
1375 1709 1454 1736 fratre
1465 1707 1700 1742 necessitudinem)
1711 1715 1868 1742 comparan-

1070 1753 1132 1779 tem,
1145 1755 1197 1774 non
1209 1752 1249 1773 est
1258 1755 1370 1782 passus:
1392 1747 1418 1772 vi
1430 1754 1481 1777 me,
1495 1746 1521 1772 vi
1533 1754 1584 1777 me,
1597 1746 1717 1780 inquam,
1730 1744 1864 1775 Plancius,

1070 1790 1095 1812 et
1111 1784 1254 1820 complexu
1270 1793 1320 1810 suo
1335 1784 1454 1814 retinuit,
1471 1782 1626 1818 multosque
1638 1790 1743 1809 menses
1755 1790 1769 1808 a
1779 1782 1866 1816 capite

1070 1831 1128 1849 meo
1144 1831 1195 1849 non
1211 1821 1344 1852 discessit,
1363 1821 1463 1847 abiecta
1478 1820 1628 1856 quaestoria
1644 1827 1766 1855 persona,
1782 1819 1867 1846 comi-

1069 1860 1158 1895 tisque
1169 1863 1287 1893 sumpta.

1125 1897 1207 1923 XLII.
1226 1898 1283 1922 lot.
1301 1895 1323 1922 O
1338 1895 1466 1922 excubias
1482 1900 1550 1924 tuas.
1564 1894 1612 1921 Cn.
1625 1893 1724 1925 Planci,
1738 1893 1864 1920 miseras!

1069 1943 1085 1961 ο
1103 1934 1207 1961 flebiles
1227 1933 1350 1969 vigilias!
1381 1941 1396 1959 ο
1418 1937 1507 1959 noctes
1527 1931 1650 1958 acerbas!
1680 1939 1696 1957 o
1714 1931 1863 1957 custodiam

1069 1972 1148 1998 etiam
1164 1971 1217 1998 mei
1232 1971 1327 2006 capitis
1337 1969 1487 1997 infelicem!
1510 1969 1532 1996 si
1544 1968 1654 2004 quidem
1666 1968 1773 2004 egotibi
1786 1968 1865 1994 vivus

1069 2018 1121 2036 non
1138 2017 1258 2044 prosum,
1275 2009 1323 2043 qui
1339 2007 1451 2034 fortasse
1467 2011 1590 2034 mortuus
1606 2005 1779 2041 profuissem.
1809 2005 1866 2031 Me-

1069 2047 1135 2073 mini
1151 2047 1232 2077 enim,
1250 2045 1370 2075 memini,
1388 2053 1475 2080 neque
1487 2052 1615 2078 umquam
1626 2042 1771 2069 obliviscar
1781 2042 1865 2069 noctis

1068 2083 1153 2114 illius,
1170 2092 1256 2119 quum
1273 2083 1321 2109 tibi
1337 2082 1470 2118 vigilanti,
1487 2080 1624 2111 assidenti,
1642 2080 1779 2110 maerenti,
1797 2087 1865 2105 vana

1068 2121 1200 2156 quaedam
1216 2121 1306 2151 miser,
1319 2125 1400 2155 atque
1410 2119 1509 2149 inania,
1522 2118 1588 2144 salsa
1599 2126 1646 2152 spe
1659 2117 1792 2147 inductus.
1806 2115 1865 2151 pol-

1070 2158 1180 2185 licebar:
1208 2166 1260 2188 me,
1280 2158 1304 2184 si
1315 2165 1403 2184 essem
1413 2157 1442 2183 in
1453 2155 1566 2191 patriam
1577 2155 1725 2184 restitutus,
1739 2161 1865 2188 praesen·

1069 2200 1131 2226 tem,
1153 2195 1201 2222 tibi
1216 2195 1329 2231 gratiam
1343 2194 1505 2221 relaturum:
1536 2193 1579 2219 sin
1595 2197 1683 2219 autem
1699 2192 1781 2218 vitam
1796 2190 1864 2218 mibi
1895 2212 1898 2229 ἰ

1068 2232 1122 2259 sors
1137 2232 1283 2259 ademisset
1297 2236 1343 2258 aut
1357 2232 1400 2258 vis
1410 2231 1500 2266 aliqua
1512 2230 1596 2256 maior
1607 2228 1722 2256 reditum
1734 2227 1864 2263 peremis·

1068 2275 1122 2296 set:
1150 2270 1208 2300 hos,
1226 2269 1274 2296 hos
1290 2269 1368 2304 (quos
1383 2269 1456 2295 enim
1471 2276 1520 2303 ego
1531 2272 1588 2294 tum
1600 2266 1667 2293 alios
1676 2266 1766 2292 animo
1776 2266 1865 2291 intue-

1068 2306 1142 2342 bar‘.’)
1171 2307 1260 2333 omnia
1281 2306 1329 2333 tibi
1348 2305 1457 2332 illorum
1479 2304 1599 2331 laborum
1619 2303 1737 2338 praemia
1757 2311 1806 2337 pro
1820 2309 1863 2328 me
1893 2324 1900 2327 .

1067 2344 1260 2380 persoluturos.
1297 2343 1369 2376 Quid
1389 2351 1431 2369 me
1442 2340 1581 2377 aspectas?
1599 2339 1667 2376 quid
1678 2348 1737 2366 mea
1749 2339 1864 2374 promis-

1067 2391 1095 2408 sa
1117 2380 1235 2417 repetis?
1267 2380 1334 2416 quid
1354 2388 1441 2407 meam
1462 2379 1541 2406 fidem
1556 2376 1701 2413 imploras?
1729 2375 1802 2403 Nihil
1813 2376 1862 2403 tibi

1067 2428 1116 2455 ego
1127 2424 1184 2446 tum
1195 2418 1228 2445 de
1240 2419 1308 2445 meis
1319 2417 1416 2452 opibus
1428 2415 1580 2452 pollicebar,
1589 2414 1638 2442 sed
1648 2414 1681 2441 de
1692 2414 1862 2449 horumerga

1067 2465 1109 2482 me
1121 2455 1304 2482 benevolentia
1315 2454 1516 2490 promittebam:
1538 2453 1587 2479 hos
1598 2460 1645 2487 pro
1656 2451 1804 2487 melugere,
1813 2450 1862 2477 hos

1066 2502 1182 2529 gemere,
1200 2493 1248 2519 hos
1264 2493 1397 2519 decertare
1413 2499 1460 2526 pro
1474 2498 1533 2517 meo
1547 2490 1642 2524 capite,
1657 2488 1698 2515 vel
1710 2488 1780 2514 vitae
1789 2488 1862 2523 peri-

1066 2530 1126 2557 culo
1141 2530 1210 2557 velle
1225 2530 1364 2556 videbam:
1391 2528 1425 2555 de
1435 2528 1530 2554 horum
1542 2526 1684 2556 desiderio,
1698 2525 1782 2555 luctu.
1793 2533 1862 2560 que-

1066 2568 1129 2594 relis
1149 2567 1268 2603 quotidie
1283 2565 1387 2601 aliquid
1401 2570 1488 2591 tecum
1503 2564 1586 2590 simut
1602 2562 1758 2590 audiebam:
1789 2570 1861 2588 nunc
1893 2586 1896 2595 ,

1067 2605 1155 2637 timeo,
1172 2613 1206 2631 ne
1221 2603 1290 2631 nibil
1301 2603 1360 2634 tibi,
1373 2607 1476 2637 praeter
1487 2601 1618 2631 lacrimas,
1631 2607 1729 2636 queam
1739 2598 1858 2629 reddere,
1892 2628 1894 2630 ¹

1065 2650 1133 2676 quas
1144 2646 1173 2668 tu
1184 2641 1213 2668 in
1224 2642 1292 2668 meis
1302 2639 1492 2667 acerbitatibus
1502 2638 1633 2674 plurimas
1643 2636 1772 2664 effudisti.
1800 2637 1858 2662 ⁴02.
1885 2636 1895 2674 ’ἶ

1065 2678 1135 2711 Quid
1146 2679 1218 2705 enim
1229 2686 1340 2714 possum
1351 2676 1433 2708 aliud,
1446 2677 1497 2703 nisi
1509 2674 1643 2702 maerere?
1662 2674 1714 2701 nisi
1724 2672 1804 2700 flere?
1819 2673 1860 2699 ni-
