1941 3052
228 122 288 145 10⁸⁸
797 118 851 142 «ευ,
885 116 918 141 M.
950 116 979 141 T.

223 189 336 215 ‹nlaluetn
349 193 470 223 qum-stro
480 192 528 213 est.
552 188 582 213 A.
597 187 656 218 Quo
667 185 772 212 tandem
786 185 882 211 inodo‘!
900 186 934 211 M.
947 187 1015 217 Quia
1036 187 1039 205 ¹

225 232 311 253 mutus
333 225 478 252 turbulenti
503 225 709 258 uirtutium-ecqui.-
725 224 875 248 animorum
894 223 1015 249 incitatae
1037 242 1039 255 ‚

224 271 247 289 et
267 265 366 297 inipetu
387 260 580 287 inconsiderato
595 260 691 289 elatae,
716 260 843 285 rationem
855 269 962 286 omnem
975 269 1017 286 re·
1036 265 1039 279 ⁸

225 301 362 336 pellentes,
374 300 441 324 vitm·
450 297 646 323 lucum-nullam
657 302 757 331 partem
769 297 935 332 relinquunt.
949 297 1016 329 Quis
1037 301 1045 313 *¹

224 339 294 363 ruini
313 341 409 370 potest,
429 340 537 360 morti-ni
554 339 599 360 nut
614 334 731 360 dolorem
747 339 882 364 metuens,
900 343 1016 369 quorum
1037 321 1039 335 Ι

224 375 334 400 alta-runi
348 381 425 406 siin-pe
437 372 522 401 mla-si,
541 371 652 397 alterurn
669 380 776 406 semper
792 371 941 406 impendet,
958 380 1016 397 esse

225 421 275 438 non
293 410 390 436 miser?
410 409 498 440 Quid?
513 409 535 434 si
553 409 622 434 idem
635 409 716 443 (quod
729 408 888 443 plerumque
901 409 938 441 lit')
950 417 1017 442 pau-

224 453 364 483 pertatem,
385 447 573 480 ignominiam,
593 445 730 472 infamiam
747 447 835 476 timet,
854 447 876 472 si
891 445 1016 471 debilita-

224 491 284 513 teni,
299 485 460 513 ‹aies-itatem,
474 485 496 509 si
508 484 638 518 denique,
652 483 724 518 quod
737 492 788 509 non
800 483 917 517 singulis
930 483 1017 508 homi-

224 522 313 551 nibus,
329 521 375 546 sed
389 520 541 554 potentibus
554 520 660 555 populis
673 529 752 555 saepe
763 521 883 553 contigit,
900 521 1017 546 servitu-

223 564 288 585 tem:
313 563 397 592 potest
416 567 445 583 ea
468 558 564 583 timens
585 567 643 583 esse
663 558 809 592 quisquam
832 557 944 584 beutus‘!
976 559 1014 582 ⁴6.

222 595 311 628 Quid?
321 596 368 630 qui
382 604 432 621 non
446 594 524 620 modo
535 604 564 620 ea
577 594 664 621 sutura
677 596 760 625 timet,
771 596 954 621 verumetiam
968 594 1017 620 sert

222 633 390 667 sustinetque
407 633 574 667 praesentia?
593 632 660 658 adde
677 632 770 658 eodem
785 633 895 663 exsilia,
917 631 1014 662 luctus,

221 670 361 696 orbitates:
383 670 430 704 qui
447 669 527 696 rebus
545 669 586 695 his
603 669 700 696 fractus
715 670 884 704 aegritudine
895 669 1014 699 eliditur,

223 712 308 742 potest
323 707 428 733 tandem
444 716 502 733 esse
519 716 570 733 non
587 706 774 733 miserrimus?
796 707 866 738 Quid
883 706 963 733 vero?
984 706 1016 732 il-

224 744 292 775 luni,
315 753 395 779 quem
414 744 575 770 libidinibus
588 743 781 770 inflammatum
793 749 819 770 et
830 744 961 770 furentem
975 744 1016 769 vi-
1044 757 1045 779 3

221 782 326 810 demus.
338 782 426 807 onmia
441 781 531 808 rabide
544 786 712 816 appetentem
723 791 784 807 cum
798 781 957 816 inexplebili
968 789 1016 806 cu-

222 819 346 854 piditate,
363 827 470 853 qnoque
485 818 638 844 affluentius
655 819 803 853 voluptates
816 819 936 853 undique
949 818 1017 844 hau-

223 857 284 885 riat,
301 865 332 882 eo
347 857 458 891 gravius
473 856 665 890 ardentiusque
680 857 828 886 sitientem,
847 864 934 882 nonne
946 860 1016 881 recte
1037 872 1038 875 =

222 893 405 920 miserrimum
423 892 543 920 dixeris‘.J
565 893 654 925 Quid?
673 893 758 920 elatus
775 893 819 919 ille
836 893 942 919 levitate
959 893 1016 918 ina-

222 930 409 965 niquelaetitia
421 930 559 956 exsultans
570 935 595 956 et
607 935 704 956 temere
715 931 834 966 gestiens
845 939 932 957 nonne
945 935 1016 956 tanto
1036 949 1039 964 ,

222 968 353 998 miserior,
367 972 467 1002 quanto
478 967 531 993 sibi
544 967 650 994 videtur
661 967 780 994 beatior?
795 968 872 1003 Ergo,
888 973 916 994 ut
927 968 952 993 lii
964 967 1016 993 mi-
1036 978 1039 1009 ἱ

221 1005 288 1035 seri,
311 1005 350 1039 sic
365 1010 454 1031 contra
470 1005 509 1031 illi
527 1005 610 1035 beati,
635 1014 703 1040 quos
719 1004 787 1031 nulli
804 1010 890 1031 metus
907 1009 1013 1034 terrent,

222 1041 311 1068 nulluc
323 1042 504 1077 aegritudines
515 1042 642 1071 exedunt,
652 1042 740 1068 nullae
753 1042 881 1068 libidines
893 1043 1012 1071 incitant,

223 1079 311 1105 nullae
329 1079 418 1105 futiles
436 1079 549 1105 laetitiae
565 1079 729 1106 exsultantes
748 1079 884 1115 languidis
901 1079 1016 1114 liquefa-

221 1117 296 1142 ciunt
311 1116 503 1151 voluptatibus.
546 1117 577 1142 Ut
593 1118 673 1143 maris
689 1117 771 1152 igitur
783 1116 961 1151 tranquillitas
973 1117 1016 1142 in-

222 1153 365 1189 telligitur,
384 1153 456 1180 nulla
469 1162 500 1180 ne
513 1154 623 1180 minima
636 1154 747 1188 quidem
758 1163 821 1180 aura
833 1153 930 1180 fluctus
941 1162 1016 1180 com-

221 1196 357 1217 movente:
380 1192 419 1217 sic
434 1191 517 1217 animi
532 1191 641 1225 quietus
657 1196 682 1217 et
697 1191 817 1226 placatus
833 1196 917 1217 status
927 1191 1015 1217 cerni-

221 1232 276 1258 tur,
294 1237 378 1262 quum
394 1228 558 1262 perturbatio
574 1228 646 1254 nulla
663 1233 716 1259 est,
739 1237 792 1263 qua
808 1230 910 1255 moveri
926 1233 1014 1263 queat.
1043 1261 1044 1264 Ἰ

223 1266 262 1292 17.
274 1264 351 1297 Quod
362 1265 385 1291 si
397 1270 444 1296 est,
458 1266 506 1300 qui
519 1266 573 1291 vim
587 1265 773 1300 fortunae,qui
783 1267 873 1292 omnia
885 1266 1013 1296 humana,

220 1311 288 1336 quae
303 1302 402 1337 cuique
417 1302 537 1329 accidere
553 1308 678 1337 possunt,
703 1303 850 1329 tolerabilia
866 1303 959 1334 ducat,
982 1311 1016 1329 ex

220 1348 273 1373 quo
290 1348 337 1365 nec
353 1340 432 1366 timor
446 1348 507 1366 eum
524 1348 572 1366 nec
587 1348 670 1375 angor
685 1341 810 1375 attingat:
833 1340 973 1375 idemque,
991 1340 1015 1366 si

219 1376 287 1402 nihil
299 1377 479 1411 concupiscat,
493 1376 566 1403 nulla
577 1377 700 1403 efferatur
711 1378 795 1404 animi
807 1379 880 1404 inani
891 1377 1016 1412 volupta—

219 1418 257 1440 te:
275 1413 341 1448 quid
356 1419 409 1446 est,
427 1423 475 1441 cur
490 1415 512 1440 is
528 1423 579 1441 non
592 1414 685 1441 beatus
696 1414 748 1441 sit?
769 1420 794 1442 et
805 1415 828 1441 si
840 1415 904 1441 baec
917 1415 1014 1441 virtute

218 1450 456 1486 efiiciuntur,quid
467 1456 515 1483 est,
528 1460 577 1478 cur
588 1452 674 1478 virtus
686 1453 744 1487 ipsa
756 1461 803 1487 per
813 1461 841 1478 se
853 1461 904 1479 non
916 1452 1015 1479 efficiat

218 1487 327 1515 beatos?
365 1488 419 1515 Vll.
442 1489 472 1516 Α.
489 1489 570 1524 Atqui
581 1488 693 1516 alterum
704 1489 758 1515 dici
771 1498 822 1516 non
834 1495 933 1524 potest,
947 1490 1014 1525 quin

218 1525 251 1555 ii,
265 1526 311 1560 qui
324 1526 392 1552 nihil
405 1531 536 1557 metuant,
559 1526 626 1552 nibil
641 1532 785 1562 angantur,
804 1527 872 1553 nibil
884 1528 1014 1562 concupi-

217 1568 305 1594 scant,
328 1562 400 1589 nulla
416 1564 556 1598 impotenti
573 1563 671 1590 laetitia
687 1564 842 1595 efferantur,
861 1565 931 1591 beati
943 1565 1011 1591 sint:

218 1600 307 1634 itaque
325 1600 352 1626 id
369 1600 417 1627 tibi
432 1601 562 1628 concedo:
586 1601 699 1627 alterum
711 1606 800 1628 autem
812 1602 866 1628 iam
878 1602 1013 1637 integrum

218 1646 269 1663 non
281 1642 330 1663 est.
362 1638 552 1672 Superioribus
563 1639 636 1664 enim
647 1638 877 1673 disputationibus
888 1639 1013 1666 effectum

217 1679 265 1705 est,
282 1683 373 1701 vacare
384 1676 457 1702 omni
469 1677 552 1702 animi
565 1676 763 1711 perturbatione
774 1677 934 1711 sapientem.

217 1711 252 1737 M.
265 1712 399 1738 Nimirum
411 1713 493 1748 igitur
504 1713 622 1740 confecta
634 1722 676 1739 res
688 1718 736 1739 est.
771 1713 884 1740 Videtur
894 1715 967 1740 enim
979 1713 1013 1740 ad
1040 1737 1042 1750 ,

217 1749 319 1775 exitum
333 1750 438 1776 venisse
449 1752 580 1785 quaestio.
597 1751 628 1776 A.
642 1750 838 1785 Propemodum
850 1751 877 1777 id
888 1751 1010 1786 quidem.

217 1785 252 1811 M.
273 1786 463 1814 Verumtamen
480 1788 728 1814 mathematicorum
746 1788 794 1814 iste
811 1797 868 1814 mos
883 1793 935 1821 est,
960 1797 1011 1814 non

216 1827 257 1849 est
274 1823 505 1858 philosophorum.

217 1859 311 1886 docere
332 1860 438 1892 volunt,
461 1862 484 1888 si
500 1862 566 1897 quid
583 1862 616 1888 ad
631 1871 690 1889 eam
706 1871 762 1888 rem
777 1863 891 1897 pertinet
907 1871 1009 1894 eorum,

216 1904 285 1931 quae
296 1902 356 1923 ante
370 1897 532 1929 docuerunt,
555 1899 582 1925 id
597 1905 709 1926 sumunt
720 1909 766 1934 pro
776 1909 903 1926 concesso
913 1905 939 1926 et
950 1909 1012 1934 pro-
1033 1916 1034 1920 =

217 1933 290 1960 bato:
309 1934 377 1960 illud
388 1935 466 1962 modo
477 1936 621 1970 explicant,
630 1936 788 1971 dequoante
802 1937 868 1963 nihil
880 1938 1010 1972 scriptum

216 1975 266 1997 est.
307 1971 477 2007 Philosophi,
495 1982 695 2008 quamcumque
708 1983 763 2000 rem
774 1974 873 2001 habent
886 1975 912 2000 in
925 1976 1012 2001 mani—

216 2007 281 2038 bus,
295 2009 322 2034 in
333 2017 405 2040 eam,
418 2018 486 2044 quae
496 2011 672 2041 conveniunt,
685 2017 833 2047 congerunt
844 2012 947 2043 omnia,
961 2013 1010 2038 etsi

216 2044 268 2071 alio
280 2044 336 2072 loeo
347 2045 481 2081 disputata
493 2052 564 2074 sunt.
605 2047 682 2080 Quod
693 2049 720 2074 ni
733 2049 767 2075 ita
779 2055 860 2079 esset,
878 2058 927 2075 cur
939 2050 1011 2076 Stoi-

215 2090 277 2113 cus,
294 2083 318 2109 si
334 2088 404 2110 esset
420 2085 587 2118 quaesitum,
604 2086 704 2112 satisne
720 2086 753 2112 ad
769 2086 845 2112 beate
861 2086 1010 2113 vivendum

216 2119 301 2146 virtus
313 2126 410 2154 posset,
421 2121 503 2147 multa
514 2121 632 2148 diceret?
643 2122 692 2149 Cui
704 2124 769 2149 satis
776 2128 854 2154 esset,
864 2123 1011 2158 respoude-
1031 2136 1032 2139 ¹

215 2164 256 2187 re,
269 2165 298 2182 se
308 2162 367 2184 ante
379 2157 517 2189 docuisse,
531 2158 598 2185 nihil
611 2159 712 2186 bonum
724 2169 796 2191 esse,
813 2161 866 2186 nisi
877 2161 950 2195 quod
962 2161 1011 2188 ho-

214 2198 320 2220 nestum
331 2200 414 2221 esset:
441 2195 490 2222 hoc
500 2196 623 2230 probato,
637 2205 805 2232 consequens
817 2206 890 2229 esse,
904 2198 1009 2225 beatam

214 2231 297 2257 vitam
313 2232 411 2258 virtute
427 2241 485 2258 esse
499 2239 664 2260 contentam:
686 2239 724 2265 et,
744 2244 798 2269 quo
814 2235 892 2261 modo
909 2235 958 2262 hoc
974 2236 1009 2262 sit

213 2276 381 2303 consequens
394 2269 442 2300 illi,
455 2270 494 2296 sic
506 2270 574 2296 illud
586 2271 657 2301 huic,
672 2277 709 2302 ut,
722 2273 746 2298 si
757 2272 833 2298 beata
845 2273 899 2298 vita
911 2274 1009 2299 virtute

213 2310 334 2332 contenta
350 2307 398 2337 sit,
421 2307 474 2333 nisi
491 2307 632 2334 honestum
648 2309 720 2343 quod
737 2310 784 2339 sit,
803 2309 871 2336 nihil
888 2309 963 2336 aliud
974 2310 1009 2336 sit

214 2342 324 2369 bonum.
368 2345 406 2370 ¹9.
429 2344 480 2370 Sed
495 2350 584 2371 tamen
600 2354 652 2372 non
668 2352 750 2381 agunt
766 2348 815 2373 sic.
856 2347 923 2373 Nam
939 2352 964 2373 et
975 2347 1008 2373 de

213 2378 323 2406 honesto
343 2385 368 2406 et
383 2380 416 2407 de
432 2390 539 2408 summo
555 2382 624 2409 bono
639 2384 783 2417 separatim
804 2384 866 2409 libri
884 2390 960 2410 sunt:
983 2389 1008 2411 et

212 2424 297 2450 quum
308 2426 341 2443 ex
352 2426 382 2444 eo
393 2417 532 2449 efficiatur,
542 2420 606 2445 satis
613 2428 738 2455 magnam
750 2422 776 2446 in
789 2422 885 2447 virtute
899 2421 932 2447 ad
944 2421 1008 2448 bea-

214 2458 236 2478 te
250 2454 396 2481 vivendum
406 2464 465 2482 esse
476 2457 545 2486 vim,
565 2457 650 2483 nihilo
667 2458 758 2483 minus
774 2458 823 2484 hoc
834 2464 917 2493 agunt
929 2467 1008 2493 sepa-

213 2490 299 2516 ratim.
339 2492 456 2526 Propriis
472 2494 544 2519 enim
559 2498 584 2520 et
599 2495 656 2520 suis
671 2496 837 2529 argumentis
848 2500 874 2521 et
884 2495 1008 2522 admoni-

213 2527 330 2552 tionibus
343 2529 475 2556 tractanda
487 2539 611 2565 quaeque
623 2539 665 2557 res
680 2536 732 2561 est,
751 2537 822 2558 tanta
837 2534 1005 2566 praesertim.

212 2563 281 2589 Cave
292 2565 363 2590 enim
375 2571 462 2600 putes,
472 2567 554 2594 ullam
566 2576 580 2593 a
590 2567 762 2603 philosophia
774 2577 867 2595 vocem
878 2571 1005 2596 emissam

1036 1453 1043 1471 l,

1035 1473 1043 1505 l

1034 1527 1043 1575 εἰ

1034 1578 1043 1612 Γ

971 1678 1011 1703 48.
1041 1675 1043 1683 '

547 1826 613 1851 Nam
631 1830 782 1860 geometrae
802 1833 887 1859 quum
907 1825 1012 1860 aliquid
1033 1834 1041 1854 ,1,

1033 1865 1034 1872 ’
1063 1872 1122 1890 esse
1133 1863 1236 1890 dicant:
1255 1865 1303 1899 qui
1314 1863 1430 1890 duorum
1441 1872 1571 1900 generum
1582 1863 1661 1890 malis
1674 1862 1802 1889 omnibus
1813 1870 1859 1887 ur-

1014 116 1285 143 (Ltctittoxts

1068 186 1246 213 l'erfecturam
1263 196 1304 216 ne,
1322 188 1369 222 qui
1387 187 1492 223 legibus
1508 189 1565 214 uuis
1580 194 1725 223 paruisset,
1749 195 1776 215 υι
1791 195 1861 215 esset

1067 228 1156 249 contra
1170 223 1302 250 fortunam
1314 233 1420 259 ucrnper
1431 231 1561 255 armatus,
1580 231 1608 252 ut
1622 226 1710 252 omnia
1727 226 1860 260 praesidia

1069 261 1178 287 baberet
1190 261 1215 287 in
1227 270 1255 286 sc
1268 261 1335 287 bene
1347 261 1477 296 beateque
1490 262 1613 292 vivendi,
1633 269 1660 289 ut
1674 268 1744 289 enm-t
1755 272 1861 297 semper

1067 298 1184 332 denique
1197 298 1300 324 beatus.
1342 301 1382 325 20.
1405 298 1458 324 Sed
1471 299 1571 329 videro,
1584 300 1650 334 quid
1663 300 1770 326 eflicit-st.
1792 301 1862 326 Tan-

1069 336 1151 369 tisper
1172 334 1220 360 boc
1243 335 1331 369 ipsum
1354 336 1443 371 magni
1465 337 1589 365 aestimo.
1617 337 1689 371 quod
1710 338 1860 372 pollicetur.

1044 383 1045 389 ¹
1069 372 1134 397 Nam
1153 372 1255 398 Xerxes
1271 372 1381 407 quidem
1399 372 1511 399 refertus
1528 374 1655 400 omnibus
1671 375 1799 409 praemiis
1813 375 1863 400 do-

1044 403 1046 423 l
1069 410 1164 444 nisque
1178 409 1307 438 fortunae.
1316 419 1366 436 non
1379 411 1510 444 equitatu,
1519 420 1570 437 non
1583 410 1753 445 pedestribus
1764 413 1860 446 copiis.

1044 439 1045 469 Ῡ
1069 455 1120 472 non
1139 447 1248 472 navium
1265 446 1451 478 multitudine,
1475 456 1526 474 non
1544 448 1647 474 infinito
1667 448 1782 483 pondere
1804 448 1861 475 auri

1044 482 1045 488 ¹
1067 488 1216 513 contentus,
1230 485 1380 518 praemium
1395 485 1533 519 proposuit
1543 486 1581 514 ei,
1595 486 1642 519 qui
1658 486 1803 512 invenisset
1815 495 1862 512 no-

1070 530 1129 546 vam
1153 520 1327 555 voluptatem.
1367 522 1423 554 Qua
1446 523 1503 556 ipsa
1525 531 1575 548 non
1593 521 1689 549 suisset
1704 528 1858 549 contentus:

1069 566 1154 593 neque
1166 558 1237 584 enim
1251 567 1379 593 umquam
1391 558 1469 585 [inem
1483 559 1601 585 inveniet
1613 559 1705 585 libido.
1741 560 1793 586 Nos
1806 560 1862 585 vel-

1069 595 1119 620 lem
1134 595 1251 629 praemio
1262 595 1358 622 elicere
1375 604 1529 631 possemus,
1545 597 1592 631 qui
1609 597 1687 623 nobis
1702 596 1806 632 aliquid
1822 602 1861 623 at—

1069 632 1182 662 tulisset,
1196 641 1250 667 quo
1262 632 1310 659 boc
1323 633 1427 659 firmius
1438 633 1618 659 crederemus.

1123 670 1187 696 Vlll.
1211 671 1251 696 2¹.
1275 671 1305 696 A.
1323 670 1423 696 Vellem
1437 671 1462 697 id
1474 670 1599 706 quidem:
1622 670 1669 696 sed
1687 670 1771 697 habeo
1782 670 1862 705 paul-

1069 706 1164 737 lulum,
1177 707 1249 742 quod
1262 708 1407 742 requiram.
1447 708 1503 743 Ego
1514 709 1586 734 enim
1597 709 1740 738 assentior,
1757 716 1860 738 eorum,

1067 752 1135 778 quae
1156 745 1284 778 posuisti,
1307 744 1420 771 alterum
1443 745 1519 771 alteri
1539 754 1706 780 consequens
1726 754 1798 775 esse,
1822 750 1859 773 ut.

1044 781 1045 790 ¹
1067 781 1310 816 quemadmodum,
1328 783 1351 808 si
1367 781 1440 817 quod
1458 782 1598 809 honestum
1614 784 1663 813 sit,
1682 782 1707 808 id
1724 783 1811 808 solum
1826 783 1863 809 sit

1067 818 1182 849 bonum,
1199 824 1340 854 sequatur,
1358 820 1439 846 vitam
1451 820 1555 846 beatam
1572 821 1669 846 virtute
1684 819 1793 850 confici,
1809 819 1859 849 sic,

1067 856 1090 881 si
1108 857 1159 882 vita
1177 856 1251 882 beata
1270 857 1295 883 in
1313 857 1410 883 virtute
1421 858 1469 887 sit.
1488 857 1556 883 nibil
1568 866 1640 887 esse,
1659 858 1711 883 nisi
1724 857 1858 886 virtutem,

1068 893 1178 919 bonum.
1219 893 1272 920 Sed
1288 894 1385 920 Brutus
1400 899 1475 923 tuus,
1496 899 1601 921 auctore
1617 895 1704 921 Aristo
1724 898 1750 920 et
1769 894 1862 920 Antio-

1067 931 1130 961 cho,
1145 940 1196 957 non
1207 932 1287 957 sentit
1300 931 1362 958 hoc:
1381 936 1454 966 putat
1465 932 1552 962 enim,
1568 933 1662 961 etiam,
1678 932 1701 958 si
1713 932 1747 958 sit
1760 931 1861 958 bonum

1067 967 1177 1002 aliquod
1198 973 1302 1003 praeter
1324 969 1460 995 virtutem.
1501 969 1536 995 M.
1559 968 1630 1001 Quid
1651 968 1751 1005 igitur?
1770 973 1860 995 contra

1067 1005 1212 1031 Brutumne
1224 1015 1266 1031 me
1277 1005 1413 1032 dicturum
1426 1005 1522 1041 putas‘?
1542 1007 1573 1032 A.
1590 1006 1629 1032 Tu
1646 1015 1722 1036 vero,
1741 1011 1769 1032 ut
1785 1005 1861 1032 vide-

1044 1041 1045 1062 i
1067 1047 1121 1068 tur:
1137 1052 1197 1068 nani
1211 1043 1351 1077 praetinire
1363 1052 1415 1069 non
1426 1048 1466 1069 est
1478 1052 1578 1069 meum.
1610 1045 1651 1069 22.
1668 1044 1702 1069 M.
1719 1042 1790 1075 Quid
1801 1043 1861 1068 cui-

1066 1088 1118 1114 que
1131 1081 1213 1115 igitur
1223 1086 1431 1106 consentaneum
1443 1081 1486 1110 sit,
1499 1081 1550 1107 alio
1563 1080 1629 1107 loco.
1670 1081 1736 1106 Nam
1749 1080 1798 1106 ista
1810 1080 1861 1106 mi-

1067 1117 1095 1143 hi
1106 1122 1203 1143 etcum
1216 1118 1346 1144 Antiocho
1357 1126 1445 1152 saepe,
1459 1123 1557 1144 etcum
1569 1119 1657 1144 Aristo
1668 1125 1762 1152 nuper,
1775 1125 1860 1152 quum

1065 1154 1177 1180 Athenis
1199 1155 1342 1189 imperator
1362 1155 1434 1190 apud
1454 1163 1516 1181 eum
1537 1154 1706 1185 deversarer,
1727 1154 1861 1181 dissensio

1067 1191 1126 1217 suit.
1168 1191 1234 1218 Mihi
1248 1193 1320 1218 enim
1336 1201 1388 1219 non
1406 1192 1548 1219 videbatur
1562 1193 1707 1227 quisquam
1722 1200 1781 1218 esse
1798 1191 1861 1217 bea-

1067 1234 1109 1255 tus
1124 1237 1216 1263 posse,
1234 1238 1319 1264 quum
1336 1230 1363 1256 in
1379 1229 1458 1256 malis
1473 1234 1556 1256 esset:
1575 1230 1602 1256 in
1619 1229 1697 1256 malis
1712 1234 1800 1256 autem
1817 1237 1860 1254 sa-

1066 1267 1184 1301 pientem
1200 1275 1258 1292 esse
1274 1275 1366 1301 posse,
1382 1268 1405 1293 si
1420 1272 1509 1294 essent
1524 1266 1579 1293 ulla
1592 1267 1711 1301 corporis
1722 1271 1767 1292 aut
1777 1265 1861 1292 sortu-

1067 1312 1115 1329 nae
1127 1303 1206 1330 mala.
1247 1304 1410 1331 Dicebantur
1421 1304 1499 1335 haec,
1515 1313 1584 1339 quae
1594 1305 1703 1339 scripsit
1713 1304 1793 1330 etiam
1805 1304 1859 1329 An-

1043 1344 1044 1347 ’
1066 1341 1171 1367 tiochus
1184 1340 1249 1367 locis
1260 1341 1399 1376 pluribus:
1422 1342 1549 1368 virtutem
1561 1342 1647 1376 ipsam
1658 1350 1706 1376 per
1715 1349 1744 1367 se
1755 1341 1859 1367 beatam

1043 1397 1044 1400 η
1067 1379 1148 1404 vitam
1161 1377 1266 1405 efficere
1277 1388 1364 1414 posse,
1374 1387 1462 1414 neque
1473 1384 1561 1406 tamen
1572 1379 1769 1405 beatissimam:
1782 1377 1860 1404 dein-

1041 1653 1043 1667 Ι

1040 1695 1043 1712 l

1042 1616 1043 1631 2
1065 1603 1149 1629 tinere
1165 1611 1262 1630 nomen
1277 1612 1369 1630 suum.

1065 1415 1098 1441 de
1114 1424 1148 1442 ex
1162 1417 1262 1443 maiore
1278 1421 1352 1451 parte
1367 1416 1510 1452 plerasque
1525 1426 1566 1443 res
1581 1416 1726 1446 nominari,
1744 1416 1824 1441 etiam
1835 1415 1860 1440 si

1066 1461 1134 1487 quae
1146 1462 1208 1488 pars
1220 1453 1338 1485 abesset,
1356 1459 1386 1480 ut
1396 1455 1480 1484 vires,
1499 1459 1529 1480 ut
1540 1453 1735 1484 valetudinem,
1749 1457 1777 1479 ut
1787 1452 1860 1478 divi-

1066 1491 1129 1521 tias,
1148 1496 1176 1517 ut
1190 1491 1330 1522 honorem,
1349 1496 1378 1518 ut
1388 1491 1515 1527 gloriam,
1533 1500 1601 1526 quae
1615 1499 1727 1527 genere,
1745 1498 1797 1516 non
1809 1498 1860 1516 nu-

1066 1536 1139 1554 mero
1150 1533 1335 1555 cernerentur:
1349 1529 1413 1555 item
1423 1529 1528 1555 beatam
1541 1529 1632 1559 vitam,
1640 1529 1719 1554 etiam
1731 1528 1754 1553 si
1765 1535 1799 1554 ex
1809 1526 1861 1553 ali-

1065 1574 1118 1600 qua
1128 1570 1202 1600 parte
1213 1565 1362 1597 clauderet,
1380 1571 1468 1593 tamen
1477 1574 1512 1592 ex
1523 1566 1606 1592 multo
1618 1566 1717 1592 maiore
1728 1570 1801 1599 parte
1811 1563 1861 1590 ob-

1409 1605 1451 1630 23.
1472 1603 1542 1630 Haec
1558 1611 1629 1629 nunc
1646 1602 1787 1629 enucleare
1807 1609 1859 1627 non

1065 1641 1100 1666 ita
1116 1648 1226 1666 necesse
1241 1646 1294 1668 est:
1316 1649 1482 1676 quamquam
1503 1649 1555 1667 non
1569 1639 1785 1666 constantissime
1804 1637 1860 1664 dici

1065 1677 1133 1703 mihi
1144 1677 1280 1704 videntur.
1321 1678 1388 1704 Nam
1399 1683 1425 1704 et
1435 1678 1482 1712 qui
1494 1677 1588 1704 beatus
1599 1682 1648 1707 est,
1662 1685 1714 1703 non
1726 1674 1856 1710 intelligo,

1064 1714 1131 1749 quid
1142 1715 1273 1749 requirat,
1287 1719 1316 1741 ut
1327 1715 1362 1741 sit
1373 1715 1487 1741 beatior:
1500 1715 1533 1749 (si
1545 1719 1585 1741 est
1595 1715 1677 1745 enim,
1693 1713 1766 1748 quod
1777 1712 1857 1740 desit,

1064 1760 1096 1778 ne
1108 1752 1202 1777 beatus
1213 1752 1325 1787 quidem
1337 1752 1386 1787 est)
1397 1757 1436 1783 et,
1452 1751 1525 1786 quod
1536 1760 1570 1778 ex
1581 1752 1680 1778 maiore
1691 1756 1765 1786 parte
1776 1758 1858 1776 unam

1040 1797 1041 1800 ¹
1063 1797 1199 1824 quamque
1212 1798 1267 1816 rem
1279 1789 1408 1824 appellari
1419 1789 1588 1825 spectarique
1598 1788 1701 1818 dicunt,
1709 1792 1758 1818 est,
1772 1787 1819 1814 ubi
1833 1786 1858 1812 id

211 2599 363 2632 clariorem,
393 2602 514 2630 ullumve
539 2613 598 2630 esse
622 2605 810 2640 philosophiae
840 2607 1005 2640 promissum

213 2636 322 2663 uberius
334 2643 379 2665 aut
389 2641 486 2667 maius.
528 2642 594 2667 Nam
605 2642 673 2677 quid
684 2641 840 2677 prolitetur‘.³
850 2652 865 2669 ο
875 2643 913 2670 dii
926 2644 1002 2670 boni!

1064 1828 1115 1853 isto
1130 1827 1208 1853 modo
1224 1826 1318 1853 valeat.
1359 1826 1449 1859 Quum
1465 1835 1528 1853 vero
1545 1827 1593 1853 tria
1609 1833 1708 1861 genera
1727 1824 1858 1851 malorum

1062 1906 1165 1937 geatur,
1179 1906 1208 1928 ut
1218 1903 1308 1928 omnia
1319 1901 1430 1928 adversa
1442 1902 1535 1928 sintin
1547 1901 1660 1931 fortuna,
1672 1899 1800 1927 omnibus
1810 1907 1859 1933 op-

1063 1948 1187 1974 pressum
1202 1947 1300 1973 corpus
1316 1943 1341 1965 et
1355 1939 1507 1965 confectum
1523 1938 1675 1969 doloribus,
1699 1937 1762 1964 huic
1780 1935 1859 1971 paul-

1063 1977 1154 2002 lumne
1166 1976 1199 2002 ad
1211 1976 1315 2002 beatam
1328 1976 1410 2002 vitam
1421 1976 1515 2002 deesse
1526 1975 1657 2006 dicemus,
1671 1983 1723 2002 non
1736 1973 1814 2000 modo
1824 1973 1857 1998 ad

1062 2013 1266 2040 beatissimam?
1292 2013 1337 2039 IX.
1355 2015 1396 2040 24.
1414 2014 1467 2040 Hoc
1478 2012 1547 2039 illud
1558 2018 1606 2044 est,
1619 2012 1693 2047 quod
1703 2010 1858 2046 Theophra-

1062 2056 1119 2077 stus
1131 2051 1265 2077 sustinere
1277 2059 1329 2077 non
1342 2051 1438 2085 potuit.
1464 2051 1531 2077 Nam
1542 2058 1628 2085 quum
1637 2050 1783 2079 statuisset,
1797 2056 1858 2074 ver-

1061 2088 1133 2119 bera,
1150 2092 1289 2118 tormenta,
1301 2089 1446 2118 cruciatus,
1459 2088 1560 2123 patriae
1571 2087 1734 2116 eversiones,
1750 2084 1854 2126 exsilia.

1060 2125 1188 2152 orbitates
1199 2133 1325 2160 magnam
1336 2126 1392 2152 vim
1405 2125 1503 2152 habere
1517 2124 1551 2151 ad
1566 2124 1636 2151 male
1647 2124 1799 2158 misereque
1815 2130 1857 2148 Vt—

1062 2162 1194 2193 vendum,
1218 2171 1271 2189 non
1284 2167 1324 2188 est
1339 2171 1422 2189 ausus
1437 2162 1504 2189 elate
1519 2167 1544 2188 et
1559 2161 1647 2196 ample
1663 2160 1751 2195 loqui,
1771 2167 1855 2194 quum

1061 2199 1201 2226 humiliter
1226 2199 1399 2235 demisseque
1423 2200 1543 2226 sentiret.
1584 2198 1670 2231 Quam
1695 2198 1777 2227 bene,
1803 2204 1854 2237 non

1060 2238 1211 2272 quaeritur:
1238 2242 1390 2263 constanter
1413 2236 1525 2271 quidem
1549 2241 1630 2262 certe.
1670 2236 1761 2269 Itaque
1787 2232 1854 2259 mibi

1060 2274 1166 2309 placere
1177 2282 1230 2300 non
1239 2273 1319 2305 solet,
1336 2274 1528 2308 consequentia
1543 2271 1751 2308 reprehendere,
1768 2278 1854 2311 quum

1059 2312 1147 2346 prima
1156 2311 1332 2337 concesseris.
1348 2311 1500 2341 Hicautem,
1508 2310 1854 2346 elegantissimusomnium

1059 2348 1283 2383 pbilosophorum
1294 2353 1320 2374 et
1330 2348 1542 2378 eruditissimus,
1550 2356 1602 2374 non
1615 2353 1712 2381 magno
1721 2352 1801 2379 opere
1812 2352 1855 2370 re-

1059 2385 1249 2420 prehenditur,
1267 2394 1353 2420 quum
1365 2386 1414 2412 tria
1424 2393 1522 2420 genera
1533 2384 1599 2410 dicit
1608 2383 1753 2409 bonorum:
1771 2390 1854 2422 vexa—

1059 2428 1102 2448 tur
1112 2427 1202 2449 autem
1213 2422 1246 2448 ab
1257 2422 1394 2453 omnibus,
1407 2423 1526 2457 primum
1538 2422 1565 2447 in
1576 2419 1690 2449 eolibro,
1699 2427 1780 2454 quem
1786 2427 1854 2444 scri-

1058 2460 1112 2494 psit
1123 2459 1156 2486 de
1168 2461 1222 2486 vita
1234 2459 1318 2490 beata,
1334 2460 1362 2486 in
1373 2467 1427 2494 quo
1438 2458 1522 2485 multa
1532 2458 1665 2492 disputat,
1677 2455 1853 2491 quamobrem

1058 2497 1091 2528 is,
1107 2497 1156 2532 qui
1167 2502 1330 2532 torqueatur,
1343 2497 1392 2532 qui
1402 2496 1544 2526 crucietur,
1552 2495 1647 2521 beatus
1658 2502 1716 2519 esse
1727 2502 1780 2519 non
1790 2500 1853 2527 pos-

1058 2534 1102 2560 sit.
1142 2535 1172 2560 In
1182 2543 1213 2560 eo
1224 2535 1303 2560 etiam
1314 2538 1424 2568 putatur
1433 2532 1536 2563 dicere,
1554 2532 1582 2558 in
1597 2536 1679 2557 rotam
1695 2530 1800 2556 beatam
1811 2530 1853 2555 vi-

1057 2576 1112 2596 tam
1132 2579 1185 2597 non
1205 2571 1358 2597 escendere.
1398 2571 1457 2596 Non
1476 2577 1593 2604 usquam
1612 2568 1640 2594 id
1660 2567 1772 2602 quidem
1787 2566 1853 2592 dicit

1056 2608 1180 2634 omnino:
1198 2608 1260 2638 sed,
1278 2616 1348 2643 quae
1358 2607 1437 2637 dicit,
1453 2606 1524 2632 idem
1537 2605 1635 2631 valent.
1676 2606 1718 2631 25.
1739 2605 1852 2630 Possum

1057 2645 1149 2681 igitur,
1157 2646 1202 2672 cui
1213 2645 1402 2675 concesserim,
1411 2644 1438 2670 in
1450 2643 1528 2669 malis
1537 2651 1596 2669 esse
1607 2642 1712 2668 dolores
1722 2641 1850 2676 corporiS,
