1941 3052
256 139 631 167 TUSCULANARUM
664 138 1048 166 DISPUTATIONUM
1078 139 1159 166 LlB.

73 213 162 239 omnia
173 216 264 238 essent
274 212 302 238 in
312 211 434 238 moribus
446 211 524 241 vitia,
541 209 614 245 quod
630 209 735 236 nullum
750 215 806 236 erat
817 210 870 236 ira-

73 249 172 276 cundia
188 248 307 279 foedius,
330 248 473 275 iracundos
488 247 559 274 solos
574 256 692 274 morosos
712 248 870 274 nominave-

74 291 146 313 runt.
181 285 267 312 XXV.
283 287 325 312 55.
340 285 477 312 Oratorem
489 294 552 311 vero
564 285 643 311 irasci
655 285 767 311 minime
778 284 867 311 decet:

73 323 202 350 simulare
218 332 270 350 non
285 323 406 350 dedecet.
446 323 487 349 An
503 322 554 349 tibi
570 323 649 348 irasci
665 327 722 348 tum
733 321 868 352 videmur,

74 370 159 396 quum
169 360 237 395 quid
249 361 277 386 in
288 361 392 386 caussis
403 361 492 386 acrius
503 364 528 386 et
536 359 723 386 vehementius
735 358 871 385 dicimus‘?

74 397 159 433 quid‘?
171 406 257 432 quum
268 398 321 424 iam
333 398 414 424 rebus
427 397 566 424 transactis
577 401 602 422 et
613 397 763 431 praeteritis
773 396 871 423 oratio-
891 427 893 436 A

74 444 122 462 nes
132 435 289 470 scribimus,
303 444 367 461 num
380 436 439 461 irati
451 433 615 461 scrihimus‘?

148 473 245 506 Ecqm's
255 474 300 498 hoe
310 471 511 498 animadvertit?
528 472 636 497 Vincite!
891 462 900 531 ll

74 518 139 536 num
156 515 202 536 aut
217 510 305 545 egisse
321 518 451 544 umquam
468 509 565 535 iratum
577 509 727 542 Aesopum,
744 513 791 534 aut
804 507 872 533 scri·
899 505 900 538 ᾖ

73 547 162 582 psisse
187 547 376 573 existimamus
401 548 498 573 iratum
519 545 649 572 Accium‘?
673 546 797 581 Aguntur
822 545 872 570 ista
892 558 894 585 ,ν

73 583 221 619 praeclare3
245 589 271 610 et
285 584 319 610 ab
334 588 436 610 oratore
447 583 559 618 quidem
575 583 686 613 melius,
704 583 727 608 si
740 582 818 608 modo
832 586 872 608 est
893 579 901 621 ll

73 626 169 652 orator,
182 630 263 656 quam
275 622 309 648 ab
320 621 376 648 ullo
390 621 535 647 histrione:
556 620 603 646 sed
613 625 730 655 aguntur
742 619 837 646 leniter
847 624 872 645 et
893 632 901 657 Η

74 664 163 685 mente
175 658 329 693 tranquilla.
370 658 524 685 Libidinem
541 666 604 684 vero
621 657 728 683 laudare
742 657 821 683 cuius
833 660 873 682 est
893 677 901 689 Ἴ,

75 695 212 722 libidinis!
235 696 443 722 Themistoclem
464 695 531 721 mihi
548 700 573 721 et
588 694 793 721 Demosthenem
809 702 872 728 pro·
893 690 895 710 l

75 733 163 759 sertis:
187 733 287 759 additis
302 733 493 769 Pythagoram,
511 733 706 762 Democritum,
723 731 870 757 Platonem.
893 742 895 765 v,

74 770 164 802 Quid‘?
176 780 223 797 vos
233 770 322 797 studia
334 770 476 797 libidinem
487 769 605 796 vocatis?
615 778 694 804 quae,
704 768 745 795 vel
757 769 873 803 optima-
894 781 902 797 l,

74 817 135 834 rum
147 817 246 839 rerum,
255 813 284 834 ut
294 816 323 834 ea
333 813 405 838 sunt,
419 816 488 842 quae
500 806 633 841 profertis,
646 806 737 832 sedata
748 810 836 832 tamen
848 809 873 831 et
894 831 895 834 ,

75 845 220 880 tranquilla
236 854 294 871 esse
309 845 417 871 debent.
459 845 512 870 Iam
528 843 727 879 aegritudinem
752 842 869 873 laudare,

74 891 156 909 unam
167 891 224 908 rem
234 883 351 908 maxime
364 881 564 912 detestabilem,
583 890 698 916 quorum
713 885 753 907 est
764 879 871 907 tandem
894 881 895 895 ¹

74 919 317 954 philosophorum?
327 919 359 946 At
370 919 509 946 commode
520 918 590 945 dixit
599 918 736 948 Afranius,

147 958 288 983 Dummodo
298 959 382 983 doleat
392 958 501 990 aliquid,
513 958 597 982 doleat
609 957 748 989 qut'dlubet.

74 994 146 1020 Dixit
165 995 237 1020 enim
259 994 292 1020 de
307 993 475 1020 adolescente
490 993 594 1028 perdito
610 1002 639 1019 ac
655 992 801 1019 dissoluto:
824 1001 872 1018 nos
893 1001 895 1014 <

73 1037 163 1058 autem
184 1031 217 1057 de
232 1032 365 1058 constanti
380 1032 438 1058 viro
454 1040 484 1057 ac
500 1031 615 1065 sapienti
631 1031 799 1065 quaerimus.
840 1030 873 1056 Et

74 1068 185 1104 quidem
193 1069 278 1103 ipsam
286 1069 360 1095 illam
372 1070 439 1095 iram
450 1069 571 1095 centurio
584 1068 680 1094 habeat
691 1073 736 1094 aut
746 1066 869 1103 signifer,

74 1106 117 1132 vel
128 1107 218 1136 ceteri,
227 1106 260 1132 de
271 1107 373 1141 quihus
384 1106 439 1132 (1101
451 1115 503 1132 11011
515 1114 625 1132 necesse
637 1111 685 1136 est,
695 1114 727 1131 ne
735 1105 870 1131 rhetorum

73 1144 227 1178 aperiamus
239 1145 376 1179 mysteria.
414 1143 482 1170 Utile
494 1148 535 1169 est
545 1144 627 1174 enim,
640 1144 678 1169 uti
692 1148 765 1169 motu
777 1143 870 1173 animi,

74 1181 122 1216 qui
133 1182 173 1207 uti
185 1182 284 1207 ratione
298 1190 349 1208 non
361 1185 460 1215 potest:
474 1189 522 1207 nos
533 1180 803 1211 auten1,uttestificor
813 1188 873 1206 sae-

74 1227 121 1253 pe,
137 1218 170 1244 de
186 1219 306 1253 sapiente
317 1219 485 1253 quaerimus.
525 1218 622 1244 XXVI.
638 1219 679 1244 56.
695 1218 817 1244 Atetiam
829 1226 874 1243 ae-

76 1255 173 1282 mulari
186 1255 251 1282 utile
261 1261 310 1286 est,
323 1256 479 1286 obtrectare,
493 1256 626 1282 misereri.
665 1255 719 1282 Cur
730 1256 873 1281 misereare

74 1294 174 1328 potius,
187 1302 269 1328 quam
282 1292 350 1319 seras
362 1302 450 1328 opem,
466 1294 489 1319 si
501 1293 528 1319 id
540 1292 625 1319 facere
637 1292 744 1327 possis?
762 1294 802 1319 An
814 1294 873 1318 sine

75 1331 259 1357 misericordia
271 1330 397 1357 liberales
408 1340 466 1357 esse
478 1340 530 1357 non
546 1330 709 1365 possumus?
726 1331 783 1357 Non
800 1331 873 1356 enirn

74 1368 212 1402 suscipere
220 1368 461 1403 ipsiaegritudines
472 1373 579 1402 propter
589 1368 656 1394 alios
667 1367 812 1399 debemus,
826 1367 873 1394 sed

75 1405 155 1436 alios,
177 1406 202 1431 si
222 1414 382 1440 possumus,
406 1405 495 1431 levare
506 1405 684 1440 aegritudine.
720 1405 874 1432 Obtrectare

75 1450 139 1469 vero
150 1442 289 1474 alteri,aut
304 1443 348 1469 illa
362 1443 457 1469 vitiosa
469 1443 734 1478 aemulatione.q=1ae
747 1442 873 1469 rivalitati
902 1447 903 1450 ’

74 1479 174 1506 similis
189 1485 242 1510 est,
259 1480 389 1507 aemulari
405 1480 472 1515 quid
488 1480 568 1506 habet
584 1480 722 1511 utilitatis,
739 1489 824 1514 quum
839 1481 875 1506 sit

75 1517 246 1548 aemulantis,
263 1518 326 1553 angi
340 1517 427 1544 alieno
438 1518 522 1549 bono,
541 1517 613 1553 quod
626 1518 684 1552 ipse
696 1526 747 1544 non
762 1518 870 1543 babeat:

74 1554 247 1581 obtrectantis
259 1560 361 1586 autem,
380 1555 442 1590 angi
457 1555 545 1581 alieno
560 1555 643 1585 bono,
662 1555 734 1589 quod
752 1555 778 1581 id
793 1556 873 1581 etiam

75 1592 145 1618 alius
155 1592 269 1619 habeat?
301 1592 353 1625 Qui
366 1592 394 1618 id
405 1592 546 1627 approbari
559 1593 652 1627 possit,
669 1591 712 1629 [te]
726 1592 875 1628 aegritudi-

75 1638 136 1655 nem
149 1630 286 1664 suscipere
298 1638 345 1664 pro
356 1631 521 1664 experientia
530 1651 536 1661 ‚
554 1631 577 1656 si
593 1630 659 1664 quid
678 1630 774 1656 habere
789 1629 876 1656 velis?

75 1667 142 1692 Nam
158 1666 246 1693 solum
263 1667 361 1694 habere
378 1667 447 1693 velle
462 1676 567 1694 summa
584 1667 718 1694 dementia
740 1672 790 1694 est.
831 1668 873 1694 57.

74 1703 271 1731 Mediocritates
286 1709 375 1731 autem
391 1704 523 1731 malorum
534 1705 597 1740 quis
610 1704 718 1731 laudare
730 1710 799 1731 recte
812 1713 874 1739 pos-

74 1740 128 1767 sit‘!
146 1740 214 1773 Quis
230 1742 303 1768 enim
319 1747 419 1776 potest,
437 1743 464 1768 in
480 1751 534 1777 quo
552 1742 635 1769 libido
645 1742 816 1777 cupiditasve
827 1743 872 1773 sit,

75 1787 127 1805 non
140 1777 304 1806 libidinosus
315 1784 341 1806 et
351 1779 469 1814 cupidus
481 1779 559 1806 esse?
573 1781 666 1814 inquo
682 1781 733 1811 ira,
752 1789 804 1806 non
821 1781 875 1806 ira-

74 1815 200 1842 cundus‘.7
211 1817 238 1843 111
249 1825 303 1851 quo
314 1825 405 1852 angor,
420 1826 471 1843 non
484 1817 601 1844 anxius?
614 1818 641 1844 in
653 1826 708 1852 quo
719 1818 807 1848 timor,
821 1826 874 1844 non

75 1852 206 1880 timidus?
223 1854 413 1881 Libidinosum
430 1855 513 1889 igitur
530 1854 565 1891 [et
575 1853 717 1891 cupidum]
730 1860 756 1882 et
768 1856 875 1882 iracun—

75 1889 142 1917 dum
153 1895 179 1917 et
189 1891 300 1917 anxium
312 1896 338 1918 et
349 1891 475 1918 timidum
487 1900 630 1918 censemus
642 1901 700 1919 esse
707 1892 876 1927 sapientem?

75 1927 112 1953 De
127 1928 207 1954 cuius
218 1928 377 1955 excellentia
393 1929 476 1955 multa
488 1929 600 1963 quidem
611 1929 664 1956 dici
677 1930 804 1965 quamvis
817 1930 875 1956 fuse

77 1964 182 1999 lateque
195 1970 320 1999 possunt;
334 1965 381 1991 sed
392 1965 552 1992 brevissime
565 1966 610 1993 illo
618 1966 874 2002 modo‚sapientiam

76 2010 136 2028 esse
152 2010 242 2028 rerum
258 2002 413 2029 divinarum
429 2008 455 2029 et
470 2003 650 2030 humanarum
669 2005 809 2031 scientiam
831 2014 876 2031 co·

75 2039 290 2075 gnitionemque,
304 2048 373 2074 quae
384 2040 517 2075 cuiusque
530 2042 567 2067 rei
578 2049 672 2067 caussa
685 2042 729 2068 sit.
771 2043 810 2068 Ex
821 2051 876 2077 quo

76 2076 205 2107 eflicitur,
223 2081 252 2103 ut
262 2076 354 2103 divina
367 2078 500 2108 imitetur,
519 2077 635 2104 humana
647 2079 736 2105 onmia
750 2079 875 2106 inferiora

76 2114 175 2140 virtute
187 2113 276 2141 ducat.
318 2115 346 2141 ln
363 2114 431 2141 hanc
447 2120 474 2141 tu
490 2115 585 2151 igitur,
604 2121 739 2150 tamquam
754 2117 779 2142 in
793 2126 873 2148 mare,

75 2150 148 2186 quod
161 2156 201 2177 est
213 2152 300 2177 ventis
312 2151 465 2178 subiectum
474 2173 480 2183 ,
496 2153 724 2187 perturbationem
735 2153 830 2180 eadere
843 2155 876 2180 ti—

76 2188 104 2215 bi
120 2188 214 2215 dixisti
232 2188 337 2215 videri?
356 2188 427 2221 Quid
443 2194 496 2220 051,
513 2190 586 2224 quod
602 2195 700 2217 tantam
716 2191 874 2226 gravitatem

75 2226 309 2261 constantiamque
331 2225 485 2260 perturbet?
509 2228 549 2253 An
570 2227 749 2262 improvisum
771 2228 875 2264 aliquid
904 2235 905 2242 ¹

75 2268 122 2290 aut
137 2262 327 2297 repentinum?
347 2263 417 2295 Quid
436 2269 522 2298 potest
537 2265 657 2291 accidere
675 2265 873 2296 tale,cuinihil,

75 2299 148 2335 quod
166 2300 269 2326 homini
285 2301 393 2326 evenire
409 2300 512 2335 possit‘?
533 2302 599 2328 Nam
615 2302 687 2337 quod
702 2303 778 2330 aiunt
792 2304 875 2330 nimia

75 2338 190 2364 resecari
201 2337 470 2373 oportere,naturalia
485 2338 615 2374 relinqui:
629 2340 697 2374 quid
709 2340 815 2367 tandem
828 2350 876 2375 po-

76 2379 128 2401 test
141 2383 201 2401 esse
218 2375 351 2405 naturale,
374 2375 446 2410 quod
464 2375 534 2402 idem
556 2377 672 2402 nimium
693 2386 752 2403 esse
774 2378 876 2412 possit?

75 2410 223 2438 Suntenim
235 2413 324 2439 omnia
338 2413 385 2439 ista
398 2422 430 2438 ex
442 2422 562 2439 errorum
572 2419 628 2440 orta
641 2414 791 2441 radicibus:
806 2424 875 2450 quae
905 2423 906 2434 ¹

75 2448 216 2476 evellenda
227 2454 252 2476 et
266 2450 430 2476 extrahenda
447 2451 569 2485 penitus,
589 2460 640 2477 uon
656 2451 875 2478 circumcidenda

76 2494 125 2513 nec
135 2487 298 2522 amputanda
310 2492 383 2514 sunt.

131 2523 240 2551 XXVll.
262 2525 304 2551 58.
327 2524 380 2551 Sed
392 2525 519 2559 quomam
533 2525 665 2559 suspicor.
680 2529 703 2551 te
715 2534 766 2552 non
779 2530 831 2552 tam
842 2525 875 2552 de

75 2561 295 2596 sapiente‚quam
307 2561 340 2588 de
353 2567 376 2588 10
389 2562 447 2596 ipso
458 2571 600 2596 quaerere:
613 2562 700 2597 (illum
712 2563 784 2588 0111111
798 2568 875 2597 putus

75 2598 148 2625 omni
160 2599 361 2633 perturbatione
375 2608 434 2625 esse
451 2599 580 2629 liberum,
599 2604 623 2626 te
641 2599 707 2634 vis:)
722 2599 872 2629 videamus.

896 208 899 281 i

898 289 899 292 ’
922 283 1025 310 nullam
1046 285 1189 311 invenerit.

898 375 900 397 3
922 367 1014 390 secus,
1037 360 1189 385 animorum
1203 359 1277 385 salus
1289 359 1393 385 inclusa
1406 359 1432 384 in
1445 359 1487 384 his
1499 359 1566 393 ipsis
1578 363 1627 385 est.

75 2640 174 2670 quanta
190 2636 257 2667 sint,
274 2645 343 2671 quae
359 2645 373 2662 a
390 2635 560 2671 philosophia
575 2636 691 2663 remedia
704 2637 804 2663 morbis
816 2638 874 2664 uni-

76 2681 181 2700 morum
202 2673 391 2700 adhibeantur.
431 2673 479 2700 Est
494 2674 566 2700 enim
585 2674 718 2710 (praedam
740 2674 873 2702 medicina

1191 139 1240 166 IV.
1270 138 1360 165 CAP.
1383 141 1411 165 21
1436 154 1471 158 —
1493 140 1533 165 29.
1654 141 1716 165 1083

921 213 1004 236 certe:
1018 218 1067 236 nec
1078 214 1132 236 tam
1143 209 1194 236 fuit
1206 210 1346 236 hominum
1357 210 1450 245 generi
1462 208 1567 235 infensa
1578 213 1657 244 atque
1666 210 1719 235 ini-

923 247 990 272 mica
1007 252 1115 278 natura,
1131 252 1161 274 ut
1175 247 1333 282 corporibus
1349 252 1386 273 tot
1400 256 1442 273 res
1457 246 1600 277 salutares,
1618 247 1717 273 animis

1229 285 1265 310 De
1286 284 1388 319 quibus
1404 284 1453 310 hoe
1469 284 1549 310 etiam
1564 288 1605 310 est
1625 284 1720 310 merita

924 321 1030 353 melius,
1038 321 1111 356 qnod
1122 330 1263 356 corporum
1276 321 1430 348 adiumenta
1442 321 1606 347 adhibentur
1616 322 1720 347 extrin-

1668 358 1721 384 Sed

923 405 976 431 quo
988 397 1073 422 maior
1083 397 1162 423 estin
1173 397 1212 422 015
1223 397 1386 431 praestantia
1397 401 1423 422 et
1433 396 1566 426 divinior,
1579 404 1610 422 eo
1621 396 1721 422 maiore

923 434 1046 469 indigent
1061 433 1212 469 diligentia.
1252 435 1344 468 ltaque
1359 433 1428 459 bene
1444 433 1565 458 adhibita
1581 433 1646 459 ratio
1662 441 1720 459 cer-

923 473 974 502 nit,
987 471 1054 506 quid
1065 472 1197 505 optimum
1209 471 1257 497 sit:
1275 470 1396 506 neglecta
1408 470 1500 496 multis
1512 470 1667 504 implicatur
1678 478 1721 496 er-

923 509 1041 535 roribus.
1062 510 1104 535 59.
1117 508 1158 534 Ad
1169 514 1194 535 te
1207 509 1289 544 igitur
1300 508 1368 534 mihi
1380 508 1433 534 iam
1443 508 1621 534 convertenda
1633 508 1722 534 omnis

923 547 1006 573 oratio
1026 551 1076 572 est.
1116 545 1234 572 Simulas
1255 546 1328 571 enim
1348 554 1477 580 quaerere
1497 550 1522 572 te
1537 545 1570 571 de
1585 545 1719 580 sapiente:

923 584 1032 618 quaeris
1043 588 1132 609 autem
1145 583 1256 609 fortasse
1267 583 1300 609 de
1313 588 1347 609 te.

980 621 1079 647 Earum
1091 621 1174 656 igitur
1185 620 1430 655 perturbationum,
1447 628 1515 654 quas
1530 620 1658 654 exposui,
1675 628 1723 645 va-

924 659 978 684 riae
999 663 1063 684 sunt
1082 659 1244 684 curationes.
1285 658 1352 683 Nam
1373 665 1460 691 neque
1479 658 1567 683 omnis
1583 656 1722 691 aegritudo

924 704 977 722 una
989 696 1090 721 ratione
1101 695 1219 721 sedatur.
1258 694 1318 720 Alia
1330 699 1370 720 est
1380 695 1453 720 enim
1471 694 1586 729 lugenti.
1605 694 1655 720 alia
1671 695 1723 719 1111-

923 733 1023 759 seranti
1036 737 1081 759 aut
1092 732 1225 759 invidenti
1237 731 1391 758 adhibenda
1404 731 1547 758 medicina.
1585 732 1632 757 Est
1642 732 1722 757 etiam

924 771 952 796 in
963 770 1091 796 omnibus
1107 775 1233 804 quattuor
1248 769 1497 803 perturbationibus
1514 768 1559 794 illa
1569 768 1720 795 distinctio:

925 808 1019 833 Utrum
1032 807 1065 833 ad
1076 808 1233 833 universam
1244 806 1487 841 perturbationem,
1500 814 1569 840 quae
1581 811 1621 832 est
1632 814 1724 839 asper-

925 845 997 871 natio
1008 845 1119 870 rationis
1130 844 1316 879 autappetitus
1329 844 1525 873 vehementior,
1539 852 1572 869 an
1584 842 1617 868 ad
1629 843 1724 878 singu—

924 881 977 912 laS,
991 886 1021 908 ut
1031 881 1064 908 ad
1076 887 1177 908 metum
1186 902 1192 912 ‚
1210 881 1352 907 libidinem
1364 880 1551 915 reliquasque,
1569 879 1666 906 melius
1677 879 1725 905 ad-

924 919 1050 945 hibeatur
1060 919 1156 945 oratio:
1174 923 1212 949 et,
1228 923 1319 944 utrum
1332 917 1435 944 illudne
1447 926 1499 943 non
1512 917 1635 943 videatur
1646 925 1724 952 aegre

925 956 1080 987 ferendum,
1094 965 1128 982 ex
1139 964 1193 991 quo
1204 960 1329 990 suscepta
1341 956 1375 981 sit
1387 955 1540 990 aegritudo,
1558 964 1590 981 an
1602 955 1725 980 omnium

924 1002 1014 1020 rerum
1028 993 1144 1020 tollenda
1159 994 1270 1020 omnino
1285 992 1439 1028 aegritudo:
1462 997 1504 1023 ut,
1526 992 1549 1018 si
1568 993 1630 1027 quis
1647 1000 1725 1027 aegre

924 1031 1003 1062 ferat,
1021 1040 1050 1057 se
1061 1039 1208 1066 pauperem
1220 1039 1292 1061 esse,
1311 1030 1374 1056 idne
1385 1029 1522 1064 disputes,
1540 1034 1726 1064 paupertatem

924 1069 1026 1095 malum
1038 1077 1090 1095 11011
1102 1077 1174 1095 esse:
1189 1077 1232 1098 an,
1246 1068 1384 1094 hominem
1396 1076 1474 1103 aegre
1487 1066 1554 1093 ferre
1567 1066 1635 1093 nihil
1647 1076 1727 1101 opor-

924 1111 988 1134 tere.
1030 1106 1166 1132 Nimirum
1178 1105 1228 1132 1100
1240 1105 1352 1131 111011115;
1369 1113 1411 1137 110,
1425 1106 1448 1132 51
1460 1104 1526 1131 forte
1538 1104 1570 1130 de
1582 1109 1726 1139 pauperta-

924 1149 949 1170 te
961 1153 1012 1170 non
1025 1144 1206 1178 persuaseris,
1225 1144 1260 1169 sit
1270 1142 1435 1178 aegritudini
1446 1142 1664 1169 concedendum.-
1683 1150 1727 1167 ae-

924 1181 1062 1217 gritudine
1074 1186 1163 1207 autem
1178 1180 1297 1211 sublata,
1311 1181 1429 1215 propriis
1441 1179 1605 1209 rationibus,
1624 1179 1726 1214 quibus

925 1219 983 1245 heri
996 1219 1038 1245 usi
1050 1227 1160 1249 sumus,
1177 1217 1296 1252 quodam
1312 1217 1390 1244 modo
1400 1219 1481 1244 etiam
1493 1218 1658 1252 paupertatis
1671 1225 1727 1242 ma-

926 1256 982 1283 lum
995 1256 1106 1282 tollitur.
1147 1256 1269 1282 XXVIII.
1291 1256 1332 1281 60.
1356 1254 1409 1281 Sed
1420 1255 1509 1282 omnis
1520 1254 1728 1288 eiusmodiper-

925 1294 1042 1321 turbatio
1056 1293 1140 1320 animi
1152 1293 1301 1327 placatione
1312 1292 1438 1320 abluatur
1449 1293 1494 1319 illa
1506 1291 1628 1327 quidem,
1641 1300 1727 1326 quum

925 1332 1022 1358 doceas
1034 1340 1082 1357 nec
1094 1331 1194 1357 bonum
1208 1330 1276 1357 illud
1287 1338 1397 1361 esse,ex
1409 1339 1463 1365 quo
1475 1330 1573 1356 laetitia
1586 1334 1632 1356 aut
1643 1328 1728 1354 libido

925 1370 1039 1398 oriatur,
1057 1377 1106 1395 nee
1118 1368 1234 1399 malum,
1253 1376 1287 1394 ex
1298 1376 1352 1402 quo
1363 1372 1409 1394 aut
1421 1373 1508 1394 metus
1519 1372 1564 1393 aut
1576 1366 1726 1402 aegritudo.

926 1407 1118 1433 Verumtamen
1135 1406 1200 1432 baec
1216 1410 1257 1432 est
1270 1410 1341 1432 certa
1353 1410 1378 1432 et
1388 1406 1495 1440 propria
1507 1405 1623 1435 sanatio,
1644 1404 1667 1429 si
1679 1403 1728 1430 110-

926 1452 987 1470 ceas
1000 1444 1072 1478 ipsas
1084 1443 1299 1478 perturbationes
1311 1451 1358 1477 per
1369 1451 1397 1469 se
1409 1452 1467 1469 esse
1480 1443 1604 1472 vitiosas,
1619 1450 1668 1467 1100
1680 1441 1728 1467 ha-

926 1482 990 1508 bere
1010 1480 1162 1516 quidquam
1187 1485 1233 1507 aut
1258 1479 1378 1506 naturale
1404 1485 1449 1506 aut
1473 1480 1671 1506 necessarium:
1700 1484 1728 1504 ut

927 1520 1014 1554 ipsam
1026 1518 1224 1553 aegritudinem
1239 1518 1315 1544 leniri
1329 1517 1468 1548 videmus,
1484 1526 1569 1552 quum
1582 1516 1728 1542 obiicimus

927 1556 1110 1582 maerentibus
1124 1555 1336 1582 imbecillitatem
1348 1555 1431 1581 animi
1447 1554 1608 1584 effeminati,
1626 1562 1728 1588 quum-

926 1603 979 1628 que
990 1602 1083 1620 eorum
1094 1594 1253 1628 gravitatem
1265 1593 1498 1627 constantiamque
1511 1591 1667 1621 laudamus,
1680 1592 1727 1625 qui

927 1640 979 1658 non
992 1631 1145 1658 turbulente
1158 1631 1274 1657 humana
1287 1631 1432 1664 patiantur.
1473 1629 1550 1662 Quod
1561 1628 1673 1664 quidem
1685 1638 1729 1654 50-

928 1668 963 1695 101
973 1670 1013 1695 eis
1027 1669 1107 1695 etiam
1123 1668 1258 1699 accidere,
1275 1669 1323 1702 qui
1336 1667 1381 1694 illa
1397 1666 1465 1693 mala
1477 1676 1536 1693 esse
1547 1671 1670 1695 censent,
1691 1665 1729 1691 [0-

904 1719 905 1725 *
926 1706 1009 1733 reuda
1021 1711 1109 1732 tamen
1121 1714 1207 1740 aequo
1219 1706 1308 1732 animo
1320 1705 1492 1732 arbitrantur.
1528 1705 1605 1730 Putat
1616 1702 1726 1738 aliquis,

926 1752 985 1770 esse
1003 1743 1167 1778 voluptatem
1183 1743 1298 1773 bonum,
1321 1742 1391 1768 alius
1408 1747 1496 1769 autem
1514 1742 1671 1776 pecuniam:
1691 1746 1728 1767 ta-

927 1790 988 1808 men
1000 1786 1025 1808 et
1037 1781 1082 1807 ille
1094 1781 1127 1807 ab
1140 1780 1356 1815 intemperantia,
1372 1780 1453 1806 ethic
1465 1780 1498 1805 ab
1509 1780 1621 1805 avaritia
1633 1787 1729 1805 avoca-

928 1819 949 1845 ri
962 1823 1058 1854 potest.
1094 1818 1140 1845 Illa
1152 1823 1241 1845 autem
1253 1817 1333 1844 altera
1347 1818 1412 1844 ratio
1423 1822 1449 1843 et
1459 1818 1551 1844 oratio.
1565 1825 1635 1851 quae
1646 1815 1727 1842 sinml

927 1862 952 1882 et
970 1857 1126 1891 opinionem
1148 1855 1242 1882 salsam
1260 1855 1328 1882 tollit
1343 1861 1368 1881 et
1384 1854 1582 1890 aegritudinem
1601 1853 1726 1882 detrabit,

927 1898 968 1920 051
977 1902 1007 1920 ea
1019 1893 1130 1928 quidem
1143 1893 1279 1923 subtilior.
1288 1892 1335 1919 sed
1349 1902 1406 1918 raro
1417 1893 1531 1927 prolicit,
1546 1900 1633 1926 neque
1645 1891 1728 1917 estad

928 1930 1029 1967 vulgus
1041 1930 1205 1957 adhibenda.
1246 1932 1288 1957 64.
1310 1930 1448 1962 Quaedam
1461 1935 1550 1956 autem
1562 1934 1625 1955 sunt
1641 1929 1729 1963 aegri-

928 1968 1050 1999 tudines,
1067 1977 1135 2004 quas
1147 1968 1235 1994 levare
1249 1967 1294 1995 illa
1306 1967 1439 1994 medicina
1451 1967 1526 1993 nullo
1539 1966 1616 1993 modo
1629 1966 1726 2000 possit:

928 2011 970 2037 ut,
988 2006 1012 2032 si
1026 2007 1089 2041 quis
1101 2014 1179 2041 aegre
1192 2005 1270 2036 serat,
1289 2005 1357 2032 nihil
1370 2006 1396 2031 in
1409 2014 1437 2031 50
1448 2014 1508 2031 0550
1521 2005 1641 2034 virtutis.
1661 2002 1728 2029 nibil

928 2043 1027 2074 animi,
1045 2043 1113 2070 nihil
1125 2043 1223 2074 oflicii,
1240 2042 1309 2069 nibil
1322 2043 1482 2073 honestatis,
1502 2047 1609 2076 propter
1621 2041 1689 2067 mala
1707 2041 1729 2066 15

928 2080 1039 2115 quidem
1056 2086 1183 2116 angatur,
1200 2080 1248 2106 sed
1264 2080 1316 2106 alia
1328 2080 1461 2115 quaedam
1473 2080 1507 2106 sit
1518 2079 1550 2105 ad
1562 2089 1624 2105 eum
1637 2079 1729 2104 admo-

929 2117 1015 2144 venda
1036 2118 1151 2148 curatio,
1183 2122 1209 2144 et
1229 2117 1290 2144 talis
1311 2117 1423 2152 quidem
1432 2138 1438 2148 ,
1470 2126 1539 2152 quae
1563 2117 1647 2151 possit
1669 2124 1729 2140 0550

927 2155 1050 2182 omnium
1064 2156 1145 2181 etiam
1159 2154 1192 2180 de
1206 2155 1302 2181 ceteris
1319 2155 1400 2181 rebus
1415 2154 1628 2189 discrepantium
1640 2152 1728 2187 philo-

927 2192 1086 2226 sophorum.
1109 2193 1179 2218 luter
1189 2200 1283 2218 omnes
1295 2193 1367 2218 enim
1379 2192 1523 2218 convenire
1535 2196 1729 2226 oportent-on·-

929 2231 1059 2256 motiones
1073 2229 1239 2259 animorum,
1257 2238 1271 2255 a
1284 2234 1353 2255 reeta
1366 2230 1466 2255 ratione
1478 2238 1599 2258 aversas.
1616 2236 1674 2254 0550.
1688 2236 1728 2253 11-

929 2267 1024 2296 tiosas,
1042 2271 1083 2297 ut,
1101 2266 1181 2292 etiam
1195 2266 1218 2292 si
1230 2265 1336 2292 0111111111
1347 2267 1401 2292 siut
1414 2266 1472 2295 illa,
1490 2275 1560 2300 quae
1572 2271 1672 2291 metum
1684 2273 1728 2290 ae-

927 2303 1128 2337 gritudinemve
1137 2324 1142 2333 ,
1159 2308 1185 2329 ct
1197 2303 1279 2333 bona,
1295 2312 1364 2337 (111110
1375 2303 1551 2337 cupiditatem
1565 2303 1728 2329 laetitiamve

929 2345 1062 2371 moveant,
1079 2346 1166 2367 tamen
1179 2342 1213 2366 sit
1227 2341 1321 2366 vitiosa
1335 2341 1392 2374 ipsa
1403 2342 1556 2366 commotio.
1597 2340 1729 2366 Constan—

929 2383 980 2404 tem
992 2379 1064 2404 0111111
1076 2378 1222 2413 quemdam
1236 2377 1375 2406 volumus,
1389 2377 1525 2407 sedatum,
1541 2385 1662 2411 gravem.
1677 2376 1728 2402 bu-

928 2424 1005 2441 mana
1021 2416 1110 2441 omniu
1126 2420 1292 2450 prementem
1311 2414 1386 2440 illum
1401 2423 1474 2444 0550,
1492 2423 1573 2448 quem
1586 2414 1727 2447 1111101111(ιί-

929 2461 1003 2478 11111111
1015 2458 1040 2479 et
1053 2452 1146 2478 [111-10111
1159 2453 1247 2478 virum
1259 2452 1387 2478 dieinms.
1410 2451 1482 2478 Talis
1493 2457 1582 2477 autem
1595 2460 1643 2477 1100
1655 2460 1728 2477 111110-

928 2498 989 2516 rens
1009 2499 1057 2516 1100
1072 2491 1170 2516 timens
1187 2498 1234 2515 1100
1248 2491 1362 2524 cupiens
1379 2498 1426 2515 nce
1442 2489 1561 2523 gestiens
1575 2497 1635 2515 0550
1649 2489 1727 2523 quis-

927 2535 1008 2561 quam
1026 2532 1120 2561 potest.
1162 2527 1260 2553 Eorum
1277 2527 1349 2552 enim
1367 2526 1431 2552 111100.
1445 2531 1522 2555 sunt,
1544 2527 1591 2561 qui
1613 2532 1726 2552 eventus

929 2564 1060 2591 humanos
1071 2564 1238 2599 superiores,
1255 2573 1336 2598 qnam
1352 2573 1416 2590 suos
1427 2564 1532 2590 animos
1542 2573 1601 2589 esse
1612 2563 1725 2590 ducunt.

928 2601 1028 2627 xxix.
1051 2603 1092 2628 62.
1115 2603 1202 2634 Qunre
1217 2602 1339 2627 munium
1362 2601 1600 2636 philosophorum.
1623 2606 1650 2627 ut
1666 2606 1726 2627 111111·

926 2638 998 2667 dixi.
1016 2647 1067 2665 una
1084 2639 1150 2665 ratio
1163 2644 1203 2665 est
1220 2638 1356 2669 111011011111,
1370 2644 1398 2665 ut
1413 2638 1492 2669 1111111,
1509 2638 1589 2673 quide
1601 2640 1635 2665 sit
1648 2638 1724 2665 illud.

903 2691 905 2697 ι
926 2675 998 2711 quod
1011 2676 1148 2711 perturbet
1159 2677 1291 2707 animum,
1305 2676 1353 2703 sed
1364 2675 1397 2703 (10
1411 2676 1467 2710 ipsa
1479 2676 1514 2702 sit
1526 2676 1725 2711 perturbatione

1415 2724 1460 2749 136
1476 2723 1485 2733 “
