1941 3052
16 1983 17 1986 ’
59 1977 127 2012 ptis,
149 1975 197 2003 sed
217 1976 306 2003 luctus
326 1976 425 2003 indicia
445 1976 601 2003 ademerint.

373 145 559 173 ORATIO
591 145 682 172 PRO
714 145 780 172 CN.
814 144 1043 172 PLANCIO.

53 217 208 254 disputare?
219 218 260 244 84.
269 217 443 248 Rhodienim,
451 217 548 252 inquit,
557 226 606 253 ego
612 225 664 244 non
676 216 729 243 fui:
743 224 786 242 me
792 215 850 242 vult

53 257 152 284 fuisse:
175 255 222 282 sed
238 253 286 286 fui,
304 255 401 289 inquit,
415 255 526 281 Nicaeae
539 254 677 290 (putabam
687 255 715 280 in
726 253 850 281 Vaccaeis

53 292 200 328 dicturum)
211 293 252 318 bis
265 291 302 328 [in
313 290 459 328 Bithynia}
491 292 519 318 Si
531 292 605 319 locus
617 292 697 318 habet
708 291 852 326 reprehen-

53 331 138 357 sionis
149 338 242 356 ansam
253 329 381 364 aliquam,
395 330 484 356 nescio
495 338 543 356 cur
554 329 714 355 severiorem
726 329 851 355 Nicaeam

54 372 142 403 putes,
160 376 242 402 quam
253 366 393 393 Rhodum:
424 367 448 393 si
459 366 603 401 spectanda
614 375 708 392 caussa
720 370 773 397 est,
787 370 812 392 et
823 370 851 392 tu

53 406 82 432 in
99 405 224 440 Bithynia
238 413 345 431 summa
355 413 418 430 cum
431 404 560 440 dignitate
572 403 656 435 fuisti,
670 408 696 430 et
705 412 755 439 ego
766 402 852 429 Rhodi

53 451 107 470 non
119 442 230 469 minore.
252 442 328 473 Nam,
344 441 417 476 quod
428 442 455 468 in
466 450 497 468 eo
507 450 549 468 me
561 440 766 476 reprehendisti,
779 439 852 475 quod

54 480 170 506 nimium
190 478 289 505 multos
304 478 483 505 defenderim:
506 479 607 505 utinam
619 483 645 505 et
656 482 693 509 tu,
706 479 754 513 qui
766 482 849 512 potes,

54 521 81 543 et
91 517 180 547 ceteri,
197 517 245 552 qui
256 516 408 552 defugiunt,
422 516 521 543 vellent
532 525 575 542 me
588 515 678 542 labore
688 515 738 542 hoc
750 515 850 541 levare!

55 554 109 581 Sed
130 554 159 580 fit
178 558 267 580 vestra
281 554 430 590 diligentia,
448 554 495 588 qui
511 554 538 580 in
553 553 657 580 caussis
672 552 852 587 ponderandis

54 600 147 618 omnes
163 590 217 618 fere
232 591 389 626 repudiatis,
406 595 437 617 ut
451 591 484 617 ad
496 599 544 617 nos
554 590 698 625 pleraeque
707 588 850 620 confluant,

53 629 102 664 qui
123 629 229 655 miseris
247 633 273 655 et
293 628 476 655 laborantibus
496 628 564 654 nihil
583 635 680 663 negare
695 635 851 662 possumus

54 668 97 693 85.
118 666 290 693 Admonuisti
305 667 393 697 etiam,
409 665 482 700 quod
497 666 525 691 in
540 665 616 692 Creta
630 664 737 696 fuisses,
750 664 853 691 dictum

55 703 165 738 aliquod
178 704 207 730 in
222 704 377 738 petitionem
392 707 464 729 tuam
480 702 533 729 dici
544 702 678 737 potuisse:
701 710 744 728 me
754 701 782 728 id
794 710 854 736 per-

55 741 168 768 didisse.
188 741 250 768 Uter
261 741 342 776 igitur
353 745 474 767 nostrum
485 744 525 766 est
535 738 746 774 cupidiordicti‘?
758 747 851 774 egone,

55 779 112 814 qui,
135 778 208 813 quod
223 778 276 804 dici
292 778 386 813 potuit,
404 786 457 804 non
468 777 597 803 dixerim:
620 785 653 803 an
664 781 701 808 tu,
714 777 762 811 qui
773 777 852 803 etiam

55 816 152 851 ipsein
163 820 187 842 te
198 815 317 842 dixeris?
337 815 372 841 Te
383 815 471 841 aiebas
483 814 516 840 de
527 815 581 841 tuis
587 814 668 840 rebus
674 815 758 850 gestis
765 813 853 840 nullas

57 853 156 880 litteras
177 853 297 883 misisse,
320 852 393 887 quod
413 852 481 878 mihi
496 860 584 882 meae,
602 860 669 886 quas
686 851 719 878 ad
734 851 852 886 aliquem

55 890 201 920 misissem,
214 889 373 916 obfuissent.
395 888 467 921 Quas
479 898 527 925 ego
538 889 605 915 mihi
615 889 737 916 obfuisse
748 897 800 916 non
811 889 854 915 in·

55 927 155 963 telligo,
173 926 337 962 reipublicae
348 927 426 953 video
436 927 563 962 prodesse
574 927 704 961 potuisse.

109 965 222 992 XXXV.
240 966 281 991 86.
299 964 352 991 Sed
367 969 431 990 sunt
445 964 510 990 haec
526 964 639 990 leviora:
663 963 707 990 illa
719 972 782 990 vero
792 971 854 999 gra-

55 1003 99 1029 via
119 1007 199 1037 atque
213 1011 318 1038 magna,
335 1001 408 1037 quod
423 1010 515 1028 meum
528 1001 690 1032 discessum,
703 1009 784 1036 quem
795 1009 854 1027 sae-

55 1048 89 1075 pe
108 1039 228 1071 desseras,
244 1048 318 1066 nunc
332 1039 410 1074 quasi
425 1039 621 1074 reprehendere
636 1043 661 1066 et
676 1039 854 1065 subaccusare

55 1077 175 1104 voluisti.
215 1077 312 1103 Dixisti
332 1077 414 1108 enim,
433 1085 485 1103 non
500 1076 633 1103 auxilium
650 1077 730 1107 mihi,
748 1076 797 1103 sed
812 1084 854 1102 me

55 1114 157 1142 auxilio
167 1114 295 1141 defuisse.
335 1115 393 1150 Ego
403 1123 466 1141 vero
477 1113 559 1140 fateor
570 1122 612 1140 me
625 1113 743 1150 [hercule
758 1135 764 1146 ,
781 1112 854 1148 quod

56 1152 170 1179 viderim
191 1152 258 1178 mihi
280 1152 413 1178 auxilium
434 1160 486 1178 non
501 1151 605 1183 deesse,
623 1151 722 1179 idcirco
739 1113 801 1188 Hme]
814 1150 854 1178 illi

55 1189 156 1217 auxilio
168 1189 329 1224 pepercisse.
361 1189 412 1221 Qui
423 1189 494 1216 enim
506 1193 600 1220 status,
613 1189 686 1224 quod
697 1189 852 1219 discrimen,

55 1236 125 1262 quae
146 1227 226 1254 fuerit
240 1227 268 1254 in
283 1226 421 1262 republica
437 1231 581 1262 tempestas
596 1226 656 1257 illa,
673 1227 736 1262 quis
753 1225 856 1254 nescit?

55 1265 229 1292 Tribunicius
249 1273 292 1291 me
313 1269 407 1296 terror,
438 1273 472 1290 an
495 1263 642 1290 consularis
663 1264 736 1291 furor
755 1263 856 1291 movit?

56 1302 191 1329 decertare
211 1301 278 1328 mihi
298 1301 368 1328 ferro
382 1310 511 1338 magnum
528 1301 579 1328 fuit
593 1310 655 1328 cum
672 1301 795 1337 reliquiis
810 1310 855 1328 eo-

56 1348 127 1371 rum,
149 1348 217 1374 quos
233 1347 281 1375 ego
295 1338 419 1366 florentes
435 1343 515 1374 atque
529 1340 647 1375 integros
662 1340 720 1366 sine
736 1339 804 1366 ferro
815 1339 856 1366 vi-

56 1376 163 1404 ceram‘?
192 1376 322 1404 Consules
337 1381 397 1412 post
412 1377 553 1403 hominum
570 1377 724 1403 memoriam
738 1377 856 1403 taeterri-

57 1415 94 1442 mi
115 1419 196 1450 atque
215 1414 376 1450 turpissimi,
394 1415 465 1440 sicut
478 1418 504 1440 et
519 1413 564 1440 illa
581 1414 721 1449 principia,
739 1418 764 1440 et
776 1414 802 1440 hi
814 1422 856 1440 re-

56 1457 147 1479 centes
163 1460 251 1478 rerum
267 1452 356 1479 exitus
371 1451 547 1482 declararunt,
568 1459 684 1486 quorum
700 1451 766 1478 alter
780 1460 857 1478 exer-

57 1490 140 1517 citum
161 1489 289 1524 perdidit,
311 1489 377 1516 alter
398 1489 528 1520 vendidit,
546 1488 644 1523 emptis
666 1489 824 1524 provinciis,
842 1497 855 1514 a

57 1532 161 1558 senatu,
178 1535 193 1553 a
209 1526 355 1562 republica,
372 1535 386 1552 a
397 1527 474 1553 bonis
485 1526 611 1552 omnibus
622 1525 786 1553 defecerant:
809 1526 855 1561 qui

57 1564 285 1599 exercitibus,qui
297 1564 387 1595 armis,
401 1565 448 1599 qui
459 1564 557 1599 opibus
569 1563 717 1598 plurimum
725 1568 854 1599 poterant,

57 1611 152 1638 quum,
165 1602 233 1637 quid
245 1602 381 1632 sentirent,
397 1602 553 1632 nesciretur,
563 1601 666 1627 furialis
678 1602 723 1628 illa
736 1610 796 1632 vox,
810 1609 857 1628 ne-

57 1640 132 1667 fariis
152 1640 267 1674 stupris,
289 1638 423 1675 religiosis
438 1638 567 1665 altaribus
583 1638 746 1670 effeminata,
764 1647 856 1665 secum

57 1682 84 1704 et
103 1677 164 1704 illos
184 1681 210 1704 et
229 1676 354 1703 consules
375 1676 474 1708 facere,
497 1676 671 1702 acerbissime
686 1676 855 1712 personabat.

14 1732 15 1739 .
57 1715 173 1751 Egentes
193 1715 221 1741 in
242 1713 398 1749 locupletes,
416 1713 513 1749 perditi
527 1714 556 1740 in
571 1713 664 1745 bonos,
681 1714 753 1741 servi
771 1714 798 1740 in
809 1714 858 1740 do-

15 1774 16 1778 .
58 1753 146 1779 minos
169 1752 349 1779 armabantur.
380 1752 422 1778 87.
440 1751 473 1778 At
484 1755 540 1778 erat
559 1759 665 1778 mecum
686 1756 808 1783 senatus,
832 1755 858 1778 et

14 1797 17 1805 ⁴
58 1789 168 1826 quidem
189 1794 262 1816 veste
277 1792 390 1816 mutata:
417 1788 490 1824 quod
505 1797 553 1824 pro
567 1797 611 1815 me
626 1797 680 1816 uno
695 1793 755 1824 post
770 1789 858 1816 homi-

15 1829 17 1856 ἑ
58 1836 124 1854 num
135 1827 291 1854 memoriam
303 1826 413 1862 publico
422 1827 535 1854 consilio
546 1830 702 1861 susceptum
714 1831 764 1853 est.

805 1826 857 1853 Sed

58 1864 204 1896 recordare,
220 1865 268 1900 qui
284 1868 341 1890 tum
357 1864 456 1891 fuerint
475 1863 617 1891 consulum
632 1864 739 1891 nomine
751 1864 855 1896 hostes;

16 1910 18 1928 ι’
58 1902 106 1938 qui
127 1901 177 1929 soli
194 1902 221 1928 in
242 1902 291 1928 hac
306 1902 372 1928 urbe
392 1906 515 1928 senatum
533 1901 637 1928 senatui
654 1910 746 1937 parere
756 1910 808 1928 non
820 1902 858 1928 si-

16 1935 18 1981 1,
58 1939 160 1971 verint,
182 1939 323 1974 edictoque
344 1947 394 1965 suo
413 1948 465 1966 non
485 1939 586 1965 luctum
603 1939 725 1974 patribus
740 1939 858 1966 conscri—

641 1977 675 2003 At
686 1980 741 2003 erat
751 1985 858 2003 mecum

59 2017 173 2041 cunctus
193 2017 317 2048 equester
332 2013 409 2040 ordo:
431 2022 512 2048 quem
523 2013 633 2048 quidem
644 2014 672 2040 in
683 2014 858 2041 concionibus

59 2051 169 2078 saltator
198 2051 245 2078 illa
265 2050 393 2078 Catilinae
417 2050 510 2078 consul
531 2050 733 2086 proscriptionis
753 2051 858 2078 denun-

59 2089 169 2116 tiatione
185 2088 308 2115 terrebat.
347 2088 382 2114 At
396 2092 449 2115 tota
464 2088 538 2114 ltalia
548 2093 720 2115 convenerat:
742 2089 786 2115 cui
797 2089 859 2124 qui-

18 2156 19 2166 *
59 2126 122 2154 dem
133 2125 198 2152 belli
209 2125 328 2152 intestini
340 2129 366 2152 et
377 2125 508 2152 vastitatis
520 2129 607 2151 metus
618 2125 792 2152 inferebatur.

18 2191 19 2194 ,
116 2163 240 2190 XXXVI.
263 2163 342 2189 Hisce
356 2163 529 2198 ego-auxiliis
543 2162 715 2189 studentibus
727 2168 807 2198 atque
818 2163 860 2190 in-

18 2200 19 2206 *
59 2201 147 2228 citatis
159 2201 198 2227 uti
210 2208 261 2232 me,
276 2200 565 2234 Laterensis,potuisse
575 2200 714 2227 confiteor:
750 2200 798 2227 sed
805 2205 859 2227 erat

18 2238 21 2274 2
60 2247 114 2266 non
129 2239 196 2268 iure,
211 2246 262 2264 non
275 2237 391 2274 legibus.
405 2246 456 2263 non
467 2238 642 2272 disceptando
652 2237 857 2265 decertandum:

20 2300 21 2307 ,
60 2284 123 2303 nam
144 2275 268 2311 profecto.
288 2275 444 2310 praesertim
459 2278 512 2301 tam
527 2275 595 2301 bona
610 2276 638 2302 in
653 2284 761 2307 caussa.
779 2284 860 2302 num-

60 2321 152 2349 quam.
173 2321 228 2348 quo
243 2313 323 2339 ceteri
339 2320 419 2347 saepo
434 2311 614 2344 abundarunt,
627 2312 654 2339 id
668 2313 735 2340 mihi
747 2313 800 2348 ipsi
812 2321 860 2339 au-

20 2383 21 2386 *
61 2350 158 2378 xilium
180 2358 271 2377 meum
287 2348 431 2376 defuisset:
454 2349 535 2376 armis
551 2349 610 2380 fuit,
626 2350 718 2381 armis=
736 2351 857 2386 inquam.

61 2386 114 2415 fuit
131 2387 329 2414 dimicandum:
357 2387 459 2422 quibus
475 2395 489 2412 a
503 2387 589 2413 servis
604 2391 684 2422 atque
695 2396 708 2414 a
719 2396 859 2414 servorum

62 2424 178 2452 ducibus
199 2424 307 2452 caedem
324 2424 380 2451 lieri
396 2428 505 2451 senatus
521 2428 547 2450 et
562 2424 706 2455 bonorum.
729 2424 860 2459 reipubli-

62 2470 108 2489 cae
127 2463 272 2490 exitiosum
293 2461 399 2489 suisset.
431 2463 473 2488 88.
495 2462 570 2488 Vinci
590 2466 678 2488 autem
694 2462 830 2497 improbos
846 2471 859 2487 a

62 2499 150 2531 honis.
172 2499 254 2527 fateor
269 2499 354 2526 fuisse
366 2498 541 2535 praeclarum,
555 2499 578 2525 si
590 2499 668 2526 linem
682 2503 738 2526 tum
751 2499 860 2525 vincen-

22 2561 23 2569 ,
63 2536 91 2563 di
106 2536 239 2564 viderem:
260 2545 342 2572 quem
357 2537 474 2572 profecto
488 2545 539 2562 non
553 2536 686 2562 videbam.
727 2536 777 2563 Ubi
788 2537 859 2563 onim

22 2588 24 2599 ι
64 2578 170 2609 praesto
190 2574 285 2601 fuisset
306 2575 372 2601 milii
388 2578 499 2601 nuttam
515 2573 589 2600 fortis
604 2573 713 2605 consul.
731 2582 812 2608 quam
829 2574 858 2600 L.

22 2612 24 2646 ᾗ
64 2609 208 2645 Opimius?
221 2620 301 2647 quam
313 2612 343 2639 C.
356 2610 474 2639 Marius?
483 2620 565 2646 quam
577 2612 607 2637 L.
620 2610 749 2638 Flaccus?
760 2611 861 2646 quibus

64 2647 181 2675 ducibus
192 2648 328 2684 improbos
338 2649 411 2676 cives
423 2648 574 2684 respublica
586 2649 650 2675 vicit
660 2648 782 2675 armatis:
804 2652 858 2679 aut,

65 2685 90 2712 si
110 2685 200 2713 minus
214 2685 304 2720 fortes,
320 2692 436 2715 attamen
451 2691 504 2714 tam
521 2686 595 2718 iusti,
608 2694 690 2722 quam
702 2686 730 2714 Ρ.
744 2685 858 2717 Mucius,

1095 144 1114 171 C
1130 145 1194 171 ΑΡ,
1230 146 1256 171 31
1281 160 1316 164 -
1339 146 1379 170 38.
1649 145 1697 171 567

901 216 950 250 qui
969 224 1050 247 arma,
1066 224 1135 251 quae
1151 216 1271 251 privatus
1287 216 1315 242 P.
1329 216 1419 250 Scipio
1430 220 1590 249 sumpserat.
1604 224 1642 245 ea.
1656 217 1696 242 Ti.

902 253 1022 280 Graccho
1042 254 1213 288 interempto,
1226 254 1284 280 iure
1299 253 1400 288 optimo
1413 257 1520 287 sumpta
1537 262 1595 279 esse
1606 252 1699 279 defen-

902 290 960 317 dit?
978 290 1056 316 Esset
1066 291 1149 325 igitur
1160 291 1335 326 pugnandum
1350 299 1412 317 cum
1422 289 1590 317 consulibus.
1626 290 1698 317 Nihil

902 327 962 354 dico
974 327 1101 362 amplius,
1115 328 1169 354 nisi
1184 327 1266 354 illud:
1290 328 1414 354 victoriae
1429 331 1533 354 nostrae
1544 337 1639 363 graves
1653 328 1700 354 ad-

904 366 1034 391 versarios
1056 369 1169 399 paratos,
1194 366 1317 391 interitus
1332 365 1421 392 nullos
1437 373 1496 392 esse
1512 365 1611 392 ultores
1626 365 1701 392 vide-

904 402 975 429 bam.
1007 404 1048 428 89.
1071 403 1148 428 Hisce
1167 411 1216 438 ego
1236 402 1345 429 auxiliis
1366 402 1460 429 salutis
1475 411 1549 429 meae
1564 403 1587 429 si
1603 402 1702 429 idcirco

903 439 986 471 defui,
1004 440 1068 475 quia
1084 439 1158 466 nolui
1174 440 1315 466 dimicare:
1339 439 1448 470 fatebor,
1462 440 1489 466 id
1499 440 1573 475 quod
1585 441 1635 471 vis,
1648 448 1701 467 non

904 478 971 503 mihi
983 477 1125 508 auxilium,
1143 477 1191 503 sed
1207 486 1249 503 me
1260 477 1361 504 auxilio
1370 477 1499 504 defuisse.
1541 477 1589 504 Sin
1600 482 1700 508 autem,

904 523 958 549 quo
978 515 1077 541 maiora
1097 514 1185 541 studia
1206 515 1234 541 in
1256 523 1298 541 me
1317 515 1447 541 bonorum
1464 514 1586 546 fuerunt,
1603 515 1653 542 hoc
1668 515 1702 541 iis

905 552 992 587 magis
1011 551 1208 578 consulendum
1229 556 1255 579 et
1275 552 1437 586 parcendum
1460 553 1565 587 putavi:
1588 557 1617 579 tu
1632 552 1659 579 id
1675 552 1703 578 in

905 598 947 616 me
958 589 1142 624 reprehendis,
1155 589 1229 624 quod
1239 588 1270 621 Q.
1283 589 1390 616 Metello
1404 590 1477 616 laudi
1488 590 1580 616 datum
1592 595 1640 621 est,
1654 589 1703 616 ho—

905 627 1003 661 dieque
1018 631 1059 654 est
1074 631 1100 653 et
1111 635 1217 661 semper
1228 627 1278 653 erit
1288 628 1420 653 maximae
1431 627 1549 662 gloriae?
1569 636 1660 662 quem,
1673 631 1704 653 ut

905 669 979 699 potes
999 673 1033 691 ex
1052 663 1146 690 multis
1161 664 1263 695 audire,
1285 665 1333 699 qui
1354 669 1411 691 tum
1427 664 1572 695 affuerunt.
1590 669 1701 695 constat,

906 701 1077 728 invitissimis
1088 701 1154 727 viris
1168 701 1256 732 bonis,
1269 702 1398 728 cessisse:
1421 710 1470 728 nec
1481 701 1565 728 fuisse
1576 702 1700 731 dubium,

905 739 972 773 quin
987 739 1155 765 contentione
1170 742 1196 765 et
1207 739 1288 765 armis
1300 739 1422 774 superior
1433 744 1524 774 posset
1535 748 1603 765 esse.
1633 740 1704 775 Ergo

906 776 950 802 ille
965 785 1051 811 quum
1063 784 1154 807 suum,
1181 784 1233 802 non
1246 784 1333 810 quum
1345 781 1453 803 senatus
1465 776 1563 803 factum
1576 776 1704 803 defende-

905 818 952 845 ret,
975 822 1061 848 quum
1077 813 1302 848 perseverantiam
1317 814 1464 840 sententiae
1479 822 1552 844 suae.
1567 823 1618 840 non
1630 813 1704 840 salu-

904 855 958 877 tem
969 850 1142 886 reipublicae,
1156 851 1319 882 retinuisset,
1334 856 1430 882 tamen,
1443 851 1516 886 quod
1528 851 1596 878 illud
1609 851 1705 878 volun-

904 889 1002 915 tarium
1023 888 1124 914 vulnus
1139 889 1253 923 accepit,
1271 889 1434 915 iustissimos
1448 889 1569 915 omnium
1587 888 1705 914 Metello-

905 935 965 953 rum
985 930 1010 952 et
1023 925 1187 953 clarissimos
1203 926 1354 961 triumphos
1368 925 1452 961 gloria
1468 930 1493 952 et
1505 926 1583 952 laude
1594 934 1705 960 supera-

905 965 952 995 vit,
975 963 1048 998 quod
1063 967 1089 990 et
1103 963 1164 990 illos
1180 963 1254 998 ipsos
1273 963 1489 998 improbissimos
1503 964 1576 990 cives
1593 963 1704 990 interfici

906 1001 1000 1032 noluit,
1016 1005 1050 1032 et,
1064 1009 1096 1027 ne
1105 1001 1168 1036 quis
1179 1001 1266 1027 bonus
1278 1001 1398 1027 interiret
1408 1002 1436 1027 in
1447 1000 1539 1028 eadem
1546 1001 1635 1031 caede,
1645 1009 1706 1035 pro—

906 1039 987 1065 vidit:
999 1047 1058 1074 ego,
1072 1038 1152 1065 tantis
1162 1038 1289 1073 periculis
1300 1039 1452 1073 propositiS,
1468 1047 1563 1073 quum,
1577 1039 1600 1064 si
1618 1039 1705 1065 victus

906 1085 1002 1108 essem,
1014 1076 1139 1103 interitus
1150 1075 1323 1111 reipublicae,
1332 1077 1355 1103 si
1367 1077 1503 1107 vicissem,
1512 1076 1613 1102 infinita
1625 1076 1707 1102 dimi—

905 1114 973 1141 catio
991 1118 1143 1149 pararetur,
1164 1113 1371 1144 committerem,
1391 1118 1421 1140 ut
1435 1113 1506 1140 idem
1523 1114 1639 1148 perditor
1655 1114 1707 1140 rei-

907 1151 1030 1187 publicae
1041 1151 1201 1182 nominarer,
1215 1151 1263 1186 qui
1273 1156 1392 1178 servator
1403 1150 1535 1177 fuissem?

961 1189 1098 1215 XXXVII.
1121 1190 1161 1215 90.
1185 1189 1296 1215 Mortem
1312 1197 1354 1215 me
1366 1189 1490 1215 timuisse
1505 1188 1582 1215 dicis
1599 1203 1636 1208 —-
1651 1188 1707 1223 Ego

906 1235 969 1254 vero
989 1235 1023 1253 ne
1038 1226 1264 1253 immortalitatem
1280 1226 1391 1260 quidem
1407 1231 1496 1253 contra
1511 1225 1706 1260 rempublicam

907 1263 1089 1299 accipiendam
1101 1268 1232 1299 putarem,
1246 1264 1345 1290 nedum
1358 1265 1441 1290 emori
1452 1272 1514 1290 cum
1527 1264 1644 1298 pernicie
1656 1263 1707 1289 rei-

907 1302 1030 1337 publicae
1041 1301 1149 1328 vellem.
1165 1301 1297 1336 Nam,qui
1305 1310 1351 1336 pro
1357 1301 1494 1336 republica
1506 1302 1587 1327 vitam
1597 1300 1707 1327 dedide-

907 1344 978 1371 runt,
1001 1339 1073 1375 (licet
1087 1347 1131 1365 me
1145 1339 1268 1373 desipere
1279 1338 1395 1374 dicatis,)
1407 1347 1554 1374 numquam
1567 1338 1708 1365 mehercu-

908 1377 932 1404 le
945 1385 990 1403 eos
1005 1381 1116 1403 mortem
1128 1376 1226 1410 potius,
1240 1384 1321 1411 quam
1337 1376 1561 1403 immortalitatem
1576 1384 1708 1410 assequu-

907 1420 947 1442 tos
959 1415 1060 1450 putavi.
1100 1414 1157 1449 Ego
1172 1421 1243 1445 vero,
1257 1414 1280 1440 si
1292 1418 1349 1440 tum
1364 1413 1471 1440 illorum
1482 1413 1627 1448 impiorum
1640 1412 1708 1438 ferro

908 1461 938 1479 ac
951 1460 1033 1478 manu
1048 1451 1236 1482 concidissem,
1252 1451 1279 1477 in
1292 1455 1452 1486 perpetuum
1464 1450 1616 1485 respublica
1628 1450 1708 1476 civile

908 1489 1072 1525 praesidium
1094 1488 1189 1515 salutis
1208 1496 1272 1515 suae
1289 1488 1459 1523 perdidisset.
1499 1488 1570 1520 Quin
1582 1488 1671 1518 etiam,
1684 1487 1706 1513 si

908 1536 950 1554 me
961 1528 1002 1553 vis
1013 1526 1103 1561 aliqua
1113 1526 1349 1552 morbiautnatura
1357 1527 1414 1560 ipsa
1425 1526 1652 1560 consumpsisset:
1670 1529 1709 1551 ta-

909 1573 969 1592 men
980 1564 1081 1591 auxilia
1092 1563 1254 1598 posteritatis
1265 1568 1353 1590 essent
1364 1564 1516 1593 imminuta,
1524 1562 1595 1598 quod
1604 1570 1709 1596 perem-

909 1608 985 1638 ptum
996 1606 1066 1628 esset
1077 1609 1134 1627 mea
1145 1605 1229 1627 morte
1240 1600 1267 1627 id
1278 1601 1442 1636 exemplum,
1460 1600 1549 1636 qualis
1563 1600 1669 1626 futurus
1681 1600 1708 1626 in

909 1649 951 1667 me
957 1639 1095 1666 retinendo
1102 1638 1311 1665 fuissetsenatus
1319 1638 1644 1673 populusqueRomanus.
1657 1638 1706 1667 An,

908 1679 932 1704 si
943 1685 1073 1712 umquam
1086 1676 1112 1702 in
1124 1684 1166 1702 me
1178 1676 1387 1710 vitaecupiditas
1395 1675 1498 1707 fuisset,
1507 1675 1710 1709 egomenseDe-

908 1715 1010 1742 cembri
1035 1714 1088 1741 mei
1113 1713 1283 1745 consulatus,
1305 1714 1426 1740 omnium
1444 1713 1636 1748 parricidarum
1659 1712 1709 1738 tela

908 1750 1104 1780 commossem?
1117 1759 1194 1786 quae,
1203 1751 1226 1777 si
1239 1751 1476 1787 vigintiquiessem
1487 1750 1553 1781 dics,
1562 1749 1708 1776 inaliorum

909 1789 1179 1826 vigiliameonsulum
1191 1788 1359 1815 recidissent.
1372 1788 1580 1820 Quamobrcmsi
1589 1788 1710 1813 vitaecu-

910 1829 1008 1863 piditas
1018 1831 1108 1853 contra
1121 1826 1315 1861 rempublicam
1323 1830 1363 1853 est
1370 1827 1465 1861 turpis,
1474 1830 1543 1852 certe
1550 1824 1635 1852 multo
1641 1833 1710 1851 mor-

909 1866 944 1892 tis
955 1864 1088 1900 cupiditas
1096 1872 1153 1891 mea
1166 1865 1268 1899 turpior
1282 1863 1377 1890 fuisset
1387 1872 1449 1890 oum
1462 1862 1709 1898 perniciecivitatis.

966 1904 1008 1929 91.
1026 1903 1092 1929 Nam
1108 1901 1180 1937 quod
1200 1906 1224 1928 te
1240 1902 1268 1928 in
1279 1901 1417 1936 republica
1431 1900 1545 1927 liberum
1557 1908 1615 1926 esse
1628 1899 1712 1935 glori-

910 1945 970 1967 atus
985 1948 1022 1971 es,
1040 1939 1068 1966 id
1084 1948 1133 1975 ego
1148 1944 1174 1966 et
1188 1939 1271 1965 fateor
1289 1944 1316 1965 et
1331 1938 1420 1969 laetor,
1433 1943 1459 1965 et
1471 1938 1518 1964 tibi
1531 1939 1609 1964 ctiam
1623 1938 1648 1964 in
1662 1937 1710 1963 boe

909 1977 1041 2014 gratulor:
1067 1976 1140 2012 quod
1157 1985 1199 2003 me
1211 1981 1299 2003 autem
1313 1977 1424 2012 negasti,
1438 1976 1464 2002 in
1476 1984 1507 2002 eo
1519 1984 1605 2009 neque
1617 1980 1650 2004 te,
1666 1983 1711 2001 ne»

910 2023 963 2050 que
973 2023 1138 2050 quemquam
1150 2014 1254 2040 diutius
1266 2015 1350 2049 patiar
1361 2022 1456 2040 errare.
1484 2013 1630 2040 xxxvffl.
1645 2012 1710 2038 Nam

910 2053 932 2079 si
944 2053 1007 2088 quis
1018 2051 1117 2078 idcirco
1127 2051 1231 2087 aliquid
1242 2051 1275 2078 dc
1288 2051 1407 2078 libertate
1419 2059 1476 2077 mea
1483 2050 1652 2077 deminutum
1662 2057 1712 2084 pu-

911 2094 955 2121 tat.
973 2089 1046 2125 quod
1062 2098 1114 2116 non
1130 2088 1163 2115 ab
1179 2089 1306 2115 omnibus
1318 2088 1429 2119 eisdem,
1443 2097 1456 2115 a
1467 2088 1569 2123 quibus
1581 2092 1656 2114 antea
1669 2096 1711 2112 so-

912 2127 976 2154 litus
986 2135 1048 2153 sum
1060 2126 1212 2157 dissentire,
1225 2126 1397 2153 dissentiam:
1424 2126 1551 2160 primum.
1564 2125 1587 2150 si
1600 2125 1666 2151 bene
1678 2124 1711 2150 ‹le

911 2173 953 2191 me
968 2164 1071 2190 meritis
1090 2168 1196 2199 gratum
1213 2172 1255 2190 me
1271 2163 1394 2198 praebeo,
1408 2172 1459 2189 non
1472 2162 1566 2189 desino
1577 2163 1711 2188 incurrere

911 2202 938 2229 in
949 2202 1051 2228 crimen
1063 2201 1180 2227 hominis
1192 2201 1305 2227 nimium
1318 2201 1444 2227 memoris
1451 2199 1693 2234 nimiumquegrati
1704 2207 1709 2227 ς

911 2239 954 2265 sin
974 2243 1063 2265 autem
1084 2238 1142 2264 sine
1163 2237 1219 2264 ullo
1240 2237 1404 2272 reipublicae
1424 2237 1583 2264 detrimento
1599 2236 1712 2270 respicio

911 2277 990 2302 etiam
1011 2275 1156 2310 aliquando
1171 2274 1285 2301 salutem
1301 2283 1386 2310 quum
1403 2283 1489 2301 meam
1505 2279 1561 2300 tum
1579 2281 1709 2302 meorum.

911 2318 980 2339 corte
996 2321 1048 2339 non
1064 2312 1143 2338 modo
1158 2320 1210 2338 non
1225 2321 1285 2338 sum
1302 2311 1548 2346 reprehendendus,
1561 2310 1608 2336 sed
1619 2311 1709 2339 ctiam,

911 2351 934 2376 si
950 2358 1026 2376 ruere
1042 2349 1147 2379 vellem,
1167 2349 1228 2375 boni
1245 2349 1295 2375 viri
1312 2357 1363 2379 me,
1377 2353 1406 2375 ut
1417 2348 1443 2376 id
1456 2357 1488 2375 ne
1500 2347 1621 2378 facerem,
1636 2355 1697 2382 roga

912 2392 978 2414 rent.
1009 2389 1051 2413 92.
1068 2387 1120 2413 Res
1136 2395 1198 2412 vero
1214 2387 1270 2421 ipsa
1287 2386 1404 2421 publica.
1418 2386 1441 2413 si
1455 2385 1526 2420 loqui
1539 2389 1636 2419 posset,
1649 2393 1712 2418 age-

912 2430 951 2451 ret
962 2433 1076 2454 mecum,
1091 2428 1129 2454 ut,
1142 2424 1269 2458 quoniam
1282 2423 1334 2449 sibi
1346 2424 1492 2449 servissem
1503 2431 1618 2456 semper.
1633 2430 1697 2448 num

911 2471 993 2497 quam
1004 2462 1081 2492 mihi,
1096 2461 1198 2487 fructus
1210 2466 1298 2488 autem
1310 2469 1343 2487 ex
1354 2470 1412 2487 sese
1424 2469 1486 2490 uon,
1500 2465 1528 2486 ut
1539 2460 1709 2494 oportuisset,

913 2500 995 2526 laetos
1010 2504 1035 2525 at
1051 2499 1156 2529 uberes.
1173 2498 1221 2525 sod
1238 2507 1334 2533 magua
1345 2497 1488 2524 acerbitate
1499 2497 1654 2531 permixtos,
1669 2502 1710 2523 ιιι-

913 2536 1014 2567 lissem,
1034 2541 1062 2562 ut
1077 2536 1129 2562 iam
1146 2536 1212 2562 mihi
1228 2536 1368 2565 servirem,
1385 2534 1554 2561 consulerem
1570 2535 1652 2565 meis;
1683 2543 1711 2560 >c

912 2583 964 2600 non
980 2573 1059 2601 modo
1073 2574 1138 2600 satis
1154 2573 1251 2600 habore
1267 2582 1280 2599 a
1298 2582 1348 2603 nie,
1362 2573 1408 2599 scil
1420 2573 1499 2599 otium
1511 2572 1605 2601 vereri.
1620 2581 1651 2598 ne
1663 2580 1710 2606 pa-

912 2620 971 2638 rum
987 2611 1053 2638 milii
1066 2619 1113 2646 pro
1124 2620 1163 2642 co.
1175 2610 1248 2646 quod
1261 2615 1316 2636 tum
1328 2619 1342 2637 a
1354 2619 1396 2637 mo
1408 2610 1524 2639 haberet.
1538 2609 1709 2636 reddidisset.

912 2651 954 2675 93.
975 2649 1055 2681 Quid,
1078 2649 1102 2675 si
1118 2648 1213 2675 horum
1229 2657 1278 2683 ego
1294 2647 1360 2674 nihil
1377 2648 1472 2683 cogito.
1490 2652 1515 2674 et
1527 2647 1597 2673 idem
1609 2655 1670 2673 sum
1683 2647 1710 2673 in

912 2686 1059 2722 republica,
1072 2686 1120 2724 qui
1136 2685 1176 2714 fui
1186 2694 1306 2722 semper:
1325 2690 1448 2713 tamenne
1460 2684 1607 2712 libertatem
1620 2684 1710 2719 requi-
