1941 3052
218 143 267 167 830
783 141 825 166 [tl.
860 139 894 165 M.

218 219 284 245 puer
295 209 343 236 aba
355 214 378 235 tr.-
389 219 450 236 cum
462 209 592 244 epistolis.
634 208 679 235 Ille
689 217 722 236 ex
735 217 785 238 me.
800 208 902 235 nihilne
913 209 1006 235 eudin—
1027 208 1030 253 ι

216 256 272 273 nom
286 247 360 272 novi:
379 256 428 280 υμυ
439 256 543 279 negare.
586 246 710 276 Publius.
726 247 826 280 inquit,
839 247 1005 272 tribunatum

217 284 304 319 pla-hin
317 285 390 318 petit.
417 281 485 314 Quid
498 284 590 309 aisn-1
603 283 807 309 inimic-issimus
819 284 929 318 quidem
941 284 1007 309 Cne-

216 322 296 349 nnrin,
311 325 335 346 nt
347 326 375 346 ιιι
385 321 473 346 omnin
483 340 488 349 ,
504 320 602 354 inquit.
618 321 665 345 ista
678 320 819 347 rescindat.
859 320 929 353 Quid
941 321 1007 347 Cae-

216 358 276 383 nnr'?
289 358 406 391 inquam.
448 357 543 391 Negat,
557 357 744 391 nequidquam
757 357 790 384 de
803 357 875 383 illius
887 358 1007 393 adoptio-

218 404 249 420 ne·
266 394 372 419 tulisse:
396 393 492 419 deinde
508 403 602 423 ιιιιιιιη,
627 394 759 425 Memmii,
783 394 880 421 Metelli
899 396 1007 430 Nepotis

216 431 382 464 exprompsit
392 431 494 456 odium.
519 431 681 465 Complexus
694 433 818 458 iuvenem
830 432 932 463 dimisi,
946 441 1007 467 pro·

217 476 312 502 per-uns
323 467 354 493 ml
367 467 502 502 epistoliis.
526 468 575 494 Uhi
587 469 713 503 sunt,qui
725 470 801 495 aiunt
813 469 893 501 ζώσῃ.-
903 469 1008 503 φωνῆς’.)

216 506 319 536 Quanto
331 506 417 537 iungis
430 505 485 530 vidi
496 514 528 531 ex
540 506 593 531 tuis
606 505 713 536 litteris.
727 515 808 540 quam
820 515 852 533 ex
866 506 939 532 illiue
950 516 1007 532 acr-

217 550 307 571 mone,
325 541 391 576 quid
402 543 537 577 ageretur!
555 542 588 568 de
600 543 777 569 ruminatione
788 543 956 578 quotidiana,
973 543 1006 569 de

215 587 246 605 co
268 579 374 605 itationo
395 579 496 608 Publii,
518 579 550 605 de
571 579 644 605 lituis
665 580 806 616 βοώπιῦης,
825 580 858 606 de
878 580 1007 616 signifero

216 616 247 642 Λι
260 616 373 646 ienione,
387 615 419 642 de
432 616 526 642 litteris
539 617 630 643 missis
641 617 672 643 ad
681 617 807 648 Cnncum,
821 617 853 643 de
865 618 1006 653 Theopha-

217 654 258 679 nis
270 653 443 688 Memmiique
454 662 588 680 sermone:
602 659 729 689 quantam
742 663 818 689 porro
830 655 897 681 mihi
909 664 1007 690 exspe-

215 691 355 716 ctationem
367 690 465 717 dedisti
477 691 595 717 convivii
608 692 833 728 istiusriaelym‘rrl
847 692 912 718 Sum
921 693 946 719 in
958 701 1007 719 cu-

216 727 332 753 riositate
349 727 497 758 ὀξύπεινος-ς
515 728 562 754 scd
579 733 665 755 tamen
683 728 759 755 facile
774 730 872 764 patior,
890 734 914 756 te
930 729 957 756 id
973 729 1006 756 ad

216 773 258 790 me
269 764 417 799 σνμπόσιον
429 773 479 791 non
490 766 620 797 scribere;
648 771 814 801 praesentem
826 766 918 793 audire
926 767 1004 793 malo.

215 803 240 827 3.
255 801 331 834 Quod
345 810 395 832 me,
409 807 438 828 ut
449 802 565 829 scribam
577 802 690 838 aliquid,
705 804 831 830 hortaris:
853 805 1007 830 crescitmi-

216 838 244 865 hi
256 839 366 873 quidem
379 840 511 870 materies,
525 845 553 866 ut
563 840 646 867 dicis:
668 841 714 867 sed
727 846 777 867 tota
790 850 832 867 res
843 842 922 867 etiarn
936 850 1006 868 nunc

216 874 337 902 fluctuat:
361 876 414 902 κατ’
427 876 532 911 ὀπώρην
543 877 612 912 unii.
642 876 715 910 Quac
726 878 749 904 si
761 878 906 909 desederit,
920 880 1006 914 magis

215 917 294 939 erunt
310 912 439 944 iudicata,
457 922 525 948 quae
541 914 672 941 scribam:
703 924 772 950 quae
787 916 810 942 si
826 916 915 942 statim
934 925 947 942 a
964 925 1006 942 me

191 977 196 984 ,
217 949 284 976 ferre
296 958 346 976 non
359 951 486 985 potueris.
500 951 603 986 primus
617 952 1007 988 habebistamen‚etaliquam-

215 986 263 1013 diu
288 986 371 1014 solus.
415 988 606 1015 Dicaearchum
626 994 695 1016 recte
715 999 798 1016 anias,
842 990 1006 1017 Luculentus

216 1023 294 1050 homo
309 1029 362 1055 est,
380 1029 405 1051 et
419 1025 488 1051 civis
505 1026 575 1052 haud
592 1026 682 1060 paullo
693 1026 795 1057 melior,
809 1036 889 1062 quam
903 1028 946 1054 isti
959 1037 1006 1054 no-

215 1062 262 1088 stri
275 1061 442 1097 ἁδικηίηρχοι,
474 1063 584 1089 Litteras
596 1063 691 1099 scripsi
705 1063 766 1090 hora
781 1064 884 1090 decima
895 1064 1007 1091 Ceriali—-

216 1098 280 1129 bus,
293 1099 396 1129 statim,
415 1103 443 1125 ut
459 1104 516 1125 tuas
533 1100 660 1136 legeram:
687 1100 734 1127 sed
745 1109 789 1127 eas
799 1110 870 1128 eram
883 1101 1003 1133 daturus.
1026 1082 1029 1124 l

216 1140 244 1162 ut
254 1140 385 1170 putaram,
399 1136 526 1170 postridie
537 1138 571 1168 ei,
585 1138 632 1172 qui
645 1138 712 1164 mihi
724 1139 829 1173 primus
839 1139 947 1165 obviam
959 1148 1005 1165 ve-

215 1172 308 1199 nisset.
347 1173 467 1200 Terentia
483 1174 609 1201 delectata
625 1179 665 1202 est
681 1175 733 1202 tuis
750 1175 854 1202 litteris
885 1177 1005 1211 Impertit
1026 1197 1028 1204 ,

215 1209 264 1236 tibi
287 1209 397 1236 multam
417 1210 544 1238 sulutem:
576 1212 618 1239 καὶ
634 1214 750 1249 Κικέρων
765 1212 780 1240 ὁ
795 1213 942 1249 φιλόσοφος
958 1214 1003 1241 τὸν

214 1247 344 1274 πολιτικὸν
358 1248 431 1274 Τίτον
442 1247 593 1280 ἀσπάζεται.

1025 1126 1029 1137 t

268 1324 331 1344 XIII.
347 1326 376 1348 (lu
387 1327 491 1347 Formi-uo.
502 1328 587 1347 cat-mc,
596 1327 665 1345 Bibulo
675 1335 722 1347 mu.
732 1330 788 1350 ⁶¹³⁵.)

401 1369 567 1398 CICERO
586 1370 752 1398 ATTICO
772 1371 801 1398 S.

271 1416 293 1441 ι.
315 1411 432 1441 Facinus
449 1415 604 1451 indignum!
626 1416 784 1451 Epistolam,
798 1416 978 1452 niv3n›922tibi
990 1426 1005 1444 a

213 1451 311 1477 Tribus
326 1452 455 1478 Tabernis
471 1453 627 1487 rescriptam
643 1453 676 1480 ad
688 1459 746 1480 tuas
757 1455 935 1481 suavissimas
946 1456 1006 1489 epi-

212 1488 306 1519 stolas,
325 1490 459 1516 neminem
476 1489 639 1517 reddidisse!
674 1491 707 1518 At
720 1492 787 1518 scito
810 1500 872 1518 eum
889 1492 1005 1518 fascicu-
1026 1517 1027 1522 ,

213 1525 278 1556 Ιιιιιι,
291 1534 345 1561 quo
356 1526 430 1552 illam
441 1527 616 1559 conieceram,
629 1527 739 1555 domum
751 1537 781 1555 eo
793 1529 851 1564 ipso
865 1529 909 1556 die
921 1529 1004 1556 latum

211 1570 283 1594 esse,
300 1572 353 1598 quo
364 1572 413 1600 ego
422 1563 561 1595 dederam,
579 1569 605 1591 et
615 1565 648 1591 ad
660 1574 702 1592 me
714 1567 740 1592 in
752 1566 924 1593 Formianum
937 1567 1006 1593 rela-

212 1604 268 1626 tum
283 1609 352 1627 esse.
396 1602 486 1636 Itaque
501 1601 550 1628 tibi
566 1606 638 1628 tuam
654 1603 794 1637 epistolam
811 1604 880 1630 iussi
895 1603 1001 1637 [εἰει-τίς
1032 1613 1035 1623 ·

211 1645 245 1663 ex
260 1646 313 1672 qua
330 1637 506 1673 intelligeres,
520 1647 601 1673 quam
613 1640 680 1666 mihi
693 1645 748 1666 tum
760 1640 822 1667 illae
833 1646 923 1676 gratae
935 1641 1005 1668 suis—

211 1678 280 1700 sent.
313 1676 338 1701 Ξ.
358 1675 455 1701 Romae
465 1676 538 1710 quod
548 1677 646 1703 scribis
657 1677 745 1709 sileri,
763 1679 799 1704 ita
811 1678 948 1712 putabam.
971 1680 1004 1705 Αι

212 1710 320 1738 hercule
343 1712 371 1738 in
392 1713 463 1748 agris
479 1721 530 1739 non
546 1713 654 1746 siletur,
686 1723 735 1741 nec
750 1715 803 1741 iam
819 1716 872 1750 ipsi
888 1716 946 1751 agri
961 1724 1004 1742 re·

211 1756 296 1781 gnum
312 1754 431 1775 vestrum
448 1749 515 1775 serre
530 1755 652 1784 possunt.
685 1751 712 1778 Si
729 1760 792 1778 vero
810 1752 837 1778 in
851 1752 918 1779 hanc
932 1754 1002 1785 τηλέ-

211 1785 293 1811 πυλον
312 1787 418 1813 veneris
428 1789 645 1823 Λαιστρυγονίην.
657 1788 787 1823 (Formias
798 1789 880 1824 dico,)
891 1790 939 1824 qui
951 1789 1004 1816 fre-

212 1822 294 1848 mitus
311 1822 463 1849 hominum!
490 1832 571 1858 quam
587 1825 646 1851 irati
663 1826 758 1851 animi!
784 1831 884 1860 quanto
899 1827 926 1853 in
941 1826 1004 1853 odio

213 1863 301 1885 noster
320 1861 423 1886 amicus
445 1861 570 1895 Magnus!
604 1863 683 1888 cuius
703 1871 851 1898 cognomen
872 1872 924 1890 una
940 1872 1002 1890 cum
1024 1874 1027 1896 ι

211 1894 300 1922 Crassi
320 1897 416 1922 Divitis
431 1899 590 1933 cognomine
605 1900 782 1926 consenescit.
820 1900 918 1927 Credas
935 1901 1002 1927 mihi

212 1932 306 1960 velim:
339 1934 473 1960 neminem
489 1934 577 1960 adhuc
592 1935 704 1967 oll'endi,
721 1937 768 1971 qui
781 1937 845 1963 haec
857 1942 909 1964 tam
922 1937 1000 1969 lente,

211 1977 292 2004 quam
304 1978 353 2006 ego
365 1969 432 2001 sero,
451 1970 538 1997 ferret.
581 1971 681 2004 Quare,
700 1974 767 2000 mihi
783 1974 875 2005 crede,
894 1976 1002 2009 φιλοσο-

211 2009 311 2041 φῶμεν.
345 2007 449 2033 Iuratus
469 2008 517 2034 tibi
538 2017 647 2043 possum
663 2009 752 2037 dicere
767 2011 835 2038 nihil
852 2020 910 2038 esse
926 2013 1001 2039 tanti.

211 2043 251 2069 Tu
270 2044 294 2070 si
310 2043 410 2070 litteras
426 2044 459 2071 ad
474 2045 614 2081 Sicyonios
627 2046 723 2078 habes,
737 2047 831 2075 advola
843 2049 870 2075 in
882 2049 1003 2076 Formia-
1024 2062 1026 2078 2

211 2088 285 2111 num,
300 2081 370 2107 unde
381 2090 428 2108 nos
443 2090 483 2116 pr.
499 2083 567 2109 Non.
580 2083 642 2110 Mai.
654 2085 814 2120 cogitamus.

265 2161 325 2181 XIV.
340 2164 369 2185 (Iu
381 2165 485 2184 Fun-nano.
495 2166 581 2187 Ciu-«rc,
593 2166 663 2184 Bibulo
673 2174 718 2185 con.
730 2170 786 2189 695.)

390 2207 556 2236 CICERO
585 2209 754 2238 ATTICO
785 2211 814 2238 S.

265 2253 287 2277 t.
301 2246 438 2283 Quantam
450 2258 478 2280 tu
489 2254 556 2281 mihi
568 2264 660 2282 moves
671 2257 898 2291 exspectationem
905 2257 938 2284 de
944 2266 1001 2284 ser-

209 2296 287 2314 mone
297 2289 400 2316 Bibuli!
422 2296 549 2325 quantam
559 2292 593 2318 de
604 2292 738 2328 colloquio
748 2293 891 2328 βοώπιδοςὶ
913 2303 1001 2330 quan-
1022 2305 1025 2318 ι

209 2329 261 2351 tam
278 2327 357 2352 etiam
374 2326 407 2353 de
424 2327 470 2354 illo
481 2328 595 2356 delicato
606 2331 744 2357 convivio!
774 2331 888 2358 Proinde
900 2333 935 2359 ita
948 2332 997 2364 fac,

209 2363 301 2389 venias
316 2363 349 2389 ad
363 2364 484 2391 sitientes
501 2375 589 2393 aures.
623 2367 792 2402 Quamquam
804 2369 872 2395 nihil
884 2374 924 2396 est
936 2370 998 2401 iam,

208 2399 280 2433 quod
294 2401 380 2436 magis
391 2402 540 2429 timendum
551 2404 629 2430 nobis
640 2409 745 2439 putem,
757 2413 839 2440 quam
851 2415 883 2433 ne
895 2406 941 2433 ille
952 2415 1002 2433 no-

208 2440 262 2462 ster
281 2436 524 2472 Sampsiceramus,
546 2449 631 2475 quum
646 2450 674 2467 se
690 2443 812 2469 omnium
828 2444 1000 2470 sermonibus

209 2473 304 2514 sentiet
315 2475 441 2508 vapulare
449 2497 455 2506 ,
472 2482 497 2503 et
508 2486 594 2511 quum
605 2478 653 2504 has
664 2479 781 2505 actiones
792 2480 1001 2516 εὐηνατρέπτους

210 2509 324 2540 videbit,
347 2520 422 2538 ruere
444 2514 563 2548 incipiat.
606 2515 662 2551 Ego
681 2521 771 2542 autem
790 2525 877 2552 usque
891 2526 923 2545 eo
938 2527 1000 2544 sum

209 2552 363 2578 enervatus.
380 2554 408 2575 ut
421 2549 469 2576 hoc
479 2552 545 2582 otio,
562 2559 615 2586 quo
629 2561 700 2579 nunc
712 2553 893 2586 tabescimus,
907 2555 1000 2581 malim

209 2583 432 2617 ἐνιυραννεῖσθαι,
445 2595 526 2621 quam
537 2597 599 2614 cum
609 2590 708 2624 optima
716 2599 764 2625 spe
770 2591 909 2619 dimicare.
930 2593 1000 2619 2.De

210 2619 350 2655 pangendo
365 2622 436 2662 quod
450 2632 492 2650 me
507 2625 599 2652 crebro
614 2626 775 2655 adhortaris.
794 2628 851 2655 fieri
867 2629 935 2655 nihil
951 2638 1000 2664 po-

211 2660 269 2682 test.
312 2657 452 2686 Basuicam
470 2661 567 2693 habeo,
585 2671 637 2689 non
650 2663 756 2696 villam⁷
774 2665 924 2701 frequentia
934 2667 999 2694 For-

1026 1369 1028 1371 ’
1055 1364 1204 1400 disputare.

1026 1524 1027 1532 ι
1055 1522 1159 1541 sessore
1174 1519 1294 1549 spectare
1311 1514 1397 1541 liceat.

928 139 958 165 T.
992 139 1267 167 CICERONIS

1058 211 1217 237 minnorum.
1253 211 1285 237 Λι
1300 219 1382 246 quam
1399 218 1489 246 parem
1505 210 1632 238 basilicae
1645 212 1745 240 tribum
1757 213 1849 240 Aemi-

1058 248 1133 274 lininl
1161 247 1213 274 Sed
1225 262 1261 267 -—
1271 249 1364 274 omitto
1380 248 1478 283 vulgus
1489 263 1525 269 —
1536 254 1594 284 pout
1610 249 1700 276 horam
1713 258 1749 276 ιν.
1766 250 1850 277 mole-

1057 286 1091 311 sti
1107 285 1187 310 ceteri
1204 293 1255 311 non
1271 290 1343 311 nunt.
1373 285 1402 311 C.
1418 285 1512 312 Amu-
1523 287 1662 321 pmximua
1674 288 1846 318 convicinus:

1059 323 1141 348 immo
1157 321 1201 348 ille
1216 321 1328 356 quidem
1345 322 1396 348 iam
1412 323 1625 354 centulam-liu
1660 324 1708 359 qui
1724 325 1804 351 etiam
1820 332 1850 351 ω

1059 359 1158 385 idcirco
1170 359 1279 385 nomam
1292 360 1330 385 ire
1340 363 1427 395 negat,
1440 364 1468 385 ut
1480 359 1523 386 hic
1534 368 1639 386 mecum
1651 361 1781 387 wtosdies
1788 362 1850 396 phi-

1059 395 1222 430 lowphetur.
1267 396 1334 422 Ecce
1353 404 1387 423 cx
1407 396 1488 422 altera
1504 402 1576 431 parte
1590 397 1720 428 Sebosus.
1740 398 1785 424 ille
1799 399 1850 425 Ca-

1058 433 1106 460 tuli
1125 433 1275 459 familiaris.
1310 432 1368 465 Ouo
1384 441 1426 459 me
1441 433 1560 460 vertam?
1586 433 1679 460 suum
1696 434 1850 462 mehercule

1059 471 1190 505 Arpinum
1208 471 1287 500 irem.
1306 471 1333 497 ni
1346 475 1370 496 te
1385 471 1411 496 in
1424 470 1564 497 Formiano
1574 471 1792 499 commodissime
1802 481 1851 499 ex-

1057 508 1171 542 spectari
1190 507 1323 538 viderem,
1341 507 1480 534 dumtaxat
1495 507 1527 534 ad
1544 508 1614 542 prid.
1629 509 1695 535 Non.
1708 509 1770 536 Mai.
1783 509 1850 536 vide

1057 546 1139 575 enim,
1153 545 1254 580 quihus
1267 544 1422 571 hominibus
1434 553 1512 571 aures
1523 544 1776 573 aintdeditaemeae.
1798 546 1851 573 Oc-

1057 583 1192 609 casionem
1209 581 1364 612 mirificam,
1386 583 1409 608 si
1424 583 1472 617 qui
1489 589 1573 611 nunc.
1591 581 1656 608 dum
1673 582 1700 609 hi
1720 583 1792 618 apud
1808 591 1850 610 me

1057 624 1133 650 sunt.
1151 627 1239 645 emere
1255 619 1288 645 de
1301 628 1342 645 me
1354 618 1467 646 fundum
1480 618 1652 646 Formianum
1664 619 1738 646 velit.
1768 620 1800 647 Bt
1811 625 1851 647 u-

1058 665 1118 683 men
1139 656 1206 683 illud
1227 656 1356 691 probem?
1386 657 1508 690 Maqnum
1529 658 1592 690 quid
1610 659 1804 690 uqqrediumur,
1827 662 1851 684 et

1057 696 1151 720 multae
1173 696 1335 727 coyitatinnc'a
1353 698 1429 727 atque
1443 696 1498 720 olii.
1539 693 1592 720 Sed
1607 698 1695 720 tamen
1710 693 1822 721 satisfiet
1835 703 1850 720 ⁸

1058 731 1136 758 nobis
1147 739 1234 766 neque
1245 736 1368 766 parcetur
1380 730 1474 757 labori.

1111 800 1162 821 xv.
1181 802 1210 824 (In
1221 801 1328 822 Parui-nu,
1338 802 1423 821 (auare.
1434 802 1502 819 Βιῑιιιιο
1513 808 1558 818 ton.
1573 803 1630 821 ⁶⁹⁵.)

1238 843 1406 872 CICERO
1436 843 1605 871 ATTICO
1633 843 1662 871 S.

1114 883 1137 908 4.
1160 876 1199 908 Ut
1210 882 1322 911 scribis.
1340 882 1375 908 ita
1387 880 1475 912 video,
1489 890 1540 908 non
1553 882 1644 908 minus
1656 882 1755 908 incerta
1769 882 1797 908 in
1809 889 1851 908 re-

1057 918 1180 953 publica,
1202 928 1284 954 quam
1301 920 1328 945 in
1343 918 1455 954 epistola
1471 924 1529 945 tua:
1556 918 1602 945 aed
1620 923 1707 945 tamen
1725 919 1775 945 iata
1792 919 1850 954 ipsa

1058 964 1100 982 me
1117 957 1231 983 varietas
1246 964 1400 982 sermonum
1415 956 1630 991 opinionumque
1645 955 1767 982 delectat.
1799 956 1852 983 Ro-

1057 1002 1115 1019 rnae
1131 994 1202 1020 enim
1215 993 1309 1020 videor
1318 1002 1391 1024 esse,
1404 1001 1489 1028 quum
1502 998 1561 1020 tuas
1572 993 1672 1019 litteras
1685 992 1756 1028 lego,
1769 997 1808 1022 et.
1821 998 1852 1020 ut

1057 1030 1085 1057 Iit
1097 1031 1123 1056 in
1135 1031 1215 1057 tantis
1230 1031 1319 1061 rebus,
1332 1030 1411 1057 modo
1423 1030 1481 1062 hoc,
1495 1029 1756 1057 modoilludaudire.
1780 1029 1850 1056 Illud

1057 1072 1144 1094 tamen
1160 1067 1294 1103 explicare
1307 1076 1358 1094 non
1370 1076 1494 1103 possum,
1512 1067 1642 1102 quidnam
1655 1068 1777 1094 invenire
1788 1075 1852 1102 pos-

1056 1105 1104 1135 sit.
1123 1104 1198 1131 nullo
1212 1109 1366 1135 recusante.
1387 1105 1418 1131 ad
1431 1104 1582 1131 facultatem
1593 1105 1734 1140 agrariam.
1765 1105 1790 1131 2.
1807 1104 1852 1131 Bi-

1056 1141 1114 1168 buli
1130 1147 1218 1168 autem
1235 1143 1284 1168 ista
1296 1141 1454 1178 magnitudo
1464 1143 1547 1168 animi
1559 1143 1586 1168 in
1597 1142 1767 1168 comitiorum
1781 1141 1851 1168 dila-

1056 1179 1140 1210 tione,
1158 1179 1225 1214 quid
1237 1179 1329 1210 hahet,
1349 1180 1401 1205 nisi
1414 1180 1500 1214 ipsius
1513 1178 1644 1205 iudicium
1656 1179 1715 1205 sine
1725 1178 1780 1205 ulla
1791 1187 1851 1205 cor-

1055 1217 1170 1243 rectione
1192 1215 1375 1251 reipublicae‘?
1401 1217 1535 1242 Nimirum
1555 1216 1583 1242 in
1602 1215 1699 1242 Publio
1718 1223 1780 1251 spes
1795 1215 1854 1242 est?

1056 1254 1126 1284 Fiat,
1145 1253 1189 1280 fiat
1205 1253 1330 1280 tribunus
1345 1253 1447 1288 plebis,
1465 1254 1488 1280 si
1499 1253 1567 1280 nihil
1578 1253 1666 1284 aliud,
1684 1257 1714 1279 ut
1728 1253 1851 1279 eocitius

1057 1295 1084 1317 ιιι
1101 1299 1135 1317 ex
1153 1291 1235 1325 Epiro
1251 1295 1394 1317 revertare.
1426 1291 1507 1322 Nam,
1524 1295 1553 1317 ut
1572 1290 1619 1317 illo
1635 1295 1663 1317 tu
1679 1298 1784 1321 careas.
1798 1298 1850 1317 non

1056 1328 1135 1355 video
1150 1337 1229 1363 posse
1245 1328 1316 1359 fieri.
1334 1329 1491 1363 praesertim
1507 1329 1530 1354 si
1547 1336 1653 1354 mecum
1664 1327 1769 1362 aliquid
1780 1326 1852 1354 volet

1248 1365 1301 1392 Sed
1321 1365 1349 1391 id
1369 1365 1481 1401 quidem
1503 1373 1554 1391 non
1570 1365 1686 1391 dubium
1701 1369 1755 1395 est.
1771 1365 1848 1400 quin.

1055 1403 1078 1428 si
1091 1402 1158 1437 quid
1169 1403 1219 1429 erit
1228 1402 1372 1433 eiusmodi,
1385 1403 1424 1429 sis
1435 1402 1618 1429 advolaturus.
1650 1402 1749 1428 Verum
1761 1405 1790 1428 ιιι
1801 1401 1851 1428 hoc

1056 1448 1108 1466 non
1131 1440 1179 1472 sit3
1217 1444 1305 1466 tamen
1321 1448 1368 1466 seu
1387 1444 1459 1470 ruet,
1481 1448 1529 1466 seu
1544 1440 1629 1475 eriget
1643 1438 1848 1474 rempublicam.

1055 1476 1222 1512 praeclarum
1237 1476 1422 1512 spectaculum
1437 1477 1505 1503 mihi
1521 1485 1649 1512 propono,
1661 1476 1741 1503 modo
1751 1480 1776 1503 te
1786 1484 1851 1503 oon-

1435 1516 1461 1541 3.
1477 1514 1566 1546 Quum
1579 1514 1643 1540 hacc
1654 1513 1772 1540 maxime
1783 1514 1852 1540 scri-

1055 1551 1414 1583 berem,eccetibiSeb0susl
1437 1551 1681 1586 Nondumplanein
1718 1559 1847 1577 mucram:

1055 1588 1143 1619 salve,
1162 1589 1252 1624 inquit
1266 1589 1370 1615 Arrius.
1404 1589 1459 1615 Hoc
1469 1593 1510 1615 est
1520 1589 1602 1615 Roma
1613 1588 1678 1615 dece
1699 1587 1760 1614 ere‘?
1777 1587 1851 1620 Quos

1032 1630 1034 1652 ὲ
1055 1634 1106 1661 ego
1126 1626 1249 1652 homines
1265 1625 1361 1661 effugi,
1379 1634 1464 1661 quum
1480 1626 1508 1652 in
1524 1625 1573 1652 hos
1589 1624 1692 1652 incidi?
1714 1625 1772 1661 Ego
1786 1633 1850 1652 vero

1108 1665 1135 1688 in
1149 1668 1243 1689 montes
1251 1666 1351 1696 patrios
1360 1668 1383 1689 et
1393 1665 1428 1689 ad
1439 1664 1594 1689 incunabula
1604 1667 1694 1688 nostra

1032 1715 1034 1722 ·
1055 1708 1176 1736 pergam.
1215 1700 1350 1735 Denique,
1368 1700 1392 1726 si
1407 1699 1482 1726 solus
1497 1708 1549 1726 non
1560 1704 1680 1734 potuero,
1693 1707 1755 1726 cum
1767 1700 1850 1726 rusti-

1054 1738 1094 1763 cis
1109 1738 1212 1772 potius,
1229 1745 1311 1772 quam
1326 1745 1388 1763 cum
1401 1737 1443 1763 his
1455 1737 1627 1771 pen-urbanis,
1645 1737 1681 1762 ita
1693 1741 1795 1767 tamen,
1809 1742 1847 1767 ut,

1053 1775 1181 1809 quoniam
1198 1779 1226 1800 tu
1241 1775 1306 1800 certi
1318 1774 1387 1800 nihil
1398 1774 1506 1805 scribis,
1519 1775 1546 1800 in
1559 1774 1700 1800 Formiano
1711 1773 1760 1800 tibi
1772 1782 1851 1808 prae-

1053 1811 1135 1838 stoler
1149 1819 1236 1846 usque
1251 1811 1284 1837 ad
1300 1820 1338 1838 ιιι.
1358 1812 1426 1838 Νοιι.
1442 1811 1504 1837 Mai.
1539 1812 1563 1838 4.
1578 1811 1716 1837 Terentiae
1727 1817 1849 1846 pergrata

1054 1853 1093 1875 est
1105 1848 1250 1875 assiduitas
1261 1853 1306 1875 tua
1317 1853 1343 1875 et
1353 1848 1494 1884 diligentia
1503 1849 1532 1874 in
1543 1849 1722 1874 controversia
1733 1847 1850 1875 Mulviu-

1054 1894 1098 1912 na.
1129 1886 1220 1912 Nescit
1230 1886 1340 1912 omnino
1354 1891 1378 1912 te
1394 1894 1566 1912 communem
1581 1893 1705 1911 caussam
1719 1884 1850 1912 defende-

1054 1931 1081 1949 re
1092 1931 1184 1949 eorum
1193 1944 1199 1954 ,
1216 1924 1264 1958 qui
1275 1931 1352 1958 agros
1363 1923 1486 1958 publicos
1497 1922 1662 1958 possideant.
1695 1921 1748 1948 Sed
1761 1926 1849 1949 tamen

1055 1965 1082 1986 tu
1098 1960 1203 1995 aliquid
1219 1959 1372 1994 publicanis
1387 1960 1497 1996 pendis;
1526 1960 1591 1986 haec
1601 1959 1682 1986 etiam
1693 1959 1722 1986 id
1733 1964 1847 1986 recusat.

1054 1997 1090 2023 Ea
1112 1997 1162 2024 tibi
1178 1998 1262 2033 igitur
1280 2002 1306 2024 et
1320 1999 1450 2034 Κικέρων,
1471 1995 1756 2034 &amouens-xviratus·
1775 1998 1847 2027 παῖ-ς,

1054 2034 1169 2061 salutem
1180 2035 1284 2061 dicunt.

1106 2103 1169 2124 XVI.
1185 2106 1214 2129 (ln
1224 2105 1333 2126 Ἐοηπιίιηο,
1343 2104 1431 2126 Cacum,
1440 2105 1509 2123 Bibulo
1519 2111 1566 2122 mu.
1575 2107 1631 2127 ⁶9⁵.)

1236 2147 1405 2175 CICERO
1433 2146 1600 2174 ATTICO
1629 2146 1657 2174 S.

1111 2187 1134 2212 ι.
1149 2181 1270 2212 Caenato
1281 2185 1380 2212 mihiet
1390 2185 1606 2212 iamdormitanti
1627 2183 1698 2219 prid.
1710 2182 1770 2210 Kal.
1782 2183 1845 2210 Mai.

1053 2222 1165 2257 epistola
1177 2227 1217 2249 est
1228 2222 1273 2249 illa
1285 2222 1397 2254 reddita,
1414 2223 1441 2249 in
1452 2231 1506 2258 qua
1516 2221 1550 2248 de
1560 2230 1624 2258 agro
1634 2221 1770 2255 Campano
1779 2221 1847 2247 scri—

1053 2260 1106 2286 bis.
1147 2259 1219 2292 Quid
1233 2259 1360 2295 quaeris‘?
1383 2261 1503 2295 primum
1519 2260 1554 2286 ita
1569 2267 1613 2285 me
1623 2258 1749 2293 pupugit,
1762 2262 1848 2284 utso-

1053 2305 1145 2323 muum
1158 2297 1226 2323 mihi
1237 2297 1374 2328 ademerit,
1387 2297 1435 2324 sed
1447 2297 1475 2324 id
1485 2296 1644 2332 cogitatione
1655 2295 1751 2330 magis,
1763 2302 1846 2329 quam

1052 2334 1184 2361 molestia.
1218 2334 1352 2370 Cogitanti
1372 2339 1462 2361 autem
1484 2333 1550 2360 haec
1566 2332 1620 2359 fere
1636 2331 1841 2374 succurrebant.

1052 2371 1172 2397 Primum
1187 2380 1220 2398 ex
1235 2380 1280 2403 eo,
1297 2371 1370 2406 quod
1381 2370 1568 2407 superioribus
1580 2369 1675 2396 litteris
1685 2377 1843 2411 scripseras,

1051 2417 1085 2435 ex
1105 2408 1232 2435 familiari
1252 2414 1276 2435 te
1295 2408 1370 2435 illius
1386 2408 1509 2438 audisse,
1529 2406 1662 2442 prolatum
1677 2406 1712 2432 iri
1729 2406 1844 2441 aliquid,

1051 2446 1124 2480 quod
1144 2455 1222 2473 nemo
1240 2446 1417 2481 improbat-eu
1454 2445 1542 2472 maius
1561 2443 1665 2479 aliquid
1685 2443 1843 2470 timueram:

1052 2483 1101 2509 hoc
1121 2483 1191 2510 mihi
1210 2483 1346 2510 eiusmodi
1365 2491 1418 2509 non
1438 2481 1590 2508 videbatur.
1621 2479 1735 2510 Deinde,
1757 2485 1787 2507 ut
1801 2488 1845 2506 me

1051 2526 1156 2555 egomet
1170 2520 1305 2551 consoler,
1321 2520 1410 2547 omnis
1425 2518 1589 2553 exspectatio
1605 2517 1755 2553 largitionis
1766 2525 1845 2553 agra-

1051 2558 1105 2583 riae
1120 2558 1148 2584 in
1164 2566 1260 2593 agrum
1275 2557 1442 2592 Campanum
1452 2555 1561 2582 videtur
1570 2563 1630 2581 esse
1640 2555 1773 2581 derivata:
1794 2554 1845 2589 qui

1050 2602 1121 2630 ager,
1135 2600 1164 2621 ut
1175 2595 1243 2621 dena
1254 2595 1347 2630 iugera
1356 2594 1420 2623 sint,
1433 2591 1609 2627 nonamplius
1616 2591 1845 2627 hominumquin-

1050 2639 1103 2666 que
1124 2631 1209 2658 millia
1219 2637 1305 2666 potest
1315 2631 1462 2657 sustinere:
1482 2629 1586 2664 reliqua
1599 2629 1688 2655 omnis
1697 2628 1844 2655 multitudo

1050 2668 1084 2694 ab
1095 2667 1151 2695 illis
1162 2669 1329 2696 abalienetur
1339 2675 1449 2694 necesse
1459 2672 1508 2694 est.
1539 2667 1685 2697 Praeterea,
1698 2666 1723 2692 si
1734 2665 1789 2692 ulla
1800 2673 1842 2692 res
