1941 3052
245 150 292 176 ⁴72
368 150 407 174 Η.
437 149 470 174 M.
497 149 526 174 T.

242 219 376 253 paulorum,
395 220 458 245 Nam
471 218 579 244 difficile
591 223 638 246 est,
648 226 698 244 non
711 216 837 251 aliquem,
847 216 929 247 nefas,
938 225 1034 252 quem-
1055 221 1057 250 j

242 265 322 291 (ptam
336 257 484 291 praeterire.
526 256 580 288 ligo
594 264 639 280 ros
652 255 804 283 universos,
819 259 906 289 patrea
917 254 1034 280 conscri-

243 294 406 328 pti‚‹leoruni
420 302 530 319 munero
540 292 624 317 volere
636 291 728 317 debeo.
750 291 810 321 Sed,
826 296 853 317 ut
865 292 890 317 in
904 291 971 326 ipsis
981 291 1034 317 diis

243 330 437 356 iunnortalibus
454 339 504 356 non
522 338 627 363 semper
647 328 768 358 cosdem.
791 333 870 362 atque
885 328 952 354 alian
967 328 1034 354 alios

242 368 358 393 solu-unus
374 372 398 392 et
415 367 532 392 venerari
549 370 574 391 et
590 366 703 400 precari:
726 366 765 391 sic
781 365 806 391 in
824 365 979 391 bominibus
1000 365 1034 391 de

242 414 283 430 uu—
299 404 428 429 nux-initus
446 403 546 429 meritis
562 403 649 428 omnis
665 403 713 428 erit
729 406 800 429 aetus
816 403 881 428 milii
897 402 929 428 ad
941 411 1032 430 corum
1054 413 1063 431 ⁴,

241 452 301 473 erga
315 451 355 466 me
367 441 458 466 merita
472 439 646 474 praedicanda
657 444 736 474 atquo
749 439 895 465 recolenda.
928 441 968 465 31.
983 440 1034 466 llo-
1054 433 1056 443 ⁴

240 479 332 503 ‹lit-ruo
342 483 428 503 nutem
441 477 484 503 die
496 477 650 503 nominatim
661 486 674 502 a
688 485 729 502 ine
741 477 941 512 magistratibus
953 478 1032 504 statui

240 517 337 548 gratias
349 524 407 540 esse
420 514 544 549 agendas,
558 514 626 540 etde
639 514 749 548 privatis
762 515 817 545 uni,
829 515 877 549 qui
890 523 937 549 pro
948 514 1033 541 salute
1054 526 1063 544 ·,

241 562 297 578 inea
314 552 458 586 munivipia
474 551 644 586 coloniasque
660 551 772 581 adisset,
791 551 921 586 populum
939 552 1033 578 Roma·
1054 553 1063 579 ξ’
1086 552 1127 581 tis,
1138 555 1217 577 totam
1229 560 1306 577 sulam
1317 556 1488 586 quaesturam
1502 553 1528 578 in
1541 560 1582 578 me
1593 552 1768 578 sustentando
1777 557 1802 578 et
1813 561 1876 578 con-

241 598 304 615 num
320 589 435 624 supplex
451 589 628 619 obsecrasset,
651 589 809 614 seutentiam
830 588 943 615 dixisset
963 598 1031 620 eam,

238 635 319 660 quam
335 636 381 652 vos
398 627 495 657 secuti,
514 626 579 652 milii
596 626 751 661 dignitatem
768 634 852 652 meam
870 626 1032 652 reddidistis.
1054 631 1063 655 ῖ,

1054 667 1055 684 l
1083 671 1168 698 quum
1182 662 1259 689 fuerit
1270 668 1394 697 quaestor
1406 672 1456 690 non
1469 664 1583 698 imperii,
1595 663 1641 689 sed
1653 663 1752 690 doloris
1764 664 1826 690 mei.

241 664 291 689 vos
303 672 344 689 me
357 663 490 690 florentem
502 672 608 698 semper
619 663 747 689 ornastis:
771 662 932 690 laborantem
945 668 1034 690 muta-

240 702 309 727 tione
322 702 403 727 vestis
415 706 440 727 et
453 710 534 736 prope
547 700 619 727 luctu
633 705 728 731 vestro,
741 700 829 735 quoad
842 700 925 731 licuit,
939 701 1033 727 defen·
1054 700 1063 710 ¹*

368 739 459 764 Nostra
475 738 602 764 memoria
619 742 753 764 senatores
770 746 802 764 ue
814 738 840 764 in
851 739 910 764 suis
921 738 1031 773 quidem
1054 752 1055 755 =

238 738 326 764 distis.

239 775 367 810 periculis
379 781 481 802 mutare
492 780 592 801 vestem
605 774 738 801 solebant:
752 775 778 801 in
791 783 850 801 meo
860 775 980 810 periculo
990 784 1033 802 sc-

239 818 316 839 uatus
329 818 400 839 veste
413 818 511 839 mutata
523 813 581 843 suit,
590 812 677 847 quoad
691 812 764 838 licuit
775 821 822 847 per
833 821 923 839 eorum
935 812 1029 844 edicta,

237 850 284 884 qui
301 859 357 876 mea
375 850 490 885 pericula
507 859 558 877 non
574 849 652 876 modo
666 858 715 876 suo
727 849 871 884 praesidio,
893 849 1030 876 sedetiam

239 892 323 914 vestra
336 887 519 922 deprecatione
531 887 675 914 nudarunt.

293 926 335 951 32.
352 925 457 957 Quibus
468 934 518 960 ego
529 925 610 951 rebus
621 924 740 955 obiectis,
753 933 838 959 quum
850 924 916 951 mibi
929 925 1032 959 privato

210 963 214 970 ¹
237 961 433 998 confligendum
454 963 572 989 viderem
593 970 654 988 cum
676 961 768 988 eodem
792 962 924 992 exercitu,
949 970 1030 996 quem

237 999 330 1026 consul
347 1008 398 1026 non
415 1000 510 1031 armis,
532 1000 580 1026 sed
596 1004 682 1025 vestra
695 1000 849 1025 auctoritate
861 1008 1029 1034 superaram:
1052 1000 1055 1034 ᾖ

238 1036 320 1063 multa
333 1046 437 1064 mecum
449 1037 506 1072 ipse
517 1037 648 1072 reputavi.
670 1036 740 1062 XIII.
752 1037 856 1062 Dixerat
868 1037 894 1062 in
905 1037 1031 1063 concione

237 1074 344 1103 consul,
361 1083 390 1101 se
405 1074 467 1101 clivi
480 1074 620 1109 Capitolini
634 1082 731 1108 poenas
742 1073 775 1099 ab
787 1074 924 1108 equitibus
935 1074 1032 1100 Roma-

237 1112 279 1138 nis
292 1112 477 1146 repetiturum.
504 1112 666 1139 Nominatim
679 1111 723 1137 alii
735 1111 973 1146 compellabantur,
985 1110 1030 1137 alii

236 1148 396 1179 citabantur,
410 1150 454 1175 alii
467 1149 662 1185 relegabantur.
678 1148 774 1175 Aditus
786 1148 945 1183 templorum
957 1153 1031 1174 erant

237 1194 288 1212 non
300 1186 387 1213 solum
400 1187 541 1221 praesidiis
556 1192 581 1213 et
597 1194 691 1215 manu,
714 1194 807 1212 verum
824 1187 901 1212 etiam
919 1185 1032 1212 demoli-
1052 1213 1053 1216 ,

236 1223 306 1250 tione
318 1223 428 1250 sublati.
449 1224 631 1255 Alton-‚consul
645 1228 673 1249 ut
684 1231 726 1249 me
737 1228 761 1249 et
773 1222 965 1257 rempublicam
979 1232 1030 1249 non

236 1261 315 1287 modo
330 1261 475 1292 desereret,
494 1261 541 1288 sed
557 1262 636 1288 etiam
654 1260 777 1286 hostibus
794 1260 957 1295 reipublicae
969 1269 1031 1294 pro-

235 1297 321 1327 deret.
345 1299 513 1333 pactionibus
534 1307 578 1325 eos
599 1306 709 1324 suorum
732 1298 910 1332 praemiorum
926 1297 1031 1333 obliga-

236 1339 283 1361 rat.
306 1335 367 1362 Erat
378 1335 446 1362 alius
458 1335 490 1362 ad
502 1341 590 1371 portas
600 1344 661 1362 cum
672 1335 785 1369 imperio
797 1335 823 1361 in
836 1334 935 1361 multos
946 1343 1030 1361 annos

235 1381 385 1408 magnoque
396 1373 528 1400 exercitu:
549 1382 631 1409 quem
647 1381 696 1409 ego
710 1372 850 1398 inimicum
867 1372 933 1398 mibi
946 1372 1030 1398 fuisse

235 1418 287 1436 non
307 1409 380 1442 ‹lico;
403 1411 530 1441 tacuisse,
552 1419 637 1446 quum
658 1410 792 1437 diceretur
812 1418 871 1436 esse
891 1410 1027 1441 inimicus,

233 1448 298 1473 scio.
321 1448 441 1474 33.Duae
453 1452 540 1482 partes
551 1457 610 1475 esse
621 1448 648 1474 in
659 1446 795 1482 republica
805 1455 890 1482 quum
904 1452 1030 1482 putaren-
1052 1442 1059 1473 1³

1051 1484 1059 1520 ,l
1081 1488 1221 1510 caverunt:
1244 1483 1291 1510 sed
1311 1492 1384 1511 unus
1404 1483 1492 1515 frater,
1514 1484 1561 1519 qui
1577 1485 1605 1511 in
1621 1492 1664 1510 me
1679 1484 1776 1519 pietate
1791 1483 1874 1513 filius.

234 1489 291 1511 tur:
314 1484 394 1510 altera
411 1493 454 1510 me
469 1485 612 1520 deposcere
631 1489 738 1520 propter
757 1484 925 1516 inimicitias,
949 1484 1029 1510 altera

234 1521 327 1549 timide
342 1521 485 1550 defendere
501 1528 608 1558 propter
623 1523 805 1558 suspicionem
816 1521 905 1548 caedis
917 1521 1031 1556 putaba—
1051 1532 1059 1556 χ

327 1560 377 1592 Qui
389 1566 477 1587 autem
490 1569 533 1587 nie
544 1561 687 1595 deposcere
697 1559 868 1590 videbantur,
881 1559 908 1585 in
920 1559 970 1585 hoc
981 1567 1030 1585 au·
1058 1587 1059 1591 Ἰ

233 1603 330 1624 xerunt
342 1598 521 1625 dimicationis
533 1603 649 1625 metum.
666 1596 739 1632 quod
751 1605 899 1631 numquam
911 1596 1030 1623 infitian—
1057 1603 1059 1630 j

1050 1639 1051 1647 ¹
1081 1632 1146 1658 riam
1160 1633 1283 1667 usurpari
1294 1633 1390 1668 coegit.

233 1565 286 1586 tur.

232 1634 267 1662 do
277 1635 457 1670 suspicionem
469 1635 608 1662 hominum
620 1642 766 1669 curamque
776 1634 942 1660 minuerunt.
957 1633 1030 1666 Qua-

233 1680 261 1698 re
281 1680 367 1707 quum
389 1672 507 1698 viderem
527 1677 649 1698 senatum
665 1671 782 1698 ducibus
797 1670 934 1701 orbatum,
956 1678 998 1696 me
1014 1679 1028 1696 a

233 1709 435 1744 magistratibus
447 1710 542 1744 partim
553 1713 752 1746 oppugnatum,
769 1708 866 1743 partim
880 1707 1026 1742 proditum,

233 1746 330 1781 partim
350 1746 521 1779 derelictumg
547 1755 639 1773 servos
662 1745 832 1773 simulatione
855 1744 1028 1781 collegiorum

234 1783 391 1810 nominatim
412 1792 470 1810 esse
485 1784 663 1818 conscriptos,
686 1783 776 1818 copias
791 1790 883 1809 omnes
899 1782 1029 1809 Catilinae

234 1828 317 1855 paene
331 1820 428 1847 iisdem
444 1820 560 1847 ducibus
575 1821 607 1847 ad
619 1829 694 1856 spem
705 1820 794 1846 caedis
806 1824 831 1846 et
843 1819 1027 1846 incendiorum

233 1866 293 1884 esse
304 1863 451 1889 revocatas,
474 1859 578 1893 equites
591 1859 722 1884 Romanos
733 1857 949 1892 proscriptionis,
967 1865 1029 1883 mu—

234 1895 332 1930 nicipia
346 1895 492 1926 vastitatis,
510 1904 602 1922 omnes
617 1895 707 1921 caedis
723 1900 794 1921 metu
806 1902 865 1920 esse
876 1898 1024 1929 permotos:

233 1933 321 1966 potui,
334 1932 422 1967 potui,
436 1937 523 1967 patres
535 1933 692 1967 conscripti,
705 1932 798 1958 multis
810 1931 963 1958 auctoribus
975 1930 1029 1958 for-

234 1969 346 1996 tissimis
362 1970 442 2001 viris,
460 1978 503 1996 me
519 1970 545 1996 vi
561 1969 696 2005 armisque
711 1969 868 1996 defendere:
891 1977 940 1995 nec
960 1969 1026 1996 mibi

232 2007 290 2041 ipse
301 2006 347 2033 ille
358 2007 464 2033 animus
476 2006 546 2033 idem
560 2015 645 2038 meus,
655 2007 731 2033 vobis
743 2015 794 2033 non
806 2007 967 2042 incognitus,
981 2007 1027 2034 de-

233 2043 293 2070 fuit.
333 2043 387 2070 Sed
397 2044 535 2075 videbam,
552 2045 576 2070 si
588 2045 712 2070 vicissem
724 2049 889 2079 praesentem
901 2044 1028 2071 adversa-

233 2081 317 2112 rium,
339 2081 453 2108 nimium
470 2081 568 2108 multos
583 2081 649 2108 mihi
665 2081 731 2108 alios
747 2090 805 2108 esse
821 2081 980 2109 vincendos:
1003 2083 1026 2109 si

232 2118 319 2145 victus
330 2127 431 2150 essem,
445 2119 538 2145 multis
550 2119 626 2146 bonis
637 2123 663 2145 et
674 2127 721 2153 pro
732 2127 782 2150 me,
791 2124 816 2146 et
824 2127 939 2151 mecum,
947 2120 1026 2146 etiam

232 2161 293 2190 post
303 2164 346 2182 me
357 2164 415 2183 esse
426 2155 607 2191 pereundum:
629 2156 822 2191 tribuniciique
833 2157 973 2192 sanguinis
984 2157 1028 2183 ul-

231 2197 301 2220 tores
316 2201 375 2220 esse
390 2199 556 2228 praesentes:
579 2201 653 2220 meae
668 2194 761 2220 mortis
777 2202 876 2228 poenas
891 2193 991 2221 iudicio
1001 2199 1027 2221 et

231 2231 380 2265 posteritati
391 2231 531 2257 reservari.
571 2231 639 2257 XIV.
657 2231 698 2257 34.
720 2230 813 2262 Nolui,
830 2239 916 2266 quum
931 2231 1025 2259 consul

231 2276 401 2295 communem
421 2267 535 2294 salutem
555 2269 613 2295 sine
633 2267 702 2295 ferro
721 2267 916 2299 defendissem,
938 2278 1025 2296 meam

231 2306 352 2340 privatus
364 2306 445 2332 armis
460 2305 615 2337 defendere,
634 2305 773 2340 bonosque
783 2306 855 2332 viros
867 2306 958 2342 lugere
969 2315 1027 2333 ma-

233 2343 270 2369 lui
282 2351 353 2369 meas
365 2342 497 2374 fortunas,
514 2351 595 2378 quam
611 2343 669 2369 suis
680 2343 835 2378 desperare:
858 2352 901 2374 ac,
917 2343 1025 2370 sisoius

231 2388 318 2406 essem
333 2379 502 2411 interfectus,
520 2380 587 2406 mibi
598 2385 688 2415 turpe,
703 2380 799 2407 sicum
809 2379 917 2411 multis,
935 2381 1026 2416 reipu-

231 2416 316 2443 blicae
327 2416 464 2444 funestum
476 2417 531 2444 fore
542 2417 693 2444 videbatur.
733 2417 811 2450 Quod
825 2418 849 2444 si
863 2417 930 2444 mihi
941 2423 1026 2445 aeter-

232 2462 292 2480 nam
304 2463 363 2480 esse
373 2463 528 2481 aerumnam
541 2455 703 2490 propositam
715 2454 870 2486 arbitrarer,
887 2460 971 2482 morte
981 2463 1025 2482 me

232 2491 289 2524 ipse
313 2492 414 2525 potius,
440 2500 522 2526 quam
545 2492 707 2526 sempiterno
730 2491 820 2518 dolore
841 2492 1024 2518 mulctassem.

232 2526 284 2553 Sed
295 2536 380 2562 quum
391 2529 519 2559 viderem,
529 2537 571 2555 me
582 2537 634 2555 non
645 2529 757 2560 diutius,
765 2537 846 2564 quam
856 2529 942 2564 ipsam
954 2537 1026 2556 rem·

232 2563 376 2598 publicam,
390 2573 423 2591 ex
435 2565 483 2592 bac
494 2566 560 2592 urbe
570 2565 741 2592 abfuturum:
764 2574 851 2600 neque
861 2574 911 2602 ego
920 2565 966 2593 illa
978 2575 1026 2593 ex-

233 2601 370 2628 terminata
382 2602 448 2628 mihi
463 2603 654 2630 remanendum
670 2602 788 2637 amplius
803 2603 909 2637 putaw',
927 2608 953 2630 et
967 2603 1022 2634 illa,

232 2637 313 2664 simul
325 2642 404 2673 atque
415 2644 533 2665 revocata
544 2644 593 2670 est,
606 2648 649 2666 me
659 2648 750 2666 secum
763 2640 860 2674 pariter
870 2641 1022 2676 reportavit.

555 147 765 174 (lttsstiltuxts
789 147 899 173 oltAT.
926 146 1024 172 POST
1050 146 1223 172 tit-:urrini
1250 146 1288 173 IN
1314 146 1478 173 SENATt'.
1505 147 1586 173 CAP.
1611 149 1689 173 ⁴3—
1708 149 1744 173 ¹3.

1086 221 1226 247 stratuum,
1241 225 1345 243 mecum
1357 222 1466 243 senatu·
1476 218 1626 248 auctoritas,
1640 226 1745 244 mecum
1757 217 1874 249 liberm,

1086 262 1189 279 mecum
1201 254 1280 280 etiam
1293 253 1400 288 frugum
1413 254 1533 285 ubertas,
1550 263 1654 281 mecum
1669 255 1779 281 deorum
1791 259 1817 281 et
1829 255 1876 282 bo-

1062 298 1064 327 μ
1086 292 1189 316 minum
1213 291 1365 316 sanctitates
1388 299 1481 318 omnes
1503 297 1529 318 et
1552 292 1693 327 religiones
1721 292 1875 318 abfuerunt.

1062 343 1063 367 ἶ
1085 329 1157 359 (luae
1169 327 1191 353 ni
1203 336 1309 362 semper
1319 328 1452 359 aimment,
1461 330 1545 364 magis
1557 334 1658 356 vestran
1670 329 1788 355 fortunas
1801 329 1876 364 luge-

1085 374 1153 395 rem,
1171 373 1252 400 quam
1264 365 1443 391 desiderarem
1455 374 1540 392 meaa:
1558 367 1600 393 ain
1614 367 1758 401 aliquando
1769 375 1876 392 revoca-

1086 407 1189 432 rentur,
1203 402 1398 435 intelligebam,
1415 403 1480 429 milii
1492 412 1553 430 cum
1565 403 1618 430 illia
1630 412 1681 430 uua
1692 412 1751 429 cane
1763 403 1877 430 redeun-

1085 439 1160 464 dum.
1195 441 1236 465 3:¹5.
1250 439 1333 465 Cuius
1346 441 1396 465 mci
1409 449 1506 466 sensus
1517 441 1683 466 certissimus
1695 441 1769 467 testis
1780 446 1820 466 cst
1833 441 1876 467 bie

1087 477 1165 506 idem,
1177 477 1225 511 qui
1236 482 1326 502 custos
1337 477 1431 512 capitis
1444 477 1502 507 fuit,
1515 478 1563 503 Cn.
1577 478 1708 508 Plancius,
1721 479 1778 513 qui,
1790 479 1878 504 omni-

1086 514 1136 539 bus
1153 514 1363 548 provincialibus
1378 515 1540 540 ornamentis
1555 515 1756 550 commodisque
1770 515 1877 550 deposi-

1062 603 1063 622 ;
1084 588 1215 614 servando
1226 588 1374 614 collocavit.

1085 625 1188 655 fuisset,
1203 626 1227 651 in
1241 625 1287 651 lilii
1301 625 1356 651 loco
1368 625 1475 652 fuisset:
1489 635 1559 652 nune
1570 631 1640 652 certe
1650 627 1699 652 erit
1711 627 1737 652 in
1749 627 1873 661 parentis.

1415 589 1466 621 Qui
1478 589 1501 615 si
1513 589 1579 615 mibi
1590 594 1715 624 quaestor
1725 590 1875 624 imperatori

1138 702 1178 726 36.
1204 701 1382 735 Quapropter,
1409 706 1496 735 patres
1519 702 1676 735 conscripti.
1701 701 1827 736 quoniam
1849 701 1876 727 in

1084 737 1277 772 rempublicam
1299 747 1359 763 sum
1381 739 1477 772 pariter
1491 747 1552 764 cum
1569 738 1705 773 republica
1726 739 1873 767 restitutus.

1084 783 1134 801 non
1153 774 1230 801 modo
1246 775 1272 800 in
1284 783 1312 800 ea
1324 775 1489 801 defendenda
1503 775 1568 801 nihil
1581 776 1740 802 imminuam
1751 775 1785 801 de
1796 775 1876 801 liber-

1084 815 1134 838 tate
1146 820 1202 838 mea
1215 812 1335 847 pristina,
1348 812 1394 838 sed
1405 814 1484 838 etiam
1497 813 1644 849 adaugebo.
1684 812 1742 839 XV.
1759 812 1873 840 Etenim,

1083 849 1175 875 sicam
1190 854 1246 875 tum
1262 848 1451 880 defendebam,
1468 859 1553 885 quum
1570 850 1635 876 mihi
1651 849 1754 885 aliquid
1769 849 1815 876 illa
1828 849 1876 875 de-

1083 886 1174 913 bebat:
1196 886 1263 922 quid
1285 895 1355 913 nunc
1375 896 1417 913 me
1434 886 1517 913 facere
1532 892 1646 922 oportet,
1668 896 1755 922 quum
1770 895 1821 922 ego
1836 886 1876 912 illi

1053 929 1061 936 '¹
1083 923 1230 958 plurimum
1241 923 1343 950 debeo‘?
1354 925 1420 950 Nam
1431 925 1498 960 quid
1509 930 1557 954 est,
1570 924 1641 960 quod
1653 925 1773 951 animum
1785 932 1875 950 meum

1084 961 1204 996 frangere
1219 966 1264 987 aut
1279 961 1417 988 debilitare
1433 963 1530 996 possit,
1552 963 1631 988 cuius
1643 963 1728 996 ipsam
1739 961 1876 987 calamita-

1084 1003 1135 1024 tem
1153 1007 1203 1024 non
1221 998 1299 1025 modo
1315 999 1417 1025 nullius
1433 999 1536 1029 delicti,
1559 999 1607 1025 sed
1627 999 1706 1025 etiam
1721 998 1875 1025 divinorum

1083 1036 1110 1062 in
1131 1035 1325 1070 rempublicam
1345 1036 1534 1063 beneficiorum
1557 1041 1651 1063 testem
1670 1044 1730 1062 esse
1745 1034 1877 1062 videatis?

1083 1073 1149 1099 Nam
1161 1078 1186 1099 ct
1198 1074 1336 1108 importata
1348 1079 1400 1104 est,
1418 1074 1480 1109 quia
1496 1073 1666 1100 defenderam
1678 1074 1828 1103 civitatem:
1850 1076 1877 1099 et

1083 1118 1140 1136 mea
1151 1110 1286 1136 voluntate
1298 1115 1422 1146 suscepta
1433 1116 1486 1140 cst.
1500 1120 1532 1138 ne
1543 1120 1558 1138 a
1568 1119 1611 1138 me
1621 1110 1730 1137 defensa
1741 1109 1877 1145 respubli-

1082 1156 1111 1173 ca
1123 1156 1170 1182 per
1180 1147 1305 1174 eumdem
1317 1157 1359 1174 me
1370 1153 1519 1175 extremum
1531 1149 1558 1175 in
1569 1148 1714 1175 discrimen
1726 1152 1874 1174 vocaretur.

1083 1185 1124 1211 37.
1137 1185 1186 1211 Pro
1198 1193 1239 1211 me
1251 1193 1302 1211 non
1311 1206 1317 1216 ,
1331 1190 1359 1211 ut
1370 1194 1417 1220 pro
1428 1186 1455 1211 P.
1469 1185 1594 1221 Popillio,
1607 1185 1777 1212 nobilissimo
1788 1184 1876 1211 bomi-

1083 1230 1127 1252 ne,
1150 1222 1331 1248 adolescentes
1348 1223 1408 1253 filii,
1431 1231 1481 1249 non
1497 1223 1710 1258 propinquorum
1731 1221 1876 1248 multitudo

1082 1259 1212 1293 populum
1226 1260 1374 1286 Romanum
1387 1264 1427 1286 est
1438 1259 1590 1295 deprecata:
1604 1268 1665 1290 non,
1678 1264 1708 1286 ut
1717 1267 1766 1294 pro
1775 1258 1808 1291 Q.
1819 1259 1876 1285 Me-

1082 1296 1156 1327 tello,
1179 1305 1286 1323 summo
1297 1301 1322 1323 et
1332 1296 1484 1323 clarissimo
1494 1298 1565 1328 viro,
1587 1301 1702 1332 spectata
1718 1297 1772 1323 iam
1786 1296 1876 1323 adole-

1081 1334 1180 1360 scentia
1197 1334 1283 1360 filius:
1307 1343 1358 1361 non
1375 1335 1404 1361 L.
1421 1339 1447 1361 et
1461 1335 1491 1362 C.
1508 1334 1621 1366 Metelli,
1638 1333 1805 1363 consulares.
1822 1342 1875 1360 non

1081 1379 1172 1397 eornm
1186 1370 1275 1402 liberi,
1291 1380 1341 1398 non
1353 1371 1384 1404 Q.
1398 1371 1521 1398 Metellus
1533 1372 1634 1407 Nepos,
1649 1372 1698 1407 qui
1710 1376 1767 1397 tum
1777 1379 1877 1397 eonsu-

1082 1408 1164 1434 latum
1176 1408 1290 1443 petebat.
1303 1418 1356 1436 non
1363 1409 1478 1439 Luculli,
1491 1409 1608 1440 Servilii,
1621 1408 1769 1444 Scipiones,
1783 1407 1876 1434 Metel-

1083 1445 1167 1472 larum
1180 1445 1236 1477 tilii,
1251 1445 1343 1473 flentes
1354 1455 1383 1473 ac
1393 1446 1521 1473 sordidati
1532 1446 1632 1482 populo
1643 1447 1760 1473 Romano
1770 1445 1876 1480 suppli-

1081 1520 1201 1547 consiliis
1217 1529 1328 1556 parens,
1351 1529 1439 1548 amore
1454 1521 1494 1556 (ut
1508 1522 1573 1556 erat)
1589 1521 1668 1548 frater
1683 1521 1810 1547 inventus
1824 1525 1873 1549 est,

1081 1557 1204 1592 squalore
1224 1563 1249 1584 et
1271 1558 1387 1585 lacrimis
1407 1563 1433 1585 et
1448 1559 1612 1594 quotidianis
1627 1558 1754 1594 precibus
1769 1557 1876 1584 deside—

1081 1595 1151 1621 rium
1163 1595 1216 1621 mei
1228 1596 1345 1622 nominis
1356 1597 1478 1623 renovari
1489 1601 1515 1622 et
1526 1605 1615 1622 rerum
1625 1600 1762 1632 gestarum
1773 1603 1876 1622 memo-

1430 1632 1482 1665 Qui
1492 1641 1578 1668 quum
1593 1633 1743 1664 statuisset,
1759 1632 1812 1659 nisi
1828 1640 1875 1667 per

1057 1670 1058 1675 ¹
1081 1678 1128 1695 vos
1143 1677 1186 1695 me
1201 1674 1396 1704 recuperasset,
1413 1669 1534 1696 eamdem
1547 1670 1640 1697 subire
1651 1669 1783 1697 fortunam
1794 1674 1875 1704 atque

1080 1706 1151 1732 idem
1162 1707 1215 1733 sibi
1226 1706 1393 1734 domicilium
1405 1712 1430 1734 et
1441 1708 1510 1734 vitae
1520 1712 1546 1734 et
1557 1707 1650 1734 mortis
1659 1707 1822 1742 deposceret,
1835 1711 1875 1732 ta-

1056 1760 1057 1769 ,
1080 1752 1141 1770 men
1152 1752 1300 1779 numquam
1313 1753 1361 1771 nec
1371 1744 1583 1781 magnitudinem
1594 1745 1707 1780 negotii,
1721 1753 1768 1771 nee
1778 1744 1875 1770 solitu-

1079 1780 1169 1807 dinem
1189 1790 1265 1807 suam
1288 1790 1336 1808 nec
1357 1782 1411 1808 vim
1427 1782 1597 1808 inimicorum
1613 1790 1643 1808 ac
1658 1781 1708 1808 tela
1724 1781 1873 1816 pertimuit.

1056 1837 1057 1856 ἕ
1080 1820 1122 1844 38.
1138 1818 1212 1845 Alter
1226 1818 1277 1845 fuit
1289 1823 1471 1856 propugnator
1481 1827 1600 1845 mearum
1613 1819 1778 1845 fortunarum
1790 1823 1816 1845 et
1826 1817 1875 1844 de-

1056 1862 1058 1866 *
1080 1855 1170 1882 fensor
1179 1856 1316 1887 assiduus,
1329 1865 1436 1883 summa
1447 1857 1546 1883 virtute
1556 1861 1582 1883 et
1593 1857 1699 1891 pietate,
1712 1856 1741 1883 C.
1749 1856 1875 1891 Piso,ge-

1080 1902 1139 1924 uer,
1157 1894 1204 1928 qui
1221 1894 1307 1920 minas
1318 1894 1489 1920 inimicorum
1505 1902 1640 1924 meorum,
1656 1893 1704 1928 qui
1719 1893 1874 1919 inimicitias

1079 1930 1166 1956 affinis
1179 1931 1239 1961 mei,
1253 1931 1396 1966 propinqui
1409 1931 1460 1961 sui,
1473 1931 1602 1961 consulis,
1615 1931 1663 1966 qui
1673 1931 1787 1957 Pontum
1798 1929 1873 1956 etBi-

1079 1968 1199 2003 tbyniam
1211 1974 1335 2003 quaestor
1345 1977 1392 2003 pro
1403 1976 1461 1995 mea
1472 1968 1559 1995 salute
1570 1968 1698 2004 neglexit.
1728 1966 1801 1994 Nihil
1812 1975 1874 1994 um-

1078 2014 1159 2040 quam
1175 2011 1283 2031 scnatus
1299 2005 1332 2031 de
1347 2006 1377 2032 P.
1393 2005 1507 2041 Popillio
1521 2005 1652 2037 decrevit,
1677 2013 1826 2040 numquam
1845 2004 1873 2032 in

1078 2042 1128 2069 boc
1147 2042 1240 2069 ordine
1255 2042 1286 2075 Q.
1304 2042 1405 2069 Metelli
1419 2043 1520 2070 mentio
1533 2042 1601 2069 facta
1621 2046 1671 2069 est.
1711 2042 1873 2068 Tribuniciis

1079 2084 1143 2106 sunt
1161 2079 1202 2107 illi
1223 2080 1419 2116 rogationibuS,
1441 2080 1588 2107 interfectis
1607 2079 1735 2111 inimicis,
1756 2078 1874 2114 denique

1078 2117 1152 2144 nulla
1163 2118 1317 2144 auctoritate
1328 2122 1437 2144 senatus
1448 2117 1578 2150 restituti;
1599 2125 1686 2152 quum
1701 2115 1768 2143 alter
1780 2124 1872 2143 eorum

1078 2155 1183 2181 senatui
1194 2155 1336 2190 paruisset,
1345 2155 1411 2182 alter
1420 2155 1476 2181 vim
1486 2154 1649 2190 caedemque
1660 2153 1783 2190 fugisset.
1805 2153 1872 2180 Nam

1078 2192 1107 2219 C.
1119 2192 1230 2227 quidem
1242 2193 1355 2224 Marius,
1368 2193 1416 2228 qui
1427 2192 1477 2219 hac
1487 2192 1627 2219 hominum
1639 2191 1766 2218 memoria
1777 2191 1873 2217 tertius

1078 2234 1138 2256 aute
1148 2238 1191 2255 me
1201 2229 1350 2256 consularis
1362 2234 1519 2265 tempestate
1528 2228 1602 2256 civili
1613 2227 1746 2264 expulsus
1756 2232 1806 2258 est.
1819 2236 1872 2254 non

1078 2266 1157 2294 modo
1167 2275 1181 2293 a
1192 2271 1286 2293 senatu
1297 2275 1351 2294 non
1361 2272 1403 2293 est
1412 2267 1564 2298 restitutus,
1576 2265 1623 2292 sed
1634 2265 1722 2292 reditu
1732 2273 1783 2291 suo
1792 2273 1873 2291 sena-

1078 2309 1135 2331 tum
1146 2309 1274 2330 cunctum
1285 2312 1369 2339 paene
1379 2303 1487 2331 delevit.
1526 2303 1606 2330 Nulla
1619 2302 1653 2329 de
1665 2301 1720 2328 illis
1731 2302 1873 2338 magistra-

1077 2346 1154 2368 tuum
1165 2341 1320 2373 consensio,
1338 2341 1411 2368 nulla
1426 2341 1460 2368 ad
1471 2339 1665 2375 rempublicam
1676 2339 1871 2366 defendendam

1076 2378 1170 2414 populi
1181 2379 1292 2405 Romani
1303 2379 1470 2410 convocatio,
1483 2377 1576 2405 nullus
1586 2376 1676 2403 Italiae
1686 2381 1784 2407 motus,
1797 2375 1871 2403 nulla

1076 2416 1180 2442 decreta
1191 2416 1400 2451 municipiorum
1410 2420 1437 2442 et
1445 2415 1609 2442 coloniarum
1619 2414 1787 2440 exstiterunt.
1827 2415 1870 2440 39.

1076 2453 1171 2486 Quare,
1184 2461 1271 2488 quum
1282 2461 1326 2479 me
1335 2457 1423 2479 vestra
1434 2452 1576 2479 auctoritas
1587 2450 1870 2485 arcessierit,populus

1076 2491 1212 2517 Romanus
1222 2491 1365 2522 revocarit,
1381 2488 1534 2524 respublica
1546 2488 1708 2523 implorarit,
1720 2487 1793 2514 Italia
1803 2495 1871 2514 cun-

1054 2532 1055 2537 *
1075 2533 1117 2554 eta
1136 2535 1220 2563 paene
1240 2527 1298 2554 suis
1318 2527 1438 2554 humeris
1453 2526 1604 2561 reportarit:
1628 2533 1679 2552 non
1694 2525 1868 2555 committam,

1054 2574 1055 2586 π
1076 2570 1164 2599 patres
1173 2565 1326 2600 conscripti,
1339 2569 1471 2599 ut,quum
1483 2563 1586 2590 eamihi
1598 2563 1653 2589 sint
1662 2562 1870 2596 restituta,quae

1054 2591 1056 2615 l
1075 2603 1102 2629 in
1117 2606 1246 2637 potestate
1261 2610 1319 2628 mea
1335 2609 1387 2628 non
1403 2600 1523 2631 fuerunt,
1545 2609 1575 2626 ea
1590 2608 1643 2626 non
1663 2599 1788 2630 habeam,
1800 2607 1870 2634 quae.

1053 2631 1055 2647 ¹
1075 2640 1134 2674 ipse
1154 2643 1288 2674 praestare
1307 2639 1422 2674 possim,
1441 2638 1596 2672 praesertim
1611 2644 1698 2672 quum
1713 2635 1759 2662 illa
1770 2636 1868 2662 amissa

233 2675 336 2701 Mecum
349 2674 429 2711 leges,
443 2684 547 2702 mecum
560 2677 738 2711 quaestiones,
753 2685 857 2703 mecum
869 2685 927 2703 lura
939 2678 1025 2713 mag-i-
1046 2677 1056 2703 11
1075 2675 1263 2711 recuperarim,
1276 2676 1403 2702 virtutem
1413 2680 1439 2702 et
1450 2674 1529 2701 fidem
1541 2681 1690 2709 numquam
1699 2673 1847 2699 amiserim.

942 2726 1163 2740 —-=w<-0=>—-
