1941 3052
201 148 248 172 ‘210
774 145 812 169 15.
848 143 882 168 Μ.
917 143 946 168 Τ.

201 218 342 242 bonitatem
367 221 444 250 atque
469 215 634 250 prudentium
658 215 783 246 cognovi.
805 222 855 239 non
875 213 989 239 multum

202 263 243 279 tue
258 253 332 283 fallit,
350 254 370 279 si
385 253 570 280 cumunlmuini,
587 251 651 286 quid
667 252 725 276 sitia
741 251 906 284 responsuri:
936 250 991 283 pri·
1012 254 1013 270 1

201 299 284 320 mum,
308 295 472 324 exspectare:
495 289 598 317 ‹lt-iude,
624 290 645 313 si
667 288 766 313 latitare
785 296 814 311 ac
831 287 934 312 diutius
950 286 990 312 lu·
1012 283 1013 292 ’

200 328 306 354 (liticare
331 327 457 356 videatur,
478 327 575 351 annii-ns
593 326 745 350 convenire:
774 332 908 358 quaerere,
929 324 991 358 quin

202 369 352 399 procurator
366 365 412 389 sit:
440 363 547 388 domum
563 362 727 387 denuntiare.

200 411 279 436 qunni
305 402 385 427 iutilta
408 401 468 429 sint,
489 408 557 434 quat·
577 399 756 433 respondeatis
771 403 829 424 ante
845 399 899 424 fieri
914 407 991 432 opor-

203 444 263 468 tere,
292 447 371 472 qutun
395 438 426 462 ad
451 438 516 462 lianc
541 437 666 461 rationem
691 440 834 461 extremam
861 434 991 471 [neccssa-

199 475 275 511 riatu]
300 475 432 501 ‹lt-venire.
474 475 514 498 533.
540 473 609 504 Quid
628 472 660 498 nd
679 473 742 498 haec
762 472 896 498 Naevius-5*
916 472 991 498 llidct

200 513 300 538 scilicet
323 516 436 537 nostram
456 511 608 540 amentiam,
627 510 673 544 qui
694 510 719 536 in
735 510 787 535 vita
801 518 849 535 sua
864 510 990 535 rationem

200 550 298 575 summi
322 548 401 573 oflicii
425 547 608 573 desideremus
626 552 651 573 et
670 547 787 573 instituta
807 547 935 572 bonorum
953 547 992 572 vi—

201 632 240 648 ma
265 622 436 648 sanctimonia
455 631 483 647 ac
500 621 655 657 diligentia‘?
681 621 808 651 Viderint.
830 621 926 655 inquit,
943 621 991 646 ista

199 660 284 685 officia
305 660 352 685 viri
374 659 448 685 lioni:
471 659 503 685 de
518 667 559 684 me
574 663 661 685 aulem
677 659 710 684 ita
725 658 905 684 considerent:
929 666 989 688 non,

199 697 264 731 quid
281 697 399 726 habeam,
413 696 458 722 sed
473 697 574 731 quibus
589 696 668 722 rebus
680 696 836 727 invenerim,
849 700 989 730 quaerant;
1014 711 1015 718 η

199 739 224 760 et
247 733 473 768 quemadmodum
498 738 574 759 natus
592 738 617 760 ct
630 742 684 768 quo
702 738 777 768 pacto
790 733 918 758 educatus
929 733 989 762 sim,

200 772 319 797 memini.

200 813 255 839 tem,
282 817 358 842 quam
377 810 593 842 patremfamilias
607 810 663 841 lieri
679 817 758 841 posse.
797 809 838 833 5ss.
855 808 922 832 llaec
936 806 990 836 ille,

199 846 221 871 si
241 846 330 872 verbis
349 854 399 872 non
415 845 502 876 audet,
519 854 546 871 re
559 845 669 880 quidem
686 854 745 870 vera
760 844 846 879 palam
864 844 990 879 loquitur.

199 883 303 909 Etenim
328 883 350 909 si
374 883 433 909 vult
454 883 571 909 virorum
595 883 723 908 bonorum
748 882 869 908 instituto
892 882 990 911 vivere,

199 920 283 947 multa
297 924 398 955 oportet
411 920 495 946 discat
508 925 587 955 atque
601 919 732 946 dediscat:
765 927 880 954 (piorum
896 919 934 945 illi
949 927 993 944 ae·
1014 938 1015 943 .

200 958 245 984 tati
270 962 415 992 utrumque
437 957 547 983 difficile
570 961 619 983 cst.
659 957 750 983 xvnt.
780 957 836 982 Non
859 955 990 986 dubitavi,

199 995 296 1029 inquit,
312 1003 396 1030 quum
412 994 594 1021 vadimonium
608 994 743 1020 desertum
758 998 836 1024 esset,
853 994 920 1019 bona
932 1002 993 1028 pro-

199 1032 324 1058 scribere.
359 1032 493 1067 lmprobe:
516 1041 619 1063 verum,
635 1032 761 1066 quoniam
776 1036 802 1057 tu
818 1031 845 1057 id
860 1031 906 1056 tibi
922 1039 994 1056 arro-

194 1077 247 1105 gas
261 1074 287 1096 et
299 1069 406 1096 concedi
422 1069 548 1104 postulas,
565 1068 750 1095 concedamus.
778 1067 867 1100 Quid‘?
880 1068 902 1094 si
914 1076 993 1094 num-

199 1115 279 1141 quam
306 1106 442 1133 deseruit?
467 1107 489 1133 si
508 1107 557 1132 ista
576 1115 669 1133 caussa
688 1106 735 1132 abs
754 1110 778 1132 te
792 1110 842 1131 tota
858 1114 904 1140 pei·
917 1114 993 1130 sum-
1014 1115 1015 1132 ι

200 1153 269 1171 mam
295 1144 414 1171 fraudem
433 1148 458 1170 et
476 1144 603 1170 malitiam
619 1144 676 1169 ficta
691 1142 747 1169 est‘?
772 1143 794 1169 si
810 1143 992 1169 vadimonium
1014 1150 1015 1156 ¹

199 1183 307 1208 omnino
326 1182 373 1208 tibi
387 1190 448 1207 cum
463 1182 490 1207 P.
504 1181 613 1213 Quintio
626 1180 731 1207 nullum
747 1179 815 1206 suit‘?
839 1184 931 1215 quote
946 1188 993 1206 no-

200 1220 271 1245 mine
285 1218 470 1254 appellemus‘.>
489 1217 662 1253 Improbum‘.>
680 1218 713 1244 At
727 1218 805 1244 etiam
819 1218 843 1243 si
857 1217 992 1243 desertum

200 1256 382 1282 vadimonium
398 1260 476 1287 esset,
496 1260 583 1282 tamen
597 1256 624 1282 in
639 1256 688 1281 ista
703 1254 880 1290 postulatione
893 1259 918 1281 et
932 1262 993 1288 pro-

200 1294 342 1328 scriptione
353 1293 481 1319 bonorum
496 1292 714 1328 improbissimus
725 1292 899 1327 reperiebare.
922 1292 991 1317 Num

200 1330 382 1357 malitiosum?
402 1339 453 1356 non
465 1338 554 1365 negas.
581 1328 810 1356 Fraudulentum?
829 1330 881 1355 iam
894 1329 920 1355 id
931 1329 993 1364 qui-

200 1368 260 1394 :iem
282 1376 387 1403 arrogas
411 1368 459 1394 tibi
482 1372 507 1393 et
530 1367 693 1402 praeclarum
713 1371 800 1401 putas.
840 1365 994 1392 Audacem?

200 1404 348 1440 cupidum?
376 1403 567 1439 perfidiosum‘.>
599 1404 722 1439 Vulgaria
741 1408 766 1430 et
784 1403 900 1429 obsoleta
914 1407 991 1435 sunt,
1014 1402 1023 1431 ἶ1

200 1451 241 1468 res
264 1446 352 1468 autem
375 1450 442 1468 nova
460 1446 538 1477 atque
556 1441 682 1467 inaudita.
716 1441 757 1467 57.
777 1440 848 1473 Quid
861 1449 924 1476 ergo
937 1439 994 1466 est‘?

199 1480 295 1505 Vereor
318 1479 482 1510 mehercule,
507 1487 539 1505 ne
562 1483 607 1504 aut
629 1478 797 1514 gravioribus
816 1482 875 1504 utar
892 1478 990 1509 verbis¹
1014 1503 1016 1512 ,

199 1525 280 1551 quam
296 1521 388 1542 natura
403 1516 460 1546 fert.
477 1521 521 1542 aut
537 1515 690 1546 levioribus,
704 1524 784 1550 quam
795 1523 888 1541 caussa
900 1520 994 1550 postu-
1014 1542 1016 1550 ,

788 1552 927 1584 Quaesivit
940 1561 954 1578 a
968 1556 993 1578 te
1014 1556 1017 1583 ξ

200 1553 244 1580 lat.
278 1554 324 1580 Ais
338 1562 397 1580 esse
411 1553 593 1580 vadimonium
608 1553 754 1579 desertum.

199 1591 298 1621 statim,
319 1596 349 1617 ut
365 1591 476 1617 Romam
494 1590 580 1621 rediit,
597 1589 732 1622 Quintius,
749 1598 802 1624 quo
816 1589 859 1616 die
873 1590 994 1616 vadimo-

199 1629 274 1654 nium
288 1629 357 1654 istuc
370 1627 469 1654 factum
483 1636 542 1654 esse
556 1627 666 1653 diceres.
708 1627 876 1661 Respondisti
888 1628 990 1653 statim:

199 1665 281 1692 Nonis
298 1665 374 1691 Febr.
399 1665 543 1691 Discedens
556 1665 584 1691 in
598 1664 753 1690 memoriam
767 1664 846 1690 rediit
856 1663 990 1696 Quintius,

199 1711 253 1737 quo
266 1702 309 1728 die
322 1702 405 1728 Roma
418 1703 446 1728 in
461 1701 574 1729 Galliam
585 1701 718 1736 profectus
729 1701 777 1726 sit:
799 1701 831 1727 ad
843 1701 994 1735 ephemeri-

199 1739 259 1765 dem
283 1740 424 1765 revertitur
435 1749 440 1765 z
462 1739 599 1765 invenitur
619 1738 676 1764 dies
702 1737 885 1772 profectionis,
912 1737 991 1774 [prid.

200 1776 258 1802 Kal.
284 1775 359 1812 Feb]
396 1777 478 1802 Nonis
497 1776 560 1802 Feb.
577 1776 599 1801 si
614 1776 710 1801 Romae
725 1775 784 1806 fuit,
800 1783 911 1801 caussae
925 1775 992 1801 nihil
1015 1795 1016 1802 1

200 1813 324 1844 dicimus,
340 1814 406 1848 quin
421 1813 469 1840 tibi
480 1813 662 1839 vadimonium
677 1813 836 1847 promiserit.
852 1814 893 1839 58.
905 1811 994 1845 Quid?
1015 1824 1016 1831 1

201 1851 249 1877 hoc
262 1851 376 1877 inveniri
391 1851 438 1885 qui
452 1849 555 1885 potest‘?
575 1849 709 1876 Profectus
723 1854 763 1876 est
778 1858 830 1876 una
843 1849 873 1876 L.
885 1849 990 1880 Albius,

200 1887 280 1914 homo
292 1896 354 1914 cum
369 1888 462 1922 primis
476 1887 614 1914 honestus.
635 1887 708 1913 Dicet
722 1887 914 1913 testimonium.
930 1887 994 1913 Pro-

200 1925 284 1951 secuti
310 1929 373 1951 sunt
392 1924 535 1951 familiares
553 1929 579 1951 et
596 1923 706 1951 Albium
719 1928 745 1950 et
758 1923 908 1956 Quintium.
948 1924 994 1950 Di-

199 1966 259 1988 cent
282 1962 309 1988 hi
332 1970 440 1997 quoque
462 1961 655 1988 testimonium.
696 1961 808 1987 Litterae
829 1961 859 1987 P.
878 1960 990 1993 Quintii,

200 2004 280 2026 testes
295 2004 339 2030 tot,
359 1999 460 2034 quibus
474 1999 599 2025 omnibus
613 2007 707 2024 caussa
721 1998 868 2024 iustissima
881 2003 930 2029 est,
945 2007 994 2024 cur

199 2037 268 2063 scire
287 2037 429 2071 potuerint,
450 2036 531 2067 nulla,
552 2044 600 2062 cur
622 2036 792 2067 mentiantur,
813 2044 875 2062 cum
890 2037 994 2070 astipu-

201 2074 281 2100 latore
305 2078 350 2100 tuo
367 2072 609 2108 comparabuntur?
641 2074 682 2099 59.
702 2073 735 2099 Et
753 2073 780 2099 in
799 2072 847 2099 hac
861 2072 992 2099 eiusmodi
1015 2097 1016 2102 ,

200 2119 293 2137 caussa
308 2112 336 2137 P.
351 2110 477 2143 Quintius
491 2109 638 2137 laborabit?
657 2114 682 2136 et
695 2109 797 2136 diutius
811 2110 839 2136 in
853 2114 924 2136 tanto
938 2118 994 2136 me-
1015 2108 1017 2116 '

200 2153 229 2175 tu
252 2149 334 2174 miset·
360 2147 532 2183 periculoque
558 2146 726 2174 versabitur?
757 2151 782 2173 et
807 2147 993 2173 vehementius

200 2194 262 2212 eum
280 2186 363 2221 gratia
379 2185 523 2211 adversarii
542 2185 705 2219 perterrebit,
721 2193 802 2219 quam
817 2184 882 2210 fides
895 2184 993 2210 iudicis

200 2222 398 2249 consolabitur?
418 2223 490 2248 Vixit
513 2223 584 2248 enim
607 2230 713 2256 semper
727 2221 825 2247 inculte
839 2225 918 2256 atque
932 2222 994 2248 hor-

200 2260 270 2292 ride3
293 2264 386 2286 natura
409 2260 477 2286 tristi
500 2268 530 2285 ac
552 2259 685 2285 recondita
708 2258 771 2285 fuit:
794 2267 846 2285 non
869 2258 902 2284 ad
924 2258 994 2285 sola-

201 2298 279 2327 rium,
296 2305 348 2323 non
362 2297 389 2323 in
403 2305 505 2331 campo,
521 2305 573 2323 non
587 2297 615 2322 in
628 2296 759 2323 conviviis
770 2301 892 2322 versatus
901 2300 953 2322 est:
966 2296 994 2322 id

200 2334 263 2369 egit,
289 2338 319 2360 ut
335 2335 434 2360 amicos
452 2334 628 2364 observantia,
648 2341 704 2359 rem
722 2333 883 2367 parsimonia
896 2334 995 2359 retine-

202 2376 248 2397 ret.
294 2371 439 2406 Antiquam
457 2370 537 2397 officii
552 2371 679 2397 rationem
692 2370 795 2402 dilexit,
811 2371 889 2397 cuius
903 2370 994 2404 splen-

201 2407 248 2434 dor
269 2409 356 2434 omnis
380 2409 422 2434 his
441 2408 560 2434 moribus
578 2407 718 2434 obsolevit.
758 2407 800 2439 At,
820 2408 843 2434 si
858 2408 885 2434 in
899 2416 993 2434 caussa

202 2446 256 2479 pari
283 2445 419 2471 discedere
442 2445 551 2471 inferior
573 2445 716 2476 videretur.
742 2449 831 2471 tamen
853 2449 924 2471 esset
941 2453 994 2471 non

202 2482 369 2508 mediocriter
389 2482 620 2517 conquerendum:
652 2490 724 2508 nunc
746 2482 773 2508 in
795 2490 890 2508 caussa
913 2490 995 2516 supe-

202 2519 268 2544 riore
291 2527 322 2544 ne
340 2524 369 2545 ut
387 2528 434 2553 par
447 2519 557 2554 quidem
572 2520 607 2545 sit
619 2519 747 2554 postulat,
770 2518 922 2545 inferiorem
935 2527 994 2545 esse

201 2563 229 2581 se
253 2556 358 2589 patitur,
384 2556 522 2582 dumtaxat
539 2565 626 2591 usque
644 2564 682 2586 eo,
704 2564 736 2582 ne
753 2564 815 2582 cum
833 2555 910 2582 bonis
925 2555 994 2582 fama

202 2591 369 2626 fortunisque
393 2593 518 2619 omnibus
536 2593 597 2619 Sex.
617 2594 710 2619 Naevii
723 2593 864 2628 cupiditati
877 2592 995 2628 crudeli—

202 2629 302 2663 tatique
315 2629 435 2655 dedatur.

257 2665 330 2692 xlx.
355 2668 395 2692 60.
423 2667 518 2697 Docui,
542 2666 615 2701 quod
632 2667 750 2701 primum
768 2665 903 2701 pollicitus
921 2674 992 2697 sum,

769 362 822 387 Dici
840 362 882 387 vix
896 365 988 395 potest,
1012 377 1013 385 ἶ

1020 544 1021 554 ¹
1042 546 1162 581 quidem.

201 595 287 612 rorum
305 585 480 619 requiramus.
503 584 573 616 Quid
588 584 662 614 mihi.
676 585 771 619 inquit,
783 592 844 610 cum
857 584 905 609 ista
917 592 992 609 sunt·
1012 587 1021 606 ῑ

1013 632 1021 642 2
1042 620 1181 652 Quintium
1200 621 1307 647 defendi
1322 626 1366 647 aut
1379 620 1531 655 quomodo?
1550 621 1626 651 Tum.
1643 630 1728 656 quum
1742 627 1835 657 postu-

1021 1211 1022 1214 *
1043 1184 1147 1205 curator
1166 1184 1252 1215 negat.

1021 1217 1022 1222 ¹
1044 1217 1174 1251 sequitur.

1014 1249 1022 1283 ,³
1044 1253 1116 1279 aliud
1131 1255 1165 1280 sit
1178 1253 1314 1280 absentem
1327 1253 1444 1284 defendi,
1460 1262 1509 1289 ego
1524 1262 1574 1279 non
1589 1253 1718 1289 intelligo.
1747 1255 1788 1280 62.
1803 1255 1837 1281 At

1021 1307 1023 1326 1
1044 1292 1106 1325 quis
1127 1296 1182 1317 erat
1200 1290 1371 1326 procurator?
1394 1290 1478 1317 Credo
1491 1290 1607 1325 aliquem
1622 1291 1736 1316 eiectum
1750 1291 1837 1318 homi-

1022 1335 1023 1338 ’
1045 1337 1118 1359 nem,
1143 1333 1278 1363 egentem,
1304 1328 1464 1363 litigiosum,
1490 1327 1657 1362 improbum.
1676 1328 1724 1362 qui
1747 1333 1837 1363 posset

1022 1368 1150 1392 'scurrae
1180 1366 1272 1392 divitis
1301 1365 1488 1400 quotidianum
1517 1365 1668 1391 convicium
1694 1365 1835 1392 sustinere.

981 141 1255 168 CICERONIS

1017 215 1020 220 ’
1041 213 1070 238 C.
1095 211 1205 247 Aquini.
1225 220 1347 238 caussam
1361 214 1477 242 omnino.
1493 221 1540 239 cur
1554 213 1707 247 postularet.
1723 223 1774 240 non
1790 214 1831 241 fu-

1043 251 1107 275 iss-2:
1129 249 1201 283 quod
1221 258 1307 283 neque
1323 251 1433 283 pecunia
1447 250 1606 276 debebatur:
1630 255 1664 281 et,
1680 251 1702 277 si
1717 253 1832 278 maxime

1041 286 1189 315 deberetur,
1215 288 1389 313 comminuam
1412 287 1478 313 nihil
1501 292 1583 317 esset,
1604 296 1686 322 quare
1703 288 1735 314 ad
1756 290 1831 315 istam

1043 324 1168 349 rationem
1196 325 1387 357 perveniretur.
1440 325 1550 350 Attende
1577 334 1661 354 nunc,
1689 334 1721 352 ex
1748 326 1834 353 edicto

1043 361 1168 394 praetoris
1195 360 1261 386 bona
1287 361 1314 386 Ρ.
1333 361 1434 392 Quintil
1454 361 1582 396 possideri
1603 362 1678 388 nullo
1695 362 1774 388 modo
1787 372 1833 397 po-

1043 398 1135 423 tuisse.
1171 398 1258 424 Recita
1272 398 1403 424 edictum:
1441 407 1489 428 oct
1511 407 1728 425 mannitionis
1748 409 1833 426 eivs-

1043 444 1072 460 ,η
1097 444 1261 461 inruunt.
1303 435 1359 461 Non
1382 440 1422 461 est
1443 436 1466 461 is
1487 435 1626 467 Quintius:
1653 437 1705 462 nisi
1728 438 1751 462 si
1776 436 1834 463 lati-

1020 486 1021 489 =
1044 476 1105 501 tant,
1130 472 1177 506 qui
1201 471 1233 498 ad
1258 473 1396 507 negotium
1423 481 1517 503 suum,
1542 472 1632 499 relicto
1656 479 1831 508 procuratore.

1296 518 1344 535 cci
1368 518 1462 536 irenes
1484 519 1537 536 nos
1560 518 1709 537 nnn-tr.
1750 512 1788 537 Ne
1811 511 1834 537 is

1203 555 1251 576 oct
1283 555 1391 572 usim
1421 556 1530 573 causan
1556 556 1647 573 ευιυι
1674 556 1833 574 ventur.

1042 585 1100 615 Quo
1125 589 1240 618 tempore
1258 584 1395 610 existimas
1413 585 1570 618 oportuisse.
1592 585 1682 615 Naevi.
1698 585 1833 611 absentem

1044 510 1258 543 proficiscuntur.

1045 657 1125 689 latias,
1151 663 1180 684 ut
1202 659 1269 684 bona
1289 658 1457 693 possideres?
1488 659 1570 684 Nemo
1593 658 1688 685 adfuit.
1742 659 1834 694 Neque

1043 696 1114 721 enim
1137 696 1281 730 quisquam
1304 695 1423 721 divinare
1446 700 1559 730 poterat,
1580 700 1604 721 te
1622 695 1832 730 postulaturum:

1014 737 1021 770 ἒξ
1044 740 1131 767 neque
1151 741 1314 767 quemquam
1334 733 1460 759 attinebat
1478 733 1504 759 id
1522 741 1653 763 recusare,
1673 734 1745 768 quod
1759 742 1835 768 prae-

360 771 441 797 Vetus
464 775 516 796 cst:
547 772 582 797 De
603 779 696 796 scurra
714 772 792 796 multo
808 772 993 803 sacifiusdt't·i-
1013 767 1015 785 ἶ

1044 773 1090 800 tor,
1116 778 1166 796 non
1190 770 1256 800 fieri,
1276 769 1322 796 sed
1341 779 1374 796 ex
1391 770 1477 796 edicto
1494 779 1544 796 suo
1562 771 1618 796 fieri
1633 771 1751 797 iubebat.
1792 772 1833 797 6⁴.

1043 806 1094 839 Qui
1116 806 1189 833 locus
1203 808 1285 842 igitur
1299 807 1416 833 absentis
1429 807 1589 833 defendendi
1605 809 1765 842 procuratori
1780 809 1834 842 pri-

1014 860 1021 875 „
1044 853 1104 870 mus
1127 844 1204 870 datus
1223 843 1281 870 cst‘?
1311 844 1401 876 Quum
1420 844 1620 879 proscribcbas‘!
1652 845 1721 880 Ergo
1735 843 1833 871 adsuit.-

1045 890 1094 907 non
1110 890 1206 915 passus
1220 886 1273 908 est:
1297 881 1400 907 libellos
1414 882 1510 907 deiecit
1523 882 1586 908 Sex.
1601 881 1750 917 alphenus.
1783 881 1833 914 Qui

1045 919 1148 953 primus
1170 923 1224 944 erat
1246 918 1326 945 officii
1350 918 1458 953 gradus,
1486 924 1608 945 servatus
1625 924 1665 945 est
1678 928 1691 945 a
1711 928 1833 954 procura-

1044 960 1098 981 tore
1116 964 1221 981 summa
1239 964 1300 982 cum
1315 955 1461 991 diligentia.
1488 956 1641 986 Videamus.
1657 965 1726 991 quae
1739 956 1835 983 deinde

1043 993 1097 1018 sint
1118 998 1269 1019 consecuta.
1318 993 1457 1019 Hominem
1480 993 1509 1019 P.
1534 993 1636 1025 Quintii
1658 993 1836 1028 deprehendis

1044 1030 1070 1056 in
1086 1030 1208 1064 publico:
1223 1031 1326 1056 conaris
1341 1030 1480 1056 abducere.
1497 1030 1553 1056 Non
1568 1031 1667 1064 patitur
1679 1030 1833 1065 Alpheum:

1045 1068 1070 1093 vi
1090 1067 1137 1093 tibi
1157 1067 1263 1094 adimit:
1285 1072 1367 1098 curat,
1384 1072 1413 1093 ut
1427 1067 1535 1094 domum
1551 1067 1692 1094 reducatur
1705 1068 1738 1094 ad
1751 1067 1836 1100 Quin-

1044 1105 1121 1130 tium.
1162 1105 1208 1131 {tic
1226 1114 1334 1140 quoque
1352 1113 1457 1131 summe
1470 1109 1571 1131 constat
1585 1106 1760 1140 procuratoris
1773 1105 1837 1132 dili-

1043 1142 1130 1177 gentis
1152 1142 1280 1168 officium.
1320 1142 1420 1168 Debere
1442 1142 1490 1168 tibi
1509 1141 1576 1168 dicis
1593 1142 1747 1174 Quintium:
1775 1151 1836 1177 pro-

1293 1179 1388 1207 vadari
1407 1179 1461 1205 vis:
1484 1180 1621 1214 promittit.
1643 1180 1671 1206 ln
1685 1180 1728 1205 ius
1742 1188 1834 1206 vocas:

1215 1216 1348 1243 Iudicium
1369 1216 1502 1251 postulas:
1534 1225 1586 1243 non
1612 1221 1725 1243 recusat.
1765 1216 1835 1249 Quid

1045 1402 1116 1428 Nihil
1141 1404 1240 1429 minus.
1280 1402 1369 1437 Eques
1387 1402 1522 1428 Romanus
1536 1401 1664 1436 locuples.
1681 1402 1724 1428 sui
1738 1403 1836 1438 negotii

1046 1440 1112 1466 bene
1131 1448 1240 1475 gerens:
1275 1439 1391 1474 denique
1405 1440 1437 1470 is,
1453 1447 1543 1474 quem,
1559 1439 1664 1474 quoties
1678 1439 1796 1466 Naevius
1808 1440 1838 1466 in

1045 1477 1159 1503 Galliam
1178 1476 1312 1512 profectus
1329 1481 1377 1507 est,
1398 1481 1593 1511 procuratorem
1606 1476 1704 1503 Romae
1718 1476 1836 1512 reliquit.

1044 1514 1106 1540 XX.
1127 1514 1158 1540 Et
1176 1514 1268 1545 audes,
1289 1513 1350 1540 Sex.
1371 1514 1462 1544 Naevi,
1487 1522 1582 1549 negare
1596 1513 1731 1540 absentem
1744 1513 1838 1541 defen-

1044 1560 1105 1578 sum
1119 1560 1178 1577 esse
1191 1551 1340 1583 Quintium,
1356 1559 1441 1585 quum
1455 1559 1517 1576 eum
1531 1549 1680 1577 defenderit
1692 1550 1773 1581 idem,
1788 1551 1837 1586 qui

1045 1594 1069 1615 te
1083 1588 1202 1615 solebat?
1220 1593 1253 1619 et,
1269 1597 1354 1623 quum
1369 1589 1392 1614 is
1405 1587 1536 1614 iudicium
1549 1588 1679 1622 acceperit
1692 1596 1740 1622 pro
1752 1587 1838 1620 Quin-

1045 1627 1089 1657 tio,
1114 1626 1158 1652 cui
1182 1630 1210 1652 tu
1229 1630 1254 1651 et
1272 1634 1326 1651 rem
1341 1629 1367 1651 et
1380 1624 1477 1651 famam
1492 1629 1564 1650 tuam
1577 1624 1762 1652 commendare
1776 1633 1838 1660 pro-

1045 1663 1166 1689 ficiscens
1187 1667 1212 1689 et
1233 1661 1388 1689 concredere
1411 1661 1524 1692 solebas,
1548 1662 1652 1688 conaris
1670 1661 1720 1688 hoc
1737 1661 1835 1694 dicere,

1045 1701 1179 1727 neminem
1202 1700 1349 1730 exstitisse,
1369 1699 1416 1734 qui
1435 1698 1575 1731 Quintium
1593 1698 1693 1725 iudicio
1710 1698 1838 1726 defende—

1045 1737 1102 1764 ret‘?
1133 1739 1174 1763 63.
1198 1736 1378 1767 Postulabam,
1403 1736 1503 1771 inquit,
1525 1740 1555 1762 ut
1571 1735 1754 1762 satisdaretur.
1794 1737 1838 1763 In-

1045 1775 1113 1801 iuria
1126 1774 1290 1810 postulabas.
1313 1772 1514 1800 ltaiubebare':
1539 1773 1836 1808 recusabatAlphenus.

1045 1813 1096 1839 Ita:
1118 1820 1211 1838 verum
1235 1816 1338 1846 praetor
1360 1810 1531 1837 decernebat:
1565 1810 1666 1836 tribuni
1690 1811 1774 1846 igitur
1789 1819 1838 1845 ap—

1045 1849 1222 1884 pellabantur.
1263 1849 1310 1874 Hic
1335 1853 1373 1878 te,
1390 1848 1487 1882 inquit,
1508 1852 1592 1873 teneo.
1631 1847 1689 1874 Non
1707 1851 1748 1874 est
1764 1847 1838 1874 istud

1045 1886 1176 1912 iudicium
1195 1886 1258 1920 pati,
1278 1893 1365 1920 neque
1383 1885 1483 1911 iudicio
1495 1883 1646 1915 defendere,
1661 1893 1747 1919 quum
1760 1885 1839 1911 auxi-

1045 1923 1112 1950 lium
1130 1932 1145 1949 a
1159 1923 1274 1950 tribunis
1288 1927 1371 1957 petas.
1418 1922 1471 1948 Hoc
1485 1929 1542 1957 ego,
1559 1929 1644 1956 quum
1657 1921 1773 1953 attendo,
1783 1930 1838 1957 qua

1044 1960 1185 1995 prudentia
1207 1961 1243 1986 sit
1267 1959 1437 1990 Hortensius,
1461 1958 1596 1985 dicturum
1619 1966 1678 1985 esse
1699 1967 1762 1985 eum
1785 1967 1838 1986 non

1045 1998 1165 2024 arbitror.
1205 1996 1295 2030 Quum
1313 2001 1403 2022 autem
1421 2000 1496 2022 antea
1513 1995 1615 2022 dixisse
1628 1995 1708 2022 audio
1721 2000 1747 2023 et
1759 2004 1838 2023 caus-

1044 2043 1101 2061 sam
1126 2035 1212 2069 ipsam
1230 2033 1377 2064 considero,
1398 2032 1464 2068 quid
1481 2032 1556 2059 aliud
1572 2033 1660 2059 dicere
1676 2033 1769 2068 possit,
1785 2042 1838 2061 non

1044 2072 1156 2107 reperio.
1197 2071 1304 2098 Fatetur
1316 2071 1398 2102 enim,
1414 2069 1519 2097 libellos
1531 2069 1685 2105 Alphenum
1697 2070 1836 2103 deiecisse,

1045 2109 1228 2135 vadimonium
1247 2109 1413 2144 promisisse,
1432 2107 1565 2134 iudicium
1582 2107 1649 2142 quin
1666 2108 1798 2143 acciperet
1809 2109 1838 2135 in

1045 2155 1074 2172 ea
1097 2146 1155 2181 ipsa
1174 2146 1264 2177 verba,
1284 2154 1353 2181 quae
1366 2145 1484 2171 Naevius
1497 2144 1600 2176 edebat,
1619 2153 1672 2171 non
1685 2153 1836 2178 recusasse,

1045 2182 1127 2210 *¹“ita
1150 2188 1238 2210 tamen
1256 2191 1328 2209 more
1350 2186 1376 2209 et
1401 2182 1524 2209 instituto
1545 2190 1593 2217 per
1613 2190 1676 2208 eum
1698 2183 1839 2218 magistra-

1047 2225 1114 2251 tum,
1129 2221 1177 2255 qui
1191 2219 1286 2246 auxilii
1299 2228 1394 2246 caussa
1406 2219 1567 2246 constitutus
1580 2223 1630 2245 est.
1649 2219 1691 2245 64.
1707 2219 1761 2246 Aut
1773 2219 1839 2247 haec

1046 2257 1113 2284 facta
1127 2266 1179 2284 non
1193 2258 1247 2284 sint
1260 2265 1369 2283 necesse
1382 2261 1434 2288 est,
1450 2261 1496 2282 aut
1509 2256 1538 2283 C.
1552 2255 1698 2291 Aquillius,
1711 2255 1772 2283 talis
1785 2257 1836 2288 vir,

1044 2295 1148 2321 iuratus
1172 2295 1221 2321 boc
1237 2295 1281 2321 ius
1297 2295 1326 2320 in
1343 2293 1451 2321 civitate
1467 2294 1623 2320 constituat:
1648 2293 1728 2320 cuius
1741 2302 1839 2329 procu-

1044 2337 1114 2358 rator
1138 2339 1190 2358 non
1212 2332 1341 2358 recusarit
1363 2331 1453 2358 omnia
1469 2329 1578 2361 iudicia,
1597 2338 1666 2364 quae
1679 2331 1797 2366 quisque
1809 2331 1838 2358 in

1044 2369 1125 2395 verba
1151 2368 1305 2404 postularit3
1339 2369 1418 2394 cuius
1440 2371 1593 2402 procurator
1613 2375 1628 2393 a
1650 2371 1769 2401 praetore
1790 2368 1839 2394 tri-

1044 2406 1132 2433 bunos
1158 2405 1292 2440 appellare
1313 2414 1396 2432 ausus
1413 2405 1462 2431 sit:
1488 2412 1552 2430 eum
1571 2412 1624 2430 non
1640 2403 1758 2436 defendi,
1778 2405 1838 2432 eius

1044 2443 1113 2470 bona
1130 2448 1200 2469 recte
1214 2442 1345 2478 possideri
1359 2450 1450 2477 posse.
1465 2442 1491 2467 ei
1507 2441 1613 2472 misero,
1629 2441 1741 2473 absenti,
1760 2442 1839 2477 igna-

1044 2489 1082 2512 ro,
1110 2480 1199 2507 omnia
1221 2480 1388 2506 fortunarum
1409 2486 1532 2509 suarum,
1555 2478 1645 2504 omnia
1668 2479 1738 2505 vitae
1759 2487 1838 2505 orna-

1045 2522 1133 2544 menta
1155 2525 1202 2552 per
1214 2525 1352 2543 summum
1374 2515 1491 2542 dedecus
1513 2520 1540 2541 et
1561 2515 1734 2551 ignominiam
1750 2515 1838 2550 deripi

1044 2555 1195 2581 convenire.
1225 2555 1268 2580 65.
1282 2553 1359 2586 Quod
1376 2553 1399 2579 si
1413 2552 1519 2587 probari
1533 2552 1633 2578 nemini
1647 2556 1746 2587 potest:
1767 2552 1838 2579 illud

1044 2596 1114 2618 certe
1127 2591 1232 2626 probari
1245 2591 1371 2618 omnibus
1385 2597 1493 2616 necesse
1506 2594 1554 2620 est,
1567 2589 1708 2616 defensum
1721 2597 1782 2616 esse
1793 2590 1837 2616 iu·-

1044 2628 1114 2654 dicio
1135 2628 1272 2654 absentem
1293 2627 1444 2659 Quintium.
1483 2626 1560 2658 Quod
1583 2635 1669 2661 quum
1687 2626 1722 2653 ita
1738 2631 1788 2658 est,
1802 2635 1838 2653 ex

1045 2665 1130 2692 edicto
1155 2665 1223 2691 bona
1249 2672 1371 2700 possessa
1397 2672 1449 2690 non
1475 2669 1548 2690 sunt.
1587 2664 1621 2690 At
1642 2664 1714 2690 enim
1734 2663 1836 2690 tribuni
