<?xml version="1.0" encoding="UTF-8"?>
<!DOCTYPE html PUBLIC "-//W3C//DTD XHTML 1.0 Transitional//EN"
    "http://www.w3.org/TR/xhtml1/DTD/xhtml1-transitional.dtd">
<html xmlns="http://www.w3.org/1999/xhtml" xml:lang="en" lang="en">
 <head>
  <title>
</title>
<meta http-equiv="Content-Type" content="text/html;charset=utf-8" />
  <meta name='ocr-system' content='tesseract 3.04.00' />
  <meta name='ocr-capabilities' content='ocr_page ocr_carea ocr_par ocr_line ocrx_word'/>
</head>
<body>
  <div class='ocr_page' id='page_1' title='image "./operaomniaunovol00ciceuoft/operaomniaunovol00ciceuoft_0821.png"; bbox 0 0 1941 3052; ppageno 0'>
   <div class='ocr_carea' id='block_1_1' title="bbox 0 998 43 3052">
    <p class='ocr_par' dir='ltr' id='par_1_1' title="bbox 0 998 43 3052">
     <span class='ocr_line' id='line_1_1' title="bbox 0 998 43 3052; baseline 0 0"><span class='ocrx_word' id='word_1_1' title='bbox 0 998 43 3052; x_wconf 95' lang='lat' dir='ltr'> </span> 
     </span>
    </p>
   </div>
   <div class='ocr_carea' id='block_1_2' title="bbox 364 102 1377 135">
    <p class='ocr_par' dir='ltr' id='par_1_2' title="bbox 364 102 1377 135">
     <span class='ocr_line' id='line_1_2' title="bbox 364 102 1377 135; baseline -0.002 -5"><span class='ocrx_word' id='word_1_2' title='bbox 364 103 691 130; x_wconf 80' lang='lat' dir='ltr'>EPISTOLARUM</span> <span class='ocrx_word' id='word_1_3' title='bbox 720 102 773 129; x_wconf 76' lang='lat' dir='ltr'>AD</span> <span class='ocrx_word' id='word_1_4' title='bbox 802 102 833 135; x_wconf 90' lang='lat' dir='ltr'>Q.</span> <span class='ocrx_word' id='word_1_5' title='bbox 866 102 1084 129; x_wconf 79' lang='lat' dir='ltr'>FRATREM</span> <span class='ocrx_word' id='word_1_6' title='bbox 1115 103 1238 129; x_wconf 84' lang='lat' dir='ltr'>LIB.1.</span> <span class='ocrx_word' id='word_1_7' title='bbox 1268 103 1330 128; x_wconf 85' lang='grc' dir='ltr'>ΕΡ.</span> <span class='ocrx_word' id='word_1_8' title='bbox 1355 105 1377 129; x_wconf 72' lang='lat' dir='ltr'>t.</span> 
     </span>
    </p>
   </div>
   <div class='ocr_carea' id='block_1_3' title="bbox 52 173 870 2633">
    <p class='ocr_par' dir='ltr' id='par_1_3' title="bbox 54 173 869 276">
     <span class='ocr_line' id='line_1_3' title="bbox 55 173 869 209; baseline -0.002 -7"><span class='ocrx_word' id='word_1_9' title='bbox 55 180 94 202; x_wconf 90' lang='lat' dir='ltr'>ter</span> <span class='ocrx_word' id='word_1_10' title='bbox 109 174 249 201; x_wconf 89' lang='lat' dir='ltr'>hominum</span> <span class='ocrx_word' id='word_1_11' title='bbox 266 182 474 209; x_wconf 84' lang='lat' dir='ltr'>perpaucorum,</span> <span class='ocrx_word' id='word_1_12' title='bbox 493 175 516 200; x_wconf 90' lang='lat' dir='ltr'>si</span> <span class='ocrx_word' id='word_1_13' title='bbox 530 174 579 209; x_wconf 89' lang='lat' dir='ltr'>qui</span> <span class='ocrx_word' id='word_1_14' title='bbox 590 178 653 200; x_wconf 93' lang='lat' dir='ltr'>sunt</span> <span class='ocrx_word' id='word_1_15' title='bbox 664 179 752 200; x_wconf 85' lang='lat' dir='ltr'>vetere</span> <span class='ocrx_word' id='word_1_16' title='bbox 765 174 848 200; x_wconf 90' lang='lat' dir='ltr'>Grae-</span> <span class='ocrx_word' id='word_1_17' title='bbox 868 173 869 176; x_wconf 74' lang='grc'>’</span> 
     </span>
     <span class='ocr_line' id='line_1_4' title="bbox 55 211 869 250; baseline -0.002 -11"><span class='ocrx_word' id='word_1_18' title='bbox 55 213 94 239; x_wconf 88' lang='lat' dir='ltr'>cia</span> <span class='ocrx_word' id='word_1_19' title='bbox 110 212 196 248; x_wconf 83' lang='lat' dir='ltr'>digni.</span> <span class='ocrx_word' id='word_1_20' title='bbox 236 211 280 238; x_wconf 86' lang='lat' dir='ltr'>Sic</span> <span class='ocrx_word' id='word_1_21' title='bbox 298 220 360 238; x_wconf 92' lang='lat' dir='ltr'>vero</span> <span class='ocrx_word' id='word_1_22' title='bbox 376 211 484 238; x_wconf 80' lang='lat' dir='ltr'>fallaces</span> <span class='ocrx_word' id='word_1_23' title='bbox 500 216 564 238; x_wconf 92' lang='lat' dir='ltr'>sunt</span> <span class='ocrx_word' id='word_1_24' title='bbox 579 211 705 246; x_wconf 86' lang='lat' dir='ltr'>permulti</span> <span class='ocrx_word' id='word_1_25' title='bbox 722 216 747 238; x_wconf 91' lang='lat' dir='ltr'>et</span> <span class='ocrx_word' id='word_1_26' title='bbox 763 211 845 242; x_wconf 89' lang='lat' dir='ltr'>leves,</span> <span class='ocrx_word' id='word_1_27' title='bbox 868 219 869 250; x_wconf 50' lang='lat' dir='ltr'>l</span> 
     </span>
     <span class='ocr_line' id='line_1_5' title="bbox 54 249 848 276; baseline -0.003 0"><span class='ocrx_word' id='word_1_28' title='bbox 54 255 80 276; x_wconf 87' lang='lat' dir='ltr'>et</span> <span class='ocrx_word' id='word_1_29' title='bbox 98 249 225 276; x_wconf 88' lang='lat' dir='ltr'>diuturna</span> <span class='ocrx_word' id='word_1_30' title='bbox 240 249 369 275; x_wconf 86' lang='lat' dir='ltr'>servitute</span> <span class='ocrx_word' id='word_1_31' title='bbox 384 249 417 275; x_wconf 87' lang='lat' dir='ltr'>ad</span> <span class='ocrx_word' id='word_1_32' title='bbox 434 249 545 275; x_wconf 85' lang='lat' dir='ltr'>nimiam</span> <span class='ocrx_word' id='word_1_33' title='bbox 562 249 769 275; x_wconf 78' lang='lat' dir='ltr'>assentationem</span> <span class='ocrx_word' id='word_1_34' title='bbox 786 257 848 274; x_wconf 91' lang='lat' dir='ltr'>eru-</span> 
     </span>
    </p>

    <p class='ocr_par' dir='ltr' id='par_1_4' title="bbox 53 286 869 396">
     <span class='ocr_line' id='line_1_6' title="bbox 54 286 869 321; baseline -0.002 -8"><span class='ocrx_word' id='word_1_35' title='bbox 54 286 117 319; x_wconf 86' lang='lat' dir='ltr'>diti;</span> <span class='ocrx_word' id='word_1_36' title='bbox 150 295 218 321; x_wconf 90' lang='lat' dir='ltr'>quos</span> <span class='ocrx_word' id='word_1_37' title='bbox 233 295 283 321; x_wconf 85' lang='lat' dir='ltr'>ego</span> <span class='ocrx_word' id='word_1_38' title='bbox 299 287 440 312; x_wconf 89' lang='lat' dir='ltr'>universos</span> <span class='ocrx_word' id='word_1_39' title='bbox 456 286 580 312; x_wconf 87' lang='lat' dir='ltr'>adhiberi</span> <span class='ocrx_word' id='word_1_40' title='bbox 597 286 756 317; x_wconf 81' lang='lat' dir='ltr'>liberaliter,</span> <span class='ocrx_word' id='word_1_41' title='bbox 778 286 848 320; x_wconf 92' lang='lat' dir='ltr'>opti-</span> <span class='ocrx_word' id='word_1_42' title='bbox 868 298 869 321; x_wconf 65' lang='lat'>3</span> 
     </span>
     <span class='ocr_line' id='line_1_7' title="bbox 55 323 869 359; baseline 0.001 -10"><span class='ocrx_word' id='word_1_43' title='bbox 55 332 130 350; x_wconf 89' lang='lat' dir='ltr'>mum</span> <span class='ocrx_word' id='word_1_44' title='bbox 150 332 287 358; x_wconf 89' lang='lat' dir='ltr'>quemque</span> <span class='ocrx_word' id='word_1_45' title='bbox 308 323 424 358; x_wconf 89' lang='lat' dir='ltr'>hospitio</span> <span class='ocrx_word' id='word_1_46' title='bbox 445 324 617 358; x_wconf 82' lang='lat' dir='ltr'>amicitiaque</span> <span class='ocrx_word' id='word_1_47' title='bbox 638 323 766 359; x_wconf 88' lang='lat' dir='ltr'>coniungi</span> <span class='ocrx_word' id='word_1_48' title='bbox 787 323 847 349; x_wconf 92' lang='lat' dir='ltr'>dico</span> <span class='ocrx_word' id='word_1_49' title='bbox 868 331 869 350; x_wconf 49' lang='lat' dir='ltr'>l</span> 
     </span>
     <span class='ocr_line' id='line_1_8' title="bbox 53 360 847 396; baseline -0.001 -9"><span class='ocrx_word' id='word_1_50' title='bbox 53 365 188 396; x_wconf 88' lang='lat' dir='ltr'>oportere:</span> <span class='ocrx_word' id='word_1_51' title='bbox 224 361 323 387; x_wconf 86' lang='lat' dir='ltr'>nimiae</span> <span class='ocrx_word' id='word_1_52' title='bbox 347 360 541 387; x_wconf 79' lang='lat' dir='ltr'>familiaritates</span> <span class='ocrx_word' id='word_1_53' title='bbox 567 369 659 387; x_wconf 92' lang='lat' dir='ltr'>eorum</span> <span class='ocrx_word' id='word_1_54' title='bbox 685 369 773 395; x_wconf 87' lang='lat' dir='ltr'>neque</span> <span class='ocrx_word' id='word_1_55' title='bbox 794 365 847 386; x_wconf 89' lang='lat' dir='ltr'>tam</span> 
     </span>
    </p>

    <p class='ocr_par' dir='ltr' id='par_1_5' title="bbox 55 397 848 433">
     <span class='ocr_line' id='line_1_9' title="bbox 55 397 848 433; baseline -0.001 -9"><span class='ocrx_word' id='word_1_56' title='bbox 55 397 148 424; x_wconf 83' lang='lat' dir='ltr'>fideles</span> <span class='ocrx_word' id='word_1_57' title='bbox 163 402 239 429; x_wconf 85' lang='lat' dir='ltr'>sunt,</span> <span class='ocrx_word' id='word_1_58' title='bbox 256 398 319 433; x_wconf 91' lang='lat' dir='ltr'>(non</span> <span class='ocrx_word' id='word_1_59' title='bbox 334 399 407 424; x_wconf 91' lang='lat' dir='ltr'>enim</span> <span class='ocrx_word' id='word_1_60' title='bbox 423 398 523 424; x_wconf 88' lang='lat' dir='ltr'>audent</span> <span class='ocrx_word' id='word_1_61' title='bbox 536 398 673 424; x_wconf 88' lang='lat' dir='ltr'>adversari</span> <span class='ocrx_word' id='word_1_62' title='bbox 688 398 785 424; x_wconf 91' lang='lat' dir='ltr'>nostris</span> <span class='ocrx_word' id='word_1_63' title='bbox 801 406 848 423; x_wconf 88' lang='lat' dir='ltr'>vo-</span> 
     </span>
    </p>

    <p class='ocr_par' dir='ltr' id='par_1_6' title="bbox 54 431 869 583">
     <span class='ocr_line' id='line_1_10' title="bbox 54 431 869 470; baseline -0.001 -9"><span class='ocrx_word' id='word_1_64' title='bbox 54 435 225 470; x_wconf 82' lang='lat' dir='ltr'>luntatibus,)</span> <span class='ocrx_word' id='word_1_65' title='bbox 241 440 266 461; x_wconf 88' lang='lat' dir='ltr'>et</span> <span class='ocrx_word' id='word_1_66' title='bbox 291 435 414 461; x_wconf 90' lang='lat' dir='ltr'>invident</span> <span class='ocrx_word' id='word_1_67' title='bbox 434 444 486 462; x_wconf 92' lang='lat' dir='ltr'>non</span> <span class='ocrx_word' id='word_1_68' title='bbox 508 436 605 461; x_wconf 84' lang='lat' dir='ltr'>nostris</span> <span class='ocrx_word' id='word_1_69' title='bbox 626 435 729 466; x_wconf 86' lang='lat' dir='ltr'>solum,</span> <span class='ocrx_word' id='word_1_70' title='bbox 753 443 847 461; x_wconf 85' lang='lat' dir='ltr'>verum</span> <span class='ocrx_word' id='word_1_71' title='bbox 868 431 869 437; x_wconf 53' lang='lat'>¹</span> 
     </span>
     <span class='ocr_line' id='line_1_11' title="bbox 55 472 869 507; baseline -0.002 -8"><span class='ocrx_word' id='word_1_72' title='bbox 55 473 208 499; x_wconf 84' lang='lat' dir='ltr'>etiamsuis.</span> <span class='ocrx_word' id='word_1_73' title='bbox 222 473 265 499; x_wconf 89' lang='lat' dir='ltr'>VI.</span> <span class='ocrx_word' id='word_1_74' title='bbox 277 472 703 507; x_wconf 71' lang='lat' dir='ltr'>47.lamquiineiusmodirebuS,</span> <span class='ocrx_word' id='word_1_75' title='bbox 713 472 848 507; x_wconf 91' lang='lat' dir='ltr'>inquibus</span> <span class='ocrx_word' id='word_1_76' title='bbox 868 473 869 482; x_wconf 69' lang='lat'>¹</span> 
     </span>
     <span class='ocr_line' id='line_1_12' title="bbox 55 509 869 541; baseline -0.002 -5"><span class='ocrx_word' id='word_1_77' title='bbox 55 519 148 536; x_wconf 87' lang='lat' dir='ltr'>vereor</span> <span class='ocrx_word' id='word_1_78' title='bbox 158 510 252 541; x_wconf 85' lang='lat' dir='ltr'>etiam,</span> <span class='ocrx_word' id='word_1_79' title='bbox 267 519 299 536; x_wconf 87' lang='lat' dir='ltr'>ne</span> <span class='ocrx_word' id='word_1_80' title='bbox 310 510 402 536; x_wconf 87' lang='lat' dir='ltr'>durior</span> <span class='ocrx_word' id='word_1_81' title='bbox 413 511 478 541; x_wconf 90' lang='lat' dir='ltr'>sim,</span> <span class='ocrx_word' id='word_1_82' title='bbox 492 515 586 536; x_wconf 88' lang='lat' dir='ltr'>cautus</span> <span class='ocrx_word' id='word_1_83' title='bbox 598 518 656 536; x_wconf 89' lang='lat' dir='ltr'>esse</span> <span class='ocrx_word' id='word_1_84' title='bbox 668 509 751 535; x_wconf 86' lang='lat' dir='ltr'>velim</span> <span class='ocrx_word' id='word_1_85' title='bbox 765 518 794 535; x_wconf 87' lang='lat' dir='ltr'>ac</span> <span class='ocrx_word' id='word_1_86' title='bbox 806 509 849 534; x_wconf 90' lang='lat' dir='ltr'>di-</span> <span class='ocrx_word' id='word_1_87' title='bbox 868 514 869 524; x_wconf 66' lang='lat'>¹</span> 
     </span>
     <span class='ocr_line' id='line_1_13' title="bbox 55 546 848 583; baseline -0.003 -10"><span class='ocrx_word' id='word_1_88' title='bbox 55 547 155 583; x_wconf 83' lang='lat' dir='ltr'>ligens,</span> <span class='ocrx_word' id='word_1_89' title='bbox 179 556 232 582; x_wconf 90' lang='lat' dir='ltr'>quo</span> <span class='ocrx_word' id='word_1_90' title='bbox 248 556 290 573; x_wconf 88' lang='lat' dir='ltr'>me</span> <span class='ocrx_word' id='word_1_91' title='bbox 306 548 395 573; x_wconf 86' lang='lat' dir='ltr'>animo</span> <span class='ocrx_word' id='word_1_92' title='bbox 413 548 438 573; x_wconf 90' lang='lat' dir='ltr'>in</span> <span class='ocrx_word' id='word_1_93' title='bbox 454 556 546 573; x_wconf 88' lang='lat' dir='ltr'>servos</span> <span class='ocrx_word' id='word_1_94' title='bbox 562 556 621 573; x_wconf 88' lang='lat' dir='ltr'>esse</span> <span class='ocrx_word' id='word_1_95' title='bbox 639 546 751 573; x_wconf 82' lang='lat' dir='ltr'>censes‘?</span> <span class='ocrx_word' id='word_1_96' title='bbox 780 554 848 581; x_wconf 91' lang='lat' dir='ltr'>quos</span> 
     </span>
    </p>

    <p class='ocr_par' dir='ltr' id='par_1_7' title="bbox 54 584 849 620">
     <span class='ocr_line' id='line_1_14' title="bbox 54 584 849 620; baseline -0.001 -10"><span class='ocrx_word' id='word_1_97' title='bbox 54 584 165 620; x_wconf 91' lang='lat' dir='ltr'>quidem</span> <span class='ocrx_word' id='word_1_98' title='bbox 177 594 262 619; x_wconf 88' lang='lat' dir='ltr'>quum</span> <span class='ocrx_word' id='word_1_99' title='bbox 273 585 400 611; x_wconf 88' lang='lat' dir='ltr'>omnibus</span> <span class='ocrx_word' id='word_1_100' title='bbox 413 584 440 610; x_wconf 88' lang='lat' dir='ltr'>in</span> <span class='ocrx_word' id='word_1_101' title='bbox 452 584 525 615; x_wconf 84' lang='lat' dir='ltr'>locis,</span> <span class='ocrx_word' id='word_1_102' title='bbox 539 589 596 610; x_wconf 91' lang='lat' dir='ltr'>tum</span> <span class='ocrx_word' id='word_1_103' title='bbox 603 584 780 619; x_wconf 89' lang='lat' dir='ltr'>praecipuein</span> <span class='ocrx_word' id='word_1_104' title='bbox 787 592 849 618; x_wconf 91' lang='lat' dir='ltr'>pro-</span> 
     </span>
    </p>

    <p class='ocr_par' dir='ltr' id='par_1_8' title="bbox 54 620 849 657">
     <span class='ocr_line' id='line_1_15' title="bbox 54 620 849 657; baseline -0.003 -9"><span class='ocrx_word' id='word_1_105' title='bbox 54 622 153 648; x_wconf 86' lang='lat' dir='ltr'>vinciis</span> <span class='ocrx_word' id='word_1_106' title='bbox 170 630 261 657; x_wconf 80' lang='lat' dir='ltr'>regere</span> <span class='ocrx_word' id='word_1_107' title='bbox 272 622 412 648; x_wconf 85' lang='lat' dir='ltr'>debemus.</span> <span class='ocrx_word' id='word_1_108' title='bbox 452 621 510 653; x_wconf 90' lang='lat' dir='ltr'>Quo</span> <span class='ocrx_word' id='word_1_109' title='bbox 521 621 553 647; x_wconf 92' lang='lat' dir='ltr'>de</span> <span class='ocrx_word' id='word_1_110' title='bbox 565 630 662 656; x_wconf 81' lang='lat' dir='ltr'>genere</span> <span class='ocrx_word' id='word_1_111' title='bbox 677 620 760 647; x_wconf 84' lang='lat' dir='ltr'>multa</span> <span class='ocrx_word' id='word_1_112' title='bbox 772 629 849 655; x_wconf 88' lang='lat' dir='ltr'>prae-</span> 
     </span>
    </p>

    <p class='ocr_par' dir='ltr' id='par_1_9' title="bbox 54 657 849 694">
     <span class='ocr_line' id='line_1_16' title="bbox 54 657 849 694; baseline -0.003 -9"><span class='ocrx_word' id='word_1_113' title='bbox 54 660 109 694; x_wconf 89' lang='lat' dir='ltr'>cipi</span> <span class='ocrx_word' id='word_1_114' title='bbox 123 664 249 694; x_wconf 77' lang='lat' dir='ltr'>possunt:</span> <span class='ocrx_word' id='word_1_115' title='bbox 281 659 329 685; x_wconf 89' lang='lat' dir='ltr'>sed</span> <span class='ocrx_word' id='word_1_116' title='bbox 345 659 394 685; x_wconf 91' lang='lat' dir='ltr'>hoc</span> <span class='ocrx_word' id='word_1_117' title='bbox 405 663 430 684; x_wconf 86' lang='lat' dir='ltr'>et</span> <span class='ocrx_word' id='word_1_118' title='bbox 440 659 633 685; x_wconf 86' lang='lat' dir='ltr'>brevissimum</span> <span class='ocrx_word' id='word_1_119' title='bbox 645 662 698 689; x_wconf 83' lang='lat' dir='ltr'>est,</span> <span class='ocrx_word' id='word_1_120' title='bbox 715 662 741 684; x_wconf 91' lang='lat' dir='ltr'>et</span> <span class='ocrx_word' id='word_1_121' title='bbox 752 657 849 683; x_wconf 81' lang='lat' dir='ltr'>facilli-</span> 
     </span>
    </p>

    <p class='ocr_par' dir='ltr' id='par_1_10' title="bbox 52 695 870 2633">
     <span class='ocr_line' id='line_1_17' title="bbox 54 695 870 731; baseline -0.002 -8"><span class='ocrx_word' id='word_1_122' title='bbox 54 705 97 723; x_wconf 85' lang='lat' dir='ltr'>me</span> <span class='ocrx_word' id='word_1_123' title='bbox 110 697 192 723; x_wconf 89' lang='lat' dir='ltr'>teneri</span> <span class='ocrx_word' id='word_1_124' title='bbox 206 701 304 731; x_wconf 88' lang='lat' dir='ltr'>potest,</span> <span class='ocrx_word' id='word_1_125' title='bbox 325 701 354 722; x_wconf 92' lang='lat' dir='ltr'>ut</span> <span class='ocrx_word' id='word_1_126' title='bbox 365 697 400 722; x_wconf 89' lang='lat' dir='ltr'>ita</span> <span class='ocrx_word' id='word_1_127' title='bbox 411 705 439 722; x_wconf 87' lang='lat' dir='ltr'>se</span> <span class='ocrx_word' id='word_1_128' title='bbox 450 701 544 731; x_wconf 80' lang='lat' dir='ltr'>gerant</span> <span class='ocrx_word' id='word_1_129' title='bbox 556 698 582 722; x_wconf 93' lang='lat' dir='ltr'>in</span> <span class='ocrx_word' id='word_1_130' title='bbox 594 696 653 722; x_wconf 86' lang='lat' dir='ltr'>istis</span> <span class='ocrx_word' id='word_1_131' title='bbox 664 695 789 721; x_wconf 83' lang='lat' dir='ltr'>Asiaticis</span> <span class='ocrx_word' id='word_1_132' title='bbox 804 695 848 721; x_wconf 88' lang='lat' dir='ltr'>iti-</span> <span class='ocrx_word' id='word_1_133' title='bbox 869 710 870 715; x_wconf 67' lang='lat'>=</span> 
     </span>
     <span class='ocr_line' id='line_1_18' title="bbox 54 733 847 767; baseline -0.003 -7"><span class='ocrx_word' id='word_1_134' title='bbox 54 734 179 765; x_wconf 84' lang='lat' dir='ltr'>neribus,</span> <span class='ocrx_word' id='word_1_135' title='bbox 202 738 230 760; x_wconf 89' lang='lat' dir='ltr'>ut</span> <span class='ocrx_word' id='word_1_136' title='bbox 245 734 268 760; x_wconf 92' lang='lat' dir='ltr'>si</span> <span class='ocrx_word' id='word_1_137' title='bbox 281 734 329 759; x_wconf 91' lang='lat' dir='ltr'>iter</span> <span class='ocrx_word' id='word_1_138' title='bbox 340 733 427 767; x_wconf 79' lang='lat' dir='ltr'>Appia</span> <span class='ocrx_word' id='word_1_139' title='bbox 440 734 482 759; x_wconf 89' lang='lat' dir='ltr'>via</span> <span class='ocrx_word' id='word_1_140' title='bbox 495 733 607 759; x_wconf 77' lang='lat' dir='ltr'>faceres:</span> <span class='ocrx_word' id='word_1_141' title='bbox 640 742 707 759; x_wconf 87' lang='lat' dir='ltr'>neve</span> <span class='ocrx_word' id='word_1_142' title='bbox 719 733 847 758; x_wconf 88' lang='lat' dir='ltr'>interesse</span> 
     </span>
     <span class='ocr_line' id='line_1_19' title="bbox 54 770 846 806; baseline -0.003 -9"><span class='ocrx_word' id='word_1_143' title='bbox 54 771 204 806; x_wconf 87' lang='lat' dir='ltr'>quidquam</span> <span class='ocrx_word' id='word_1_144' title='bbox 216 775 317 805; x_wconf 89' lang='lat' dir='ltr'>putent,</span> <span class='ocrx_word' id='word_1_145' title='bbox 332 775 422 796; x_wconf 91' lang='lat' dir='ltr'>utrum</span> <span class='ocrx_word' id='word_1_146' title='bbox 434 770 535 796; x_wconf 89' lang='lat' dir='ltr'>Tralles</span> <span class='ocrx_word' id='word_1_147' title='bbox 547 779 579 796; x_wconf 87' lang='lat' dir='ltr'>an</span> <span class='ocrx_word' id='word_1_148' title='bbox 588 771 707 796; x_wconf 89' lang='lat' dir='ltr'>Formias</span> <span class='ocrx_word' id='word_1_149' title='bbox 714 770 846 796; x_wconf 86' lang='lat' dir='ltr'>venerint.</span> 
     </span>
     <span class='ocr_line' id='line_1_20' title="bbox 54 807 849 843; baseline -0.003 -9"><span class='ocrx_word' id='word_1_150' title='bbox 54 809 99 839; x_wconf 79' lang='lat' dir='ltr'>At,</span> <span class='ocrx_word' id='word_1_151' title='bbox 117 809 141 834; x_wconf 90' lang='lat' dir='ltr'>si</span> <span class='ocrx_word' id='word_1_152' title='bbox 150 809 213 843; x_wconf 87' lang='lat' dir='ltr'>quis</span> <span class='ocrx_word' id='word_1_153' title='bbox 224 812 308 834; x_wconf 81' lang='lat' dir='ltr'>estex</span> <span class='ocrx_word' id='word_1_154' title='bbox 318 808 405 833; x_wconf 88' lang='lat' dir='ltr'>servis</span> <span class='ocrx_word' id='word_1_155' title='bbox 417 808 524 843; x_wconf 80' lang='lat' dir='ltr'>egregie</span> <span class='ocrx_word' id='word_1_156' title='bbox 536 807 637 839; x_wconf 73' lang='lat' dir='ltr'>fidelis,</span> <span class='ocrx_word' id='word_1_157' title='bbox 671 808 743 833; x_wconf 90' lang='lat' dir='ltr'>sitin</span> <span class='ocrx_word' id='word_1_158' title='bbox 756 807 849 833; x_wconf 87' lang='lat' dir='ltr'>dome-</span> 
     </span>
     <span class='ocr_line' id='line_1_21' title="bbox 53 844 849 880; baseline -0.001 -9"><span class='ocrx_word' id='word_1_159' title='bbox 53 846 128 872; x_wconf 88' lang='lat' dir='ltr'>sticis</span> <span class='ocrx_word' id='word_1_160' title='bbox 140 845 229 876; x_wconf 82' lang='lat' dir='ltr'>rebus,</span> <span class='ocrx_word' id='word_1_161' title='bbox 243 849 268 871; x_wconf 92' lang='lat' dir='ltr'>et</span> <span class='ocrx_word' id='word_1_162' title='bbox 279 845 404 879; x_wconf 89' lang='lat' dir='ltr'>privatis:</span> <span class='ocrx_word' id='word_1_163' title='bbox 430 854 499 880; x_wconf 90' lang='lat' dir='ltr'>quae</span> <span class='ocrx_word' id='word_1_164' title='bbox 511 848 552 871; x_wconf 88' lang='lat' dir='ltr'>r&#39;es</span> <span class='ocrx_word' id='word_1_165' title='bbox 565 845 597 871; x_wconf 90' lang='lat' dir='ltr'>ad</span> <span class='ocrx_word' id='word_1_166' title='bbox 609 844 729 871; x_wconf 79' lang='lat' dir='ltr'>officium</span> <span class='ocrx_word' id='word_1_167' title='bbox 742 844 849 879; x_wconf 88' lang='lat' dir='ltr'>imperii</span> 
     </span>
     <span class='ocr_line' id='line_1_22' title="bbox 54 882 846 917; baseline -0.003 -8"><span class='ocrx_word' id='word_1_168' title='bbox 54 883 93 910; x_wconf 93' lang='lat' dir='ltr'>tui</span> <span class='ocrx_word' id='word_1_169' title='bbox 108 887 188 917; x_wconf 89' lang='lat' dir='ltr'>atque</span> <span class='ocrx_word' id='word_1_170' title='bbox 203 882 236 908; x_wconf 83' lang='lat' dir='ltr'>ad</span> <span class='ocrx_word' id='word_1_171' title='bbox 252 882 371 917; x_wconf 88' lang='lat' dir='ltr'>aliquam</span> <span class='ocrx_word' id='word_1_172' title='bbox 383 887 484 916; x_wconf 90' lang='lat' dir='ltr'>partem</span> <span class='ocrx_word' id='word_1_173' title='bbox 492 882 656 917; x_wconf 86' lang='lat' dir='ltr'>reipublicae</span> <span class='ocrx_word' id='word_1_174' title='bbox 664 882 846 916; x_wconf 88' lang='lat' dir='ltr'>pertinebunt,</span> 
     </span>
     <span class='ocr_line' id='line_1_23' title="bbox 54 919 849 956; baseline -0.001 -10"><span class='ocrx_word' id='word_1_175' title='bbox 54 919 86 946; x_wconf 89' lang='lat' dir='ltr'>de</span> <span class='ocrx_word' id='word_1_176' title='bbox 99 920 141 946; x_wconf 87' lang='lat' dir='ltr'>his</span> <span class='ocrx_word' id='word_1_177' title='bbox 156 920 237 946; x_wconf 91' lang='lat' dir='ltr'>rebus</span> <span class='ocrx_word' id='word_1_178' title='bbox 248 928 280 946; x_wconf 88' lang='lat' dir='ltr'>ne</span> <span class='ocrx_word' id='word_1_179' title='bbox 292 920 358 955; x_wconf 91' lang='lat' dir='ltr'>quid</span> <span class='ocrx_word' id='word_1_180' title='bbox 371 921 492 956; x_wconf 86' lang='lat' dir='ltr'>attingat.</span> <span class='ocrx_word' id='word_1_181' title='bbox 533 920 615 946; x_wconf 87' lang='lat' dir='ltr'>Multa</span> <span class='ocrx_word' id='word_1_182' title='bbox 627 920 713 951; x_wconf 90' lang='lat' dir='ltr'>enim,</span> <span class='ocrx_word' id='word_1_183' title='bbox 726 928 795 954; x_wconf 88' lang='lat' dir='ltr'>quae</span> <span class='ocrx_word' id='word_1_184' title='bbox 807 928 849 945; x_wconf 88' lang='lat' dir='ltr'>re-</span> 
     </span>
     <span class='ocr_line' id='line_1_24' title="bbox 54 956 849 992; baseline -0.001 -9"><span class='ocrx_word' id='word_1_185' title='bbox 54 962 93 984; x_wconf 90' lang='lat' dir='ltr'>cte</span> <span class='ocrx_word' id='word_1_186' title='bbox 104 958 233 983; x_wconf 83' lang='lat' dir='ltr'>committi</span> <span class='ocrx_word' id='word_1_187' title='bbox 245 958 331 983; x_wconf 90' lang='lat' dir='ltr'>servis</span> <span class='ocrx_word' id='word_1_188' title='bbox 342 957 470 983; x_wconf 84' lang='lat' dir='ltr'>fidelibus</span> <span class='ocrx_word' id='word_1_189' title='bbox 481 962 603 992; x_wconf 78' lang='lat' dir='ltr'>possunt,</span> <span class='ocrx_word' id='word_1_190' title='bbox 618 962 705 984; x_wconf 91' lang='lat' dir='ltr'>tamen</span> <span class='ocrx_word' id='word_1_191' title='bbox 717 956 849 983; x_wconf 89' lang='lat' dir='ltr'>sermonis</span> 
     </span>
     <span class='ocr_line' id='line_1_25' title="bbox 54 994 848 1029; baseline -0.001 -8"><span class='ocrx_word' id='word_1_192' title='bbox 54 999 80 1021; x_wconf 83' lang='lat' dir='ltr'>ct</span> <span class='ocrx_word' id='word_1_193' title='bbox 100 995 304 1029; x_wconf 80' lang='lat' dir='ltr'>vituperationis</span> <span class='ocrx_word' id='word_1_194' title='bbox 326 995 449 1021; x_wconf 85' lang='lat' dir='ltr'>vitandae</span> <span class='ocrx_word' id='word_1_195' title='bbox 461 1004 570 1026; x_wconf 80' lang='lat' dir='ltr'>caussa,</span> <span class='ocrx_word' id='word_1_196' title='bbox 593 994 784 1021; x_wconf 86' lang='lat' dir='ltr'>committenda</span> <span class='ocrx_word' id='word_1_197' title='bbox 796 1002 848 1020; x_wconf 92' lang='lat' dir='ltr'>non</span> 
     </span>
     <span class='ocr_line' id='line_1_26' title="bbox 53 1032 850 1067; baseline -0.001 -9"><span class='ocrx_word' id='word_1_198' title='bbox 53 1036 125 1058; x_wconf 90' lang='lat' dir='ltr'>sunt.</span> <span class='ocrx_word' id='word_1_199' title='bbox 170 1034 208 1058; x_wconf 79' lang='grc'>18.</span> <span class='ocrx_word' id='word_1_200' title='bbox 224 1032 289 1063; x_wconf 86' lang='lat' dir='ltr'>Sed,</span> <span class='ocrx_word' id='word_1_201' title='bbox 303 1033 393 1058; x_wconf 89' lang='lat' dir='ltr'>nescio</span> <span class='ocrx_word' id='word_1_202' title='bbox 404 1041 457 1067; x_wconf 90' lang='lat' dir='ltr'>quo</span> <span class='ocrx_word' id='word_1_203' title='bbox 468 1037 553 1067; x_wconf 83' lang='lat' dir='ltr'>pacto,</span> <span class='ocrx_word' id='word_1_204' title='bbox 567 1032 599 1058; x_wconf 91' lang='lat' dir='ltr'>ad</span> <span class='ocrx_word' id='word_1_205' title='bbox 611 1032 796 1067; x_wconf 84' lang='lat' dir='ltr'>praecipiendi</span> <span class='ocrx_word' id='word_1_206' title='bbox 807 1040 850 1057; x_wconf 88' lang='lat' dir='ltr'>ra-</span> 
     </span>
     <span class='ocr_line' id='line_1_27' title="bbox 53 1069 850 1104; baseline 0 -9"><span class='ocrx_word' id='word_1_207' title='bbox 53 1070 152 1096; x_wconf 91' lang='lat' dir='ltr'>tionem</span> <span class='ocrx_word' id='word_1_208' title='bbox 169 1069 278 1104; x_wconf 90' lang='lat' dir='ltr'>delapsa</span> <span class='ocrx_word' id='word_1_209' title='bbox 295 1074 335 1096; x_wconf 89' lang='lat' dir='ltr'>est</span> <span class='ocrx_word' id='word_1_210' title='bbox 343 1070 427 1096; x_wconf 85' lang='lat' dir='ltr'>oratio</span> <span class='ocrx_word' id='word_1_211' title='bbox 439 1078 510 1100; x_wconf 87' lang='lat' dir='ltr'>mea,</span> <span class='ocrx_word' id='word_1_212' title='bbox 535 1078 621 1104; x_wconf 93' lang='lat' dir='ltr'>quum</span> <span class='ocrx_word' id='word_1_213' title='bbox 634 1069 660 1096; x_wconf 94' lang='lat' dir='ltr'>id</span> <span class='ocrx_word' id='word_1_214' title='bbox 672 1069 740 1095; x_wconf 90' lang='lat' dir='ltr'>mihi</span> <span class='ocrx_word' id='word_1_215' title='bbox 752 1077 850 1103; x_wconf 90' lang='lat' dir='ltr'>propo-</span> 
     </span>
     <span class='ocr_line' id='line_1_28' title="bbox 53 1106 847 1141; baseline 0 -8"><span class='ocrx_word' id='word_1_216' title='bbox 53 1107 136 1133; x_wconf 91' lang='lat' dir='ltr'>situm</span> <span class='ocrx_word' id='word_1_217' title='bbox 152 1107 228 1133; x_wconf 92' lang='lat' dir='ltr'>initio</span> <span class='ocrx_word' id='word_1_218' title='bbox 243 1116 296 1133; x_wconf 92' lang='lat' dir='ltr'>non</span> <span class='ocrx_word' id='word_1_219' title='bbox 312 1106 418 1133; x_wconf 87' lang='lat' dir='ltr'>fuisset.</span> <span class='ocrx_word' id='word_1_220' title='bbox 458 1107 529 1139; x_wconf 86' lang='lat' dir='ltr'>Quid</span> <span class='ocrx_word' id='word_1_221' title='bbox 545 1108 617 1133; x_wconf 90' lang='lat' dir='ltr'>enim</span> <span class='ocrx_word' id='word_1_222' title='bbox 633 1108 658 1133; x_wconf 92' lang='lat' dir='ltr'>ei</span> <span class='ocrx_word' id='word_1_223' title='bbox 673 1107 847 1141; x_wconf 84' lang='lat' dir='ltr'>praecipiam,</span> 
     </span>
     <span class='ocr_line' id='line_1_29' title="bbox 53 1143 850 1180; baseline -0.001 -10"><span class='ocrx_word' id='word_1_224' title='bbox 53 1153 134 1179; x_wconf 89' lang='lat' dir='ltr'>quem</span> <span class='ocrx_word' id='word_1_225' title='bbox 146 1153 195 1180; x_wconf 88' lang='lat' dir='ltr'>ego</span> <span class='ocrx_word' id='word_1_226' title='bbox 206 1144 234 1170; x_wconf 94' lang='lat' dir='ltr'>in</span> <span class='ocrx_word' id='word_1_227' title='bbox 246 1144 295 1170; x_wconf 94' lang='lat' dir='ltr'>hoc</span> <span class='ocrx_word' id='word_1_228' title='bbox 307 1143 850 1180; x_wconf 84' lang='lat' dir='ltr'>praesertimgenereintelligampruden-</span> 
     </span>
     <span class='ocr_line' id='line_1_30' title="bbox 55 1181 849 1217; baseline -0.001 -10"><span class='ocrx_word' id='word_1_229' title='bbox 55 1182 89 1208; x_wconf 89' lang='lat' dir='ltr'>tia</span> <span class='ocrx_word' id='word_1_230' title='bbox 105 1190 157 1208; x_wconf 92' lang='lat' dir='ltr'>non</span> <span class='ocrx_word' id='word_1_231' title='bbox 173 1190 231 1207; x_wconf 90' lang='lat' dir='ltr'>esse</span> <span class='ocrx_word' id='word_1_232' title='bbox 248 1181 415 1213; x_wconf 81' lang='lat' dir='ltr'>inferiorem,</span> <span class='ocrx_word' id='word_1_233' title='bbox 444 1191 526 1217; x_wconf 89' lang='lat' dir='ltr'>quam</span> <span class='ocrx_word' id='word_1_234' title='bbox 543 1191 599 1213; x_wconf 88' lang='lat' dir='ltr'>me,</span> <span class='ocrx_word' id='word_1_235' title='bbox 632 1190 683 1208; x_wconf 87' lang='lat' dir='ltr'>usu</span> <span class='ocrx_word' id='word_1_236' title='bbox 696 1190 758 1208; x_wconf 91' lang='lat' dir='ltr'>vero</span> <span class='ocrx_word' id='word_1_237' title='bbox 769 1182 849 1207; x_wconf 90' lang='lat' dir='ltr'>etiam</span> 
     </span>
     <span class='ocr_line' id='line_1_31' title="bbox 54 1218 851 1254; baseline -0.001 -9"><span class='ocrx_word' id='word_1_238' title='bbox 54 1218 239 1253; x_wconf 65' lang='lat' dir='ltr'>superiorem?</span> <span class='ocrx_word' id='word_1_239' title='bbox 262 1219 314 1245; x_wconf 86' lang='lat' dir='ltr'>Sed</span> <span class='ocrx_word' id='word_1_240' title='bbox 326 1224 413 1245; x_wconf 90' lang='lat' dir='ltr'>tamen</span> <span class='ocrx_word' id='word_1_241' title='bbox 425 1220 448 1245; x_wconf 93' lang='lat' dir='ltr'>si</span> <span class='ocrx_word' id='word_1_242' title='bbox 460 1219 493 1245; x_wconf 89' lang='lat' dir='ltr'>ad</span> <span class='ocrx_word' id='word_1_243' title='bbox 504 1228 542 1250; x_wconf 87' lang='lat' dir='ltr'>ea,</span> <span class='ocrx_word' id='word_1_244' title='bbox 556 1228 624 1254; x_wconf 88' lang='lat' dir='ltr'>quae</span> <span class='ocrx_word' id='word_1_245' title='bbox 637 1219 745 1250; x_wconf 76' lang='lat' dir='ltr'>faceres,</span> <span class='ocrx_word' id='word_1_246' title='bbox 759 1223 851 1245; x_wconf 86' lang='lat' dir='ltr'>aucto-</span> 
     </span>
     <span class='ocr_line' id='line_1_32' title="bbox 54 1256 850 1291; baseline -0.001 -9"><span class='ocrx_word' id='word_1_247' title='bbox 54 1256 118 1282; x_wconf 82' lang='lat' dir='ltr'>ritas</span> <span class='ocrx_word' id='word_1_248' title='bbox 130 1256 268 1282; x_wconf 85' lang='lat' dir='ltr'>accederet</span> <span class='ocrx_word' id='word_1_249' title='bbox 281 1265 349 1287; x_wconf 83' lang='lat' dir='ltr'>mea,</span> <span class='ocrx_word' id='word_1_250' title='bbox 366 1257 415 1282; x_wconf 86' lang='lat' dir='ltr'>tibi</span> <span class='ocrx_word' id='word_1_251' title='bbox 430 1258 488 1291; x_wconf 86' lang='lat' dir='ltr'>ipsa</span> <span class='ocrx_word' id='word_1_252' title='bbox 498 1256 513 1270; x_wconf 58' lang='lat'>‘³‘</span> <span class='ocrx_word' id='word_1_253' title='bbox 525 1257 569 1283; x_wconf 86' lang='lat' dir='ltr'>illa</span> <span class='ocrx_word' id='word_1_254' title='bbox 582 1257 675 1291; x_wconf 89' lang='lat' dir='ltr'>putavi</span> <span class='ocrx_word' id='word_1_255' title='bbox 686 1256 740 1283; x_wconf 84' lang='lat' dir='ltr'>fore</span> <span class='ocrx_word' id='word_1_256' title='bbox 753 1257 850 1282; x_wconf 86' lang='lat' dir='ltr'>iucun-</span> 
     </span>
     <span class='ocr_line' id='line_1_33' title="bbox 54 1293 847 1329; baseline 0 -10"><span class='ocrx_word' id='word_1_257' title='bbox 54 1293 138 1320; x_wconf 88' lang='lat' dir='ltr'>diora.</span> <span class='ocrx_word' id='word_1_258' title='bbox 179 1293 266 1326; x_wconf 82' lang='lat' dir='ltr'>Quare</span> <span class='ocrx_word' id='word_1_259' title='bbox 284 1294 338 1320; x_wconf 94' lang='lat' dir='ltr'>sint</span> <span class='ocrx_word' id='word_1_260' title='bbox 353 1294 416 1320; x_wconf 83' lang='lat' dir='ltr'>haec</span> <span class='ocrx_word' id='word_1_261' title='bbox 432 1293 604 1320; x_wconf 83' lang='lat' dir='ltr'>fundamenta</span> <span class='ocrx_word' id='word_1_262' title='bbox 619 1294 759 1329; x_wconf 85' lang='lat' dir='ltr'>dignitatis</span> <span class='ocrx_word' id='word_1_263' title='bbox 774 1298 847 1326; x_wconf 81' lang='lat' dir='ltr'>tuae,</span> 
     </span>
     <span class='ocr_line' id='line_1_34' title="bbox 54 1331 847 1366; baseline -0.001 -9"><span class='ocrx_word' id='word_1_264' title='bbox 54 1335 98 1357; x_wconf 85' lang='lat' dir='ltr'>tua</span> <span class='ocrx_word' id='word_1_265' title='bbox 109 1331 228 1365; x_wconf 87' lang='lat' dir='ltr'>primum</span> <span class='ocrx_word' id='word_1_266' title='bbox 240 1331 590 1366; x_wconf 77' lang='lat' dir='ltr'>integritaseteontinentia:</span> <span class='ocrx_word' id='word_1_267' title='bbox 609 1331 706 1357; x_wconf 87' lang='lat' dir='ltr'>deinde</span> <span class='ocrx_word' id='word_1_268' title='bbox 716 1331 847 1362; x_wconf 87' lang='lat' dir='ltr'>omnium,</span> 
     </span>
     <span class='ocr_line' id='line_1_35' title="bbox 54 1368 847 1403; baseline 0 -9"><span class='ocrx_word' id='word_1_269' title='bbox 54 1369 102 1403; x_wconf 89' lang='lat' dir='ltr'>qui</span> <span class='ocrx_word' id='word_1_270' title='bbox 114 1373 202 1395; x_wconf 89' lang='lat' dir='ltr'>tecum</span> <span class='ocrx_word' id='word_1_271' title='bbox 214 1373 289 1399; x_wconf 91' lang='lat' dir='ltr'>sunt,</span> <span class='ocrx_word' id='word_1_272' title='bbox 307 1368 406 1403; x_wconf 90' lang='lat' dir='ltr'>pudor:</span> <span class='ocrx_word' id='word_1_273' title='bbox 439 1369 559 1395; x_wconf 85' lang='lat' dir='ltr'>delectus</span> <span class='ocrx_word' id='word_1_274' title='bbox 571 1370 597 1395; x_wconf 92' lang='lat' dir='ltr'>in</span> <span class='ocrx_word' id='word_1_275' title='bbox 610 1368 847 1398; x_wconf 78' lang='lat' dir='ltr'>familiaritatibus,</span> 
     </span>
     <span class='ocr_line' id='line_1_36' title="bbox 54 1405 849 1440; baseline -0.001 -8"><span class='ocrx_word' id='word_1_276' title='bbox 54 1410 79 1432; x_wconf 85' lang='lat' dir='ltr'>et</span> <span class='ocrx_word' id='word_1_277' title='bbox 94 1405 302 1440; x_wconf 80' lang='lat' dir='ltr'>provincialium</span> <span class='ocrx_word' id='word_1_278' title='bbox 315 1406 456 1433; x_wconf 89' lang='lat' dir='ltr'>hominum</span> <span class='ocrx_word' id='word_1_279' title='bbox 467 1411 493 1432; x_wconf 88' lang='lat' dir='ltr'>et</span> <span class='ocrx_word' id='word_1_280' title='bbox 504 1408 682 1437; x_wconf 81' lang='lat' dir='ltr'>Graecorum,</span> <span class='ocrx_word' id='word_1_281' title='bbox 706 1410 849 1440; x_wconf 83' lang='lat' dir='ltr'>percautus</span> 
     </span>
     <span class='ocr_line' id='line_1_37' title="bbox 54 1443 848 1479; baseline 0 -10"><span class='ocrx_word' id='word_1_282' title='bbox 54 1447 79 1469; x_wconf 88' lang='lat' dir='ltr'>et</span> <span class='ocrx_word' id='word_1_283' title='bbox 94 1443 225 1478; x_wconf 86' lang='lat' dir='ltr'>diligens:</span> <span class='ocrx_word' id='word_1_284' title='bbox 260 1443 378 1469; x_wconf 83' lang='lat' dir='ltr'>familiae</span> <span class='ocrx_word' id='word_1_285' title='bbox 397 1444 489 1479; x_wconf 85' lang='lat' dir='ltr'>gravis</span> <span class='ocrx_word' id='word_1_286' title='bbox 510 1449 535 1470; x_wconf 85' lang='lat' dir='ltr'>et</span> <span class='ocrx_word' id='word_1_287' title='bbox 554 1448 678 1470; x_wconf 82' lang='lat' dir='ltr'>constans</span> <span class='ocrx_word' id='word_1_288' title='bbox 694 1443 848 1478; x_wconf 86' lang='lat' dir='ltr'>disciplina.</span> 
     </span>
     <span class='ocr_line' id='line_1_38' title="bbox 57 1480 850 1516; baseline 0 -10"><span class='ocrx_word' id='word_1_289' title='bbox 57 1481 96 1508; x_wconf 69' lang='lat'>49.</span> <span class='ocrx_word' id='word_1_290' title='bbox 108 1480 181 1513; x_wconf 85' lang='lat' dir='ltr'>Quae</span> <span class='ocrx_word' id='word_1_291' title='bbox 192 1489 278 1515; x_wconf 88' lang='lat' dir='ltr'>quum</span> <span class='ocrx_word' id='word_1_292' title='bbox 290 1481 400 1507; x_wconf 80' lang='lat' dir='ltr'>honesta</span> <span class='ocrx_word' id='word_1_293' title='bbox 411 1482 465 1507; x_wconf 91' lang='lat' dir='ltr'>sint</span> <span class='ocrx_word' id='word_1_294' title='bbox 476 1482 502 1507; x_wconf 94' lang='lat' dir='ltr'>in</span> <span class='ocrx_word' id='word_1_295' title='bbox 511 1481 552 1507; x_wconf 87' lang='lat' dir='ltr'>his</span> <span class='ocrx_word' id='word_1_296' title='bbox 560 1482 672 1516; x_wconf 86' lang='lat' dir='ltr'>privatis</span> <span class='ocrx_word' id='word_1_297' title='bbox 679 1482 850 1515; x_wconf 83' lang='lat' dir='ltr'>nostrisquo-</span> 
     </span>
     <span class='ocr_line' id='line_1_39' title="bbox 54 1517 850 1553; baseline -0.001 -9"><span class='ocrx_word' id='word_1_298' title='bbox 54 1517 218 1552; x_wconf 86' lang='lat' dir='ltr'>tidianisque</span> <span class='ocrx_word' id='word_1_299' title='bbox 230 1518 392 1551; x_wconf 69' lang='lat' dir='ltr'>rationibus3</span> <span class='ocrx_word' id='word_1_300' title='bbox 426 1519 453 1544; x_wconf 91' lang='lat' dir='ltr'>in</span> <span class='ocrx_word' id='word_1_301' title='bbox 466 1523 537 1545; x_wconf 88' lang='lat' dir='ltr'>tanto</span> <span class='ocrx_word' id='word_1_302' title='bbox 549 1519 675 1553; x_wconf 90' lang='lat' dir='ltr'>imperio,</span> <span class='ocrx_word' id='word_1_303' title='bbox 689 1523 742 1545; x_wconf 92' lang='lat' dir='ltr'>tam</span> <span class='ocrx_word' id='word_1_304' title='bbox 754 1518 850 1553; x_wconf 86' lang='lat' dir='ltr'>depra-</span> 
     </span>
     <span class='ocr_line' id='line_1_40' title="bbox 54 1555 850 1591; baseline 0.003 -11"><span class='ocrx_word' id='word_1_305' title='bbox 54 1556 124 1581; x_wconf 85' lang='lat' dir='ltr'>vatis</span> <span class='ocrx_word' id='word_1_306' title='bbox 135 1555 271 1587; x_wconf 74' lang='lat' dir='ltr'>moribus,</span> <span class='ocrx_word' id='word_1_307' title='bbox 287 1560 340 1582; x_wconf 85' lang='lat' dir='ltr'>tam</span> <span class='ocrx_word' id='word_1_308' title='bbox 352 1557 516 1590; x_wconf 88' lang='lat' dir='ltr'>corruptrice</span> <span class='ocrx_word' id='word_1_309' title='bbox 528 1557 679 1591; x_wconf 85' lang='lat' dir='ltr'>provincia,</span> <span class='ocrx_word' id='word_1_310' title='bbox 703 1556 796 1582; x_wconf 89' lang='lat' dir='ltr'>divina</span> <span class='ocrx_word' id='word_1_311' title='bbox 809 1556 850 1581; x_wconf 94' lang='lat' dir='ltr'>vi-</span> 
     </span>
     <span class='ocr_line' id='line_1_41' title="bbox 54 1592 850 1628; baseline 0 -10"><span class='ocrx_word' id='word_1_312' title='bbox 54 1592 167 1619; x_wconf 84' lang='lat' dir='ltr'>deantur</span> <span class='ocrx_word' id='word_1_313' title='bbox 178 1601 288 1619; x_wconf 81' lang='lat' dir='ltr'>necesse</span> <span class='ocrx_word' id='word_1_314' title='bbox 299 1597 348 1619; x_wconf 83' lang='lat' dir='ltr'>est.</span> <span class='ocrx_word' id='word_1_315' title='bbox 375 1594 443 1619; x_wconf 89' lang='lat' dir='ltr'>llaec</span> <span class='ocrx_word' id='word_1_316' title='bbox 456 1594 588 1620; x_wconf 89' lang='lat' dir='ltr'>institutio</span> <span class='ocrx_word' id='word_1_317' title='bbox 599 1598 678 1628; x_wconf 90' lang='lat' dir='ltr'>atque</span> <span class='ocrx_word' id='word_1_318' title='bbox 690 1593 755 1619; x_wconf 89' lang='lat' dir='ltr'>haec</span> <span class='ocrx_word' id='word_1_319' title='bbox 766 1593 850 1619; x_wconf 90' lang='lat' dir='ltr'>disci-</span> 
     </span>
     <span class='ocr_line' id='line_1_42' title="bbox 53 1629 850 1664; baseline 0 -8"><span class='ocrx_word' id='word_1_320' title='bbox 53 1629 128 1664; x_wconf 87' lang='lat' dir='ltr'>plina</span> <span class='ocrx_word' id='word_1_321' title='bbox 143 1634 231 1664; x_wconf 89' lang='lat' dir='ltr'>potest</span> <span class='ocrx_word' id='word_1_322' title='bbox 247 1631 380 1656; x_wconf 87' lang='lat' dir='ltr'>sustinere</span> <span class='ocrx_word' id='word_1_323' title='bbox 397 1631 423 1657; x_wconf 91' lang='lat' dir='ltr'>in</span> <span class='ocrx_word' id='word_1_324' title='bbox 440 1631 521 1657; x_wconf 88' lang='lat' dir='ltr'>rebus</span> <span class='ocrx_word' id='word_1_325' title='bbox 536 1631 686 1658; x_wconf 71' lang='lat' dir='ltr'>statuendis</span> <span class='ocrx_word' id='word_1_326' title='bbox 702 1631 850 1657; x_wconf 81' lang='lat' dir='ltr'>decernen—</span> 
     </span>
     <span class='ocr_line' id='line_1_43' title="bbox 53 1667 847 1703; baseline 0 -10"><span class='ocrx_word' id='word_1_327' title='bbox 53 1667 151 1702; x_wconf 86' lang='lat' dir='ltr'>disque</span> <span class='ocrx_word' id='word_1_328' title='bbox 167 1676 225 1694; x_wconf 88' lang='lat' dir='ltr'>eam</span> <span class='ocrx_word' id='word_1_329' title='bbox 241 1669 425 1699; x_wconf 86' lang='lat' dir='ltr'>severitatem,</span> <span class='ocrx_word' id='word_1_330' title='bbox 448 1677 501 1703; x_wconf 90' lang='lat' dir='ltr'>qua</span> <span class='ocrx_word' id='word_1_331' title='bbox 514 1673 541 1695; x_wconf 94' lang='lat' dir='ltr'>tu</span> <span class='ocrx_word' id='word_1_332' title='bbox 555 1669 580 1695; x_wconf 94' lang='lat' dir='ltr'>in</span> <span class='ocrx_word' id='word_1_333' title='bbox 592 1669 626 1694; x_wconf 89' lang='lat' dir='ltr'>iis</span> <span class='ocrx_word' id='word_1_334' title='bbox 639 1669 719 1695; x_wconf 91' lang='lat' dir='ltr'>rebus</span> <span class='ocrx_word' id='word_1_335' title='bbox 733 1677 798 1694; x_wconf 90' lang='lat' dir='ltr'>usus</span> <span class='ocrx_word' id='word_1_336' title='bbox 810 1676 847 1698; x_wconf 83' lang='lat' dir='ltr'>es,</span> 
     </span>
     <span class='ocr_line' id='line_1_44' title="bbox 55 1704 851 1742; baseline 0 -11"><span class='ocrx_word' id='word_1_337' title='bbox 55 1713 88 1731; x_wconf 86' lang='lat' dir='ltr'>ex</span> <span class='ocrx_word' id='word_1_338' title='bbox 103 1704 205 1740; x_wconf 88' lang='lat' dir='ltr'>quibus</span> <span class='ocrx_word' id='word_1_339' title='bbox 221 1705 364 1731; x_wconf 90' lang='lat' dir='ltr'>nonnullas</span> <span class='ocrx_word' id='word_1_340' title='bbox 380 1706 531 1732; x_wconf 84' lang='lat' dir='ltr'>simultates</span> <span class='ocrx_word' id='word_1_341' title='bbox 543 1715 605 1732; x_wconf 92' lang='lat' dir='ltr'>cum</span> <span class='ocrx_word' id='word_1_342' title='bbox 618 1715 714 1742; x_wconf 87' lang='lat' dir='ltr'>magna</span> <span class='ocrx_word' id='word_1_343' title='bbox 726 1715 784 1732; x_wconf 88' lang='lat' dir='ltr'>mea</span> <span class='ocrx_word' id='word_1_344' title='bbox 797 1706 851 1731; x_wconf 83' lang='lat' dir='ltr'>lae-</span> 
     </span>
     <span class='ocr_line' id='line_1_45' title="bbox 54 1742 850 1777; baseline 0 -9"><span class='ocrx_word' id='word_1_345' title='bbox 54 1742 111 1768; x_wconf 88' lang='lat' dir='ltr'>titia</span> <span class='ocrx_word' id='word_1_346' title='bbox 120 1746 259 1777; x_wconf 89' lang='lat' dir='ltr'>susceptas</span> <span class='ocrx_word' id='word_1_347' title='bbox 270 1743 412 1770; x_wconf 75' lang='lat' dir='ltr'>habemus,</span> <span class='ocrx_word' id='word_1_348' title='bbox 439 1744 497 1770; x_wconf 84' lang='lat' dir='ltr'>Nisi</span> <span class='ocrx_word' id='word_1_349' title='bbox 510 1743 575 1770; x_wconf 78' lang='lat' dir='ltr'>forte</span> <span class='ocrx_word' id='word_1_350' title='bbox 586 1752 628 1770; x_wconf 86' lang='lat' dir='ltr'>me</span> <span class='ocrx_word' id='word_1_351' title='bbox 640 1744 748 1770; x_wconf 85' lang='lat' dir='ltr'>l&#39;aconii</span> <span class='ocrx_word' id='word_1_352' title='bbox 760 1744 850 1769; x_wconf 85' lang='lat' dir='ltr'>nescio</span> 
     </span>
     <span class='ocr_line' id='line_1_46' title="bbox 54 1779 851 1817; baseline 0.001 -12"><span class='ocrx_word' id='word_1_353' title='bbox 54 1780 145 1811; x_wconf 88' lang='lat' dir='ltr'>cuius,</span> <span class='ocrx_word' id='word_1_354' title='bbox 160 1779 278 1806; x_wconf 90' lang='lat' dir='ltr'>hominis</span> <span class='ocrx_word' id='word_1_355' title='bbox 289 1789 322 1806; x_wconf 87' lang='lat' dir='ltr'>nc</span> <span class='ocrx_word' id='word_1_356' title='bbox 334 1781 429 1807; x_wconf 81' lang='lat' dir='ltr'>Graeci</span> <span class='ocrx_word' id='word_1_357' title='bbox 443 1781 567 1816; x_wconf 87' lang='lat' dir='ltr'>quidem,</span> <span class='ocrx_word' id='word_1_358' title='bbox 581 1786 606 1808; x_wconf 88' lang='lat' dir='ltr'>at</span> <span class='ocrx_word' id='word_1_359' title='bbox 618 1782 698 1817; x_wconf 87' lang='lat' dir='ltr'>Mysii</span> <span class='ocrx_word' id='word_1_360' title='bbox 709 1786 755 1808; x_wconf 90' lang='lat' dir='ltr'>aut</span> <span class='ocrx_word' id='word_1_361' title='bbox 767 1781 851 1816; x_wconf 77' lang='lat' dir='ltr'>Phry-</span> 
     </span>
     <span class='ocr_line' id='line_1_47' title="bbox 54 1817 850 1853; baseline 0.003 -10"><span class='ocrx_word' id='word_1_362' title='bbox 54 1817 96 1852; x_wconf 83' lang='lat' dir='ltr'>gis</span> <span class='ocrx_word' id='word_1_363' title='bbox 107 1817 210 1851; x_wconf 86' lang='lat' dir='ltr'>potius,</span> <span class='ocrx_word' id='word_1_364' title='bbox 223 1817 342 1851; x_wconf 89' lang='lat' dir='ltr'>querelis</span> <span class='ocrx_word' id='word_1_365' title='bbox 354 1819 455 1845; x_wconf 87' lang='lat' dir='ltr'>moveri</span> <span class='ocrx_word' id='word_1_366' title='bbox 467 1823 559 1853; x_wconf 83' lang='lat' dir='ltr'>putas,</span> <span class='ocrx_word' id='word_1_367' title='bbox 595 1824 641 1845; x_wconf 91' lang='lat' dir='ltr'>aut</span> <span class='ocrx_word' id='word_1_368' title='bbox 651 1819 787 1850; x_wconf 80' lang='lat' dir='ltr'>Tuscenii,</span> <span class='ocrx_word' id='word_1_369' title='bbox 802 1818 850 1844; x_wconf 91' lang='lat' dir='ltr'>ho-</span> 
     </span>
     <span class='ocr_line' id='line_1_48' title="bbox 54 1853 851 1891; baseline 0.001 -11"><span class='ocrx_word' id='word_1_370' title='bbox 54 1854 136 1881; x_wconf 90' lang='lat' dir='ltr'>minis</span> <span class='ocrx_word' id='word_1_371' title='bbox 149 1853 243 1880; x_wconf 76' lang='lat' dir='ltr'>furiosi</span> <span class='ocrx_word' id='word_1_372' title='bbox 254 1863 283 1880; x_wconf 87' lang='lat' dir='ltr'>ac</span> <span class='ocrx_word' id='word_1_373' title='bbox 294 1855 397 1882; x_wconf 89' lang='lat' dir='ltr'>sordidi</span> <span class='ocrx_word' id='word_1_374' title='bbox 409 1856 531 1887; x_wconf 87' lang='lat' dir='ltr'>vocibus,</span> <span class='ocrx_word' id='word_1_375' title='bbox 544 1857 624 1883; x_wconf 87' lang='lat' dir='ltr'>cuius</span> <span class='ocrx_word' id='word_1_376' title='bbox 636 1860 664 1882; x_wconf 88' lang='lat' dir='ltr'>tu</span> <span class='ocrx_word' id='word_1_377' title='bbox 676 1865 709 1883; x_wconf 80' lang='lat' dir='ltr'>ex</span> <span class='ocrx_word' id='word_1_378' title='bbox 721 1857 851 1891; x_wconf 86' lang='lat' dir='ltr'>impuris-</span> 
     </span>
     <span class='ocr_line' id='line_1_49' title="bbox 54 1890 850 1928; baseline 0.003 -12"><span class='ocrx_word' id='word_1_379' title='bbox 54 1891 132 1917; x_wconf 81' lang='lat' dir='ltr'>simis</span> <span class='ocrx_word' id='word_1_380' title='bbox 145 1890 270 1917; x_wconf 80' lang='lat' dir='ltr'>saucibus</span> <span class='ocrx_word' id='word_1_381' title='bbox 282 1892 531 1919; x_wconf 83' lang='lat' dir='ltr'>inhonestissimam</span> <span class='ocrx_word' id='word_1_382' title='bbox 543 1894 718 1928; x_wconf 83' lang='lat' dir='ltr'>cupiditatem</span> <span class='ocrx_word' id='word_1_383' title='bbox 726 1893 850 1928; x_wconf 84' lang='lat' dir='ltr'>eripuisti</span> 
     </span>
     <span class='ocr_line' id='line_1_50' title="bbox 53 1929 851 1965; baseline 0.004 -12"><span class='ocrx_word' id='word_1_384' title='bbox 53 1937 160 1954; x_wconf 86' lang='lat' dir='ltr'>summa</span> <span class='ocrx_word' id='word_1_385' title='bbox 171 1937 233 1954; x_wconf 85' lang='lat' dir='ltr'>cum</span> <span class='ocrx_word' id='word_1_386' title='bbox 245 1929 388 1963; x_wconf 85' lang='lat' dir='ltr'>aequitate.</span> <span class='ocrx_word' id='word_1_387' title='bbox 429 1930 484 1957; x_wconf 64' lang='lat' dir='ltr'>VII.</span> <span class='ocrx_word' id='word_1_388' title='bbox 501 1932 545 1957; x_wconf 78' lang='lat'>20.</span> <span class='ocrx_word' id='word_1_389' title='bbox 564 1932 645 1962; x_wconf 85' lang='lat' dir='ltr'>llaec,</span> <span class='ocrx_word' id='word_1_390' title='bbox 659 1936 684 1958; x_wconf 88' lang='lat' dir='ltr'>et</span> <span class='ocrx_word' id='word_1_391' title='bbox 695 1936 780 1958; x_wconf 87' lang='lat' dir='ltr'>cetera</span> <span class='ocrx_word' id='word_1_392' title='bbox 792 1930 851 1965; x_wconf 90' lang='lat' dir='ltr'>plc-</span> 
     </span>
     <span class='ocr_line' id='line_1_51' title="bbox 53 1966 851 2003; baseline 0.005 -12"><span class='ocrx_word' id='word_1_393' title='bbox 53 1974 86 1992; x_wconf 88' lang='lat' dir='ltr'>na</span> <span class='ocrx_word' id='word_1_394' title='bbox 99 1966 260 1997; x_wconf 76' lang='lat' dir='ltr'>severitatis,</span> <span class='ocrx_word' id='word_1_395' title='bbox 273 1974 341 2000; x_wconf 85' lang='lat' dir='ltr'>quae</span> <span class='ocrx_word' id='word_1_396' title='bbox 353 1968 470 1994; x_wconf 85' lang='lat' dir='ltr'>statuisti</span> <span class='ocrx_word' id='word_1_397' title='bbox 482 1968 509 1994; x_wconf 95' lang='lat' dir='ltr'>in</span> <span class='ocrx_word' id='word_1_398' title='bbox 522 1968 572 1994; x_wconf 84' lang='lat' dir='ltr'>ista</span> <span class='ocrx_word' id='word_1_399' title='bbox 583 1969 731 2003; x_wconf 88' lang='lat' dir='ltr'>provincia,</span> <span class='ocrx_word' id='word_1_400' title='bbox 746 1977 798 1995; x_wconf 92' lang='lat' dir='ltr'>non</span> <span class='ocrx_word' id='word_1_401' title='bbox 811 1967 851 1994; x_wconf 84' lang='lat' dir='ltr'>sa-</span> 
     </span>
     <span class='ocr_line' id='line_1_52' title="bbox 53 2002 852 2039; baseline 0.003 -10"><span class='ocrx_word' id='word_1_402' title='bbox 53 2002 104 2030; x_wconf 85' lang='lat' dir='ltr'>cile</span> <span class='ocrx_word' id='word_1_403' title='bbox 120 2003 179 2029; x_wconf 88' lang='lat' dir='ltr'>sine</span> <span class='ocrx_word' id='word_1_404' title='bbox 194 2012 300 2029; x_wconf 88' lang='lat' dir='ltr'>summa</span> <span class='ocrx_word' id='word_1_405' title='bbox 318 2003 467 2039; x_wconf 80' lang='lat' dir='ltr'>integritate</span> <span class='ocrx_word' id='word_1_406' title='bbox 479 2005 686 2031; x_wconf 80' lang='lat' dir='ltr'>sustineremus.</span> <span class='ocrx_word' id='word_1_407' title='bbox 717 2006 804 2038; x_wconf 85' lang='lat' dir='ltr'>Quare</span> <span class='ocrx_word' id='word_1_408' title='bbox 816 2006 852 2031; x_wconf 87' lang='lat' dir='ltr'>sit</span> 
     </span>
     <span class='ocr_line' id='line_1_53' title="bbox 53 2040 851 2073; baseline 0.004 -7"><span class='ocrx_word' id='word_1_409' title='bbox 53 2049 160 2067; x_wconf 86' lang='lat' dir='ltr'>summa</span> <span class='ocrx_word' id='word_1_410' title='bbox 171 2041 197 2066; x_wconf 91' lang='lat' dir='ltr'>in</span> <span class='ocrx_word' id='word_1_411' title='bbox 209 2041 267 2066; x_wconf 84' lang='lat' dir='ltr'>iure</span> <span class='ocrx_word' id='word_1_412' title='bbox 278 2040 396 2068; x_wconf 90' lang='lat' dir='ltr'>dicundo</span> <span class='ocrx_word' id='word_1_413' title='bbox 407 2042 545 2073; x_wconf 81' lang='lat' dir='ltr'>severitas,</span> <span class='ocrx_word' id='word_1_414' title='bbox 559 2042 706 2069; x_wconf 89' lang='lat' dir='ltr'>dummodo</span> <span class='ocrx_word' id='word_1_415' title='bbox 718 2051 747 2069; x_wconf 88' lang='lat' dir='ltr'>ea</span> <span class='ocrx_word' id='word_1_416' title='bbox 759 2051 792 2069; x_wconf 87' lang='lat' dir='ltr'>ne</span> <span class='ocrx_word' id='word_1_417' title='bbox 805 2051 851 2068; x_wconf 85' lang='lat' dir='ltr'>va-</span> 
     </span>
     <span class='ocr_line' id='line_1_54' title="bbox 53 2078 850 2114; baseline 0.003 -10"><span class='ocrx_word' id='word_1_418' title='bbox 53 2078 137 2104; x_wconf 87' lang='lat' dir='ltr'>rietur</span> <span class='ocrx_word' id='word_1_419' title='bbox 148 2078 241 2113; x_wconf 83' lang='lat' dir='ltr'>gratia,</span> <span class='ocrx_word' id='word_1_420' title='bbox 255 2078 302 2104; x_wconf 88' lang='lat' dir='ltr'>sed</span> <span class='ocrx_word' id='word_1_421' title='bbox 313 2083 487 2106; x_wconf 86' lang='lat' dir='ltr'>conservetur</span> <span class='ocrx_word' id='word_1_422' title='bbox 497 2079 658 2114; x_wconf 80' lang='lat' dir='ltr'>aequabilis.</span> <span class='ocrx_word' id='word_1_423' title='bbox 699 2080 750 2106; x_wconf 84' lang='lat' dir='ltr'>Sed</span> <span class='ocrx_word' id='word_1_424' title='bbox 763 2085 850 2106; x_wconf 80' lang='lat' dir='ltr'>tamen</span> 
     </span>
     <span class='ocr_line' id='line_1_55' title="bbox 52 2114 851 2152; baseline 0.004 -12"><span class='ocrx_word' id='word_1_425' title='bbox 52 2115 129 2150; x_wconf 90' lang='lat' dir='ltr'>parvi</span> <span class='ocrx_word' id='word_1_426' title='bbox 142 2114 222 2141; x_wconf 79' lang='lat' dir='ltr'>refert</span> <span class='ocrx_word' id='word_1_427' title='bbox 232 2115 280 2141; x_wconf 88' lang='lat' dir='ltr'>abs</span> <span class='ocrx_word' id='word_1_428' title='bbox 293 2120 316 2142; x_wconf 86' lang='lat' dir='ltr'>te</span> <span class='ocrx_word' id='word_1_429' title='bbox 330 2116 387 2150; x_wconf 82' lang='lat' dir='ltr'>ipso</span> <span class='ocrx_word' id='word_1_430' title='bbox 399 2117 441 2142; x_wconf 85' lang='lat' dir='ltr'>ius</span> <span class='ocrx_word' id='word_1_431' title='bbox 453 2116 507 2143; x_wconf 90' lang='lat' dir='ltr'>dici</span> <span class='ocrx_word' id='word_1_432' title='bbox 518 2117 851 2152; x_wconf 85' lang='lat' dir='ltr'>aequabiliteretdiligen-</span> 
     </span>
     <span class='ocr_line' id='line_1_56' title="bbox 55 2152 851 2188; baseline 0.004 -10"><span class='ocrx_word' id='word_1_433' title='bbox 55 2157 106 2184; x_wconf 88' lang='lat' dir='ltr'>ter,</span> <span class='ocrx_word' id='word_1_434' title='bbox 125 2153 177 2179; x_wconf 85' lang='lat' dir='ltr'>nisi</span> <span class='ocrx_word' id='word_1_435' title='bbox 190 2152 262 2179; x_wconf 89' lang='lat' dir='ltr'>idem</span> <span class='ocrx_word' id='word_1_436' title='bbox 273 2153 306 2178; x_wconf 83' lang='lat' dir='ltr'>ab</span> <span class='ocrx_word' id='word_1_437' title='bbox 320 2153 352 2179; x_wconf 83' lang='lat' dir='ltr'>iis</span> <span class='ocrx_word' id='word_1_438' title='bbox 365 2154 421 2184; x_wconf 79' lang='lat' dir='ltr'>liet.</span> <span class='ocrx_word' id='word_1_439' title='bbox 442 2154 544 2188; x_wconf 85' lang='lat' dir='ltr'>quibus</span> <span class='ocrx_word' id='word_1_440' title='bbox 556 2159 583 2181; x_wconf 89' lang='lat' dir='ltr'>tu</span> <span class='ocrx_word' id='word_1_441' title='bbox 595 2155 654 2181; x_wconf 88' lang='lat' dir='ltr'>eius</span> <span class='ocrx_word' id='word_1_442' title='bbox 666 2155 787 2181; x_wconf 80' lang='lat' dir='ltr'>muneris</span> <span class='ocrx_word' id='word_1_443' title='bbox 801 2154 851 2181; x_wconf 84' lang='lat' dir='ltr'>ali-</span> 
     </span>
     <span class='ocr_line' id='line_1_57' title="bbox 54 2191 851 2226; baseline 0.004 -11"><span class='ocrx_word' id='word_1_444' title='bbox 54 2197 135 2224; x_wconf 88' lang='lat' dir='ltr'>quam</span> <span class='ocrx_word' id='word_1_445' title='bbox 152 2194 254 2224; x_wconf 85' lang='lat' dir='ltr'>partem</span> <span class='ocrx_word' id='word_1_446' title='bbox 271 2191 446 2217; x_wconf 79' lang='lat' dir='ltr'>concesseris.</span> <span class='ocrx_word' id='word_1_447' title='bbox 488 2191 524 2217; x_wconf 82' lang='lat' dir='ltr'>Ac</span> <span class='ocrx_word' id='word_1_448' title='bbox 540 2192 607 2218; x_wconf 86' lang='lat' dir='ltr'>mihi</span> <span class='ocrx_word' id='word_1_449' title='bbox 619 2192 730 2226; x_wconf 84' lang='lat' dir='ltr'>quidem</span> <span class='ocrx_word' id='word_1_450' title='bbox 744 2191 851 2218; x_wconf 79' lang='lat' dir='ltr'>videtur</span> 
     </span>
     <span class='ocr_line' id='line_1_58' title="bbox 54 2228 851 2263; baseline 0.003 -10"><span class='ocrx_word' id='word_1_451' title='bbox 54 2235 106 2254; x_wconf 87' lang='lat' dir='ltr'>non</span> <span class='ocrx_word' id='word_1_452' title='bbox 121 2236 184 2253; x_wconf 87' lang='lat' dir='ltr'>sane</span> <span class='ocrx_word' id='word_1_453' title='bbox 199 2236 295 2263; x_wconf 88' lang='lat' dir='ltr'>magna</span> <span class='ocrx_word' id='word_1_454' title='bbox 311 2228 426 2254; x_wconf 81' lang='lat' dir='ltr'>varietas</span> <span class='ocrx_word' id='word_1_455' title='bbox 440 2237 500 2254; x_wconf 79' lang='lat' dir='ltr'>esse</span> <span class='ocrx_word' id='word_1_456' title='bbox 516 2230 682 2263; x_wconf 74' lang='lat' dir='ltr'>negotiorum</span> <span class='ocrx_word' id='word_1_457' title='bbox 695 2230 721 2256; x_wconf 93' lang='lat' dir='ltr'>in</span> <span class='ocrx_word' id='word_1_458' title='bbox 733 2230 851 2255; x_wconf 86' lang='lat' dir='ltr'>admini—</span> 
     </span>
     <span class='ocr_line' id='line_1_59' title="bbox 55 2264 851 2296; baseline 0.004 -6"><span class='ocrx_word' id='word_1_459' title='bbox 55 2264 161 2291; x_wconf 84' lang='lat' dir='ltr'>stranda</span> <span class='ocrx_word' id='word_1_460' title='bbox 176 2264 252 2296; x_wconf 76' lang='lat' dir='ltr'>Asia,</span> <span class='ocrx_word' id='word_1_461' title='bbox 269 2265 316 2291; x_wconf 79' lang='lat' dir='ltr'>sed</span> <span class='ocrx_word' id='word_1_462' title='bbox 331 2274 360 2291; x_wconf 82' lang='lat' dir='ltr'>ea</span> <span class='ocrx_word' id='word_1_463' title='bbox 376 2270 427 2292; x_wconf 87' lang='lat' dir='ltr'>tota</span> <span class='ocrx_word' id='word_1_464' title='bbox 443 2266 626 2292; x_wconf 68' lang='lat' dir='ltr'>iurisdictione</span> <span class='ocrx_word' id='word_1_465' title='bbox 639 2267 755 2293; x_wconf 87' lang='lat' dir='ltr'>maxime</span> <span class='ocrx_word' id='word_1_466' title='bbox 767 2267 851 2293; x_wconf 82' lang='lat' dir='ltr'>susti-</span> 
     </span>
     <span class='ocr_line' id='line_1_60' title="bbox 55 2302 850 2338; baseline 0.003 -10"><span class='ocrx_word' id='word_1_467' title='bbox 55 2302 122 2328; x_wconf 84' lang='lat' dir='ltr'>neri.</span> <span class='ocrx_word' id='word_1_468' title='bbox 164 2303 191 2328; x_wconf 91' lang='lat' dir='ltr'>ln</span> <span class='ocrx_word' id='word_1_469' title='bbox 212 2311 266 2337; x_wconf 89' lang='lat' dir='ltr'>qua</span> <span class='ocrx_word' id='word_1_470' title='bbox 280 2303 408 2329; x_wconf 68' lang='lat' dir='ltr'>scientiae</span> <span class='ocrx_word' id='word_1_471' title='bbox 423 2304 580 2337; x_wconf 79' lang='lat' dir='ltr'>praesertim</span> <span class='ocrx_word' id='word_1_472' title='bbox 596 2304 770 2338; x_wconf 80' lang='lat' dir='ltr'>provincialis</span> <span class='ocrx_word' id='word_1_473' title='bbox 785 2305 850 2330; x_wconf 85' lang='lat' dir='ltr'>ratio</span> 
     </span>
     <span class='ocr_line' id='line_1_61' title="bbox 56 2338 851 2376; baseline 0.003 -11"><span class='ocrx_word' id='word_1_474' title='bbox 56 2338 114 2373; x_wconf 77' lang='lat' dir='ltr'>ipsa</span> <span class='ocrx_word' id='word_1_475' title='bbox 125 2339 250 2374; x_wconf 85' lang='lat' dir='ltr'>expedita</span> <span class='ocrx_word' id='word_1_476' title='bbox 261 2345 314 2366; x_wconf 83' lang='lat' dir='ltr'>est:</span> <span class='ocrx_word' id='word_1_477' title='bbox 347 2341 494 2367; x_wconf 80' lang='lat' dir='ltr'>constantia</span> <span class='ocrx_word' id='word_1_478' title='bbox 509 2345 548 2367; x_wconf 75' lang='lat' dir='ltr'>est</span> <span class='ocrx_word' id='word_1_479' title='bbox 558 2340 711 2367; x_wconf 83' lang='lat' dir='ltr'>adhibenda</span> <span class='ocrx_word' id='word_1_480' title='bbox 723 2346 749 2368; x_wconf 83' lang='lat' dir='ltr'>et</span> <span class='ocrx_word' id='word_1_481' title='bbox 759 2342 851 2376; x_wconf 78' lang='lat' dir='ltr'>gravi-</span> 
     </span>
     <span class='ocr_line' id='line_1_62' title="bbox 56 2377 850 2412; baseline 0.003 -10"><span class='ocrx_word' id='word_1_482' title='bbox 56 2379 104 2407; x_wconf 66' lang='lat' dir='ltr'>tas,</span> <span class='ocrx_word' id='word_1_483' title='bbox 119 2384 188 2411; x_wconf 78' lang='lat' dir='ltr'>quae</span> <span class='ocrx_word' id='word_1_484' title='bbox 200 2378 306 2404; x_wconf 75' lang='lat' dir='ltr'>resistat</span> <span class='ocrx_word' id='word_1_485' title='bbox 318 2387 368 2404; x_wconf 91' lang='lat' dir='ltr'>nou</span> <span class='ocrx_word' id='word_1_486' title='bbox 381 2377 468 2403; x_wconf 85' lang='lat' dir='ltr'>solum</span> <span class='ocrx_word' id='word_1_487' title='bbox 482 2378 592 2412; x_wconf 75' lang='lat' dir='ltr'>gratiae,</span> <span class='ocrx_word' id='word_1_488' title='bbox 607 2387 699 2404; x_wconf 84' lang='lat' dir='ltr'>vorum</span> <span class='ocrx_word' id='word_1_489' title='bbox 712 2379 792 2405; x_wconf 82' lang='lat' dir='ltr'>etium</span> <span class='ocrx_word' id='word_1_490' title='bbox 804 2387 850 2404; x_wconf 81' lang='lat' dir='ltr'>su-</span> 
     </span>
     <span class='ocr_line' id='line_1_63' title="bbox 56 2413 851 2451; baseline 0.003 -12"><span class='ocrx_word' id='word_1_491' title='bbox 56 2413 180 2448; x_wconf 87' lang='lat' dir='ltr'>spicioni.</span> <span class='ocrx_word' id='word_1_492' title='bbox 217 2416 258 2441; x_wconf 66' lang='lat'>24.</span> <span class='ocrx_word' id='word_1_493' title='bbox 275 2414 453 2451; x_wconf 79' lang='lat' dir='ltr'>Adiungenda</span> <span class='ocrx_word' id='word_1_494' title='bbox 465 2416 545 2441; x_wconf 78' lang='lat' dir='ltr'>etiam</span> <span class='ocrx_word' id='word_1_495' title='bbox 557 2419 597 2442; x_wconf 76' lang='lat' dir='ltr'>cst</span> <span class='ocrx_word' id='word_1_496' title='bbox 610 2415 722 2442; x_wconf 82' lang='lat' dir='ltr'>facilitas</span> <span class='ocrx_word' id='word_1_497' title='bbox 736 2417 760 2442; x_wconf 89' lang='lat' dir='ltr'>in</span> <span class='ocrx_word' id='word_1_498' title='bbox 773 2415 851 2441; x_wconf 86' lang='lat' dir='ltr'>audi-</span> 
     </span>
     <span class='ocr_line' id='line_1_64' title="bbox 57 2449 850 2487; baseline 0.004 -11"><span class='ocrx_word' id='word_1_499' title='bbox 57 2449 133 2482; x_wconf 82' lang='lat' dir='ltr'>endo,</span> <span class='ocrx_word' id='word_1_500' title='bbox 147 2450 241 2478; x_wconf 89' lang='lat' dir='ltr'>lenitas</span> <span class='ocrx_word' id='word_1_501' title='bbox 254 2453 280 2478; x_wconf 89' lang='lat' dir='ltr'>in</span> <span class='ocrx_word' id='word_1_502' title='bbox 292 2452 470 2483; x_wconf 75' lang='lat' dir='ltr'>decernendo,</span> <span class='ocrx_word' id='word_1_503' title='bbox 485 2453 511 2478; x_wconf 93' lang='lat' dir='ltr'>in</span> <span class='ocrx_word' id='word_1_504' title='bbox 522 2452 711 2479; x_wconf 75' lang='lat' dir='ltr'>satisfaciendo</span> <span class='ocrx_word' id='word_1_505' title='bbox 718 2453 850 2487; x_wconf 73' lang='lat' dir='ltr'>acdispu-</span> 
     </span>
     <span class='ocr_line' id='line_1_65' title="bbox 57 2487 851 2524; baseline 0.003 -10"><span class='ocrx_word' id='word_1_506' title='bbox 57 2487 136 2514; x_wconf 75' lang='lat' dir='ltr'>tando</span> <span class='ocrx_word' id='word_1_507' title='bbox 146 2488 297 2524; x_wconf 75' lang='lat' dir='ltr'>diligentia.</span> <span class='ocrx_word' id='word_1_508' title='bbox 325 2490 370 2515; x_wconf 83' lang='lat' dir='ltr'>llis</span> <span class='ocrx_word' id='word_1_509' title='bbox 383 2490 462 2515; x_wconf 76' lang='lat' dir='ltr'>rebus</span> <span class='ocrx_word' id='word_1_510' title='bbox 475 2499 561 2524; x_wconf 83' lang='lat' dir='ltr'>nuper</span> <span class='ocrx_word' id='word_1_511' title='bbox 574 2490 601 2516; x_wconf 59' lang='lat' dir='ltr'>C:</span> <span class='ocrx_word' id='word_1_512' title='bbox 614 2491 741 2516; x_wconf 79' lang='lat' dir='ltr'>Octavius</span> <span class='ocrx_word' id='word_1_513' title='bbox 754 2491 851 2516; x_wconf 89' lang='lat' dir='ltr'>iucun-</span> 
     </span>
     <span class='ocr_line' id='line_1_66' title="bbox 57 2523 850 2562; baseline 0.005 -12"><span class='ocrx_word' id='word_1_514' title='bbox 57 2523 187 2551; x_wconf 84' lang='lat' dir='ltr'>dissimus</span> <span class='ocrx_word' id='word_1_515' title='bbox 200 2524 262 2553; x_wconf 79' lang='lat' dir='ltr'>fuit:</span> <span class='ocrx_word' id='word_1_516' title='bbox 285 2527 357 2561; x_wconf 87' lang='lat' dir='ltr'>apud</span> <span class='ocrx_word' id='word_1_517' title='bbox 369 2536 450 2562; x_wconf 85' lang='lat' dir='ltr'>quem</span> <span class='ocrx_word' id='word_1_518' title='bbox 463 2527 567 2561; x_wconf 77' lang='lat' dir='ltr'>primus</span> <span class='ocrx_word' id='word_1_519' title='bbox 583 2527 659 2554; x_wconf 88' lang='lat' dir='ltr'>lictor</span> <span class='ocrx_word' id='word_1_520' title='bbox 669 2527 788 2562; x_wconf 86' lang='lat' dir='ltr'>quievit,</span> <span class='ocrx_word' id='word_1_521' title='bbox 811 2532 850 2554; x_wconf 86' lang='lat' dir='ltr'>ta-</span> 
     </span>
     <span class='ocr_line' id='line_1_67' title="bbox 57 2561 850 2600; baseline 0.004 -13"><span class='ocrx_word' id='word_1_522' title='bbox 57 2561 114 2588; x_wconf 88' lang='lat' dir='ltr'>cuit</span> <span class='ocrx_word' id='word_1_523' title='bbox 123 2570 265 2594; x_wconf 75' lang='lat' dir='ltr'>accensus,</span> <span class='ocrx_word' id='word_1_524' title='bbox 292 2565 398 2598; x_wconf 83' lang='lat' dir='ltr'>quoties</span> <span class='ocrx_word' id='word_1_525' title='bbox 409 2565 526 2599; x_wconf 85' lang='lat' dir='ltr'>quisque</span> <span class='ocrx_word' id='word_1_526' title='bbox 540 2564 633 2595; x_wconf 77' lang='lat' dir='ltr'>voluit,</span> <span class='ocrx_word' id='word_1_527' title='bbox 649 2564 728 2595; x_wconf 81' lang='lat' dir='ltr'>dixit,</span> <span class='ocrx_word' id='word_1_528' title='bbox 737 2569 850 2600; x_wconf 78' lang='lat' dir='ltr'>etquam</span> 
     </span>
     <span class='ocr_line' id='line_1_68' title="bbox 59 2597 850 2633; baseline 0.005 -9"><span class='ocrx_word' id='word_1_529' title='bbox 59 2597 144 2626; x_wconf 77' lang='lat' dir='ltr'>voluit</span> <span class='ocrx_word' id='word_1_530' title='bbox 168 2599 225 2626; x_wconf 92' lang='lat' dir='ltr'>diu.</span> <span class='ocrx_word' id='word_1_531' title='bbox 266 2601 372 2633; x_wconf 82' lang='lat' dir='ltr'>Quibus</span> <span class='ocrx_word' id='word_1_532' title='bbox 393 2601 438 2628; x_wconf 87' lang='lat' dir='ltr'>ille</span> <span class='ocrx_word' id='word_1_533' title='bbox 459 2602 540 2627; x_wconf 86' lang='lat' dir='ltr'>rebus</span> <span class='ocrx_word' id='word_1_534' title='bbox 557 2601 666 2628; x_wconf 79' lang='lat' dir='ltr'>fortusse</span> <span class='ocrx_word' id='word_1_535' title='bbox 683 2603 765 2628; x_wconf 82' lang='lat' dir='ltr'>nimis</span> <span class='ocrx_word' id='word_1_536' title='bbox 783 2601 850 2628; x_wconf 86' lang='lat' dir='ltr'>lenis</span> 
     </span>
    </p>
   </div>
   <div class='ocr_carea' id='block_1_4' title="bbox 875 173 879 1128">
    <p class='ocr_par' dir='ltr' id='par_1_11' title="bbox 875 173 879 1128">
     <span class='ocr_line' id='line_1_69' title="bbox 875 173 879 1128; baseline 0 0"><span class='ocrx_word' id='word_1_537' title='bbox 875 173 879 1128; x_wconf 95' lang='lat' dir='ltr'> </span> 
     </span>
    </p>
   </div>
   <div class='ocr_carea' id='block_1_5' title="bbox 878 1407 881 2654">
    <p class='ocr_par' dir='ltr' id='par_1_12' title="bbox 878 1407 881 2654">
     <span class='ocr_line' id='line_1_70' title="bbox 878 1407 881 2654; baseline 0 0"><span class='ocrx_word' id='word_1_538' title='bbox 878 1407 881 2654; x_wconf 95' lang='lat' dir='ltr'> </span> 
     </span>
    </p>
   </div>
   <div class='ocr_carea' id='block_1_6' title="bbox 869 455 875 2665">
    <p class='ocr_par' dir='ltr' id='par_1_13' title="bbox 869 455 875 2665">
     <span class='ocr_line' id='line_1_71' title="bbox 869 455 875 2665; baseline 0 0"><span class='ocrx_word' id='word_1_539' title='bbox 869 455 875 2665; x_wconf 95' lang='lat' dir='ltr'> </span> 
     </span>
    </p>
   </div>
   <div class='ocr_carea' id='block_1_7' title="bbox 58 2634 848 2668">
    <p class='ocr_par' dir='ltr' id='par_1_14' title="bbox 58 2634 848 2668">
     <span class='ocr_line' id='line_1_72' title="bbox 58 2634 848 2668; baseline 0.005 -7"><span class='ocrx_word' id='word_1_540' title='bbox 58 2634 202 2668; x_wconf 84' lang='lat' dir='ltr'>videretur,</span> <span class='ocrx_word' id='word_1_541' title='bbox 217 2638 268 2664; x_wconf 85' lang='lat' dir='ltr'>nisi</span> <span class='ocrx_word' id='word_1_542' title='bbox 281 2638 344 2664; x_wconf 83' lang='lat' dir='ltr'>haec</span> <span class='ocrx_word' id='word_1_543' title='bbox 358 2638 452 2666; x_wconf 82' lang='lat' dir='ltr'>lenitus</span> <span class='ocrx_word' id='word_1_544' title='bbox 464 2639 848 2666; x_wconf 77' lang='lat' dir='ltr'>illamseveritatemtueretur.</span> 
     </span>
    </p>
   </div>
   <div class='ocr_carea' id='block_1_8' title="bbox 1645 105 1691 130">
    <p class='ocr_par' dir='ltr' id='par_1_15' title="bbox 1645 105 1691 130">
     <span class='ocr_line' id='line_1_73' title="bbox 1645 105 1691 130; baseline 0 -1"><span class='ocrx_word' id='word_1_545' title='bbox 1645 105 1691 130; x_wconf 84' lang='lat'>797</span> 
     </span>
    </p>
   </div>
   <div class='ocr_carea' id='block_1_9' title="bbox 899 173 1701 2678">
    <p class='ocr_par' dir='ltr' id='par_1_16' title="bbox 899 173 1701 2407">
     <span class='ocr_line' id='line_1_74' title="bbox 899 173 1694 209; baseline 0.001 -10"><span class='ocrx_word' id='word_1_546' title='bbox 899 173 1069 209; x_wconf 82' lang='lat' dir='ltr'>Cogebantur</span> <span class='ocrx_word' id='word_1_547' title='bbox 1079 173 1182 200; x_wconf 91' lang='lat' dir='ltr'>Sullani</span> <span class='ocrx_word' id='word_1_548' title='bbox 1194 173 1317 200; x_wconf 91' lang='lat' dir='ltr'>homines</span> <span class='ocrx_word' id='word_1_549' title='bbox 1325 195 1331 205; x_wconf 86' lang='lat'>‚</span> <span class='ocrx_word' id='word_1_550' title='bbox 1350 181 1419 208; x_wconf 89' lang='lat' dir='ltr'>quae</span> <span class='ocrx_word' id='word_1_551' title='bbox 1430 182 1478 208; x_wconf 90' lang='lat' dir='ltr'>per</span> <span class='ocrx_word' id='word_1_552' title='bbox 1489 174 1545 200; x_wconf 89' lang='lat' dir='ltr'>vim</span> <span class='ocrx_word' id='word_1_553' title='bbox 1557 179 1582 201; x_wconf 89' lang='lat' dir='ltr'>et</span> <span class='ocrx_word' id='word_1_554' title='bbox 1592 179 1694 200; x_wconf 88' lang='lat' dir='ltr'>metum</span> 
     </span>
     <span class='ocr_line' id='line_1_75' title="bbox 899 210 1694 246; baseline 0.001 -10"><span class='ocrx_word' id='word_1_555' title='bbox 899 210 1073 241; x_wconf 88' lang='lat' dir='ltr'>abstulerant,</span> <span class='ocrx_word' id='word_1_556' title='bbox 1087 210 1208 237; x_wconf 87' lang='lat' dir='ltr'>reddere.</span> <span class='ocrx_word' id='word_1_557' title='bbox 1245 210 1297 243; x_wconf 87' lang='lat' dir='ltr'>Qui</span> <span class='ocrx_word' id='word_1_558' title='bbox 1309 212 1336 237; x_wconf 92' lang='lat' dir='ltr'>in</span> <span class='ocrx_word' id='word_1_559' title='bbox 1348 211 1552 246; x_wconf 85' lang='lat' dir='ltr'>magistratibus</span> <span class='ocrx_word' id='word_1_560' title='bbox 1564 212 1694 238; x_wconf 89' lang='lat' dir='ltr'>iniuriose</span> 
     </span>
     <span class='ocr_line' id='line_1_76' title="bbox 899 248 1692 283; baseline 0.001 -10"><span class='ocrx_word' id='word_1_561' title='bbox 899 248 1080 279; x_wconf 77' lang='lat' dir='ltr'>decreverant,</span> <span class='ocrx_word' id='word_1_562' title='bbox 1093 248 1186 274; x_wconf 85' lang='lat' dir='ltr'>eodem</span> <span class='ocrx_word' id='word_1_563' title='bbox 1199 249 1266 283; x_wconf 91' lang='lat' dir='ltr'>ipsis</span> <span class='ocrx_word' id='word_1_564' title='bbox 1278 249 1390 283; x_wconf 90' lang='lat' dir='ltr'>privatis</span> <span class='ocrx_word' id='word_1_565' title='bbox 1402 253 1457 275; x_wconf 89' lang='lat' dir='ltr'>erat</span> <span class='ocrx_word' id='word_1_566' title='bbox 1468 248 1692 283; x_wconf 89' lang='lat' dir='ltr'>iureparendum.</span> 
     </span>
     <span class='ocr_line' id='line_1_77' title="bbox 899 285 1694 317; baseline 0.003 -7"><span class='ocrx_word' id='word_1_567' title='bbox 899 286 968 311; x_wconf 85' lang='lat' dir='ltr'>Haec</span> <span class='ocrx_word' id='word_1_568' title='bbox 989 285 1064 311; x_wconf 88' lang='lat' dir='ltr'>illius</span> <span class='ocrx_word' id='word_1_569' title='bbox 1085 286 1213 311; x_wconf 86' lang='lat' dir='ltr'>severitas</span> <span class='ocrx_word' id='word_1_570' title='bbox 1235 286 1329 312; x_wconf 85' lang='lat' dir='ltr'>acerba</span> <span class='ocrx_word' id='word_1_571' title='bbox 1350 285 1499 317; x_wconf 79' lang='lat' dir='ltr'>videretur,</span> <span class='ocrx_word' id='word_1_572' title='bbox 1527 287 1581 312; x_wconf 90' lang='lat' dir='ltr'>nisi</span> <span class='ocrx_word' id='word_1_573' title='bbox 1601 286 1694 312; x_wconf 85' lang='lat' dir='ltr'>multis</span> 
     </span>
     <span class='ocr_line' id='line_1_78' title="bbox 899 322 1694 358; baseline 0.003 -10"><span class='ocrx_word' id='word_1_574' title='bbox 899 322 1078 348; x_wconf 89' lang='lat' dir='ltr'>condimentis</span> <span class='ocrx_word' id='word_1_575' title='bbox 1109 323 1285 349; x_wconf 83' lang='lat' dir='ltr'>humanitatis</span> <span class='ocrx_word' id='word_1_576' title='bbox 1319 324 1496 358; x_wconf 86' lang='lat' dir='ltr'>mitigaretur.</span> <span class='ocrx_word' id='word_1_577' title='bbox 1542 325 1584 350; x_wconf 76' lang='lat'>22.</span> <span class='ocrx_word' id='word_1_578' title='bbox 1617 323 1694 355; x_wconf 86' lang='lat' dir='ltr'>Quod</span> 
     </span>
     <span class='ocr_line' id='line_1_79' title="bbox 899 359 1694 396; baseline 0.003 -11"><span class='ocrx_word' id='word_1_579' title='bbox 899 361 922 385; x_wconf 89' lang='lat' dir='ltr'>si</span> <span class='ocrx_word' id='word_1_580' title='bbox 940 360 1003 385; x_wconf 83' lang='lat' dir='ltr'>haec</span> <span class='ocrx_word' id='word_1_581' title='bbox 1020 359 1115 386; x_wconf 91' lang='lat' dir='ltr'>lenitas</span> <span class='ocrx_word' id='word_1_582' title='bbox 1130 365 1203 394; x_wconf 79' lang='lat' dir='ltr'>grata</span> <span class='ocrx_word' id='word_1_583' title='bbox 1215 361 1313 386; x_wconf 86' lang='lat' dir='ltr'>Romae</span> <span class='ocrx_word' id='word_1_584' title='bbox 1324 365 1376 391; x_wconf 89' lang='lat' dir='ltr'>est,</span> <span class='ocrx_word' id='word_1_585' title='bbox 1403 360 1450 386; x_wconf 92' lang='lat' dir='ltr'>ubi</span> <span class='ocrx_word' id='word_1_586' title='bbox 1462 365 1533 387; x_wconf 89' lang='lat' dir='ltr'>tanta</span> <span class='ocrx_word' id='word_1_587' title='bbox 1544 361 1694 396; x_wconf 80' lang='lat' dir='ltr'>arrogantia</span> 
     </span>
     <span class='ocr_line' id='line_1_80' title="bbox 899 397 1694 428; baseline 0.003 -6"><span class='ocrx_word' id='word_1_588' title='bbox 899 401 952 427; x_wconf 76' lang='lat' dir='ltr'>est,</span> <span class='ocrx_word' id='word_1_589' title='bbox 979 402 1031 423; x_wconf 88' lang='lat' dir='ltr'>tam</span> <span class='ocrx_word' id='word_1_590' title='bbox 1044 397 1216 423; x_wconf 86' lang='lat' dir='ltr'>immoderata</span> <span class='ocrx_word' id='word_1_591' title='bbox 1230 397 1350 428; x_wconf 87' lang='lat' dir='ltr'>libertas,</span> <span class='ocrx_word' id='word_1_592' title='bbox 1374 402 1426 424; x_wconf 84' lang='lat' dir='ltr'>tam</span> <span class='ocrx_word' id='word_1_593' title='bbox 1438 398 1541 424; x_wconf 80' lang='lat' dir='ltr'>infinita</span> <span class='ocrx_word' id='word_1_594' title='bbox 1553 398 1694 425; x_wconf 89' lang='lat' dir='ltr'>hominum</span> 
     </span>
     <span class='ocr_line' id='line_1_81' title="bbox 900 434 1694 470; baseline 0.003 -11"><span class='ocrx_word' id='word_1_595' title='bbox 900 434 1016 464; x_wconf 86' lang='lat' dir='ltr'>licentia,</span> <span class='ocrx_word' id='word_1_596' title='bbox 1030 434 1147 468; x_wconf 84' lang='lat' dir='ltr'>denique</span> <span class='ocrx_word' id='word_1_597' title='bbox 1159 440 1195 461; x_wconf 91' lang='lat' dir='ltr'>tot</span> <span class='ocrx_word' id='word_1_598' title='bbox 1206 435 1387 470; x_wconf 76' lang='lat' dir='ltr'>magistratus,</span> <span class='ocrx_word' id='word_1_599' title='bbox 1401 439 1437 461; x_wconf 87' lang='lat' dir='ltr'>tot</span> <span class='ocrx_word' id='word_1_600' title='bbox 1448 435 1558 466; x_wconf 77' lang='lat' dir='ltr'>auxilia,</span> <span class='ocrx_word' id='word_1_601' title='bbox 1571 440 1641 462; x_wconf 85' lang='lat' dir='ltr'>tanta</span> <span class='ocrx_word' id='word_1_602' title='bbox 1652 436 1694 461; x_wconf 85' lang='lat' dir='ltr'>vis</span> 
     </span>
     <span class='ocr_line' id='line_1_82' title="bbox 899 471 1694 508; baseline 0.003 -11"><span class='ocrx_word' id='word_1_603' title='bbox 899 471 1023 505; x_wconf 83' lang='lat' dir='ltr'>populi*,</span> <span class='ocrx_word' id='word_1_604' title='bbox 1054 476 1125 497; x_wconf 88' lang='lat' dir='ltr'>tanta</span> <span class='ocrx_word' id='word_1_605' title='bbox 1146 477 1255 498; x_wconf 88' lang='lat' dir='ltr'>senatus</span> <span class='ocrx_word' id='word_1_606' title='bbox 1276 473 1432 498; x_wconf 81' lang='lat' dir='ltr'>auctoritas:</span> <span class='ocrx_word' id='word_1_607' title='bbox 1474 482 1556 508; x_wconf 90' lang='lat' dir='ltr'>quam</span> <span class='ocrx_word' id='word_1_608' title='bbox 1577 472 1694 499; x_wconf 89' lang='lat' dir='ltr'>iucunda</span> 
     </span>
     <span class='ocr_line' id='line_1_83' title="bbox 900 508 1694 544; baseline 0.003 -10"><span class='ocrx_word' id='word_1_609' title='bbox 900 508 1006 534; x_wconf 87' lang='lat' dir='ltr'>tandem</span> <span class='ocrx_word' id='word_1_610' title='bbox 1023 509 1152 542; x_wconf 86' lang='lat' dir='ltr'>praetoris</span> <span class='ocrx_word' id='word_1_611' title='bbox 1168 510 1279 535; x_wconf 87' lang='lat' dir='ltr'>comitas</span> <span class='ocrx_word' id='word_1_612' title='bbox 1299 510 1325 535; x_wconf 94' lang='lat' dir='ltr'>in</span> <span class='ocrx_word' id='word_1_613' title='bbox 1337 510 1400 535; x_wconf 78' lang='lat' dir='ltr'>Asia</span> <span class='ocrx_word' id='word_1_614' title='bbox 1412 514 1498 544; x_wconf 87' lang='lat' dir='ltr'>potest</span> <span class='ocrx_word' id='word_1_615' title='bbox 1509 519 1568 536; x_wconf 88' lang='lat' dir='ltr'>esse</span> <span class='ocrx_word' id='word_1_616' title='bbox 1577 531 1583 541; x_wconf 88' lang='lat'>,</span> <span class='ocrx_word' id='word_1_617' title='bbox 1602 511 1629 536; x_wconf 94' lang='lat' dir='ltr'>in</span> <span class='ocrx_word' id='word_1_618' title='bbox 1641 519 1694 544; x_wconf 88' lang='lat' dir='ltr'>qua</span> 
     </span>
     <span class='ocr_line' id='line_1_84' title="bbox 900 546 1692 578; baseline 0.004 -7"><span class='ocrx_word' id='word_1_619' title='bbox 900 550 971 572; x_wconf 88' lang='lat' dir='ltr'>tanta</span> <span class='ocrx_word' id='word_1_620' title='bbox 991 546 1135 572; x_wconf 88' lang='lat' dir='ltr'>multitudo</span> <span class='ocrx_word' id='word_1_621' title='bbox 1151 547 1267 577; x_wconf 86' lang='lat' dir='ltr'>civium,</span> <span class='ocrx_word' id='word_1_622' title='bbox 1291 551 1361 573; x_wconf 88' lang='lat' dir='ltr'>tanta</span> <span class='ocrx_word' id='word_1_623' title='bbox 1377 548 1525 578; x_wconf 86' lang='lat' dir='ltr'>sociorum,</span> <span class='ocrx_word' id='word_1_624' title='bbox 1549 552 1586 574; x_wconf 90' lang='lat' dir='ltr'>tot</span> <span class='ocrx_word' id='word_1_625' title='bbox 1602 547 1692 577; x_wconf 65' lang='grc' dir='ltr'>ιιι-ὗες,</span> 
     </span>
     <span class='ocr_line' id='line_1_85' title="bbox 900 584 1695 611; baseline 0.004 -3"><span class='ocrx_word' id='word_1_626' title='bbox 900 587 937 609; x_wconf 86' lang='lat' dir='ltr'>tot</span> <span class='ocrx_word' id='word_1_627' title='bbox 956 584 1078 609; x_wconf 86' lang='lat' dir='ltr'>civitates</span> <span class='ocrx_word' id='word_1_628' title='bbox 1099 585 1180 609; x_wconf 91' lang='lat' dir='ltr'>unius</span> <span class='ocrx_word' id='word_1_629' title='bbox 1201 584 1319 610; x_wconf 88' lang='lat' dir='ltr'>hominis</span> <span class='ocrx_word' id='word_1_630' title='bbox 1343 589 1438 610; x_wconf 88' lang='lat' dir='ltr'>nutum</span> <span class='ocrx_word' id='word_1_631' title='bbox 1460 585 1617 611; x_wconf 77' lang='lat' dir='ltr'>intuentur?</span> <span class='ocrx_word' id='word_1_632' title='bbox 1648 584 1695 611; x_wconf 92' lang='lat' dir='ltr'>ubi</span> 
     </span>
     <span class='ocr_line' id='line_1_86' title="bbox 900 620 1695 656; baseline 0.004 -11"><span class='ocrx_word' id='word_1_633' title='bbox 900 620 1006 646; x_wconf 88' lang='lat' dir='ltr'>nullum</span> <span class='ocrx_word' id='word_1_634' title='bbox 1022 620 1155 652; x_wconf 68' lang='lat' dir='ltr'>auxil&#39;uim</span> <span class='ocrx_word' id='word_1_635' title='bbox 1171 626 1223 651; x_wconf 83' lang='lat' dir='ltr'>est,</span> <span class='ocrx_word' id='word_1_636' title='bbox 1242 621 1314 647; x_wconf 88' lang='lat' dir='ltr'>nulla</span> <span class='ocrx_word' id='word_1_637' title='bbox 1326 622 1496 656; x_wconf 82' lang='lat' dir='ltr'>conquestio,</span> <span class='ocrx_word' id='word_1_638' title='bbox 1514 622 1606 648; x_wconf 90' lang='lat' dir='ltr'>nullus</span> <span class='ocrx_word' id='word_1_639' title='bbox 1617 631 1695 648; x_wconf 85' lang='lat' dir='ltr'>sena-</span> 
     </span>
     <span class='ocr_line' id='line_1_87' title="bbox 900 657 1695 694; baseline 0.003 -11"><span class='ocrx_word' id='word_1_640' title='bbox 900 662 956 688; x_wconf 91' lang='lat' dir='ltr'>tus,</span> <span class='ocrx_word' id='word_1_641' title='bbox 978 657 1051 684; x_wconf 90' lang='lat' dir='ltr'>nulla</span> <span class='ocrx_word' id='word_1_642' title='bbox 1071 657 1182 684; x_wconf 80' lang='lat' dir='ltr'>concio‘?</span> <span class='ocrx_word' id='word_1_643' title='bbox 1211 658 1298 690; x_wconf 86' lang='lat' dir='ltr'>Quare</span> <span class='ocrx_word' id='word_1_644' title='bbox 1319 667 1403 693; x_wconf 90' lang='lat' dir='ltr'>quum</span> <span class='ocrx_word' id='word_1_645' title='bbox 1419 660 1560 694; x_wconf 81' lang='lat' dir='ltr'>permagni</span> <span class='ocrx_word' id='word_1_646' title='bbox 1577 660 1695 686; x_wconf 88' lang='lat' dir='ltr'>hominis</span> 
     </span>
     <span class='ocr_line' id='line_1_88' title="bbox 900 696 1695 729; baseline 0.004 -9"><span class='ocrx_word' id='word_1_647' title='bbox 900 699 953 725; x_wconf 89' lang='lat' dir='ltr'>est,</span> <span class='ocrx_word' id='word_1_648' title='bbox 979 700 1003 721; x_wconf 84' lang='lat' dir='ltr'>et</span> <span class='ocrx_word' id='word_1_649' title='bbox 1014 704 1099 729; x_wconf 90' lang='lat' dir='ltr'>quum</span> <span class='ocrx_word' id='word_1_650' title='bbox 1115 696 1173 729; x_wconf 87' lang='lat' dir='ltr'>ipsa</span> <span class='ocrx_word' id='word_1_651' title='bbox 1189 701 1283 722; x_wconf 84' lang='lat' dir='ltr'>natura</span> <span class='ocrx_word' id='word_1_652' title='bbox 1299 696 1442 726; x_wconf 85' lang='lat' dir='ltr'>moderati,</span> <span class='ocrx_word' id='word_1_653' title='bbox 1461 701 1517 722; x_wconf 88' lang='lat' dir='ltr'>tum</span> <span class='ocrx_word' id='word_1_654' title='bbox 1533 705 1595 723; x_wconf 88' lang='lat' dir='ltr'>vero</span> <span class='ocrx_word' id='word_1_655' title='bbox 1615 697 1695 723; x_wconf 89' lang='lat' dir='ltr'>etiam</span> 
     </span>
     <span class='ocr_line' id='line_1_89' title="bbox 900 731 1697 767; baseline 0.004 -10"><span class='ocrx_word' id='word_1_656' title='bbox 900 731 1020 758; x_wconf 90' lang='lat' dir='ltr'>doctrina</span> <span class='ocrx_word' id='word_1_657' title='bbox 1036 737 1115 767; x_wconf 89' lang='lat' dir='ltr'>atque</span> <span class='ocrx_word' id='word_1_658' title='bbox 1130 733 1292 767; x_wconf 90' lang='lat' dir='ltr'>optimarum</span> <span class='ocrx_word' id='word_1_659' title='bbox 1308 734 1405 759; x_wconf 89' lang='lat' dir='ltr'>artium</span> <span class='ocrx_word' id='word_1_660' title='bbox 1417 734 1515 760; x_wconf 88' lang='lat' dir='ltr'>studiis</span> <span class='ocrx_word' id='word_1_661' title='bbox 1526 734 1638 764; x_wconf 83' lang='lat' dir='ltr'>eruditi,</span> <span class='ocrx_word' id='word_1_662' title='bbox 1656 735 1697 760; x_wconf 84' lang='lat' dir='ltr'>sic</span> 
     </span>
     <span class='ocr_line' id='line_1_90' title="bbox 900 769 1696 805; baseline 0.003 -10"><span class='ocrx_word' id='word_1_663' title='bbox 900 777 929 795; x_wconf 88' lang='lat' dir='ltr'>se</span> <span class='ocrx_word' id='word_1_664' title='bbox 944 769 1073 795; x_wconf 85' lang='lat' dir='ltr'>adhibere</span> <span class='ocrx_word' id='word_1_665' title='bbox 1090 770 1117 795; x_wconf 96' lang='lat' dir='ltr'>in</span> <span class='ocrx_word' id='word_1_666' title='bbox 1133 774 1203 796; x_wconf 85' lang='lat' dir='ltr'>tanta</span> <span class='ocrx_word' id='word_1_667' title='bbox 1219 774 1361 804; x_wconf 81' lang='lat' dir='ltr'>potestate,</span> <span class='ocrx_word' id='word_1_668' title='bbox 1388 775 1417 796; x_wconf 89' lang='lat' dir='ltr'>ut</span> <span class='ocrx_word' id='word_1_669' title='bbox 1433 770 1506 796; x_wconf 90' lang='lat' dir='ltr'>nulla</span> <span class='ocrx_word' id='word_1_670' title='bbox 1517 770 1568 797; x_wconf 83' lang='lat' dir='ltr'>alia</span> <span class='ocrx_word' id='word_1_671' title='bbox 1580 776 1696 805; x_wconf 90' lang='lat' dir='ltr'>potestas</span> 
     </span>
     <span class='ocr_line' id='line_1_91' title="bbox 901 806 1696 844; baseline 0.004 -12"><span class='ocrx_word' id='word_1_672' title='bbox 901 806 988 837; x_wconf 78' lang='lat' dir='ltr'>abiis,</span> <span class='ocrx_word' id='word_1_673' title='bbox 1002 806 1103 841; x_wconf 89' lang='lat' dir='ltr'>quibus</span> <span class='ocrx_word' id='word_1_674' title='bbox 1115 807 1173 841; x_wconf 89' lang='lat' dir='ltr'>ipse</span> <span class='ocrx_word' id='word_1_675' title='bbox 1184 808 1293 842; x_wconf 86' lang='lat' dir='ltr'>praesit,</span> <span class='ocrx_word' id='word_1_676' title='bbox 1306 807 1483 833; x_wconf 84' lang='lat' dir='ltr'>desideretur.</span> <span class='ocrx_word' id='word_1_677' title='bbox 1510 808 1576 834; x_wconf 79' lang='lat' dir='ltr'>VIII.</span> <span class='ocrx_word' id='word_1_678' title='bbox 1590 810 1631 835; x_wconf 69' lang='lat'>23.</span> <span class='ocrx_word' id='word_1_679' title='bbox 1644 809 1696 844; x_wconf 72' lang='lat' dir='ltr'>Cy-</span> 
     </span>
     <span class='ocr_line' id='line_1_92' title="bbox 901 843 1694 880; baseline 0.004 -11"><span class='ocrx_word' id='word_1_680' title='bbox 901 852 947 870; x_wconf 93' lang='lat' dir='ltr'>rus</span> <span class='ocrx_word' id='word_1_681' title='bbox 959 843 1004 869; x_wconf 85' lang='lat' dir='ltr'>ille</span> <span class='ocrx_word' id='word_1_682' title='bbox 1016 853 1029 869; x_wconf 90' lang='lat' dir='ltr'>a</span> <span class='ocrx_word' id='word_1_683' title='bbox 1041 844 1217 878; x_wconf 81' lang='lat' dir='ltr'>Xenophonte</span> <span class='ocrx_word' id='word_1_684' title='bbox 1229 854 1280 871; x_wconf 91' lang='lat' dir='ltr'>non</span> <span class='ocrx_word' id='word_1_685' title='bbox 1292 844 1325 870; x_wconf 88' lang='lat' dir='ltr'>ad</span> <span class='ocrx_word' id='word_1_686' title='bbox 1337 845 1463 871; x_wconf 87' lang='lat' dir='ltr'>historiae</span> <span class='ocrx_word' id='word_1_687' title='bbox 1476 845 1555 871; x_wconf 80' lang='lat' dir='ltr'>fidem</span> <span class='ocrx_word' id='word_1_688' title='bbox 1567 846 1694 880; x_wconf 65' lang='lat' dir='ltr'>seriptus&#39;,</span> 
     </span>
     <span class='ocr_line' id='line_1_93' title="bbox 900 880 1696 918; baseline 0.003 -11"><span class='ocrx_word' id='word_1_689' title='bbox 900 881 947 907; x_wconf 90' lang='lat' dir='ltr'>sed</span> <span class='ocrx_word' id='word_1_690' title='bbox 962 881 995 908; x_wconf 88' lang='lat' dir='ltr'>ad</span> <span class='ocrx_word' id='word_1_691' title='bbox 1007 880 1125 916; x_wconf 81' lang='lat' dir='ltr'>effigiem</span> <span class='ocrx_word' id='word_1_692' title='bbox 1140 882 1203 908; x_wconf 90' lang='lat' dir='ltr'>iusti</span> <span class='ocrx_word' id='word_1_693' title='bbox 1215 882 1337 916; x_wconf 86' lang='lat' dir='ltr'>imperii:</span> <span class='ocrx_word' id='word_1_694' title='bbox 1370 883 1449 908; x_wconf 88' lang='lat' dir='ltr'>cuius</span> <span class='ocrx_word' id='word_1_695' title='bbox 1459 891 1566 908; x_wconf 87' lang='lat' dir='ltr'>summa</span> <span class='ocrx_word' id='word_1_696' title='bbox 1577 883 1696 918; x_wconf 82' lang='lat' dir='ltr'>gravitas</span> 
     </span>
     <span class='ocr_line' id='line_1_94' title="bbox 901 918 1693 956; baseline 0.004 -13"><span class='ocrx_word' id='word_1_697' title='bbox 901 918 934 944; x_wconf 87' lang='lat' dir='ltr'>ab</span> <span class='ocrx_word' id='word_1_698' title='bbox 946 918 991 944; x_wconf 92' lang='lat' dir='ltr'>illo</span> <span class='ocrx_word' id='word_1_699' title='bbox 1002 918 1499 954; x_wconf 81' lang='lat' dir='ltr'>pliilosophocumsingularicomitate</span> <span class='ocrx_word' id='word_1_700' title='bbox 1507 921 1693 956; x_wconf 87' lang='lat' dir='ltr'>coniungitur:</span> 
     </span>
     <span class='ocr_line' id='line_1_95' title="bbox 901 956 1697 990; baseline 0.003 -9"><span class='ocrx_word' id='word_1_701' title='bbox 901 956 979 990; x_wconf 90' lang='lat' dir='ltr'>(quos</span> <span class='ocrx_word' id='word_1_702' title='bbox 994 956 1105 990; x_wconf 85' lang='lat' dir='ltr'>quidem</span> <span class='ocrx_word' id='word_1_703' title='bbox 1122 956 1203 983; x_wconf 85' lang='lat' dir='ltr'>libros</span> <span class='ocrx_word' id='word_1_704' title='bbox 1218 966 1270 983; x_wconf 89' lang='lat' dir='ltr'>non</span> <span class='ocrx_word' id='word_1_705' title='bbox 1282 957 1340 982; x_wconf 86' lang='lat' dir='ltr'>sine</span> <span class='ocrx_word' id='word_1_706' title='bbox 1354 966 1449 983; x_wconf 83' lang='lat' dir='ltr'>caussa</span> <span class='ocrx_word' id='word_1_707' title='bbox 1463 962 1552 984; x_wconf 90' lang='lat' dir='ltr'>noster</span> <span class='ocrx_word' id='word_1_708' title='bbox 1567 957 1611 983; x_wconf 88' lang='lat' dir='ltr'>ille</span> <span class='ocrx_word' id='word_1_709' title='bbox 1625 957 1697 983; x_wconf 78' lang='lat' dir='ltr'>Afri-</span> 
     </span>
     <span class='ocr_line' id='line_1_96' title="bbox 901 993 1697 1029; baseline 0.003 -10"><span class='ocrx_word' id='word_1_710' title='bbox 901 1002 984 1019; x_wconf 90' lang='lat' dir='ltr'>canus</span> <span class='ocrx_word' id='word_1_711' title='bbox 1004 993 1036 1019; x_wconf 89' lang='lat' dir='ltr'>de</span> <span class='ocrx_word' id='word_1_712' title='bbox 1058 994 1184 1020; x_wconf 89' lang='lat' dir='ltr'>manibus</span> <span class='ocrx_word' id='word_1_713' title='bbox 1204 1003 1303 1029; x_wconf 89' lang='lat' dir='ltr'>ponere</span> <span class='ocrx_word' id='word_1_714' title='bbox 1319 1003 1372 1020; x_wconf 91' lang='lat' dir='ltr'>non</span> <span class='ocrx_word' id='word_1_715' title='bbox 1388 994 1503 1021; x_wconf 85' lang='lat' dir='ltr'>solebat:</span> <span class='ocrx_word' id='word_1_716' title='bbox 1536 995 1641 1021; x_wconf 88' lang='lat' dir='ltr'>nullum</span> <span class='ocrx_word' id='word_1_717' title='bbox 1658 1000 1697 1021; x_wconf 85' lang='lat' dir='ltr'>est</span> 
     </span>
     <span class='ocr_line' id='line_1_97' title="bbox 901 1031 1697 1068; baseline 0.003 -12"><span class='ocrx_word' id='word_1_718' title='bbox 901 1031 974 1056; x_wconf 92' lang='lat' dir='ltr'>enim</span> <span class='ocrx_word' id='word_1_719' title='bbox 988 1032 1209 1065; x_wconf 84' lang='lat' dir='ltr'>praetermissum</span> <span class='ocrx_word' id='word_1_720' title='bbox 1226 1032 1253 1058; x_wconf 95' lang='lat' dir='ltr'>in</span> <span class='ocrx_word' id='word_1_721' title='bbox 1265 1032 1307 1057; x_wconf 90' lang='lat' dir='ltr'>his</span> <span class='ocrx_word' id='word_1_722' title='bbox 1321 1031 1441 1058; x_wconf 82' lang='lat' dir='ltr'>officium</span> <span class='ocrx_word' id='word_1_723' title='bbox 1453 1032 1592 1068; x_wconf 88' lang='lat' dir='ltr'>diligentis</span> <span class='ocrx_word' id='word_1_724' title='bbox 1604 1037 1629 1059; x_wconf 87' lang='lat' dir='ltr'>et</span> <span class='ocrx_word' id='word_1_725' title='bbox 1640 1042 1697 1058; x_wconf 90' lang='lat' dir='ltr'>mo-</span> 
     </span>
     <span class='ocr_line' id='line_1_98' title="bbox 901 1068 1697 1104; baseline 0.003 -10"><span class='ocrx_word' id='word_1_726' title='bbox 901 1068 986 1094; x_wconf 88' lang='lat' dir='ltr'>derati</span> <span class='ocrx_word' id='word_1_727' title='bbox 1001 1068 1134 1104; x_wconf 89' lang='lat' dir='ltr'>imperii:)</span> <span class='ocrx_word' id='word_1_728' title='bbox 1148 1078 1246 1103; x_wconf 88' lang='lat' dir='ltr'>eaque,</span> <span class='ocrx_word' id='word_1_729' title='bbox 1264 1070 1287 1095; x_wconf 91' lang='lat' dir='ltr'>si</span> <span class='ocrx_word' id='word_1_730' title='bbox 1299 1069 1338 1095; x_wconf 89' lang='lat' dir='ltr'>sic</span> <span class='ocrx_word' id='word_1_731' title='bbox 1349 1069 1433 1096; x_wconf 90' lang='lat' dir='ltr'>coluit</span> <span class='ocrx_word' id='word_1_732' title='bbox 1444 1069 1502 1100; x_wconf 89' lang='lat' dir='ltr'>ille,</span> <span class='ocrx_word' id='word_1_733' title='bbox 1516 1071 1564 1104; x_wconf 90' lang='lat' dir='ltr'>qui</span> <span class='ocrx_word' id='word_1_734' title='bbox 1576 1071 1697 1104; x_wconf 89' lang='lat' dir='ltr'>privatus</span> 
     </span>
     <span class='ocr_line' id='line_1_99' title="bbox 902 1105 1696 1141; baseline 0.003 -10"><span class='ocrx_word' id='word_1_735' title='bbox 902 1105 1010 1132; x_wconf 78' lang='lat' dir='ltr'>futurus</span> <span class='ocrx_word' id='word_1_736' title='bbox 1037 1115 1186 1141; x_wconf 85' lang='lat' dir='ltr'>numquam</span> <span class='ocrx_word' id='word_1_737' title='bbox 1208 1106 1272 1139; x_wconf 82' lang='lat' dir='ltr'>fuit;</span> <span class='ocrx_word' id='word_1_738' title='bbox 1310 1115 1428 1141; x_wconf 90' lang='lat' dir='ltr'>quonam</span> <span class='ocrx_word' id='word_1_739' title='bbox 1452 1107 1532 1133; x_wconf 88' lang='lat' dir='ltr'>modo</span> <span class='ocrx_word' id='word_1_740' title='bbox 1558 1107 1696 1134; x_wconf 82' lang='lat' dir='ltr'>retinenda</span> 
     </span>
     <span class='ocr_line' id='line_1_100' title="bbox 902 1143 1698 1178; baseline 0.004 -10"><span class='ocrx_word' id='word_1_741' title='bbox 902 1147 965 1169; x_wconf 91' lang='lat' dir='ltr'>sunt</span> <span class='ocrx_word' id='word_1_742' title='bbox 981 1143 1028 1174; x_wconf 89' lang='lat' dir='ltr'>iis,</span> <span class='ocrx_word' id='word_1_743' title='bbox 1051 1144 1152 1178; x_wconf 88' lang='lat' dir='ltr'>quibus</span> <span class='ocrx_word' id='word_1_744' title='bbox 1170 1144 1315 1178; x_wconf 89' lang='lat' dir='ltr'>imperium</span> <span class='ocrx_word' id='word_1_745' title='bbox 1331 1145 1366 1170; x_wconf 88' lang='lat' dir='ltr'>ita</span> <span class='ocrx_word' id='word_1_746' title='bbox 1382 1144 1474 1170; x_wconf 84' lang='lat' dir='ltr'>datum</span> <span class='ocrx_word' id='word_1_747' title='bbox 1491 1149 1544 1175; x_wconf 88' lang='lat' dir='ltr'>est,</span> <span class='ocrx_word' id='word_1_748' title='bbox 1562 1149 1591 1171; x_wconf 92' lang='lat' dir='ltr'>ut</span> <span class='ocrx_word' id='word_1_749' title='bbox 1602 1144 1698 1171; x_wconf 87' lang='lat' dir='ltr'>redde-</span> 
     </span>
     <span class='ocr_line' id='line_1_101' title="bbox 902 1181 1698 1217; baseline 0.003 -11"><span class='ocrx_word' id='word_1_750' title='bbox 902 1184 973 1211; x_wconf 88' lang='lat' dir='ltr'>rent,</span> <span class='ocrx_word' id='word_1_751' title='bbox 995 1185 1020 1206; x_wconf 88' lang='lat' dir='ltr'>et</span> <span class='ocrx_word' id='word_1_752' title='bbox 1035 1181 1068 1206; x_wconf 86' lang='lat' dir='ltr'>ab</span> <span class='ocrx_word' id='word_1_753' title='bbox 1085 1181 1127 1207; x_wconf 89' lang='lat' dir='ltr'>his</span> <span class='ocrx_word' id='word_1_754' title='bbox 1140 1181 1246 1217; x_wconf 81' lang='lat' dir='ltr'>legibus</span> <span class='ocrx_word' id='word_1_755' title='bbox 1258 1181 1351 1208; x_wconf 88' lang='lat' dir='ltr'>datum</span> <span class='ocrx_word' id='word_1_756' title='bbox 1363 1186 1415 1213; x_wconf 85' lang='lat' dir='ltr'>est,</span> <span class='ocrx_word' id='word_1_757' title='bbox 1438 1181 1471 1207; x_wconf 93' lang='lat' dir='ltr'>ad</span> <span class='ocrx_word' id='word_1_758' title='bbox 1483 1191 1550 1216; x_wconf 86' lang='lat' dir='ltr'>quas</span> <span class='ocrx_word' id='word_1_759' title='bbox 1562 1187 1698 1209; x_wconf 84' lang='lat' dir='ltr'>reverten-</span> 
     </span>
     <span class='ocr_line' id='line_1_102' title="bbox 901 1217 1697 1253; baseline 0.004 -10"><span class='ocrx_word' id='word_1_760' title='bbox 901 1217 967 1243; x_wconf 89' lang='lat' dir='ltr'>dum</span> <span class='ocrx_word' id='word_1_761' title='bbox 983 1217 1040 1244; x_wconf 79' lang='lat' dir='ltr'>est‘?</span> <span class='ocrx_word' id='word_1_762' title='bbox 1078 1219 1119 1245; x_wconf 71' lang='lat'>24.</span> <span class='ocrx_word' id='word_1_763' title='bbox 1144 1218 1181 1244; x_wconf 84' lang='lat' dir='ltr'>Ac</span> <span class='ocrx_word' id='word_1_764' title='bbox 1197 1219 1265 1245; x_wconf 88' lang='lat' dir='ltr'>mihi</span> <span class='ocrx_word' id='word_1_765' title='bbox 1281 1219 1392 1253; x_wconf 91' lang='lat' dir='ltr'>quidem</span> <span class='ocrx_word' id='word_1_766' title='bbox 1411 1219 1535 1245; x_wconf 87' lang='lat' dir='ltr'>videntur</span> <span class='ocrx_word' id='word_1_767' title='bbox 1545 1219 1598 1245; x_wconf 85' lang='lat' dir='ltr'>huc</span> <span class='ocrx_word' id='word_1_768' title='bbox 1609 1221 1697 1246; x_wconf 85' lang='lat' dir='ltr'>omnia</span> 
     </span>
     <span class='ocr_line' id='line_1_103' title="bbox 901 1254 1699 1291; baseline 0.003 -10"><span class='ocrx_word' id='word_1_769' title='bbox 901 1263 960 1281; x_wconf 86' lang='lat' dir='ltr'>esse</span> <span class='ocrx_word' id='word_1_770' title='bbox 972 1254 1110 1282; x_wconf 85' lang='lat' dir='ltr'>reserenda</span> <span class='ocrx_word' id='word_1_771' title='bbox 1122 1256 1165 1287; x_wconf 90' lang='lat' dir='ltr'>iis,</span> <span class='ocrx_word' id='word_1_772' title='bbox 1178 1256 1435 1291; x_wconf 83' lang='lat' dir='ltr'>quipraesuntaliis,</span> <span class='ocrx_word' id='word_1_773' title='bbox 1444 1257 1506 1287; x_wconf 89' lang='lat' dir='ltr'>utii,</span> <span class='ocrx_word' id='word_1_774' title='bbox 1516 1257 1699 1291; x_wconf 87' lang='lat' dir='ltr'>quierunteo-</span> 
     </span>
     <span class='ocr_line' id='line_1_104' title="bbox 902 1293 1699 1328; baseline 0.004 -10"><span class='ocrx_word' id='word_1_775' title='bbox 902 1301 962 1318; x_wconf 88' lang='lat' dir='ltr'>rum</span> <span class='ocrx_word' id='word_1_776' title='bbox 978 1293 1005 1318; x_wconf 92' lang='lat' dir='ltr'>in</span> <span class='ocrx_word' id='word_1_777' title='bbox 1021 1293 1147 1327; x_wconf 85' lang='lat' dir='ltr'>imperio,</span> <span class='ocrx_word' id='word_1_778' title='bbox 1166 1294 1220 1320; x_wconf 91' lang='lat' dir='ltr'>sint</span> <span class='ocrx_word' id='word_1_779' title='bbox 1235 1302 1317 1328; x_wconf 91' lang='lat' dir='ltr'>quam</span> <span class='ocrx_word' id='word_1_780' title='bbox 1328 1294 1493 1319; x_wconf 87' lang='lat' dir='ltr'>beatissimi:</span> <span class='ocrx_word' id='word_1_781' title='bbox 1525 1294 1598 1328; x_wconf 90' lang='lat' dir='ltr'>quod</span> <span class='ocrx_word' id='word_1_782' title='bbox 1610 1295 1659 1321; x_wconf 87' lang='lat' dir='ltr'>tibi</span> <span class='ocrx_word' id='word_1_783' title='bbox 1673 1300 1699 1321; x_wconf 83' lang='lat' dir='ltr'>et</span> 
     </span>
     <span class='ocr_line' id='line_1_105' title="bbox 901 1330 1697 1366; baseline 0.003 -11"><span class='ocrx_word' id='word_1_784' title='bbox 901 1338 960 1355; x_wconf 85' lang='lat' dir='ltr'>esse</span> <span class='ocrx_word' id='word_1_785' title='bbox 982 1330 1218 1365; x_wconf 74' lang='lat' dir='ltr'>antiquissimum,</span> <span class='ocrx_word' id='word_1_786' title='bbox 1237 1336 1262 1357; x_wconf 90' lang='lat' dir='ltr'>et</span> <span class='ocrx_word' id='word_1_787' title='bbox 1277 1331 1310 1357; x_wconf 88' lang='lat' dir='ltr'>ab</span> <span class='ocrx_word' id='word_1_788' title='bbox 1326 1331 1403 1357; x_wconf 90' lang='lat' dir='ltr'>initio</span> <span class='ocrx_word' id='word_1_789' title='bbox 1419 1330 1516 1361; x_wconf 80' lang='lat' dir='ltr'>fuisse,</span> <span class='ocrx_word' id='word_1_790' title='bbox 1535 1336 1564 1358; x_wconf 91' lang='lat' dir='ltr'>ut</span> <span class='ocrx_word' id='word_1_791' title='bbox 1578 1332 1697 1366; x_wconf 91' lang='lat' dir='ltr'>primum</span> 
     </span>
     <span class='ocr_line' id='line_1_106' title="bbox 902 1367 1699 1403; baseline 0.004 -11"><span class='ocrx_word' id='word_1_792' title='bbox 902 1367 992 1393; x_wconf 83' lang='lat' dir='ltr'>Asiam</span> <span class='ocrx_word' id='word_1_793' title='bbox 1005 1368 1127 1403; x_wconf 85' lang='lat' dir='ltr'>attigisti,</span> <span class='ocrx_word' id='word_1_794' title='bbox 1140 1373 1276 1395; x_wconf 86' lang='lat' dir='ltr'>constante</span> <span class='ocrx_word' id='word_1_795' title='bbox 1290 1368 1357 1394; x_wconf 81' lang='lat' dir='ltr'>fama</span> <span class='ocrx_word' id='word_1_796' title='bbox 1373 1373 1452 1403; x_wconf 83' lang='lat' dir='ltr'>atque</span> <span class='ocrx_word' id='word_1_797' title='bbox 1463 1369 1584 1394; x_wconf 91' lang='lat' dir='ltr'>omnium</span> <span class='ocrx_word' id='word_1_798' title='bbox 1596 1378 1699 1395; x_wconf 89' lang='lat' dir='ltr'>sermo-</span> 
     </span>
     <span class='ocr_line' id='line_1_107' title="bbox 902 1404 1695 1433; baseline 0.003 -3"><span class='ocrx_word' id='word_1_799' title='bbox 902 1413 935 1430; x_wconf 88' lang='lat' dir='ltr'>ne</span> <span class='ocrx_word' id='word_1_800' title='bbox 965 1404 1130 1431; x_wconf 84' lang='lat' dir='ltr'>cclebratum</span> <span class='ocrx_word' id='word_1_801' title='bbox 1160 1410 1209 1432; x_wconf 89' lang='lat' dir='ltr'>est.</span> <span class='ocrx_word' id='word_1_802' title='bbox 1250 1406 1298 1432; x_wconf 84' lang='lat' dir='ltr'>Est</span> <span class='ocrx_word' id='word_1_803' title='bbox 1322 1410 1411 1432; x_wconf 80' lang='lat' dir='ltr'>autem</span> <span class='ocrx_word' id='word_1_804' title='bbox 1438 1415 1489 1432; x_wconf 90' lang='lat' dir='ltr'>non</span> <span class='ocrx_word' id='word_1_805' title='bbox 1524 1405 1602 1432; x_wconf 91' lang='lat' dir='ltr'>modo</span> <span class='ocrx_word' id='word_1_806' title='bbox 1627 1407 1695 1433; x_wconf 86' lang='lat' dir='ltr'>eius.</span> 
     </span>
     <span class='ocr_line' id='line_1_108' title="bbox 902 1442 1698 1478; baseline 0.003 -10"><span class='ocrx_word' id='word_1_807' title='bbox 902 1442 949 1477; x_wconf 89' lang='lat' dir='ltr'>qui</span> <span class='ocrx_word' id='word_1_808' title='bbox 961 1443 1042 1468; x_wconf 86' lang='lat' dir='ltr'>sociis</span> <span class='ocrx_word' id='word_1_809' title='bbox 1054 1447 1079 1468; x_wconf 90' lang='lat' dir='ltr'>et</span> <span class='ocrx_word' id='word_1_810' title='bbox 1090 1443 1212 1474; x_wconf 82' lang='lat' dir='ltr'>civibus,</span> <span class='ocrx_word' id='word_1_811' title='bbox 1231 1443 1368 1469; x_wconf 87' lang='lat' dir='ltr'>sedetiam</span> <span class='ocrx_word' id='word_1_812' title='bbox 1384 1443 1457 1473; x_wconf 78' lang='lat' dir='ltr'>cius,</span> <span class='ocrx_word' id='word_1_813' title='bbox 1477 1444 1524 1478; x_wconf 87' lang='lat' dir='ltr'>qui</span> <span class='ocrx_word' id='word_1_814' title='bbox 1536 1444 1636 1474; x_wconf 76' lang='lat' dir='ltr'>servis,</span> <span class='ocrx_word' id='word_1_815' title='bbox 1650 1445 1698 1478; x_wconf 90' lang='lat' dir='ltr'>qui</span> 
     </span>
     <span class='ocr_line' id='line_1_109' title="bbox 903 1480 1698 1515; baseline 0.003 -10"><span class='ocrx_word' id='word_1_816' title='bbox 903 1480 985 1505; x_wconf 88' lang='lat' dir='ltr'>mutis</span> <span class='ocrx_word' id='word_1_817' title='bbox 996 1480 1148 1514; x_wconf 85' lang='lat' dir='ltr'>pecudibus</span> <span class='ocrx_word' id='word_1_818' title='bbox 1160 1481 1268 1515; x_wconf 85' lang='lat' dir='ltr'>praesit,</span> <span class='ocrx_word' id='word_1_819' title='bbox 1284 1490 1386 1511; x_wconf 86' lang='lat' dir='ltr'>eorum,</span> <span class='ocrx_word' id='word_1_820' title='bbox 1399 1481 1615 1515; x_wconf 81' lang='lat' dir='ltr'>quibuspraesit,</span> <span class='ocrx_word' id='word_1_821' title='bbox 1625 1490 1698 1507; x_wconf 79' lang='lat' dir='ltr'>com—</span> 
     </span>
     <span class='ocr_line' id='line_1_110' title="bbox 902 1517 1699 1553; baseline 0.003 -11"><span class='ocrx_word' id='word_1_822' title='bbox 902 1517 989 1543; x_wconf 87' lang='lat' dir='ltr'>modis</span> <span class='ocrx_word' id='word_1_823' title='bbox 1001 1517 1164 1553; x_wconf 84' lang='lat' dir='ltr'>utilitatique</span> <span class='ocrx_word' id='word_1_824' title='bbox 1176 1519 1288 1545; x_wconf 84' lang='lat' dir='ltr'>servire.</span> <span class='ocrx_word' id='word_1_825' title='bbox 1328 1520 1370 1544; x_wconf 65' lang='lat'>25.</span> <span class='ocrx_word' id='word_1_826' title='bbox 1379 1518 1463 1545; x_wconf 78' lang='lat' dir='ltr'>Cuius</span> <span class='ocrx_word' id='word_1_827' title='bbox 1474 1518 1585 1553; x_wconf 85' lang='lat' dir='ltr'>quidem</span> <span class='ocrx_word' id='word_1_828' title='bbox 1592 1520 1699 1553; x_wconf 75' lang='lat' dir='ltr'>generis.</span> 
     </span>
     <span class='ocr_line' id='line_1_111' title="bbox 901 1555 1698 1582; baseline 0.003 -2"><span class='ocrx_word' id='word_1_829' title='bbox 901 1559 1022 1580; x_wconf 83' lang='lat' dir='ltr'>constare</span> <span class='ocrx_word' id='word_1_830' title='bbox 1040 1555 1108 1581; x_wconf 77' lang='lat' dir='ltr'>inte-r</span> <span class='ocrx_word' id='word_1_831' title='bbox 1123 1564 1216 1582; x_wconf 83' lang='lat' dir='ltr'>omnes</span> <span class='ocrx_word' id='word_1_832' title='bbox 1233 1555 1311 1582; x_wconf 74' lang='lat' dir='ltr'>video</span> <span class='ocrx_word' id='word_1_833' title='bbox 1327 1555 1375 1581; x_wconf 83' lang='lat' dir='ltr'>abs</span> <span class='ocrx_word' id='word_1_834' title='bbox 1391 1560 1414 1581; x_wconf 79' lang='lat' dir='ltr'>te</span> <span class='ocrx_word' id='word_1_835' title='bbox 1426 1564 1561 1581; x_wconf 83' lang='lat' dir='ltr'>summam</span> <span class='ocrx_word' id='word_1_836' title='bbox 1573 1556 1698 1582; x_wconf 83' lang='lat' dir='ltr'>adhiberi</span> 
     </span>
     <span class='ocr_line' id='line_1_112' title="bbox 901 1591 1698 1627; baseline 0.003 -10"><span class='ocrx_word' id='word_1_837' title='bbox 901 1591 1085 1627; x_wconf 84' lang='lat' dir='ltr'>diligentiam:</span> <span class='ocrx_word' id='word_1_838' title='bbox 1119 1593 1225 1619; x_wconf 91' lang='lat' dir='ltr'>nullum</span> <span class='ocrx_word' id='word_1_839' title='bbox 1251 1602 1295 1619; x_wconf 86' lang='lat' dir='ltr'>aes</span> <span class='ocrx_word' id='word_1_840' title='bbox 1316 1593 1434 1619; x_wconf 78' lang='lat' dir='ltr'>alienum</span> <span class='ocrx_word' id='word_1_841' title='bbox 1457 1602 1556 1619; x_wconf 84' lang='lat' dir='ltr'>novum</span> <span class='ocrx_word' id='word_1_842' title='bbox 1577 1593 1698 1619; x_wconf 75' lang='lat' dir='ltr'>contrahi</span> 
     </span>
     <span class='ocr_line' id='line_1_113' title="bbox 902 1629 1699 1665; baseline 0.003 -10"><span class='ocrx_word' id='word_1_843' title='bbox 902 1629 1073 1656; x_wconf 82' lang='lat' dir='ltr'>civitatibus:</span> <span class='ocrx_word' id='word_1_844' title='bbox 1099 1635 1188 1657; x_wconf 82' lang='lat' dir='ltr'>vetere</span> <span class='ocrx_word' id='word_1_845' title='bbox 1204 1635 1293 1657; x_wconf 89' lang='lat' dir='ltr'>autem</span> <span class='ocrx_word' id='word_1_846' title='bbox 1309 1639 1405 1665; x_wconf 88' lang='lat' dir='ltr'>magno</span> <span class='ocrx_word' id='word_1_847' title='bbox 1417 1635 1442 1657; x_wconf 79' lang='lat' dir='ltr'>et</span> <span class='ocrx_word' id='word_1_848' title='bbox 1452 1631 1529 1665; x_wconf 77' lang='lat' dir='ltr'>gravi</span> <span class='ocrx_word' id='word_1_849' title='bbox 1541 1630 1639 1657; x_wconf 78' lang='lat' dir='ltr'>multas</span> <span class='ocrx_word' id='word_1_850' title='bbox 1651 1630 1699 1657; x_wconf 78' lang='lat' dir='ltr'>abs</span> 
     </span>
     <span class='ocr_line' id='line_1_114' title="bbox 903 1667 1699 1703; baseline 0.001 -11"><span class='ocrx_word' id='word_1_851' title='bbox 903 1672 927 1693; x_wconf 88' lang='lat' dir='ltr'>te</span> <span class='ocrx_word' id='word_1_852' title='bbox 943 1676 1001 1693; x_wconf 84' lang='lat' dir='ltr'>esse</span> <span class='ocrx_word' id='word_1_853' title='bbox 1021 1667 1160 1694; x_wconf 82' lang='lat' dir='ltr'>liberatas:</span> <span class='ocrx_word' id='word_1_854' title='bbox 1183 1668 1264 1694; x_wconf 85' lang='lat' dir='ltr'>urbes</span> <span class='ocrx_word' id='word_1_855' title='bbox 1275 1668 1442 1702; x_wconf 76' lang='lat' dir='ltr'>complures,</span> <span class='ocrx_word' id='word_1_856' title='bbox 1460 1668 1563 1693; x_wconf 83' lang='lat' dir='ltr'>dirutas</span> <span class='ocrx_word' id='word_1_857' title='bbox 1575 1677 1604 1694; x_wconf 81' lang='lat' dir='ltr'>ac</span> <span class='ocrx_word' id='word_1_858' title='bbox 1616 1677 1699 1703; x_wconf 83' lang='lat' dir='ltr'>paene</span> 
     </span>
     <span class='ocr_line' id='line_1_115' title="bbox 901 1704 1699 1740; baseline 0.001 -10"><span class='ocrx_word' id='word_1_859' title='bbox 901 1704 1034 1735; x_wconf 80' lang='lat' dir='ltr'>desertas,</span> <span class='ocrx_word' id='word_1_860' title='bbox 1053 1705 1088 1740; x_wconf 86' lang='lat' dir='ltr'>(in</span> <span class='ocrx_word' id='word_1_861' title='bbox 1101 1706 1203 1740; x_wconf 84' lang='lat' dir='ltr'>quibus</span> <span class='ocrx_word' id='word_1_862' title='bbox 1215 1715 1295 1732; x_wconf 90' lang='lat' dir='ltr'>unam</span> <span class='ocrx_word' id='word_1_863' title='bbox 1309 1706 1395 1731; x_wconf 77' lang='lat' dir='ltr'>Ioniae</span> <span class='ocrx_word' id='word_1_864' title='bbox 1409 1705 1605 1731; x_wconf 77' lang='lat' dir='ltr'>nobilissimum</span> <span class='ocrx_word' id='word_1_865' title='bbox 1615 1727 1620 1736; x_wconf 90' lang='lat'>,</span> <span class='ocrx_word' id='word_1_866' title='bbox 1634 1705 1699 1732; x_wconf 83' lang='lat' dir='ltr'>alte-</span> 
     </span>
     <span class='ocr_line' id='line_1_116' title="bbox 902 1742 1700 1777; baseline 0.001 -10"><span class='ocrx_word' id='word_1_867' title='bbox 902 1750 957 1768; x_wconf 85' lang='lat' dir='ltr'>ram</span> <span class='ocrx_word' id='word_1_868' title='bbox 970 1742 1071 1774; x_wconf 78' lang='lat' dir='ltr'>Cariae,</span> <span class='ocrx_word' id='word_1_869' title='bbox 1085 1742 1195 1769; x_wconf 62' lang='lat' dir='ltr'>Samum</span> <span class='ocrx_word' id='word_1_870' title='bbox 1207 1748 1232 1769; x_wconf 81' lang='lat' dir='ltr'>et</span> <span class='ocrx_word' id='word_1_871' title='bbox 1247 1742 1483 1777; x_wconf 74' lang='lat' dir='ltr'>Halicarnassum.)</span> <span class='ocrx_word' id='word_1_872' title='bbox 1495 1752 1542 1777; x_wconf 79' lang='lat' dir='ltr'>per</span> <span class='ocrx_word' id='word_1_873' title='bbox 1553 1748 1576 1769; x_wconf 87' lang='lat' dir='ltr'>te</span> <span class='ocrx_word' id='word_1_874' title='bbox 1591 1752 1649 1769; x_wconf 82' lang='lat' dir='ltr'>esse</span> <span class='ocrx_word' id='word_1_875' title='bbox 1657 1751 1700 1769; x_wconf 92' lang='lat' dir='ltr'>re-</span> 
     </span>
     <span class='ocr_line' id='line_1_117' title="bbox 901 1780 1699 1815; baseline 0.001 -10"><span class='ocrx_word' id='word_1_876' title='bbox 901 1784 1016 1806; x_wconf 83' lang='lat' dir='ltr'>crcatas:</span> <span class='ocrx_word' id='word_1_877' title='bbox 1040 1780 1128 1806; x_wconf 88' lang='lat' dir='ltr'>nullas</span> <span class='ocrx_word' id='word_1_878' title='bbox 1139 1790 1197 1807; x_wconf 72' lang='lat' dir='ltr'>esse</span> <span class='ocrx_word' id='word_1_879' title='bbox 1211 1781 1236 1807; x_wconf 95' lang='lat' dir='ltr'>in</span> <span class='ocrx_word' id='word_1_880' title='bbox 1249 1780 1357 1815; x_wconf 85' lang='lat' dir='ltr'>oppidis</span> <span class='ocrx_word' id='word_1_881' title='bbox 1369 1780 1528 1810; x_wconf 84' lang='lat' dir='ltr'>seditiones,</span> <span class='ocrx_word' id='word_1_882' title='bbox 1543 1780 1631 1806; x_wconf 89' lang='lat' dir='ltr'>nullas</span> <span class='ocrx_word' id='word_1_883' title='bbox 1642 1780 1699 1806; x_wconf 81' lang='lat' dir='ltr'>dis-</span> 
     </span>
     <span class='ocr_line' id='line_1_118' title="bbox 902 1817 1699 1852; baseline 0 -9"><span class='ocrx_word' id='word_1_884' title='bbox 902 1817 1020 1843; x_wconf 86' lang='lat' dir='ltr'>cordias:</span> <span class='ocrx_word' id='word_1_885' title='bbox 1056 1818 1192 1852; x_wconf 81' lang='lat' dir='ltr'>provideri</span> <span class='ocrx_word' id='word_1_886' title='bbox 1214 1818 1262 1844; x_wconf 84' lang='lat' dir='ltr'>abs</span> <span class='ocrx_word' id='word_1_887' title='bbox 1279 1823 1317 1849; x_wconf 77' lang='lat' dir='ltr'>tc,</span> <span class='ocrx_word' id='word_1_888' title='bbox 1343 1822 1371 1844; x_wconf 89' lang='lat' dir='ltr'>ut</span> <span class='ocrx_word' id='word_1_889' title='bbox 1390 1818 1513 1844; x_wconf 71' lang='lat' dir='ltr'>civitates</span> <span class='ocrx_word' id='word_1_890' title='bbox 1528 1818 1699 1852; x_wconf 83' lang='lat' dir='ltr'>optimatium</span> 
     </span>
     <span class='ocr_line' id='line_1_119' title="bbox 902 1854 1696 1891; baseline 0.001 -11"><span class='ocrx_word' id='word_1_891' title='bbox 902 1854 1024 1882; x_wconf 83' lang='lat' dir='ltr'>consiliis</span> <span class='ocrx_word' id='word_1_892' title='bbox 1041 1855 1276 1882; x_wconf 85' lang='lat' dir='ltr'>administrentur:</span> <span class='ocrx_word' id='word_1_893' title='bbox 1310 1855 1415 1881; x_wconf 87' lang='lat' dir='ltr'>sublata</span> <span class='ocrx_word' id='word_1_894' title='bbox 1432 1855 1532 1891; x_wconf 43' lang='lat' dir='ltr'>Mysiae</span> <span class='ocrx_word' id='word_1_895' title='bbox 1546 1855 1696 1881; x_wconf 85' lang='lat' dir='ltr'>latrocinia:</span> 
     </span>
     <span class='ocr_line' id='line_1_120' title="bbox 902 1892 1699 1927; baseline -0.001 -9"><span class='ocrx_word' id='word_1_896' title='bbox 902 1892 997 1918; x_wconf 84' lang='lat' dir='ltr'>caedes</span> <span class='ocrx_word' id='word_1_897' title='bbox 1014 1893 1107 1919; x_wconf 84' lang='lat' dir='ltr'>multis</span> <span class='ocrx_word' id='word_1_898' title='bbox 1124 1893 1188 1919; x_wconf 83' lang='lat' dir='ltr'>loeis</span> <span class='ocrx_word' id='word_1_899' title='bbox 1206 1902 1355 1927; x_wconf 80' lang='lat' dir='ltr'>repressas:</span> <span class='ocrx_word' id='word_1_900' title='bbox 1388 1901 1481 1927; x_wconf 82' lang='lat' dir='ltr'>pacem</span> <span class='ocrx_word' id='word_1_901' title='bbox 1499 1898 1549 1918; x_wconf 85' lang='lat' dir='ltr'>tota</span> <span class='ocrx_word' id='word_1_902' title='bbox 1562 1893 1699 1927; x_wconf 70' lang='lat' dir='ltr'>provincia</span> 
     </span>
     <span class='ocr_line' id='line_1_121' title="bbox 902 1930 1700 1965; baseline -0.001 -9"><span class='ocrx_word' id='word_1_903' title='bbox 902 1931 1088 1957; x_wconf 86' lang='lat' dir='ltr'>constitutam:</span> <span class='ocrx_word' id='word_1_904' title='bbox 1120 1939 1207 1965; x_wconf 85' lang='lat' dir='ltr'>neque</span> <span class='ocrx_word' id='word_1_905' title='bbox 1223 1930 1312 1957; x_wconf 85' lang='lat' dir='ltr'>solum</span> <span class='ocrx_word' id='word_1_906' title='bbox 1327 1930 1372 1956; x_wconf 82' lang='lat' dir='ltr'>illa</span> <span class='ocrx_word' id='word_1_907' title='bbox 1388 1931 1513 1956; x_wconf 84' lang='lat' dir='ltr'>itinerum</span> <span class='ocrx_word' id='word_1_908' title='bbox 1529 1935 1608 1964; x_wconf 84' lang='lat' dir='ltr'>atque</span> <span class='ocrx_word' id='word_1_909' title='bbox 1623 1939 1700 1965; x_wconf 83' lang='lat' dir='ltr'>agro-</span> 
     </span>
     <span class='ocr_line' id='line_1_122' title="bbox 903 1967 1701 2002; baseline 0 -9"><span class='ocrx_word' id='word_1_910' title='bbox 903 1976 976 1999; x_wconf 85' lang='lat' dir='ltr'>rum,</span> <span class='ocrx_word' id='word_1_911' title='bbox 999 1968 1045 1994; x_wconf 87' lang='lat' dir='ltr'>sed</span> <span class='ocrx_word' id='word_1_912' title='bbox 1062 1968 1146 1994; x_wconf 89' lang='lat' dir='ltr'>multo</span> <span class='ocrx_word' id='word_1_913' title='bbox 1162 1968 1241 1994; x_wconf 89' lang='lat' dir='ltr'>ctiam</span> <span class='ocrx_word' id='word_1_914' title='bbox 1259 1967 1335 2002; x_wconf 81' lang='lat' dir='ltr'>plura</span> <span class='ocrx_word' id='word_1_915' title='bbox 1351 1972 1377 1993; x_wconf 81' lang='lat' dir='ltr'>et</span> <span class='ocrx_word' id='word_1_916' title='bbox 1392 1968 1490 1993; x_wconf 75' lang='lat' dir='ltr'>maiora</span> <span class='ocrx_word' id='word_1_917' title='bbox 1502 1967 1664 2002; x_wconf 85' lang='lat' dir='ltr'>oppidorum</span> <span class='ocrx_word' id='word_1_918' title='bbox 1675 1973 1701 1993; x_wconf 82' lang='lat' dir='ltr'>et</span> 
     </span>
     <span class='ocr_line' id='line_1_123' title="bbox 904 2004 1700 2039; baseline 0 -9"><span class='ocrx_word' id='word_1_919' title='bbox 904 2004 1026 2032; x_wconf 82' lang='lat' dir='ltr'>sanorum</span> <span class='ocrx_word' id='word_1_920' title='bbox 1040 2005 1109 2032; x_wconf 75' lang='lat' dir='ltr'>l&#39;urta</span> <span class='ocrx_word' id='word_1_921' title='bbox 1122 2010 1147 2032; x_wconf 83' lang='lat' dir='ltr'>et</span> <span class='ocrx_word' id='word_1_922' title='bbox 1160 2005 1297 2031; x_wconf 81' lang='lat' dir='ltr'>latrocinia</span> <span class='ocrx_word' id='word_1_923' title='bbox 1312 2014 1370 2031; x_wconf 77' lang='lat' dir='ltr'>csse</span> <span class='ocrx_word' id='word_1_924' title='bbox 1382 2005 1509 2039; x_wconf 73' lang='lat' dir='ltr'>depulsa:</span> <span class='ocrx_word' id='word_1_925' title='bbox 1546 2010 1673 2031; x_wconf 82' lang='lat' dir='ltr'>remotam</span> <span class='ocrx_word' id='word_1_926' title='bbox 1686 2014 1700 2030; x_wconf 88' lang='lat' dir='ltr'>u</span> 
     </span>
     <span class='ocr_line' id='line_1_124' title="bbox 903 2042 1700 2077; baseline 0 -9"><span class='ocrx_word' id='word_1_927' title='bbox 903 2042 972 2069; x_wconf 83' lang='lat' dir='ltr'>sama</span> <span class='ocrx_word' id='word_1_928' title='bbox 984 2047 1010 2069; x_wconf 89' lang='lat' dir='ltr'>et</span> <span class='ocrx_word' id='word_1_929' title='bbox 1021 2052 1033 2069; x_wconf 85' lang='lat' dir='ltr'>a</span> <span class='ocrx_word' id='word_1_930' title='bbox 1046 2042 1159 2069; x_wconf 77' lang='lat' dir='ltr'>fortunis</span> <span class='ocrx_word' id='word_1_931' title='bbox 1171 2048 1196 2069; x_wconf 83' lang='lat' dir='ltr'>et</span> <span class='ocrx_word' id='word_1_932' title='bbox 1206 2043 1239 2069; x_wconf 83' lang='lat' dir='ltr'>ab</span> <span class='ocrx_word' id='word_1_933' title='bbox 1249 2043 1303 2069; x_wconf 85' lang='lat' dir='ltr'>otio</span> <span class='ocrx_word' id='word_1_934' title='bbox 1315 2042 1478 2077; x_wconf 79' lang='lat' dir='ltr'>locupletum</span> <span class='ocrx_word' id='word_1_935' title='bbox 1492 2042 1564 2068; x_wconf 86' lang='lat' dir='ltr'>illam</span> <span class='ocrx_word' id='word_1_936' title='bbox 1582 2042 1700 2068; x_wconf 75' lang='lat' dir='ltr'>acerbis-</span> 
     </span>
     <span class='ocr_line' id='line_1_125' title="bbox 903 2080 1697 2115; baseline 0 -10"><span class='ocrx_word' id='word_1_937' title='bbox 903 2081 999 2106; x_wconf 84' lang='lat' dir='ltr'>simam</span> <span class='ocrx_word' id='word_1_938' title='bbox 1016 2081 1167 2106; x_wconf 84' lang='lat' dir='ltr'>ministram</span> <span class='ocrx_word' id='word_1_939' title='bbox 1188 2085 1340 2115; x_wconf 85' lang='lat' dir='ltr'>praetorum</span> <span class='ocrx_word' id='word_1_940' title='bbox 1356 2080 1497 2109; x_wconf 82' lang='lat' dir='ltr'>avaritiae,</span> <span class='ocrx_word' id='word_1_941' title='bbox 1519 2080 1697 2106; x_wconf 77' lang='lat' dir='ltr'>calumniam:</span> 
     </span>
     <span class='ocr_line' id='line_1_126' title="bbox 902 2117 1699 2152; baseline 0 -10"><span class='ocrx_word' id='word_1_942' title='bbox 902 2122 1028 2151; x_wconf 85' lang='lat' dir='ltr'>sumptus</span> <span class='ocrx_word' id='word_1_943' title='bbox 1042 2122 1068 2143; x_wconf 91' lang='lat' dir='ltr'>ct</span> <span class='ocrx_word' id='word_1_944' title='bbox 1081 2118 1180 2144; x_wconf 83' lang='lat' dir='ltr'>tributa</span> <span class='ocrx_word' id='word_1_945' title='bbox 1192 2118 1333 2143; x_wconf 83' lang='lat' dir='ltr'>civitatum</span> <span class='ocrx_word' id='word_1_946' title='bbox 1346 2118 1380 2143; x_wconf 88' lang='lat' dir='ltr'>ab</span> <span class='ocrx_word' id='word_1_947' title='bbox 1390 2117 1531 2147; x_wconf 76' lang='lat' dir='ltr'>(minibus,</span> <span class='ocrx_word' id='word_1_948' title='bbox 1549 2118 1596 2152; x_wconf 84' lang='lat' dir='ltr'>qni</span> <span class='ocrx_word' id='word_1_949' title='bbox 1608 2125 1699 2143; x_wconf 80' lang='lat' dir='ltr'>earum</span> 
     </span>
     <span class='ocr_line' id='line_1_127' title="bbox 902 2153 1700 2189; baseline -0.001 -9"><span class='ocrx_word' id='word_1_950' title='bbox 902 2155 1042 2181; x_wconf 79' lang='lat' dir='ltr'>civitatum</span> <span class='ocrx_word' id='word_1_951' title='bbox 1055 2155 1121 2180; x_wconf 85' lang='lat' dir='ltr'>lines</span> <span class='ocrx_word' id='word_1_952' title='bbox 1134 2154 1258 2185; x_wconf 85' lang='lat' dir='ltr'>incolunt,</span> <span class='ocrx_word' id='word_1_953' title='bbox 1272 2154 1377 2181; x_wconf 81' lang='lat' dir='ltr'>tolerari</span> <span class='ocrx_word' id='word_1_954' title='bbox 1388 2154 1578 2189; x_wconf 66' lang='lat' dir='ltr'>awquabiliter:</span> <span class='ocrx_word' id='word_1_955' title='bbox 1603 2153 1700 2180; x_wconf 77' lang='lat' dir='ltr'>sacilli-</span> 
     </span>
     <span class='ocr_line' id='line_1_128' title="bbox 903 2191 1700 2226; baseline -0.001 -9"><span class='ocrx_word' id='word_1_956' title='bbox 903 2201 960 2217; x_wconf 83' lang='lat' dir='ltr'>mos</span> <span class='ocrx_word' id='word_1_957' title='bbox 975 2201 1033 2217; x_wconf 78' lang='lat' dir='ltr'>esse</span> <span class='ocrx_word' id='word_1_958' title='bbox 1045 2191 1134 2217; x_wconf 80' lang='lat' dir='ltr'>aditus</span> <span class='ocrx_word' id='word_1_959' title='bbox 1145 2192 1178 2217; x_wconf 88' lang='lat' dir='ltr'>ad</span> <span class='ocrx_word' id='word_1_960' title='bbox 1191 2196 1227 2218; x_wconf 86' lang='lat' dir='ltr'>te:</span> <span class='ocrx_word' id='word_1_961' title='bbox 1261 2196 1350 2226; x_wconf 78' lang='lat' dir='ltr'>patere.</span> <span class='ocrx_word' id='word_1_962' title='bbox 1362 2200 1440 2217; x_wconf 78' lang='lat' dir='ltr'>aures</span> <span class='ocrx_word' id='word_1_963' title='bbox 1453 2191 1700 2226; x_wconf 69' lang='lat' dir='ltr'>{irasquerelisom-</span> 
     </span>
     <span class='ocr_line' id='line_1_129' title="bbox 903 2227 1700 2263; baseline -0.004 -8"><span class='ocrx_word' id='word_1_964' title='bbox 903 2229 988 2259; x_wconf 84' lang='lat' dir='ltr'>nium,</span> <span class='ocrx_word' id='word_1_965' title='bbox 1017 2228 1120 2254; x_wconf 87' lang='lat' dir='ltr'>nullius</span> <span class='ocrx_word' id='word_1_966' title='bbox 1141 2229 1259 2263; x_wconf 83' lang='lat' dir='ltr'>inopium</span> <span class='ocrx_word' id='word_1_967' title='bbox 1280 2237 1309 2254; x_wconf 74' lang='lat' dir='ltr'>ac</span> <span class='ocrx_word' id='word_1_968' title='bbox 1329 2228 1518 2259; x_wconf 76' lang='lat' dir='ltr'>solitudinem,</span> <span class='ocrx_word' id='word_1_969' title='bbox 1546 2238 1597 2254; x_wconf 91' lang='lat' dir='ltr'>non</span> <span class='ocrx_word' id='word_1_970' title='bbox 1622 2227 1700 2254; x_wconf 79' lang='lat' dir='ltr'>modo</span> 
     </span>
     <span class='ocr_line' id='line_1_130' title="bbox 903 2265 1699 2300; baseline 0 -9"><span class='ocrx_word' id='word_1_971' title='bbox 903 2266 949 2292; x_wconf 89' lang='lat' dir='ltr'>illo</span> <span class='ocrx_word' id='word_1_972' title='bbox 961 2265 1083 2300; x_wconf 84' lang='lat' dir='ltr'>populari</span> <span class='ocrx_word' id='word_1_973' title='bbox 1096 2274 1204 2291; x_wconf 68' lang='lat' dir='ltr'>ari-essu</span> <span class='ocrx_word' id='word_1_974' title='bbox 1218 2274 1247 2291; x_wconf 73' lang='grc' dir='ltr'>ιιι·</span> <span class='ocrx_word' id='word_1_975' title='bbox 1258 2265 1396 2296; x_wconf 84' lang='lat' dir='ltr'>tribunali,</span> <span class='ocrx_word' id='word_1_976' title='bbox 1410 2266 1456 2291; x_wconf 78' lang='lat' dir='ltr'>sed</span> <span class='ocrx_word' id='word_1_977' title='bbox 1465 2265 1699 2300; x_wconf 74' lang='lat' dir='ltr'>nedomoquidem</span> 
     </span>
     <span class='ocr_line' id='line_1_131' title="bbox 903 2302 1700 2337; baseline -0.003 -8"><span class='ocrx_word' id='word_1_978' title='bbox 903 2308 928 2329; x_wconf 79' lang='lat' dir='ltr'>et</span> <span class='ocrx_word' id='word_1_979' title='bbox 944 2303 1071 2329; x_wconf 70' lang='lat' dir='ltr'>eubiculo</span> <span class='ocrx_word' id='word_1_980' title='bbox 1082 2312 1140 2328; x_wconf 79' lang='lat' dir='ltr'>esse</span> <span class='ocrx_word' id='word_1_981' title='bbox 1152 2302 1304 2331; x_wconf 74' lang='lat' dir='ltr'>exclusum:</span> <span class='ocrx_word' id='word_1_982' title='bbox 1337 2307 1382 2328; x_wconf 80' lang='lat' dir='ltr'>tuo</span> <span class='ocrx_word' id='word_1_983' title='bbox 1394 2308 1446 2329; x_wconf 81' lang='lat' dir='ltr'>toto</span> <span class='ocrx_word' id='word_1_984' title='bbox 1457 2302 1574 2337; x_wconf 82' lang='lat' dir='ltr'>denique</span> <span class='ocrx_word' id='word_1_985' title='bbox 1588 2303 1700 2336; x_wconf 79' lang='lat' dir='ltr'>imperio</span> 
     </span>
     <span class='ocr_line' id='line_1_132' title="bbox 903 2339 1699 2374; baseline -0.001 -8"><span class='ocrx_word' id='word_1_986' title='bbox 903 2340 971 2367; x_wconf 81' lang='lat' dir='ltr'>uiliil</span> <span class='ocrx_word' id='word_1_987' title='bbox 984 2340 1111 2366; x_wconf 74' lang='lat' dir='ltr'>acerbum</span> <span class='ocrx_word' id='word_1_988' title='bbox 1123 2349 1195 2369; x_wconf 78' lang='lat' dir='ltr'>esse,</span> <span class='ocrx_word' id='word_1_989' title='bbox 1215 2339 1282 2365; x_wconf 80' lang='lat' dir='ltr'>nihil</span> <span class='ocrx_word' id='word_1_990' title='bbox 1294 2339 1403 2365; x_wconf 77' lang='lat' dir='ltr'>crudele</span> <span class='ocrx_word' id='word_1_991' title='bbox 1412 2361 1417 2370; x_wconf 85' lang='lat'>,</span> <span class='ocrx_word' id='word_1_992' title='bbox 1431 2345 1510 2374; x_wconf 78' lang='lat' dir='ltr'>atque</span> <span class='ocrx_word' id='word_1_993' title='bbox 1520 2341 1609 2365; x_wconf 88' lang='lat' dir='ltr'>omnia</span> <span class='ocrx_word' id='word_1_994' title='bbox 1622 2340 1699 2374; x_wconf 77' lang='lat' dir='ltr'>plena</span> 
     </span>
     <span class='ocr_line' id='line_1_133' title="bbox 902 2377 1507 2407; baseline -0.002 -4"><span class='ocrx_word' id='word_1_995' title='bbox 902 2377 1068 2407; x_wconf 80' lang='lat' dir='ltr'>clementiae,</span> <span class='ocrx_word' id='word_1_996' title='bbox 1083 2377 1309 2406; x_wconf 62' lang='lat' dir='ltr'>mausnwtmlinis,</span> <span class='ocrx_word' id='word_1_997' title='bbox 1324 2377 1507 2402; x_wconf 77' lang='lat' dir='ltr'>liunmnitatis.</span> 
     </span>
    </p>

    <p class='ocr_par' dir='ltr' id='par_1_17' title="bbox 901 2414 1700 2678">
     <span class='ocr_line' id='line_1_134' title="bbox 960 2414 1697 2446; baseline -0.001 -6"><span class='ocrx_word' id='word_1_998' title='bbox 960 2415 1004 2441; x_wconf 80' lang='lat' dir='ltr'>tx.</span> <span class='ocrx_word' id='word_1_999' title='bbox 1023 2417 1063 2441; x_wconf 71' lang='lat'>26.</span> <span class='ocrx_word' id='word_1_1000' title='bbox 1081 2416 1217 2446; x_wconf 78' lang='lat' dir='ltr'>Quantum</span> <span class='ocrx_word' id='word_1_1001' title='bbox 1231 2424 1293 2440; x_wconf 67' lang='lat' dir='ltr'>vero</span> <span class='ocrx_word' id='word_1_1002' title='bbox 1306 2414 1372 2440; x_wconf 88' lang='lat' dir='ltr'>illud</span> <span class='ocrx_word' id='word_1_1003' title='bbox 1385 2420 1424 2440; x_wconf 74' lang='lat' dir='ltr'>est</span> <span class='ocrx_word' id='word_1_1004' title='bbox 1437 2414 1598 2440; x_wconf 70' lang='lat' dir='ltr'>bom—{icium</span> <span class='ocrx_word' id='word_1_1005' title='bbox 1611 2419 1697 2443; x_wconf 79' lang='lat' dir='ltr'>tuum,</span> 
     </span>
     <span class='ocr_line' id='line_1_135' title="bbox 901 2451 1700 2487; baseline -0.001 -9"><span class='ocrx_word' id='word_1_1006' title='bbox 901 2452 973 2487; x_wconf 89' lang='lat' dir='ltr'>quod</span> <span class='ocrx_word' id='word_1_1007' title='bbox 987 2452 1080 2486; x_wconf 86' lang='lat' dir='ltr'>iniquo</span> <span class='ocrx_word' id='word_1_1008' title='bbox 1091 2457 1116 2478; x_wconf 85' lang='lat' dir='ltr'>et</span> <span class='ocrx_word' id='word_1_1009' title='bbox 1126 2452 1203 2487; x_wconf 77' lang='lat' dir='ltr'>gravi</span> <span class='ocrx_word' id='word_1_1010' title='bbox 1216 2451 1339 2487; x_wconf 74' lang='lat' dir='ltr'>vectigali</span> <span class='ocrx_word' id='word_1_1011' title='bbox 1347 2451 1480 2480; x_wconf 66' lang='lat' dir='ltr'>aedilivio,</span> <span class='ocrx_word' id='word_1_1012' title='bbox 1491 2452 1595 2486; x_wconf 74' lang='lat' dir='ltr'>ningnis</span> <span class='ocrx_word' id='word_1_1013' title='bbox 1603 2452 1700 2477; x_wconf 73' lang='lat' dir='ltr'>nostris</span> 
     </span>
     <span class='ocr_line' id='line_1_136' title="bbox 902 2488 1699 2520; baseline -0.003 -5"><span class='ocrx_word' id='word_1_1014' title='bbox 902 2488 1097 2520; x_wconf 81' lang='lat' dir='ltr'>siuiultutiluis,</span> <span class='ocrx_word' id='word_1_1015' title='bbox 1111 2489 1201 2515; x_wconf 81' lang='lat' dir='ltr'>Asiam</span> <span class='ocrx_word' id='word_1_1016' title='bbox 1216 2489 1347 2515; x_wconf 75' lang='lat' dir='ltr'>liberasti!</span> <span class='ocrx_word' id='word_1_1017' title='bbox 1372 2489 1524 2519; x_wconf 69' lang='lat' dir='ltr'>Enimvero,</span> <span class='ocrx_word' id='word_1_1018' title='bbox 1537 2490 1561 2514; x_wconf 80' lang='lat' dir='ltr'>si</span> <span class='ocrx_word' id='word_1_1019' title='bbox 1573 2489 1699 2515; x_wconf 69' lang='lat' dir='ltr'>uuuslio—</span> 
     </span>
     <span class='ocr_line' id='line_1_137' title="bbox 903 2526 1699 2561; baseline -0.003 -8"><span class='ocrx_word' id='word_1_1020' title='bbox 903 2536 945 2553; x_wconf 86' lang='lat' dir='ltr'>mo</span> <span class='ocrx_word' id='word_1_1021' title='bbox 966 2526 1066 2552; x_wconf 80' lang='lat' dir='ltr'>nobilis</span> <span class='ocrx_word' id='word_1_1022' title='bbox 1085 2527 1208 2561; x_wconf 85' lang='lat' dir='ltr'>queritur</span> <span class='ocrx_word' id='word_1_1023' title='bbox 1224 2526 1325 2561; x_wconf 82' lang='lat' dir='ltr'>palam,</span> <span class='ocrx_word' id='word_1_1024' title='bbox 1344 2531 1377 2556; x_wconf 80' lang='lat' dir='ltr'>te,</span> <span class='ocrx_word' id='word_1_1025' title='bbox 1391 2526 1462 2561; x_wconf 86' lang='lat' dir='ltr'>quod</span> <span class='ocrx_word' id='word_1_1026' title='bbox 1475 2526 1603 2556; x_wconf 72' lang='lat' dir='ltr'>edixeris,</span> <span class='ocrx_word' id='word_1_1027' title='bbox 1618 2535 1651 2552; x_wconf 61' lang='grc' dir='ltr'>κε</span> <span class='ocrx_word' id='word_1_1028' title='bbox 1665 2536 1699 2552; x_wconf 74' lang='grc' dir='ltr'>,ιιι</span> 
     </span>
     <span class='ocr_line' id='line_1_138' title="bbox 902 2563 1698 2594; baseline -0.001 -4"><span class='ocrx_word' id='word_1_1029' title='bbox 902 2574 994 2590; x_wconf 69' lang='lat' dir='ltr'>turios</span> <span class='ocrx_word' id='word_1_1030' title='bbox 1008 2573 1155 2590; x_wconf 62' lang='lat' dir='ltr'>vacuarat-z</span> <span class='ocrx_word' id='word_1_1031' title='bbox 1168 2573 1440 2594; x_wconf 65' lang='lat' dir='ltr'>nnumixsurtsrua,</span> <span class='ocrx_word' id='word_1_1032' title='bbox 1465 2563 1526 2589; x_wconf 76' lang='lat' dir='ltr'>lt—S·</span> <span class='ocrx_word' id='word_1_1033' title='bbox 1538 2572 1568 2589; x_wconf 64' lang='lat' dir='ltr'>vc</span> <span class='ocrx_word' id='word_1_1034' title='bbox 1580 2563 1634 2590; x_wconf 78' lang='lat' dir='ltr'>sibi</span> <span class='ocrx_word' id='word_1_1035' title='bbox 1646 2564 1698 2589; x_wconf 85' lang='lat' dir='ltr'>eri-</span> 
     </span>
     <span class='ocr_line' id='line_1_139' title="bbox 902 2600 1698 2636; baseline 0 -9"><span class='ocrx_word' id='word_1_1036' title='bbox 902 2601 1008 2636; x_wconf 77' lang='lat' dir='ltr'>puisse:</span> <span class='ocrx_word' id='word_1_1037' title='bbox 1035 2606 1134 2636; x_wconf 83' lang='lat' dir='ltr'>quanta</span> <span class='ocrx_word' id='word_1_1038' title='bbox 1147 2602 1253 2627; x_wconf 77' lang='lat' dir='ltr'>tandem</span> <span class='ocrx_word' id='word_1_1039' title='bbox 1267 2601 1380 2635; x_wconf 74' lang='lat' dir='ltr'>pecunia</span> <span class='ocrx_word' id='word_1_1040' title='bbox 1392 2600 1561 2635; x_wconf 78' lang='lat' dir='ltr'>peruleretur,</span> <span class='ocrx_word' id='word_1_1041' title='bbox 1575 2602 1598 2627; x_wconf 81' lang='lat' dir='ltr'>si</span> <span class='ocrx_word' id='word_1_1042' title='bbox 1610 2602 1698 2627; x_wconf 87' lang='lat' dir='ltr'>omui-</span> 
     </span>
     <span class='ocr_line' id='line_1_140' title="bbox 903 2637 1697 2678; baseline -0.001 -13"><span class='ocrx_word' id='word_1_1043' title='bbox 903 2648 948 2665; x_wconf 93' lang='lat' dir='ltr'>um</span> <span class='ocrx_word' id='word_1_1044' title='bbox 961 2639 1082 2670; x_wconf 85' lang='lat' dir='ltr'>nomine,</span> <span class='ocrx_word' id='word_1_1045' title='bbox 1099 2639 1267 2674; x_wconf 70' lang='lat' dir='ltr'>quicumque</span> <span class='ocrx_word' id='word_1_1046' title='bbox 1279 2639 1376 2665; x_wconf 79' lang='lat' dir='ltr'>llomue</span> <span class='ocrx_word' id='word_1_1047' title='bbox 1391 2637 1467 2665; x_wconf 87' lang='lat' dir='ltr'>ludos</span> <span class='ocrx_word' id='word_1_1048' title='bbox 1480 2637 1608 2678; x_wconf 56' lang='lat' dir='ltr'>[zwerenh</span> <span class='ocrx_word' id='word_1_1049' title='bbox 1625 2638 1697 2673; x_wconf 78' lang='lat' dir='ltr'>quod</span> 
     </span>
    </p>
   </div>
  </div>
 </body>
</html>
