1941 3052
220 147 280 171 luiz!
766 143 821 166 ΗΓ).

215 217 341 242 rationu-m
354 223 443 240 ι-ιπιιιιι
458 221 558 242 rerum,
582 220 650 246 quiu-
662 216 724 237 sunt
738 212 771 237 ab
784 211 903 245 antiquis
915 219 1004 245 reper-

215 260 263 282 tae,
278 258 322 278 nut
334 251 563 283 investigationi-m
582 257 724 274 novarum:
753 257 806 283 quo
818 247 907 274 studio
918 256 1002 282 quum

214 291 303 316 „nih-,ri
322 299 370 315 ..nn
389 289 504 323 possint,
522 287 643 312 onmium
655 291 802 311 veterarum
815 293 903 311 rerum
915 284 1001 314 obliti,

215 327 282 353 nihil
304 327 446 354 ubios-tum,
462 323 529 349 niliil
551 323 653 349 humile
669 323 798 356 cogitant:
824 327 948 356 tantaque
964 326 1004 348 est

216 366 255 390 visv
272 363 369 389 talibus
383 364 406 387 in
422 361 529 389 studiis.
544 365 572 386 ut
583 369 627 386 eos
638 359 931 394 otian=‚qnisit1iniios
943 367 1004 393 pro-

214 404 360 436 posuerunt
384 399 449 424 lines
471 398 615 427 bonorum,
637 405 705 431 quos
730 396 842 422 utilitate
863 401 908 422 aut
928 396 1004 421 volu-

215 443 282 472 ptati·
294 437 428 468 dirigunt,
450 440 536 461 tamen
551 434 576 460 in
590 434 670 460 relius
681 434 852 468 qiiaercndis,
865 433 1004 468 explican-

213 475 310 508 «lisque
323 474 423 499 naturis
435 477 533 498 aetates
543 476 678 497 conterere
690 471 841 497 videamus.
876 471 948 496 ΧΧΙ.
961 472 1002 496 58.

214 512 281 545 Ergo
299 511 346 536 lioc
363 509 472 544 quidem
485 513 607 544 apparet,
629 517 675 535 nos
691 509 723 534 ad
740 508 874 544 agendum
886 516 945 533 esse
958 516 1004 533 na-

214 554 262 574 tos.
303 548 443 574 itu-tionum
465 552 552 573 autem
568 554 665 581 genera
679 545 768 580 plura,
789 545 1005 572 utobscurentur

213 587 291 611 etiam
309 585 409 610 minora
423 584 580 610 iunioribus.
621 584 752 609 Maximae
764 588 851 609 autem
864 587 935 612 sunt,
949 582 1005 617 pri-

214 632 296 652 mum,
311 627 339 648 ut
353 622 419 647 milii
432 621 542 656 quidem
556 620 662 647 videtur
673 621 759 650 ethis,
772 629 888 655 quorum
899 619 1003 646 nuncin

213 661 312 686 ratione
339 667 491 689 versamur,
523 658 701 684 consideratio
721 658 893 693 cognitioque
915 665 1003 683 rerum

212 696 368 723 caelestium
389 700 414 722 ct
429 704 520 722 eurum
530 716 536 727 ,
558 704 626 730 quas
641 704 654 721 a
671 699 763 722 natura
775 695 919 721 occultatas
930 699 955 720 et
967 694 1005 719 la-

213 739 297 760 tentes
317 733 442 767 indagare
460 734 525 759 ratio
540 737 639 767 potest:
671 732 769 758 deinde
781 740 868 758 rerum
881 731 1005 766 publica-

214 780 271 798 rum
294 771 504 800 administratio,
518 769 779 796 autadministrandi
792 770 917 795 scicntia:
947 773 1004 795 tum

213 808 346 843 prudenS,
359 812 518 842 temperata,
533 807 607 833 fortis
618 812 643 833 et
656 808 723 834 iusta
737 807 815 837 ratio,
830 806 1004 841 reliquaeque

213 847 339 875 virtutes,
362 850 387 872 et
406 846 523 871 actiones
540 844 686 871 virtutibus
701 848 891 879 congruentes:
924 851 1002 878 quae,

214 892 267 909 uno
288 882 370 908 verbo
390 881 524 916 complexi
544 882 648 912 omnia,
676 881 785 908 honesta
807 881 938 907 dicimus:
971 880 1004 906 ad

213 928 327 955 quorum
345 925 370 946 et
383 920 562 954 cognitionem
577 923 602 945 et
613 927 692 945 usum
705 920 757 945 iam
769 918 944 948 corroborati,
958 926 1005 944 na-
1033 931 1035 946 2
1477 949 1487 953 ν

1033 955 1035 986 ἒ
1057 955 1263 991 cognoscimus?
1291 957 1332 981 63.
1354 955 1425 987 Quid
1442 954 1535 990 loquar
1545 954 1577 981 de
1589 954 1676 982 nobis.
1689 955 1737 989 qui
1749 954 1780 980 ad
1795 953 1852 980 lau·

1033 991 1034 994 ’
1057 993 1118 1018 dem
1133 997 1159 1019 et
1174 992 1206 1019 ad
1217 992 1301 1018 decus
1313 993 1381 1022 nati,
1395 993 1527 1027 suscepti,
1545 993 1660 1018 instituti
1671 991 1785 1017 sumus‘?
1798 991 1850 1023 Qui

214 963 270 983 tura
288 958 344 992 ipsa
357 961 514 991 praeeunte,
527 956 698 982 deducimur.
739 956 866 982 Omnium
879 956 950 981 enim
964 964 1005 981 re-

214 1003 272 1020 rum
295 995 426 1029 principia
442 1002 523 1028 parva
540 998 616 1024 sunt,
634 993 681 1019 sed
700 994 758 1019 suis
770 992 1005 1028 progressionibus

214 1040 260 1058 usa
276 1036 421 1067 augentur:
449 1039 496 1057 nec
511 1031 569 1057 sine
580 1039 684 1056 caussa.
726 1031 753 1056 ln
765 1031 852 1065 primo
863 1030 935 1056 enim
946 1034 1005 1056 ortu

213 1071 283 1095 inest
303 1069 428 1095 teneritas
449 1073 474 1094 et
490 1068 616 1094 mollities
631 1067 778 1102 quaedam,
797 1072 826 1094 ut
842 1075 890 1093 nec
905 1075 947 1093 res
964 1067 1006 1092 vi-

213 1106 276 1132 dere
287 1107 416 1140 optimas,
433 1114 481 1131 nec
493 1114 570 1139 agere
581 1105 694 1139 possint.
735 1105 847 1131 Virtutis
859 1105 931 1130 enim
941 1104 1006 1130 bea-

213 1149 308 1178 taeque
330 1143 412 1173 vitae,
429 1151 497 1177 quae
509 1143 563 1168 duo
573 1143 690 1169 maxime
701 1141 849 1177 expetenda
861 1146 937 1172 sunt,
962 1149 1006 1167 se-

213 1182 269 1206 rius
294 1179 384 1206 lumen
401 1184 524 1214 apparet:
556 1179 640 1206 multo
655 1180 735 1205 etiam
751 1179 853 1209 serius,
871 1183 900 1205 ut
915 1178 1003 1213 plane,

212 1217 302 1252 qualia
330 1218 399 1247 sint.
429 1216 624 1252 intelligantur.
665 1216 802 1243 Praeclare
823 1216 895 1242 enim
916 1215 1003 1242 Plato:

212 1255 347 1285 Baium,
374 1262 422 1280 cui
450 1262 539 1280 ετιΛιι
565 1262 592 1279 ιιι
616 1262 788 1280 sauacrnra
810 1261 1003 1283 cosrmanrr,

212 1301 245 1318 rr
260 1300 440 1318 sannarum
456 1299 612 1322 vanasour-2
628 1300 785 1317 ομικιοκεε
804 1299 927 1321 tissi-:Qui
943 1299 1007 1316 pos-

211 1338 235 1354 si
244 1329 268 1355 r!
302 1330 343 1355 59.
360 1328 456 1360 Quare,
474 1329 602 1363 quoniam
614 1327 647 1354 de
658 1328 754 1362 primis
766 1332 876 1354 naturae
887 1335 1007 1354 commo-

212 1365 254 1392 dis
266 1366 330 1392 satis
341 1365 444 1392 dictum
456 1370 509 1396 est,
527 1373 598 1392 nunc
609 1365 643 1392 de
657 1365 806 1392 maioribus
816 1365 1006 1400 consequenti-

212 1403 318 1438 busque
330 1402 482 1429 videamus.

267 1440 366 1466 Natura
386 1440 470 1475 igitur
488 1447 586 1474 corpus
601 1439 712 1474 quidem
731 1439 849 1466 hominis
865 1440 904 1465 sie
919 1444 945 1466 et
959 1447 1007 1475 ge-

213 1478 271 1504 nuit
286 1481 311 1503 et
323 1476 461 1508 formavit,
479 1481 508 1503 ut
519 1477 570 1503 alia
582 1477 609 1502 in
622 1478 710 1511 primo
723 1482 782 1503 ortu
793 1476 940 1512 perficeret,
955 1477 1006 1503 alia

211 1514 398 1549 progrediente
409 1518 492 1540 aetate
504 1513 628 1551 fingeret,
655 1523 743 1549 neque
754 1523 818 1540 sane
828 1514 944 1541 multum
959 1513 1007 1540 ad-

213 1552 340 1578 iumentis
360 1552 478 1578 externis
493 1556 519 1578 et
533 1551 689 1578 adventitiis
708 1556 836 1578 uteretur.
876 1552 1006 1578 Animum

213 1594 302 1615 autem
319 1588 432 1624 reliquis
444 1588 525 1615 rebus
538 1589 572 1615 ita
584 1588 709 1623 perfecit,
726 1593 756 1615 ut
766 1597 875 1624 corpus.
914 1588 1007 1615 Sensi-

214 1626 265 1652 bus
281 1626 353 1652 enim
369 1626 475 1652 ornavit
489 1625 522 1652 ad
538 1634 580 1652 res
592 1626 781 1661 percipiendas
793 1626 911 1657 idoneis,
924 1631 954 1653 ut
965 1626 1008 1652 ni-

213 1663 264 1694 hil,
283 1668 390 1689 autnon
403 1662 519 1689 multum
531 1663 686 1690 adiumento
698 1663 753 1690 ullo
764 1663 797 1689 ad
812 1672 889 1689 suam
901 1662 1007 1690 confor-

212 1701 356 1727 mationem
377 1700 520 1736 indigeret.
560 1700 638 1733 Quod
659 1705 747 1727 autem
761 1701 789 1727 in
805 1700 914 1727 homine
929 1708 1007 1736 prae-

213 1738 409 1764 stantissimum
427 1743 506 1772 atque
517 1738 651 1772 optimum
663 1742 716 1766 est.
743 1737 771 1764 id
780 1737 909 1764 deseruit.
949 1738 1006 1764 Etsi

212 1774 286 1801 dedit
301 1775 381 1801 talem
393 1779 523 1805 mentem,
540 1783 609 1809 quae
623 1783 730 1801 omnem
746 1775 873 1801 virtutem
887 1775 1006 1809 accipere

212 1816 316 1846 posset,
334 1812 512 1847 ingenuitque
527 1813 586 1838 sine
601 1811 722 1839 doctrina
738 1813 844 1838 notitias
856 1820 953 1847 parvas
965 1820 1008 1838 re-

213 1857 273 1875 rum
289 1850 482 1879 maximarum,
503 1853 530 1875 et
544 1850 622 1884 quasi
634 1849 870 1880 instituitdocere,
887 1854 913 1875 et
926 1848 1007 1875 indu-

213 1886 253 1912 xit
272 1887 298 1912 in
313 1894 357 1917 ea,
375 1894 444 1921 quae
461 1886 577 1916 inerant,
589 1882 732 1921 'tamquam
744 1885 875 1912 elementa
886 1886 1005 1912 virtutis

213 1922 264 1949 Sed
277 1923 402 1949 virtutem
414 1923 658 1957 ipsaminchoavit:
677 1923 879 1958 nihilamplius.
901 1925 943 1950 60.
956 1924 1008 1950 Ita-

213 1968 265 1995 que
282 1965 401 1986 nostrum
418 1964 470 1990 est.
493 1960 576 1995 (quod
587 1965 708 1986 nostrum
719 1960 793 1991 dico,
811 1961 875 1987 artis
887 1960 948 1995 est,)
973 1959 1007 1986 ad
1028 1961 1029 1967 ¹

213 2005 243 2023 ea
265 1997 411 2032 principia,
430 2005 499 2032 quae
515 1998 683 2031 accepimus,
702 1999 893 2032 consequentia
909 1998 1007 2032 exqui—

213 2042 284 2065 rere,
306 2034 395 2069 quoad
410 2034 445 2060 sit
456 2034 497 2064 id,
519 2034 591 2069 quod
603 2034 742 2065 volumus,
765 2034 902 2061 effectum:
934 2034 1007 2070 quod

213 2071 323 2106 quidem
340 2071 426 2106 pluris
442 2072 477 2097 sit
489 2071 560 2097 haud
571 2071 674 2106 paullo,
687 2073 829 2107 magisque
841 2073 931 2107 ipsum
943 2080 1007 2107 pro-

213 2114 272 2144 pter
291 2117 320 2135 se
341 2108 536 2143 expetendum,
554 2117 636 2144 quam
651 2113 697 2135 aut
708 2117 819 2140 sensus,
832 2114 877 2136 aut
887 2109 1006 2144 corporis

213 2154 252 2176 ea,
274 2154 343 2181 quae
364 2146 498 2172 diximus:
529 2146 632 2180 quibus
652 2151 755 2173 tautum
776 2151 893 2181 praestat
909 2146 1006 2172 mentis

213 2183 348 2210 excellens
363 2182 504 2218 perfectio,
518 2187 546 2209 ut
557 2184 605 2210 vix
615 2184 727 2219 cogitari
738 2185 832 2219 possit,
845 2183 913 2219 quid
924 2184 1008 2210 iuter-

213 2222 257 2247 sit.
298 2221 389 2256 Itaque
409 2221 498 2247 omnis
518 2219 616 2252 honos,
641 2222 730 2248 omnis
750 2220 905 2252 admiratio,
927 2229 1006 2247 omne

212 2257 347 2289 studium,
364 2258 397 2284 ad
411 2258 536 2284 virtutem
548 2262 574 2284 et
584 2258 618 2284 ad
629 2266 673 2284 eas
683 2258 815 2289 actiones,
832 2267 902 2293 quae
913 2258 1007 2284 virtuti

212 2300 276 2322 sunt
290 2299 495 2326 consentaneae,
512 2294 638 2322 refertur:
660 2304 746 2331 eaque
759 2296 864 2327 omnia,
881 2303 951 2331 quae
962 2300 1008 2322 aut

213 2334 248 2358 ita
268 2333 295 2359 in
317 2333 415 2359 animis
434 2337 510 2363 sunt,
533 2337 579 2359 aut
598 2333 634 2359 ita
653 2337 797 2368 geruntur,
824 2341 878 2360 uno
898 2333 1007 2359 nomine

214 2369 322 2397 honesta
343 2369 480 2396 dicuntur.
520 2369 640 2401 Quorum
666 2371 788 2396 omnium
809 2378 933 2405 quaeque
953 2370 1008 2396 sint

214 2407 334 2437 notitiae,
373 2415 497 2442 quaeque
520 2407 707 2443 significentur
736 2416 826 2434 rerum
851 2406 1005 2437 vocabulis,

213 2451 336 2478 quaeque
352 2445 486 2479 cuiusque
501 2444 544 2470 vis
555 2449 581 2471 et
594 2449 688 2471 natura
699 2445 747 2475 sit,
765 2453 828 2471 mox
839 2444 1006 2471 videbimus.

213 2478 299 2506 xxu.
321 2482 362 2506 6⁴.
383 2481 437 2507 Hoc
447 2486 536 2508 autem
549 2481 605 2508 loco
616 2486 719 2508 tantum
729 2481 912 2516 explicemus,
930 2481 1005 2511 haec,

214 2515 324 2542 honesta
340 2525 408 2552 quae
429 2518 502 2549 dico,
528 2523 715 2554 praeterquam
733 2519 807 2553 quod
828 2519 1007 2554 nosmetipsos

215 2552 375 2587 diligamus,
391 2560 525 2588 praeterea
539 2560 634 2590 suapte
649 2560 743 2582 natura
756 2564 804 2590 per
815 2565 843 2582 se
855 2565 914 2583 esse
924 2564 1008 2591 expe-

216 2589 304 2615 tenda.
345 2590 463 2618 Indicant
473 2593 564 2626 pueri:
577 2594 604 2619 in
616 2593 726 2628 quibus,
739 2593 807 2619 utin
818 2593 947 2628 speculis,
960 2601 1008 2620 na—

217 2630 274 2652 tura
297 2627 422 2653 cernitur.
466 2629 569 2660 Quanta
593 2630 682 2656 studia
707 2629 902 2657 decertantium
929 2630 1005 2658 sunt!

216 2667 313 2698 quanta
326 2663 384 2698 ipsa
394 2667 550 2692 certamina!
563 2671 593 2694 ut
603 2666 643 2694 illi
654 2667 1008 2704 efferunturlaetitia,quum

786 2724 796 2740 t

858 139 892 166 M.
927 139 957 165 Τ.
993 139 1278 165 CICERONIS

1057 210 1181 236 viverint!
1198 214 1225 235 ut
1236 209 1423 244 puch-wioton!
1437 214 1465 235 ut
1476 218 1504 234 ae
1516 210 1634 236 accusari
1648 209 1753 236 nolunt!
1767 218 1848 245 quam

1055 248 1169 281 cupiunt
1186 246 1301 272 laudari!
1324 256 1392 281 quos
1409 246 1447 273 illi
1465 247 1568 272 laborm-³
1585 256 1635 273 non
1653 247 1802 282 perferunt.
1822 252 1850 274 ut

1056 283 1210 318 aequalium
1231 284 1366 319 principes
1387 284 1453 310 aintl
1476 292 1544 318 quae
1564 286 1690 310 inemoria
1707 290 1746 310 est
1763 285 1789 310 in
1807 284 1850 310 his

1057 321 1124 347 lwne
1139 322 1313 347 merentium!
1337 329 1405 356 quae
1423 320 1576 347 referendae
1587 323 1686 356 gratiae
1698 321 1847 356 cupiditas!

1057 360 1142 393 ¹itque
1157 366 1186 384 ea
1203 359 1229 384 in
1241 359 1341 393 optima
1353 367 1460 393 quaque
1474 358 1561 384 indole
1574 360 1689 385 maxime
1705 364 1847 394 apparent,

1057 397 1082 421 in
1093 404 1145 430 qua
1159 395 1223 421 baec
1235 395 1358 426 honesta,
1371 404 1440 430 quae
1453 396 1638 431 intelligimus.
1652 405 1665 422 a
1678 402 1769 422 natura
1782 401 1850 422 tam·

1055 442 1136 467 quam
1149 432 1353 459 adumbrantur.
1393 434 1435 459 62.
1457 432 1509 459 Sed
1523 433 1587 459 haec
1599 434 1624 459 in
1638 434 1738 468 pueris.
1775 433 1802 460 In
1817 434 1850 459 iis

1057 479 1118 496 vero
1133 470 1279 500 aetatibus,
1299 478 1368 505 quae
1388 470 1440 496 iam
1455 471 1625 496 confirmatae
1641 475 1716 499 sunt.
1733 471 1795 506 quis
1811 475 1851 496 est

1057 512 1108 533 tam
1121 507 1264 533 dissimilis
1277 507 1388 537 homini,
1397 507 1444 542 qui
1457 516 1508 534 non
1521 512 1659 533 moveatur
1670 512 1695 533 et
1705 507 1850 534 offensione

1056 545 1247 579 turpitudinis,
1268 550 1293 571 et
1307 545 1525 579 comprobatione
1541 544 1704 571 honestatis?
1722 546 1785 580 quis
1799 550 1848 574 est.

1055 583 1102 617 qui
1115 590 1165 608 non
1176 582 1262 609 oderit
1273 582 1455 613 libidinosam,
1464 587 1614 617 protervam
1626 581 1852 608 adolescentiam?

1055 621 1118 654 quis
1129 624 1217 646 contra
1231 620 1255 645 in
1270 619 1313 646 illa
1325 624 1408 646 aetate
1420 620 1559 654 pudorem,
1571 620 1756 647 constantiam.
1770 620 1850 645 etiam

1055 658 1078 683 si
1091 665 1138 682 sua
1151 657 1218 683 nihil
1235 658 1352 687 intersit,
1370 666 1421 683 non
1435 662 1522 683 tamen
1538 656 1651 692 diligat?
1665 656 1731 688 Quis
1743 656 1850 682 Pullum

1057 695 1252 724 Numitorium,
1272 694 1473 730 Fregellanum,
1492 694 1668 729 proditorem,
1684 702 1850 728 quamquam

1056 731 1222 766 reipublicae
1237 736 1340 758 nostrae
1352 731 1461 766 profuit.
1477 741 1527 757 non
1539 731 1614 757 odit‘?
1626 731 1689 766 quis
1701 731 1776 757 urbis
1787 739 1851 757 con-

1056 774 1217 796 servatorem
1224 769 1350 799 Codrum,
1367 769 1429 804 quis
1436 769 1577 795 Erechthei
1590 768 1658 794 filias
1670 777 1721 794 non
1734 768 1850 794 maxime

1057 806 1164 833 laudat?
1178 806 1228 833 Cui
1240 806 1339 832 Tubuli
1356 815 1451 832 nomen
1467 806 1528 832 odio
1545 815 1595 832 non
1611 805 1668 832 est‘?
1681 807 1743 840 quis
1755 805 1851 832 Aristi-

1033 872 1034 875 ,
1056 843 1118 870 dem
1135 852 1186 870 non
1204 848 1338 870 mortuum
1354 843 1462 877 diligit?
1475 844 1514 869 An
1530 843 1733 872 obliviscimur.
1751 847 1852 877 quanto

1056 889 1135 915 opere
1152 881 1178 907 in
1195 880 1329 907 audiendo
1345 881 1371 907 in
1389 876 1555 915 legendoque
1575 889 1743 907 moveamur.
1765 887 1850 914 quum

1057 919 1109 953 pie,
1125 926 1209 953 quum
1221 918 1315 948 amice.
1332 926 1416 953 quum
1429 926 1526 950 maggno
1537 919 1626 944 animo
1636 917 1739 952 aliquid
1753 916 1851 943 sactum

1056 1029 1186 1056 clamores
1201 1029 1277 1065 vulgi
1289 1035 1368 1064 atque
1379 1030 1565 1064 imperitorum
1577 1029 1727 1056 excitantur
1738 1029 1764 1055 in
1778 1028 1852 1055 thea—

1058 1067 1114 1098 tris,
1127 1075 1213 1102 quum
1225 1066 1270 1093 illa
1281 1066 1422 1093 dicuntur:

1132 1104 1185 1137 Eyo
1194 1113 1249 1130 sum
1261 1104 1371 1130 Orestes.

1061 1145 1206 1176 contraque
1217 1141 1250 1167 ab
1261 1140 1352 1171 altero,

1131 1193 1168 1197 —
1178 1180 1254 1204 immo
1263 1181 1390 1204 enimvero
1400 1181 1444 1211 e'qo
1453 1185 1518 1208 sum,
1529 1179 1643 1210 inquam,
1656 1176 1765 1203 Orestes.

1057 1215 1147 1248 Quum
1159 1220 1247 1242 autem
1259 1216 1339 1242 etiam
1351 1216 1441 1242 exitus
1452 1215 1485 1241 ab
1496 1219 1610 1249 utmque
1621 1214 1699 1240 datur
1709 1214 1853 1240 conturba-

1058 1257 1083 1279 to
1104 1253 1257 1287 errantique
1277 1254 1348 1289 regi:
1370 1254 1444 1279 ambo
1463 1261 1523 1285 erqo
1538 1260 1591 1277 una
1605 1254 1690 1278 vivere
1702 1260 1854 1284 precamur:

1057 1291 1163 1325 quoties
1184 1290 1234 1317 hoc
1254 1290 1356 1326 agitur,
1377 1289 1520 1325 quandove
1528 1309 1534 1319 ,
1557 1289 1610 1315 nisi
1630 1288 1854 1315 admirationibus

1058 1326 1203 1354 maximis?
1215 1327 1300 1354 Nemo
1310 1331 1351 1354 est
1361 1328 1453 1363 igitur,
1461 1327 1528 1362 quin
1539 1326 1608 1352 hanc
1618 1326 1784 1352 affectionem
1795 1326 1855 1352 ani-

1059 1366 1095 1391 mi
1112 1364 1206 1399 probet
1220 1369 1300 1400 atque
1318 1364 1420 1391 laudet:
1436 1372 1490 1399 qua
1505 1372 1558 1390 non
1572 1363 1652 1390 modo
1666 1362 1768 1389 utilitas
1779 1362 1854 1390 nulla

1057 1402 1210 1437 quaeritur,
1228 1401 1277 1428 sed
1291 1406 1381 1429 contra
1393 1401 1535 1428 utilitatem
1547 1401 1627 1427 etiam
1639 1405 1813 1427 conservatur
1823 1399 1855 1426 fi-

1057 1439 1115 1465 des.
1156 1440 1198 1465 64.
1218 1439 1330 1465 Talibus
1341 1438 1474 1474 exemplis
1485 1447 1536 1464 non
1550 1437 1625 1464 fictae
1635 1437 1723 1464 solum
1735 1437 1852 1468 fabulae,

1058 1485 1153 1503 verum
1165 1476 1246 1503 etiam
1256 1476 1382 1503 historiae
1394 1475 1505 1502 refertae
1514 1480 1591 1506 sunt.
1609 1480 1634 1502 et
1644 1474 1755 1510 quidem
1767 1475 1855 1501 maxi-

1058 1522 1101 1540 me
1112 1518 1226 1540 nostrae.
1252 1514 1306 1540 Nos
1317 1514 1390 1540 enim
1401 1513 1435 1540 ad
1445 1521 1520 1539 sacra
1530 1512 1607 1539 Idaea
1618 1512 1774 1547 accipienda
1784 1512 1856 1547 opti-

1057 1560 1133 1577 mum
1148 1551 1238 1577 virum
1254 1550 1420 1587 delegimus:
1446 1559 1494 1577 nos
1515 1554 1615 1577 tutores
1635 1550 1762 1576 misimus
1783 1549 1856 1585 regi—

1058 1589 1123 1615 bus:
1146 1589 1229 1615 nostri
1245 1589 1419 1623 imperatores
1432 1596 1480 1623 pro
1495 1587 1581 1614 salute
1596 1587 1697 1622 patriae
1707 1595 1756 1613 sua
1768 1588 1855 1622 capita

1058 1630 1204 1652 voverunt:
1218 1626 1302 1653 nostri
1312 1625 1438 1652 consules
1444 1633 1534 1661 regem
1541 1624 1773 1655 inimicissimum,
1782 1631 1856 1650 moe-

1059 1663 1140 1690 nibus
1151 1664 1205 1689 iam
1216 1663 1486 1697 appropinquantem,
1499 1665 1670 1691 monuerunt,
1686 1669 1700 1687 a
1712 1669 1815 1687 veneno
1826 1665 1857 1687 ut

1057 1704 1177 1726 caveret:
1191 1705 1278 1726 nostra
1290 1701 1318 1726 in
1329 1699 1477 1735 republica,
1485 1703 1520 1730 et,
1528 1706 1597 1734 quae
1608 1706 1656 1733 per
1666 1699 1722 1724 vim
1733 1697 1854 1725 oblatum

1058 1743 1183 1772 stuprum
1195 1736 1344 1764 voluntaria
1356 1741 1439 1763 morte
1452 1736 1550 1766 lueret,
1566 1736 1674 1762 inventa
1685 1740 1738 1765 est,
1751 1739 1790 1765 et,
1806 1735 1855 1770 qui

1035 1770 1037 1779 ’
1059 1774 1219 1801 interficeret
1229 1773 1322 1805 filiam,
1331 1783 1363 1800 ne
1374 1778 1554 1808 stupraretur:
1567 1781 1636 1808 quae
1647 1772 1758 1808 quidem
1765 1773 1855 1799 omnia

1035 1809 1037 1816 ⁴
1059 1817 1084 1838 et
1095 1811 1304 1838 innumerabilia
1315 1816 1464 1846 praeterea,
1481 1811 1544 1846 quis
1559 1815 1613 1841 est,
1631 1810 1678 1845 qui
1691 1818 1742 1836 non
1754 1808 1856 1836 intelli-

1036 1870 1037 1875 ,
1058 1853 1111 1884 gat,
1125 1854 1151 1875 et
1161 1857 1220 1880 eOS,
1238 1849 1285 1883 qui
1298 1848 1422 1878 fecerint,
1440 1848 1581 1884 dignitatis
1592 1846 1735 1882 splendore
1748 1846 1853 1877 ductos,

1028 1898 1037 1919 η
1059 1887 1231 1913 immemores
1243 1885 1327 1913 fuisse
1338 1886 1486 1912 utilitatum
1497 1893 1622 1915 suarum,
1635 1892 1752 1919 nosque,
1769 1892 1855 1919 quum

1036 1943 1037 1948 ,
1058 1932 1088 1950 ea
1101 1922 1252 1953 laudemus,
1266 1923 1339 1950 nulla
1351 1923 1403 1950 alia
1414 1931 1455 1953 re,
1469 1923 1522 1949 nisi
1533 1922 1671 1948 honestate
1681 1920 1764 1947 duci?

1114 1960 1211 1987 XXIII.
1233 1960 1339 1993 Quibus
1351 1960 1432 1987 rebus
1443 1960 1574 1995 expositis
1584 1959 1702 1986 breviter
1712 1958 1771 1993 (nec
1781 1958 1855 1985 enim

1058 2006 1119 2024 sum
1135 1998 1254 2033 copiam,
1272 2006 1353 2033 quam
1369 1998 1458 2033 potui,
1474 1997 1538 2032 quia
1553 1996 1687 2023 dubitatio
1702 1996 1728 2022 in
1741 2003 1768 2022 re
1781 1994 1853 2022 nulla

1035 2050 1037 2056 ν
1058 2040 1127 2066 erat,
1144 2035 1322 2071 persecutus),
1339 2035 1387 2061 sed
1401 2035 1444 2061 his
1456 2035 1538 2061 rebus
1547 2033 1717 2060 concluditur
1727 2031 1853 2068 profecto,

1035 2087 1036 2110 3
1058 2077 1083 2099 et
1094 2073 1208 2099 virtutes
1218 2080 1321 2103 omnes,
1334 2077 1360 2099 et
1371 2072 1514 2099 honestum
1524 2071 1602 2102 illud,
1616 2069 1689 2106 quod
1700 2078 1735 2097 ex
1746 2070 1788 2096 his
1799 2070 1856 2096 vir-

1058 2110 1162 2136 tutibus
1173 2110 1293 2136 exoritur
1305 2114 1331 2136 et
1342 2110 1368 2136 in
1380 2110 1424 2136 his
1439 2109 1543 2139 haeret,
1558 2117 1607 2143 per
1618 2116 1647 2134 se
1656 2115 1716 2134 esse
1727 2111 1856 2142 expeten-

1058 2146 1135 2173 dum.
1175 2148 1217 2173 65.
1239 2147 1267 2173 In
1278 2148 1352 2173 omni
1363 2151 1452 2174 autem
1462 2146 1584 2174 honesto.
1597 2145 1630 2172 de
1640 2153 1694 2180 quo
1706 2143 1852 2180 loquimur,

1058 2184 1127 2210 nihil
1143 2188 1183 2210 est
1199 2188 1252 2210 tam
1268 2184 1386 2215 illustre,
1404 2192 1454 2210 nec
1468 2183 1541 2219 quod
1557 2182 1638 2209 latius
1653 2186 1753 2217 pateat,
1771 2189 1854 2216 quam

1057 2222 1212 2248 coniunctio
1227 2221 1297 2248 inter
1307 2221 1431 2248 homines
1442 2221 1584 2247 hominum
1595 2224 1621 2246 et
1631 2219 1709 2254 quasi
1720 2218 1854 2254 quaedam

1058 2259 1172 2285 societas
1182 2263 1208 2284 et
1218 2259 1427 2286 communicatio
1437 2257 1584 2285 utilitatum
1595 2262 1620 2283 et
1631 2257 1690 2291 ipsa
1699 2256 1796 2282 caritas
1806 2263 1855 2291 ge-

1058 2296 1131 2322 neris
1142 2295 1270 2322 humani:
1283 2304 1353 2331 quae
1364 2300 1425 2322 nata
1436 2304 1450 2322 a
1461 2295 1548 2330 primo
1559 2299 1627 2324 satu,
1640 2301 1694 2328 quo
1705 2301 1719 2319 a
1730 2300 1854 2327 procrea-

1058 2332 1162 2359 toribus
1173 2333 1229 2359 nati
1239 2332 1401 2369 diliguntur,
1414 2337 1439 2359 et
1450 2337 1502 2359 tota
1512 2332 1609 2358 domus
1619 2330 1745 2365 coniugio
1755 2334 1781 2356 et
1791 2329 1855 2356 stir-

1058 2378 1091 2405 pe
1111 2370 1298 2406 coniungitur,
1320 2371 1403 2405 serpit
1423 2370 1525 2396 sensim
1544 2368 1613 2395 foras
1621 2388 1627 2398 ,
1649 2366 1854 2402 cognationibus

1058 2407 1178 2442 primum
1186 2428 1192 2438 ,
1205 2411 1262 2434 tum
1274 2407 1464 2438 affinitatibus,
1476 2406 1574 2433 deinde
1585 2404 1724 2434 amicitiis,
1740 2408 1801 2438 post
1811 2404 1855 2430 vi-

1057 2444 1228 2476 cinitatibus;
1247 2449 1304 2471 tum
1316 2445 1424 2471 civibus
1433 2465 1439 2475 ,
1456 2448 1483 2470 et
1492 2444 1540 2474 iis,
1555 2443 1603 2478 qui
1616 2440 1726 2476 publice
1736 2441 1803 2467 socii
1814 2445 1855 2467 at-

1057 2490 1111 2516 que
1122 2482 1202 2508 amici
1214 2487 1290 2508 sunt:
1304 2481 1402 2508 deinde
1412 2482 1493 2508 totius
1503 2479 1646 2514 complexu
1656 2479 1745 2514 gentis
1757 2477 1855 2504 huma-

1058 2526 1121 2545 nae:
1135 2527 1204 2553 quae
1215 2520 1300 2546 animi
1310 2519 1422 2549 affectio,
1435 2526 1516 2544 suum
1527 2517 1626 2551 cuique
1637 2516 1759 2542 tribuens
1773 2519 1853 2550 atque

1059 2556 1141 2585 hanc,
1157 2564 1240 2591 quam
1255 2556 1328 2587 dico,
1345 2556 1498 2582 societatem
1511 2553 1708 2580 coniunctionis
1719 2552 1853 2579 humanae

1059 2592 1186 2620 munifice
1196 2598 1222 2620 et
1232 2602 1317 2629 aeque
1328 2598 1407 2620 tuens
1414 2613 1420 2622 ,
1432 2592 1535 2618 iustitia
1545 2591 1657 2617 dicitur:
1676 2590 1721 2616 cui
1731 2594 1795 2616 sunt
1805 2589 1854 2615 ad-

1059 2631 1165 2657 iunctae
1176 2631 1272 2665 pietas,
1284 2631 1403 2660 bonitas,
1416 2628 1575 2658 liberalitas,
1587 2627 1742 2663 benignitas
1750 2647 1756 2658 ,
1768 2627 1853 2653 eomi—

1059 2672 1114 2699 tas,
1131 2675 1256 2703 quaeque
1270 2672 1334 2695 sunt
1347 2667 1455 2704 generis
1469 2665 1604 2693 eiusdem.
1643 2665 1730 2700 Atque
1740 2663 1806 2691 haec
1817 2663 1853 2690 ita
