1941 3052
264 135 293 155 Μ’)
844 132 868 156 7.
906 131 938 156 M.
974 131 993 156 T
1035 130 1054 156 (Σ
1069 130 1077 156 l

264 211 332 229 rium
357 210 446 228 meum
468 202 554 231 retuli,
576 206 638 228 sunt
656 200 796 230 eiusmodi,
818 208 868 226 non
883 200 971 234 aliqua
986 199 1051 225 inihi
1074 211 1075 223 i

263 240 380 266 doctrina
395 240 496 268 tradita,
518 239 563 265 sed
579 240 604 265 in
620 248 706 265 rerum
723 247 772 263 usu
788 238 945 272 cattssisque
960 241 1053 262 tracta-

265 283 300 304 tn:
322 285 390 312 quae
404 277 426 302 ui
443 276 526 305 vobi»,
544 276 697 302 bominibus
711 274 909 304 eruditissimis,
926 282 977 299 non
993 281 1053 308 pro-

264 315 406 343 babuntur,
425 318 536 339 vestrum
553 313 718 348 iniquitatem
734 315 890 341 accusatotc,
906 311 952 345 qui
967 318 999 336 ex
1011 318 1053 336 me

264 362 292 377 en
327 351 482 380 uaesieritis,
499 359 567 385 qum·
581 358 630 383 ogo
644 349 787 375 nescirem:
804 356 888 374 meam
901 347 1051 374 facilitatem
1074 348 1075 352 ’

266 360 404 417 Ιυιιᾎιιῑοῑο,
425 396 510 422 quum
531 387 614 416 vobis,
636 395 686 412 non
702 385 882 415 meoiudicio,
898 384 944 410 ned
967 389 1054 411 vestro

264 425 352 452 studio
367 425 501 454 induri-m,
520 432 569 449 non
585 427 692 457 gravate
707 422 876 457 respondero.
910 423 968 448 209.
985 422 1052 448 Tum

264 464 384 492 Crassus,
413 462 492 494 Perge
512 460 597 490 modo,
624 460 719 494 inquit,
745 459 851 486 Antoni.
885 459 995 485 Nullum
1015 463 1055 484 est

264 501 333 526 enim
350 498 506 534 periculum,
517 506 548 523 ne
562 497 627 532 quid
643 501 670 523 tu
683 496 815 531 eloquare,
829 497 879 523 nisi
892 497 925 522 ita
938 495 1054 531 pruden-

265 542 310 566 ter,
325 541 353 562 ut
367 536 498 561 nemina-m
512 539 630 560 nostrum
646 535 777 569 poeniteat
790 534 822 560 ad
837 534 908 560 bunc
919 538 943 560 tc
954 541 1055 560 sermo—
1075 530 1077 627 ἢ

1076 650 1077 658 ,

265 583 322 600 nem
338 572 487 607 impulisse.

320 611 374 645 Ego
392 618 462 639 vero,
490 609 585 644 inquit,
606 617 713 643 pergam
732 613 757 634 et
772 609 797 634 id
813 608 915 639 faciam,
940 607 1012 643 quod
1027 608 1053 633 in

264 647 395 682 principio
418 647 472 672 fieri
497 647 522 672 in
542 647 667 672 omnibus
685 646 912 681 disputationibus
935 649 1055 680 oportere

263 693 370 710 censeo:
394 689 431 715 ut,
447 683 512 718 quid
528 683 594 709 illud
610 683 652 713 sit,
673 683 705 709 ‹11-
719 692 773 718 quo
786 683 946 717 disputetur,
962 681 1055 716 expla-

265 726 349 752 netur,
366 729 398 747 ne
414 722 501 755 vagari
516 725 541 746 et
555 729 640 746 errare
653 725 762 756 cogatur
775 721 865 750 orntio,
882 720 903 746 si
919 720 1000 754 ii,qui
1014 720 1056 745 in-

264 764 302 785 ter
315 767 343 785 se
357 759 539 788 dissenserint,
557 766 607 784 non
622 757 692 784 idem
710 756 787 794 [esse]
805 757 942 792 illud,quo
955 757 988 782 de
998 756 1056 791 agi·
1075 750 1077 800 J

264 801 314 826 tur,
331 795 489 831 intelligant.
511 797 569 821 2⁴0.
587 796 662 825 Nam,
678 795 700 821 si
716 795 780 821 forte
794 798 973 829 quaereretur,
985 801 1054 828 quae
1075 806 1077 829 Λ

263 837 332 859 esset
346 842 388 859 urs
402 832 577 867 imperatoris,
590 832 805 858 constituendum
821 837 940 866 putarem
956 831 1054 866 princi-
1075 835 1077 874 l

264 871 386 905 pio,quis
400 874 469 896 esset
483 870 638 904 imperator;
653 870 699 904 qui
711 878 796 904 qtitim
811 874 879 895 esset
893 869 1054 895 constitutus

263 907 459 934 administrator
477 907 586 942 quidam
607 906 668 932 belli
689 907 807 940 gerendi,
825 911 880 932 tum
895 906 1055 941 adiungere-

264 953 324 971 mus
337 944 370 971 de
385 945 511 975 exercitu,
527 944 559 970 (le
573 944 674 971 castris.
691 944 724 969 de
739 943 900 979 agminibus,
917 943 949 969 de
964 944 1054 977 signo-
1075 931 1077 969 l

264 991 322 1008 rum
346 981 541 1011 collationibus,
566 981 599 1007 de
619 981 777 1015 oppidorum
797 981 1050 1016 oppugnationibus,

263 1019 296 1045 de
309 1023 466 1049 commeatu,
483 1019 515 1044 de
530 1018 634 1045 insidiis
650 1018 778 1044 faciendis
792 1023 870 1053 atque
885 1017 1008 1047 vitandis,
1021 1017 1054 1043 de
1075 1023 1077 1046 ἱ

264 1056 374 1091 reliquis
397 1056 486 1087 rebus,
511 1064 580 1091 quae
601 1060 690 1081 essent
713 1056 834 1090 propriae
857 1055 920 1081 belli
940 1055 1055 1081 admini-
1075 1054 1077 1080 ἶ

263 1093 377 1126 sti-andi,
393 1102 506 1128 quarum
521 1093 567 1128 qui
582 1097 669 1119 essent
683 1093 771 1119 animo
785 1097 810 1119 et
823 1093 933 1118 scientia
947 1100 1055 1126 compo·
1075 1091 1077 1099 '

263 1136 311 1162 tes,
332 1139 376 1157 eos
394 1139 452 1157 esse
467 1131 637 1165 imperatores
651 1129 780 1161 dicerem,
810 1134 950 1164 utererque
964 1137 1054 1155 exem-
1075 1131 1077 1154 :

263 1205 436 1232 Hannibalem
455 1209 533 1240 atque
551 1205 610 1231 eius
623 1205 728 1240 generis
743 1204 864 1230 homines
879 1204 1052 1230 nominarem.
1076 1229 1077 1238 ,

263 1244 321 1268 att.
343 1242 389 1269 Sin
413 1247 500 1268 autem
523 1250 721 1276 quaereremus,
743 1241 806 1276 quis
824 1246 894 1267 esset
911 1242 943 1272 is,
959 1241 1006 1275 qui
1021 1240 1053 1266 ad
1075 1254 1077 1258 ι

262 1279 454 1315 rempublicam
469 1279 656 1305 moderandam
672 1287 752 1304 usum
768 1283 793 1305 et
806 1279 943 1305 scientiam
958 1282 983 1304 et
997 1282 1055 1304 stu-

262 1317 337 1343 dium
361 1325 441 1343 suum
465 1316 630 1346 contulisset,
651 1315 788 1342 definirem
808 1315 857 1342 hoc
875 1315 966 1342 modo:
994 1315 1051 1350 qui,

262 1354 362 1389 quibus
376 1354 456 1380 rebus
470 1353 570 1380 utilitas
581 1353 743 1387 reipublicae.
753 1357 889 1387 pararetur
898 1356 1055 1388 augeretur-

261 1400 323 1426 que,
340 1395 438 1418 teneret
458 1391 545 1426 iisque
560 1394 687 1421 uteretur,
709 1390 780 1416 hunc
794 1389 956 1424 reipublicae
970 1393 1054 1416 recto-

262 1437 316 1454 rem
340 1433 365 1454 et
386 1427 490 1454 consilii
514 1427 614 1462 publici
638 1431 771 1453 auctorem
799 1435 858 1453 esse
884 1426 1051 1452 habendum:

261 1465 494 1500 praedicaremque
507 1465 536 1490 P.
553 1464 696 1490 Lentulum
710 1465 857 1499 principem
871 1463 948 1490 illum
967 1468 993 1490 et
1011 1463 1052 1490 Ti.

261 1503 411 1529 Gracchum
426 1506 527 1537 patrem
542 1505 567 1528 et
581 1501 612 1533 Q.
629 1501 765 1527 Metellum
780 1506 805 1527 et
818 1501 847 1527 P.
863 1500 1018 1527 Africanum
1029 1504 1054 1527 et

261 1540 290 1566 C.
316 1539 435 1566 Laelium
457 1543 482 1566 et
503 1538 713 1565 innumerabiles
731 1538 797 1565 alios
814 1547 900 1573 quum
918 1546 952 1564 ex
965 1542 1054 1564 nostra

260 1578 367 1603 civitate
380 1581 437 1603 tum
451 1585 485 1603 ex
498 1577 602 1602 ceteris.
630 1577 690 1603 ⁶2⁴2.
707 1575 754 1602 Sin
768 1580 856 1602 autem
870 1579 1050 1610 quaereretur,

260 1615 385 1649 quisnam
399 1613 606 1640 iurisconsultus
621 1621 682 1639 vere
696 1613 885 1643 nominaretur,
905 1620 967 1639 eum
981 1611 1054 1638 dice-

262 1660 326 1682 rem,
342 1652 390 1686 qui
406 1651 495 1687 legum
510 1655 535 1677 et
547 1649 750 1677 consuetudinis
764 1650 831 1680 eius,
847 1657 901 1684 qua
915 1649 1011 1684 privati
1026 1649 1052 1675 in

261 1689 367 1715 civitate
390 1692 535 1719 uterentur,
559 1692 585 1714 et
603 1687 635 1713 ad
653 1686 869 1722 respondendum
883 1691 909 1713 et
926 1686 959 1712 ad
973 1694 1054 1722 agen-

261 1726 327 1752 dum
345 1729 370 1751 et
388 1725 420 1751 ad
438 1725 587 1751 cavendum
601 1725 704 1759 peritus
717 1728 800 1755 esset3
828 1728 854 1750 et
868 1731 901 1750 ex
914 1731 945 1749 eo
957 1731 1054 1759 genere

262 1762 323 1789 Sex.
343 1762 458 1793 Aelium,
479 1763 513 1788 Μ’
531 1762 679 1792 Manilium,
699 1762 728 1788 P.
744 1761 863 1787 Mucium
878 1761 1052 1787 nominarem.

262 1799 357 1826 XLIX.
381 1800 477 1834 Atque,
503 1803 531 1825 ut
549 1799 601 1825 iam
621 1798 653 1825 ad
673 1799 771 1825 leviora
789 1799 886 1824 artium
905 1797 993 1824 studia
1007 1806 1055 1823 vt.»

263 1837 342 1868 niam,
358 1837 382 1863 si
395 1837 525 1867 musicus,
537 1837 560 1862 si
570 1837 768 1871 grammaticus,
781 1836 803 1861 si
814 1839 890 1870 poeta
900 1838 1051 1870 quaeratur,

262 1875 364 1909 possim
383 1874 506 1900 similiter
519 1873 660 1908 explicare,
676 1873 742 1908 quid
756 1881 848 1898 eorum
861 1872 979 1907 quisque
992 1880 1054 1906 pro-

263 1912 367 1938 fiteatur
384 1915 410 1937 et
427 1919 481 1946 quo
499 1919 550 1937 uon
569 1910 686 1945 amplius
699 1910 732 1936 ab
746 1917 854 1945 quoque
868 1909 902 1936 sit
915 1909 1054 1944 postulan-

261 1949 338 1975 dum.
369 1948 523 1983 Philosophi
546 1947 663 1982 denique
686 1947 782 1982 ipsius,
807 1947 855 1981 qui
873 1946 906 1973 de
920 1954 969 1973 sua
982 1947 1009 1972 vi
1023 1954 1053 1972 ac

261 1986 390 2021 sapientia
416 1994 488 2012 unus
510 1985 599 2012 omnia
623 1993 706 2020 paene
728 1983 875 2019 profitetur,
899 1988 940 2010 est
964 1987 1053 2009 tamen
1081 1991 1083 2010 :

261 2023 392 2058 quaedam
414 2022 566 2057 descriptio,
590 2026 621 2048 ut
641 2023 674 2052 is,
695 2022 743 2056 qui
757 2021 863 2047 studeat
875 2021 996 2047 omnium
1011 2029 1053 2046 re-

262 2069 321 2086 rum
336 2059 488 2086 divinarum
498 2063 577 2095 atque
587 2059 765 2085 humanarum
776 2059 831 2084 vim
843 2062 964 2084 naturam
974 2066 1053 2084 caus-

261 2105 360 2132 sasque
373 2105 451 2124 nosse
465 2101 490 2123 et
503 2105 609 2123 omnem
624 2096 691 2122 bene
704 2095 814 2122 vivendi
825 2096 952 2121 rationem
964 2099 1052 2121 tenere
1073 2121 1082 2131 Η

262 2139 287 2161 et
305 2135 438 2169 persequi,
460 2134 567 2160 nomine
585 2133 635 2160 hoc
652 2132 809 2168 appelletur.
843 2134 902 2158 2⁴3.
917 2131 1051 2159 Oratorem
1080 2138 1082 2167 ς

262 2176 358 2203 autem,
371 2173 497 2207 quoniam
511 2171 544 2197 de
557 2179 588 2197 eo
600 2171 764 2206 quaerimus,
780 2169 905 2205 equidem
920 2177 972 2195 non
986 2168 1054 2195 facio

262 2209 396 2240 eumdem,
412 2217 494 2244 quem
508 2208 635 2240 Crassus;
662 2208 711 2243 qui
722 2207 789 2233 mihi
804 2207 878 2233 visus
892 2211 933 2232 est
944 2214 1051 2232 omnem

261 2247 381 2273 omnium
405 2255 493 2272 rerum
515 2250 595 2281 atque
613 2245 709 2271 artium
727 2245 863 2270 scientiam
878 2243 1054 2278 comprehen-

262 2284 323 2310 dere
337 2291 392 2310 uno
404 2283 514 2310 oratoris
527 2282 614 2309 officio
627 2291 657 2308 ac
671 2282 790 2314 nomine3
819 2286 898 2316 atque
911 2289 974 2307 eum
988 2285 1053 2315 puto

262 2329 329 2351 esse,
345 2321 392 2355 qui
406 2325 431 2347 et
446 2320 535 2346 verbis
549 2319 582 2346 ad
596 2319 760 2346 audiendum
773 2318 900 2345 iucundis
910 2322 936 2344 et
945 2322 1054 2344 senten-

263 2358 306 2383 tiis
324 2357 357 2384 ad
375 2357 542 2393 probandum
561 2355 764 2383 accommodatis
782 2356 822 2382 uti
836 2356 921 2390 possit
933 2355 961 2381 in
975 2363 1053 2381 caus-

263 2395 300 2420 sis
314 2394 464 2421 forensibus
479 2399 558 2429 atque
571 2393 774 2421 communibus:
800 2393 872 2419 hunc
885 2401 935 2428 ego
947 2392 1053 2427 appello

262 2436 399 2463 oratorem,
420 2440 537 2467 eumque
554 2440 613 2458 esse
629 2435 760 2466 praeterea
774 2431 934 2456 instructum
950 2437 1014 2456 voce
1026 2433 1053 2455 et

262 2468 363 2494 actione
386 2473 412 2495 et
434 2468 522 2503 lepore
544 2468 660 2504 quodam
683 2467 753 2494 volo.
784 2469 843 2494 2⁴4.
859 2467 971 2493 Crassus
990 2474 1053 2493 vero
1074 2478 1075 2482 =

263 2505 329 2531 mihi
351 2510 440 2532 noster
462 2506 538 2532 visus
559 2511 599 2532 est
612 2505 722 2532 oratoris
741 2504 892 2531 facultatem
911 2512 963 2530 non
976 2503 1052 2530 illius

262 2542 325 2568 artis
339 2543 468 2573 terminis,
485 2543 532 2569 sed
542 2543 641 2578 ingenii
653 2543 696 2569 sui
709 2542 808 2568 finibus
818 2541 958 2568 immensis
968 2548 1052 2576 paene

262 2579 420 2606 describere.
441 2580 508 2605 Nam
522 2584 547 2606 et
556 2580 694 2606 civitatum
707 2579 884 2615 regendarum
897 2578 992 2605 oratori
1001 2586 1053 2613 gu-

263 2616 403 2642 bernacula
417 2617 546 2643 sententia
559 2625 607 2643 sua
621 2616 741 2649 tradidit3
757 2616 785 2642 in
798 2624 853 2651 quo
865 2624 912 2650 per
923 2615 989 2641 mihi
1001 2615 1053 2641 mi-

263 2661 321 2679 rum
336 2655 424 2680 visum
440 2658 487 2684 est,
505 2653 672 2683 Scaevola‚te
686 2653 734 2680 hoc
745 2653 786 2679 illi
797 2652 952 2685 concedere;
965 2660 1050 2687 quum

263 1168 315 1203 plis
329 1167 513 1194 Africanorum
524 1172 549 1193 et
560 1166 964 1202 Maximorumffipaminondam
975 1171 1054 1201 atque
1075 1158 1084 1192 ,¹3

1092 128 1307 156 cEnosts

1104 200 1260 234 saepissime
1272 200 1320 226 tibi
1335 203 1451 230 senatus.
1468 200 1583 227 breviter
1597 200 1768 236 impoliteque
1782 201 1889 233 dicenti,

1105 238 1229 262 maximis
1251 237 1286 262 nit
1306 236 1339 263 de
1362 237 1442 263 rebus
1463 245 1598 263 assensu..
1634 238 1667 264 Μ.
1690 246 1751 264 vero
1764 238 1889 270 Scaurus,

1103 283 1183 316 quem
1199 282 1250 299 non
1266 273 1342 307 longe
1356 274 1409 300 ruri
1425 274 1495 308 apud
1510 282 1538 299 se
1548 283 1606 300 esse
1615 275 1703 305 audio,
1713 276 1754 301 vir
1763 275 1892 311 regendae

1074 318 1083 338 l·
1105 310 1266 345 reipublicae
1284 311 1489 340 scientissimus.
1506 311 1529 338 si
1543 311 1656 338 audierit
1672 312 1739 338 hanc
1753 314 1893 340 auctorit·-

1081 340 1083 387 Ξ
1105 353 1156 374 tem
1180 348 1317 381 gravitatis
1340 353 1365 373 et
1384 347 1488 374 consilii
1507 349 1549 374 eui
1569 349 1697 375 vindicari
1711 358 1725 375 a
1739 354 1772 381 te,
1788 350 1891 380 (ΣΙ-κιο,

1081 399 1083 423 3
1104 385 1175 419 quod
1194 394 1251 411 eam
1269 386 1378 411 oratoris
1397 386 1529 420 propriam
1547 394 1605 412 esse
1619 386 1700 416 dicae,
1728 387 1788 416 iarn.
1804 387 1890 417 credo.

1106 423 1157 448 huc
1176 423 1263 448 veniat
1283 427 1308 448 et
1327 422 1394 448 banc
1413 422 1596 457 loquacitatem
1615 428 1729 449 nostram
1745 424 1820 450 vultu
1835 425 1894 458 ipso

1105 464 1267 494 aspectuque
1285 464 1428 485 conterreat
1441 469 1445 489 ;
1470 461 1517 495 qui
1532 467 1694 495 quamquam
1710 465 1750 486 eet
1764 461 1790 487 in
1803 460 1895 488 dieen-

1106 497 1140 523 do
1162 497 1272 523 minime
1294 496 1513 526 contemnendus,
1538 497 1676 532 prudentia
1699 503 1785 524 tamen
1805 506 1893 525 rerum

1107 542 1261 570 magnarum
1274 535 1366 569 magis,
1375 543 1455 569 quam
1466 534 1571 560 dicendi
1582 539 1645 564 arte,
1654 535 1755 561 nititur.
1771 537 1830 561 2⁴5.
1842 535 1895 561 Νο-

1105 580 1159 606 que
1179 579 1252 602 vero,
1275 572 1297 597 ni
1317 572 1379 606 quis
1395 576 1538 606 utrumque
1552 576 1649 606 potest,
1671 577 1717 598 eut
1731 571 1775 598 ille
1788 572 1892 599 consilii

1106 608 1206 643 publici
1225 613 1315 635 auctor
1332 618 1361 634 ac
1379 614 1482 635 senator
1501 609 1586 635 bonus
1599 609 1634 635 ob
1646 617 1704 635 eam
1719 610 1803 644 ipsam
1816 617 1896 636 otuu·

1082 661 1084 677 ς
1105 654 1161 671 sam
1175 650 1261 671 orator
1274 650 1327 672 est:
1343 651 1387 672 aut
1403 647 1444 672 bic
1459 646 1574 672 disertus
1585 651 1663 681 atque
1673 646 1809 682 eloquens,
1821 647 1844 673 εἰ
1854 651 1895 673 ent

1082 693 1084 698 ’
1107 683 1175 709 idem
1191 683 1216 709 in
1233 684 1414 717 procuratione
1427 684 1542 709 civitatis
1561 684 1693 719 egregius,
1710 683 1826 719 aliquam
1841 684 1894 710 aci-

1082 699 1085 761 l
1105 721 1202 746 entiam
1216 720 1321 746 dicendi
1335 720 1409 754 copia
1423 725 1463 746 est
1476 725 1644 747 consecutus.
1661 720 1773 747 Multum
1788 721 1855 747 inter
1865 729 1895 747 ae

1082 791 1083 794 Ἴ
1105 757 1204 783 distant
1223 757 1288 783 istae
1303 757 1440 783 facultates
1460 758 1590 793 longeque
1604 762 1666 784 sunt
1680 758 1801 784 diversae
1814 762 1893 793 atque

1105 794 1248 825 seiunctae,
1273 803 1359 828 neque
1381 795 1471 820 eadem
1494 795 1593 821 ratione
1612 803 1641 821 ac
1659 796 1701 821 via
1722 795 1755 821 M.
1776 794 1847 825 Cato,
1863 795 1891 821 P.

1082 827 1083 863 ζ
1105 831 1254 862 Africanus,
1263 830 1294 863 Q.
1304 831 1434 862 Metellus,
1447 832 1475 857 C.
1485 832 1598 862 Laetius.
1607 833 1653 867 qui
1664 840 1757 858 omnes
1766 831 1895 867 eloquen-

1075 867 1083 904 ,3
1106 874 1144 894 tes
1158 868 1273 899 fuerunt,
1282 869 1424 895 orationem
1440 877 1515 895 suam
1530 874 1555 895 et
1566 869 1727 903 reipublicae
1737 869 1893 905 dignitatem

1075 907 1083 920 '³
1105 906 1275 933 exornabant.
1299 906 1327 932 L.
1344 906 1436 941 Neque
1449 907 1519 932 enirn
1533 911 1573 932 est
1587 906 1755 932 interdictum
1770 911 1815 932 aut
1828 914 1842 932 ι
1853 914 1895 933 re-

1082 925 1083 973 l
1105 952 1164 969 rum
1181 948 1271 969 natura
1286 947 1331 969 aut
1344 952 1357 968 a
1373 943 1429 972 lege
1443 943 1532 978 aliqua
1546 947 1625 978 atque
1639 951 1719 974 more,
1736 947 1765 969 ut
1778 943 1894 979 singulis

1082 978 1083 1000 l
1105 981 1260 1007 hominibus
1284 989 1316 1006 ne
1339 971 1464 1015 amplius,
1488 989 1568 1015 quam
1593 980 1712 1016 singulas
1729 985 1798 1007 artes
1816 988 1895 1007 noxe

1082 1002 1083 1033 l
1107 1018 1190 1044 liceat.
1217 1019 1275 1044 216.
1291 1017 1377 1049 Quare
1392 1026 1452 1048 non,
1469 1018 1516 1043 etsi
1532 1017 1768 1052 eloquentissimus
1782 1017 1894 1044 Athenis

1082 1061 1083 1098 i
1105 1054 1218 1081 Pericles
1236 1054 1361 1090 idemque
1378 1055 1405 1081 in
1420 1063 1448 1080 ea
1462 1055 1568 1081 civitate
1581 1054 1712 1089 plurimos
1725 1063 1808 1081 annos
1820 1055 1896 1090 prin·

1105 1101 1167 1127 ceps
1189 1092 1294 1118 consilii
1317 1091 1418 1126 publici
1442 1091 1500 1122 fuit,
1527 1091 1625 1118 idcirco
1642 1091 1762 1118 eiusdem
1777 1092 1894 1118 bominis

1082 1125 1083 1163 l
1105 1135 1184 1164 atque
1198 1129 1261 1155 artis
1276 1133 1388 1164 utraque
1402 1128 1514 1155 facultas
1528 1129 1706 1155 existimanda
1719 1134 1773 1162 est3
1798 1137 1854 1159 nec,
1870 1129 1893 1155 si

1105 1167 1134 1192 P.
1150 1166 1261 1193 Crassus
1275 1166 1345 1193 idem
1360 1165 1410 1192 fuit
1424 1166 1551 1202 eloquens
1562 1171 1587 1193 et
1597 1166 1663 1193 iuris
1673 1166 1894 1202 peritus,on

1104 1213 1226 1230 caussam
1242 1203 1311 1230 inest
1327 1204 1354 1229 in
1370 1202 1492 1230 facultate
1505 1203 1611 1230 dicendi
1626 1204 1692 1230 iuris
1706 1203 1794 1230 civilis
1807 1203 1895 1230 scien-

1106 1242 1149 1267 tia.
1171 1241 1228 1267 ΞΠ.
1248 1241 1314 1267 Nam
1333 1241 1355 1266 si
1374 1241 1499 1276 quisque,
1516 1245 1545 1267 ut
1559 1241 1586 1267 in
1600 1240 1688 1276 aliqua
1702 1245 1756 1267 arte
1770 1245 1795 1267 et
1809 1239 1894 1267 facul-

1082 1309 1083 1315 *
1105 1283 1155 1304 tate
1169 1277 1310 1309 excellens,
1330 1277 1408 1304 aliam
1423 1286 1530 1313 quoque
1547 1282 1629 1304 artem
1642 1278 1694 1304 sibi
1708 1278 1892 1312 assumpserit,

1082 1342 1083 1347 ,
1104 1316 1127 1342 is
1146 1315 1271 1350 perficiet,
1293 1319 1329 1346 ut,
1350 1314 1422 1350 quod
1436 1320 1569 1349 praeterea
1582 1315 1656 1345 sciet,
1675 1314 1703 1341 id
1716 1315 1784 1346 eius,
1799 1315 1827 1342 in
1840 1322 1894 1350 quo

1104 1352 1223 1382 excellet,
1240 1360 1300 1387 pars
1314 1351 1444 1387 quaedam
1459 1360 1517 1378 esse
1532 1351 1665 1383 videatur3
1681 1351 1742 1378 licet
1754 1353 1804 1378 ista
1815 1352 1895 1378 ratio-

1105 1398 1137 1416 nc
1150 1389 1271 1415 dicamus
1284 1388 1338 1424 pila
1352 1389 1419 1415 benc
1433 1394 1458 1415 et
1467 1388 1608 1415 duodecim
1617 1389 1724 1424 scriptis
1734 1388 1824 1416 ludere
1833 1397 1895 1424 ραν

1105 1427 1193 1461 prium
1217 1435 1275 1452 esse
1298 1426 1364 1452 iuris
1387 1426 1484 1458 civilis,
1503 1425 1630 1461 quoniam
1645 1431 1789 1462 utrumque
1801 1435 1893 1453 eorum

1105 1465 1133 1490 P.
1149 1463 1254 1490 Mucius
1268 1464 1367 1498 optime
1381 1462 1484 1495 secerit;
1500 1463 1646 1498 eademque
1660 1464 1759 1490 ratione
1771 1463 1895 1490 dicantur

1105 1505 1138 1533 et,
1160 1509 1228 1536 quos
1250 1499 1377 1534 φυσικούς
1399 1500 1493 1527 Graeci
1515 1500 1664 1532 nominant,
1688 1500 1769 1527 iidem
1791 1505 1892 1536 poetae,

1104 1539 1232 1574 quoniam
1249 1537 1424 1572 Empedocles
1443 1537 1572 1574 physicus
1589 1538 1726 1573 egregium
1745 1546 1836 1572 poema
1855 1537 1895 1564 fe-

1105 1576 1178 1602 cerit.
1217 1574 1251 1601 At
1264 1574 1313 1601 hoc
1327 1583 1359 1601 ne
1372 1573 1526 1609 philosophi
1539 1574 1648 1609 quidem
1663 1575 1723 1610 ipsi,
1744 1575 1791 1610 qui
1805 1575 1895 1602 omnia

1105 1613 1175 1639 sicut
1197 1612 1302 1647 propria
1325 1620 1372 1638 sua
1396 1619 1456 1638 esse
1477 1616 1556 1646 atque
1574 1620 1588 1638 a
1602 1620 1630 1638 se
1644 1611 1775 1646 possideri
1788 1611 1891 1642 volunt.

1104 1649 1191 1676 dicere
1212 1648 1318 1680 audent,
1343 1649 1514 1684 geometriam
1532 1653 1578 1675 aut
1595 1649 1726 1676 musicam
1739 1648 1893 1684 philosophi

1104 1694 1172 1718 esse,
1191 1686 1255 1722 quia
1273 1685 1408 1712 Platonem
1426 1694 1518 1712 omnes
1535 1685 1632 1712 inillis
1644 1686 1746 1713 artibus
1758 1691 1894 1722 praestan—

1104 1724 1239 1750 tissimum
1262 1722 1346 1749 fuisse
1373 1722 1510 1749 fateantur.
1548 1724 1608 1750 248.
1631 1723 1670 1750 Ac
1691 1723 1714 1750 si
1737 1724 1790 1750 iam
1807 1723 1895 1759 placet

1103 1769 1196 1788 omnes
1218 1764 1286 1787 artes
1309 1761 1404 1787 oratori
1426 1760 1598 1796 subiungere,
1619 1759 1785 1787 tolerabilius
1801 1765 1842 1787 est
1854 1761 1893 1787 sic

1104 1798 1192 1833 potius
1206 1797 1301 1828 dicere,
1327 1802 1365 1828 ut,
1389 1798 1515 1832 quoniam
1533 1797 1639 1824 dicendi
1657 1797 1768 1824 facultas
1782 1806 1833 1825 non
1846 1797 1894 1824 de—

1104 1836 1163 1861 beat
1182 1843 1240 1861 esse
1257 1834 1347 1861 ieiuna
1364 1839 1444 1870 atque
1462 1834 1546 1865 nuda,
1566 1834 1614 1861 sed
1631 1843 1738 1870 aspersa
1755 1839 1834 1870 atque
1851 1835 1894 1862 di-

1081 1883 1083 1888 *
1103 1873 1198 1898 stincta
1220 1871 1364 1898 multarum
1388 1880 1475 1897 rerum
1494 1871 1610 1898 iucunda
1628 1871 1744 1907 quadam
1757 1873 1890 1903 varietate.

1081 1941 1083 1948 ⁴
1105 1910 1141 1936 sit
1159 1909 1221 1936 boni
1239 1909 1348 1936 oratoris
1366 1908 1449 1935 multa
1467 1908 1579 1935 auribus
1596 1910 1739 1944 accepisse,
1754 1908 1838 1936 multa
1851 1910 1894 1936 vi-

1082 1949 1083 1957 *
1104 1947 1184 1977 disse,
1193 1945 1276 1972 multa
1286 1947 1375 1972 animo
1384 1950 1410 1972 et
1419 1946 1584 1982 cogitatione,
1597 1945 1680 1972 multa
1690 1946 1770 1972 etiam
1781 1945 1894 1982 legendo

1081 2016 1083 2022 .
1104 1984 1280 2019 percurrisse:
1309 1991 1396 2018 neque
1409 1991 1438 2009 ea
1455 1987 1485 2009 ut
1498 1991 1546 2009 sua
1561 1983 1720 2018 possedisse,
1741 1983 1788 2010 sed
1802 1987 1831 2010 ut
1843 1982 1894 2010 ali·

1081 2042 1083 2050 ,
1104 2030 1152 2048 ena
1176 2020 1283 2047 libasse.
1318 2021 1410 2047 Fateor
1432 2020 1504 2046 enim
1521 2020 1649 2046 callidum
1662 2020 1806 2055 quemdam
1820 2020 1894 2047 hunc

1081 2064 1082 2069 ¹
1103 2063 1129 2085 et
1142 2058 1216 2085 nulla
1230 2058 1257 2084 in
1271 2066 1298 2084 re
1307 2058 1418 2084 tironem
1429 2065 1459 2084 ac
1468 2057 1562 2084 rudem
1573 2065 1621 2084 nec
1631 2058 1802 2093 peregrinum
1812 2062 1892 2093 atque

1104 2095 1235 2130 hospitem
1248 2095 1277 2121 in
1290 2094 1392 2130 agendo
1405 2102 1464 2120 esse
1476 2094 1582 2121 debere.

1159 2133 1200 2158 Ll.
1207 2133 1265 2159 2⁴9.
1277 2132 1370 2166 Neque
1379 2139 1442 2158 vero
1451 2132 1509 2157 istis
1521 2131 1662 2168 tragoediis
1672 2131 1734 2162 tuis,
1741 2131 1843 2166 quibus
1852 2131 1893 2158 uti
1908 2163 1909 2167 Ἰ

1080 2173 1082 2182 l
1103 2169 1257 2204 philosophi
1275 2169 1391 2195 maxime
1407 2168 1501 2199 solent,
1521 2168 1622 2199 Crasse,
1647 2168 1795 2204 perturbor,
1818 2167 1890 2204 quod

1102 2208 1138 2233 ita
1152 2207 1253 2237 dixisti,
1274 2206 1408 2232 neminem
1426 2214 1504 2240 posse
1521 2214 1612 2232 eorum
1627 2210 1737 2236 mentes,
1753 2206 1801 2240 qui
1814 2205 1895 2232 audi-

1103 2249 1169 2274 rent,
1185 2248 1230 2270 aut
1244 2242 1406 2269 inflammare
1420 2242 1533 2269 dicendo
1545 2247 1592 2269 aut
1603 2241 1778 2269 inflammatas
1796 2243 1894 2269 restin-

1080 2285 1083 2302 Ι
1102 2289 1192 2316 guere,
1212 2289 1298 2316 quum
1316 2289 1347 2307 eo
1363 2280 1480 2306 maxime
1497 2280 1539 2306 vis
1555 2280 1665 2306 oratoris
1682 2279 1896 2315 magnitudoque·

1080 2327 1082 2330 ¹
1102 2323 1232 2348 cernatur,
1259 2318 1311 2344 nisi
1332 2318 1380 2352 qui
1402 2325 1490 2343 rerum
1514 2317 1635 2343 omnium
1653 2321 1783 2347 naturam,
1804 2324 1898 2343 mores*

1103 2355 1243 2382 hominum
1261 2359 1341 2389 atque
1359 2354 1472 2380 rationes
1486 2354 1593 2389 penitus
1606 2354 1780 2389 perspexerit,
1795 2355 1824 2380 in
1836 2361 1898 2389 quw

1103 2392 1272 2427 philosophia
1287 2393 1321 2418 sit
1333 2392 1429 2418 oratori
1443 2391 1591 2417 necessario
1599 2390 1783 2426 percipienda;
1797 2398 1852 2426 quo
1862 2391 1905 2417 in».

1102 2429 1192 2456 studio
1209 2430 1348 2456 bominum
1366 2436 1474 2464 quoque
1490 2428 1767 2464 ingeniosissimorum
1784 2424 1900 2454 otiosis-1

1102 2467 1286 2501 simorumque
1296 2470 1362 2492 totas
1373 2470 1470 2492 aetates
1476 2465 1600 2491 videmus
1609 2473 1668 2491 esse
1677 2463 1906 2497 contritas.0uo—⁴.

1102 2512 1162 2530 rum
1180 2512 1229 2539 ego
1245 2503 1348 2538 copiam
1362 2501 1628 2538 magnitudinemque
1639 2502 1798 2537 cognitionis
1811 2506 1896 2537 atque>

1102 2541 1166 2567 artis
1179 2549 1231 2567 non
1245 2539 1324 2566 modo
1337 2548 1389 2566 non
1402 2543 1549 2570 contemno,
1567 2539 1614 2565 sed
1627 2539 1707 2565 etiam
1721 2538 1896 2565 vehementer·

1101 2578 1226 2604 admiror.
1261 2577 1344 2603 Nobis
1367 2581 1463 2606 tamen,
1488 2576 1536 2611 qui
1558 2577 1587 2602 in
1604 2576 1654 2603 hoc
1666 2575 1766 2610 populo
1779 2575 1902 2610 foroque*

1073 2619 1075 2628 ⁴
1102 2623 1248 2645 versamur,
1268 2615 1333 2640 satis
1350 2618 1391 2640 est
1409 2621 1438 2639 ea
1451 2612 1485 2639 de
1497 2613 1617 2640 moribus
1631 2613 1770 2639 hominum
1783 2617 1810 2639 et
1821 2613 1901 2639 scitor

1102 2656 1127 2678 et
1140 2652 1235 2678 dicere.
1256 2659 1324 2686 quae
1339 2659 1390 2677 non
1403 2650 1545 2677 abhorrent
1558 2650 1592 2676 ab
1605 2650 1743 2677 hominum
1757 2649 1899 2676 ῐιιοι-ὶΙιιιιε.ξ
