1941 3052
398 147 449 174 DE
480 147 665 174 NATURA
695 146 878 173 DEORUM
909 146 990 172 LIB.

57 220 156 247 Omitto
171 217 230 245 illa:
248 222 311 244 sunt
321 219 393 244 enim
406 217 550 252 praeclara.

58 256 186 284 mundus.
226 256 280 282 Hoc
290 255 369 282 credo
382 255 449 282 illud
461 264 520 281 esse

94 309 130 313 —-
140 295 245 320 sublime
257 295 374 323 candens,
387 302 459 326 quem
470 295 589 320 invocant
601 296 685 319 omnes
694 293 785 318 Iovem.

57 331 143 364 Quare
158 331 241 366 igitur
256 330 347 365 plures
363 330 538 365 adiungimus
554 329 636 356 deos‘?
651 334 750 364 quanta
764 333 852 355 autem

57 373 97 395 est
108 377 200 394 eorum
215 367 372 394 multitudo!
395 367 462 394 Mihi
472 367 582 402 quidem
594 375 657 393 sane
668 366 747 392 multi
761 366 855 392 viden-

57 411 110 432 tur.
151 405 279 441 Singulas
295 405 367 431 enim
383 404 474 431 stellas
491 405 638 431 numeratis
653 404 732 435 deos,
754 411 854 438 eosque

57 448 103 470 aut
116 442 267 469 belluarum
279 443 387 468 nomine
401 441 556 476 appellatis,
572 447 602 468 ut
613 442 740 476 Capram,
757 446 787 467 ut
802 441 855 466 Ne-

57 489 133 516 pam,
151 485 180 507 ut
194 481 326 510 Taurum,
344 484 374 505 ut
386 480 514 505 Leonem:
535 484 580 505 aut
593 487 682 505 rerum
695 478 855 505 inanimata-

57 526 127 549 rum,
141 522 171 544 ut
180 518 260 553 Argo,
274 522 303 543 ut
312 517 401 547 Aram,
414 521 444 543 ut
454 516 594 543 Coronam.
627 517 667 542 41.
684 515 736 542 Sed
748 520 777 542 ut
789 515 854 541 haec

57 555 251 585 concedantur,
269 554 373 590 reliqua
387 556 435 589 qui
452 554 559 580 tandem
575 562 627 580 non
643 553 721 579 modo
732 552 852 583 concedi,

57 592 105 619 sed
116 593 225 619 omnino
237 591 352 628 intelligi
365 591 495 626 possunt?
514 591 604 623 Quum
617 590 708 626 fruges
719 590 851 620 Cererem,

57 630 153 656 vinum
161 629 288 656 Liberum
298 629 425 660 dicimus,
433 637 531 664 genere
542 637 590 655 nos
599 628 709 663 quidem
723 627 855 653 sermonis

57 668 160 693 utimur
170 667 282 693 usitato:
299 667 346 693 sed
362 675 474 701 ecquem
486 671 539 692 tam
551 670 683 692 amentem
695 673 753 691 esse
766 670 852 699 putas,

57 705 105 739 qui
117 704 194 735 illud,
208 712 262 739 quo
272 709 406 735 vescatur,
419 704 500 730 deum
512 703 603 730 credat
614 702 691 729 esse‘?
709 703 776 728 Nam
787 710 855 737 quos

58 741 91 768 ab
103 742 261 768 hominibus
272 742 427 776 pervenisse
439 741 508 767 dicis
519 741 552 767 ad
564 740 637 771 deos,
646 745 674 766 tu
681 739 762 766 redde
774 739 856 765 ratio-

58 787 129 810 nem,
142 778 372 814 quemadmodum
384 778 411 804 id
424 778 480 804 fieri
491 778 616 813 potuerit,
625 782 728 804 auteur
739 776 795 802 fieri
808 776 856 802 de-

58 817 142 847 sierit,
156 821 181 843 et
192 824 241 852 ego
252 816 354 843 discam
366 816 490 842 libenter.
512 815 651 847 Quomodo
662 823 734 841 nunc
743 814 855 849 quidem

57 858 106 885 est,
121 863 173 880 non
184 854 273 885 video,
286 863 340 889 quo
351 858 428 888 pacto
439 853 494 884 ille,
506 853 551 879 cui
562 855 589 879 in
599 857 680 878 monte
692 852 784 878 Oetaeo
795 853 856 877 illa-

58 896 98 917 tae
109 893 238 924 tampades
247 894 359 925 suerunt,
374 895 403 916 ut
413 891 450 916 ait
463 891 560 921 Attius,
577 893 604 916 in
615 892 715 915 (tontum
726 894 856 915 aeternam

55 931 141 961 patris
151 937 184 954 ex
194 927 241 955 illo
252 928 345 955 ardore
356 928 521 962 pervenerit:
535 935 617 962 quem
629 932 717 953 tamen
724 926 856 952 Homerus

58 965 129 1000 apud
146 965 245 992 inferos
261 965 400 992 conveniri
417 965 480 992 facit
496 965 529 991 ab
544 964 636 996 Ulixe,
658 965 729 990 sicut
744 968 854 994 ceteros,

590 218 630 245 Sit
640 226 704 244 sane
716 217 782 243 deus
795 218 852 252 ipse

57 1003 105 1037 qui
116 1007 286 1030 excesserant
297 1004 361 1030 vita.
396 1003 437 1029 42.
459 1002 639 1037 Quamquam,
653 1010 735 1036 quem
747 1001 857 1036 potissi-

57 1049 132 1066 mum
153 1041 295 1067 Ilerculem
315 1040 445 1071 colamus,
470 1041 539 1066 scire
560 1048 624 1066 sane
644 1039 741 1065 velim:
765 1038 856 1073 plures

57 1078 130 1104 enim
143 1078 250 1105 tradunt
261 1078 338 1105 nobis
349 1079 382 1109 ii,
400 1079 448 1112 qui
463 1078 603 1104 interiores
615 1081 768 1103 scrutantur
778 1081 803 1102 et
815 1084 857 1102 re-

57 1115 177 1142 conditas
199 1115 313 1142 litteras:
339 1115 575 1150 antiquissimum,
598 1115 659 1141 Iove
680 1118 786 1144 natum,
809 1113 857 1139 sed

58 1153 121 1179 item
133 1154 194 1179 love
206 1153 406 1188 antiquissimo.
441 1153 508 1178 Nam
520 1153 595 1178 Ioves
605 1160 714 1187 quoque
725 1151 817 1186 plures
829 1151 857 1177 in

58 1191 156 1225 priscis
168 1190 331 1217 Graecorum
344 1190 439 1216 litteris
451 1190 617 1216 invenimus.
644 1189 684 1215 Ex
696 1197 726 1215 eo
738 1189 821 1224 igitur
832 1192 858 1214 et

58 1228 203 1263 Lysithoe*
219 1232 260 1254 est
274 1228 298 1254 is
314 1227 455 1259 Hercules,
477 1235 558 1262 quem
577 1227 773 1253 concertavisse
794 1234 857 1252 cum

59 1264 182 1299 Apolline
203 1265 236 1291 de
256 1265 360 1300 tripode
376 1265 541 1299 accepimus.
582 1264 655 1291 Alter
670 1264 783 1290 traditur
797 1263 857 1290 Nilo

60 1307 150 1333 natus,
168 1302 332 1338 Aegyptius:
350 1311 430 1337 quem
447 1303 522 1328 aiunt
533 1302 663 1338 Phrygias
680 1301 779 1328 litteras
793 1310 858 1328 con—

59 1340 212 1374 scripsisse.
253 1340 359 1366 Tertius
371 1345 455 1366 estex
466 1340 552 1366 Idaeis
564 1340 673 1375 Digitis:
690 1339 734 1365 cui
746 1338 857 1365 inferias

59 1377 181 1404 afferunt.
222 1377 339 1409 Quartus
350 1382 390 1404 est
401 1378 471 1403 Iovis
483 1382 508 1403 et
519 1378 648 1407 Asteriae,
658 1378 771 1403 Latonae
784 1385 858 1403 soro—-

60 1416 110 1446 ris,
127 1415 176 1449 qui
188 1415 250 1450 Tyri
266 1415 384 1441 maxime
400 1414 510 1445 colitur,
527 1416 606 1441 cuius
621 1414 814 1449 Karthaginem
827 1414 858 1440 fi—

60 1452 122 1478 liam
145 1451 243 1478 ferunt.
283 1452 400 1484 Quintus
420 1453 448 1478 in
469 1452 557 1482 India,
580 1453 628 1487 qui
648 1451 726 1478 Belus
747 1451 856 1478 dicitur.

58 1490 156 1516 Sextus
172 1489 216 1515 hic
231 1498 265 1516 ex
276 1489 436 1520 Alcumena,
454 1498 535 1524 quem
552 1490 672 1524 Iuppiter
687 1490 793 1525 genuit,
811 1488 858 1515 sed

59 1527 154 1553 tertius
164 1527 297 1561 Iuppiter:
320 1528 463 1562 quoniam,
480 1528 571 1553 utiam
583 1527 698 1555 docebo,
714 1526 807 1562 plures
818 1527 859 1553 Io-

61 1573 107 1591 ves
118 1564 198 1590 etiam
210 1565 376 1599 accepimus.

113 1601 195 1628 XVII.
218 1603 258 1628 43.
280 1601 393 1634 Quando
408 1602 478 1628 enim
492 1610 534 1628 me
546 1602 572 1628 in
585 1601 657 1627 hunc
672 1601 760 1627 Iocum
772 1601 860 1627 dedu-

60 1640 100 1665 xit
112 1639 210 1670 oratio,
228 1639 342 1670 docebo,
362 1639 471 1665 meliora
488 1647 530 1665 me
546 1638 676 1665 didicisse
691 1639 724 1665 de
738 1638 859 1665 colendis

58 1676 113 1702 diis
134 1676 332 1703 immortalibus
352 1677 409 1702 iure
430 1677 566 1711 pontificio
584 1681 610 1703 et
625 1677 757 1702 maiorum
774 1684 856 1707 more,

59 1713 253 1748 capedunculis
268 1714 311 1745 iis,
320 1722 388 1749 quas
395 1714 481 1740 Numa
495 1713 572 1740 nobis
584 1713 702 1749 reliquit,
712 1713 745 1740 de
756 1714 858 1749 quibus

59 1752 87 1778 in
98 1751 143 1777 illa
156 1751 262 1778 aureola
273 1751 441 1778 oratiuncula
452 1751 641 1783 dicitLaelius,
654 1760 736 1786 quam
749 1752 859 1778 rationi-

59 1788 111 1815 bus
123 1788 284 1815 Stoieorum.
325 1789 353 1815 Si
364 1789 436 1815 enim
449 1798 496 1815 vos
508 1797 619 1824 sequar,
635 1788 688 1819 dic,
702 1789 769 1824 quid
781 1790 805 1815 ei
817 1798 860 1815 re-

60 1826 217 1861 spondeam,
231 1827 278 1861 qui
292 1835 333 1853 me
345 1827 384 1853 sic
394 1830 481 1862 roget:
494 1826 522 1853 Si
533 1826 571 1852 dii
584 1831 656 1857 sunt,
668 1831 766 1853 suntne
778 1827 858 1853 etiam

60 1864 201 1899 Nymphae
212 1863 295 1890 deae‘?
305 1865 328 1890 si
341 1864 495 1900 Nymphae,
509 1864 615 1890 Panisci
626 1864 707 1891 etiam
718 1869 744 1891 et
754 1864 860 1900 Satyri?

60 1901 92 1927 Ili
103 1906 190 1927 autem
204 1909 256 1927 non
267 1905 344 1928 sunt:
362 1909 395 1927 ne
406 1901 547 1936 Nymphae
559 1901 670 1936 quidem
682 1901 747 1928 deae
760 1901 860 1938 igitur?

60 1938 93 1965 At
103 1946 196 1964 earum
207 1938 306 1973 templa
318 1942 382 1964 sunt
392 1938 501 1973 publice
514 1942 573 1964 vota
584 1943 610 1965 et
620 1939 752 1966 dedicata.
787 1939 859 1971 Quid

60 1974 161 2011 igitur?
182 1976 219 2001 Ne
239 1976 320 2002 ceteri
339 1975 451 2010 quidem
472 1984 536 2011 ergo
555 1975 607 2007 dii,
628 1984 744 2011 quorum
761 1976 859 2011 templa

60 2017 124 2039 sunt
139 2012 278 2039 dedicata?
299 2013 354 2048 Age
370 2021 460 2047 porro:
478 2013 567 2039 Iovem
583 2017 609 2040 et
624 2014 780 2048 Neptunum
795 2013 859 2040 deos

61 2059 201 2077 numeras:
217 2058 281 2086 ergo
292 2051 372 2076 etiam
384 2050 479 2081 orcus,
494 2049 573 2076 frater
583 2058 685 2081 eorum,
699 2051 776 2082 deus,
789 2055 815 2077 et
827 2051 860 2077 il—

62 2087 89 2119 li,
105 2088 154 2123 qui
166 2087 247 2113 ssuere
259 2087 330 2122 apud
343 2086 441 2114 inferos
448 2086 584 2118 dicuntur,
593 2087 857 2123 Acheron,Coeytus,

60 2125 135 2161 Styx,
149 2124 329 2160 Phlegethon,
343 2129 399 2151 tum
414 2124 532 2156 Charon,
547 2129 603 2151 tum
615 2125 747 2152 Cerberus
758 2125 796 2151 dii
808 2134 861 2160 pu-

61 2162 145 2190 tandi.
187 2163 228 2188 tt.
250 2162 284 2189 At
299 2161 326 2188 id
341 2162 453 2197 quidem
470 2162 679 2197 repudiandum.
720 2163 759 2189 Ne
774 2162 859 2189 Orcus

60 2199 172 2235 quidem
189 2198 290 2234 igitur?
309 2199 380 2231 Quid
395 2199 486 2226 dicitis
502 2207 565 2234 ergo
579 2199 612 2226 de
629 2199 775 2226 fratribus?
791 2200 860 2226 Ilaec

60 2237 211 2264 Carneades
218 2236 314 2268 aiebat,
323 2245 375 2263 non
387 2241 417 2263 ut
427 2236 491 2263 deos
503 2236 618 2264 tolleret:
631 2237 708 2272 (quid
715 2237 787 2264 enim
797 2237 860 2272 phi-

62 2274 173 2310 losopho
189 2275 280 2300 minus
295 2273 487 2309 convenions‘?)
506 2274 553 2300 sed
574 2278 603 2301 ut
618 2274 721 2301 Stoicos
742 2274 810 2301 nihil
827 2274 860 2301 de

61 2311 115 2338 diis
127 2311 262 2346 explicare
273 2311 454 2338 convinceret.
471 2311 771 2347 Itaqueinsequebatur.
787 2312 859 2344 Quid

62 2349 153 2376 enim?
172 2349 273 2380 aiebat,
296 2349 319 2375 si
336 2348 364 2375 hi
379 2348 473 2375 fratres
488 2353 552 2375 sunt
565 2349 592 2375 in
609 2358 720 2376 numero
735 2349 857 2379 deorum,

62 2395 127 2413 num
142 2386 175 2412 de
191 2391 264 2421 patre
277 2394 368 2412 eorum
381 2386 495 2412 Saturno
510 2385 536 2412 id
553 2386 644 2421 negari
661 2391 759 2421 potest,
777 2395 858 2421 quem

62 2423 145 2459 vulgo
156 2424 274 2450 maxime
284 2423 377 2450 colunt
387 2423 419 2449 ad
430 2423 621 2450 Occidentem?
631 2423 682 2456 Qui
695 2424 718 2449 si
729 2428 769 2450 est
780 2424 856 2455 deus,

62 2465 164 2496 patrem
178 2469 288 2496 quoque
306 2461 365 2487 eius
381 2460 492 2488 Caelum
506 2469 565 2487 esse
580 2461 662 2487 deum
676 2461 858 2487 confitendum

61 2502 111 2525 est.
151 2498 228 2530 Quod
244 2498 268 2524 si
284 2499 320 2525 ita
333 2503 387 2530 est,
405 2497 478 2525 Caeli
496 2506 605 2533 quoque
621 2503 744 2532 parentes
757 2497 796 2524 dii
813 2498 859 2524 ha-

62 2535 145 2562 bendi
155 2540 227 2567 sunt,
235 2535 333 2562 Aether
339 2536 441 2567 etDies,
450 2544 597 2570 eorumque
610 2535 703 2561 fratres
713 2540 857 2565 etsorores,

61 2573 135 2608 quia
146 2572 302 2609 genealogis
313 2573 433 2608 antiquis
444 2574 483 2599 sic
496 2573 681 2603 nominantur,
698 2572 792 2603 Amor,
809 2573 859 2599 Do-

63 2609 115 2641 lus,
129 2610 224 2641 Metus,
234 2611 327 2642 Labor,
342 2610 615 2641 InvidentIa,Fatum,
629 2609 856 2641 Senectus,Mors,

62 2647 208 2678 Tenebrae,
222 2648 339 2679 Miseria,
351 2647 475 2681 Querela,
488 2648 588 2678 Gratia.
599 2648 690 2678 Fraus,
699 2647 856 2679 Pertinacia,

64 2685 168 2717 Parcae,
191 2685 360 2720 Hesperides,
383 2685 506 2718 Somnia,
529 2693 598 2720 quos
617 2693 712 2712 onmes
733 2684 818 2712 Erebo
833 2690 859 2711 et

1025 147 1075 172 III.
1107 146 1198 172 CAP.
1233 147 1366 172 ⁴3—49.
1638 148 1696 173 ⁴¹3¹

904 217 985 243 Nocte
999 222 1073 243 natos
1085 216 1182 243 serunt.
1222 217 1275 243 Aut
1288 217 1370 252 igitur
1380 216 1445 243 haec
1457 222 1574 243 monstra
1584 217 1702 252 proban-

905 254 937 280 da
958 259 1022 280 sunt
1040 259 1085 280 aut
1106 255 1191 288 prima
1208 254 1252 280 illa
1269 253 1394 280 tollenda.
1434 254 1527 280 XVIII.
1550 255 1590 281 45.
1612 254 1703 286 Quid‘?

905 291 1070 326 Apollinem,
1088 292 1253 323 Vulcanum,
1273 292 1450 322 Mercurium,
1470 296 1572 318 ceteros
1586 307 1624 311 —
1637 291 1702 318 deos

905 336 964 354 esse
976 328 1063 355 dices:
1084 329 1117 354 de
1133 328 1258 359 Hercule,
1272 328 1446 363 Aesculapio,
1460 328 1570 360 Libero,
1584 329 1700 359 Castore,

907 366 1012 391 Polluce
1028 366 1185 392 dubitabis?
1204 366 1237 393 At
1248 366 1277 392 hi
1288 365 1399 401 quidem
1411 366 1537 392 coluntur
1547 375 1646 402 aeque,
1663 372 1703 393 at-

905 411 958 437 que
970 403 1023 435 illi,
1042 403 1112 438 apud
1126 403 1256 438 quosdam
1269 404 1349 430 etiam
1361 403 1445 430 multo
1457 404 1553 439 magis
1594 404 1664 439 Ergo
1675 404 1703 430 hi

905 440 944 466 dii
960 444 1023 466 sunt
1038 440 1170 472 habendi,
1194 440 1353 467 mortalibus
1374 441 1428 467 nati
1443 440 1594 467 matribus?
1614 441 1704 473 Quid‘?

906 478 1052 508 Aristaeus,
1061 478 1109 512 qui
1121 477 1208 504 olivae
1219 478 1319 505 dicitur
1329 479 1461 509 inventor,
1469 477 1602 512 Apollinis
1615 478 1704 505 filius:

906 515 1027 541 Theseus
1048 516 1180 550 Neptuni:
1207 515 1319 550 reliqui,
1345 524 1461 550 quorum
1482 520 1571 550 patres
1591 515 1639 545 dii,
1652 524 1703 542 non

906 557 985 578 erunt
995 552 1021 578 in
1034 552 1144 578 deorum
1158 552 1287 579 numero‘?
1300 552 1381 584 Quid,
1390 561 1506 588 quorum
1518 553 1705 579 matresdeae‘?

906 589 1007 624 Opinor
1018 591 1098 616 etiam
1110 591 1207 625 magis.
1248 591 1280 617 Ut
1291 591 1363 616 enim
1376 591 1402 616 in
1420 591 1477 616 iure
1493 590 1582 621 civili,
1600 592 1648 625 qui
1665 596 1705 616 est

907 631 988 653 matre
1003 626 1094 657 libera,
1109 627 1177 653 liber
1187 632 1241 654 est:
1255 628 1318 654 item
1332 628 1389 654 iure
1401 628 1576 662 naturae,qui
1588 628 1636 654 dea
1647 636 1705 654 ma-

907 669 944 690 tre
956 668 1004 695 est,
1017 664 1084 690 deus
1095 665 1130 691 sit
1141 674 1250 691 necesse
1262 670 1312 691 est.
1343 665 1434 699 Itaque
1445 664 1578 691 Achillem
1590 666 1705 700 Astypa—

907 701 1027 727 laeenses
1038 702 1157 728 insulani
1168 703 1339 729 sanctissime
1350 702 1451 729 colunt.
1477 702 1529 734 Qui
1540 703 1563 728 si
1575 702 1642 729 deus
1653 707 1702 733 est,

907 744 932 765 et
943 738 1067 773 Orpheus
1078 744 1104 766 et
1115 740 1219 766 Rhesus
1231 740 1269 766 dii
1281 744 1356 770 sunt,
1374 740 1450 766 Musa
1466 745 1549 766 matre
1559 741 1627 766 nati:
1651 740 1704 766 nisi

907 775 972 802 forte
984 777 1133 803 maritimae
1145 779 1254 812 nuptiae
1267 777 1379 803 terrenis
1391 782 1599 811 anteponuntur.
1636 777 1665 803 Si
1677 777 1705 803 hi

906 813 945 839 dii
958 822 1008 839 non
1021 818 1096 844 sunt,
1115 815 1179 849 quia
1195 823 1330 849 nusquam
1345 814 1483 840 coluntur:
1505 822 1559 849 quo
1574 814 1654 840 modo
1665 814 1705 840 illi

907 850 987 877 sunt‘?
1020 852 1060 877 46.
1082 851 1149 877 Vide
1160 852 1256 887 igitur,
1281 860 1313 878 ne
1331 851 1479 877 virtutibus
1498 851 1639 877 hominum
1661 852 1704 877 isti

908 888 1022 914 honores
1038 888 1200 920 habeantur,
1224 897 1275 915 non
1296 888 1558 915 immortalitatibus:
1581 888 1654 923 quod
1679 894 1706 915 tu

907 934 1025 961 quoque,
1039 925 1129 957 Balbe,
1144 927 1220 952 visus
1231 935 1259 952 es
1271 926 1370 953 dicere.
1398 926 1456 958 Quo
1468 925 1547 952 modo
1558 931 1646 952 autem
1659 935 1707 961 po-

908 968 956 993 tes,
970 964 1127 990 siLatonam
1137 963 1215 990 deam
1228 964 1449 998 putas,Hecatam
1462 972 1513 990 non
1525 968 1628 998 putare,
1637 972 1706 998 quae

908 1005 991 1027 matre
997 1001 1101 1027 Asteria
1112 1006 1160 1032 est,
1169 1010 1258 1028 sorore
1265 1000 1397 1027 Latonae‘?
1407 1001 1447 1027 An
1462 1000 1526 1027 haec
1537 1009 1646 1036 quoque
1657 1001 1707 1027 dea

908 1037 965 1065 est‘?
985 1038 1111 1065 Vidimus
1127 1039 1200 1065 enim
1216 1039 1275 1065 eius
1290 1047 1348 1065 aras
1360 1038 1528 1073 delubraque
1539 1039 1566 1064 in
1579 1039 1704 1065 Graecia:

908 1077 951 1102 sin
966 1075 1033 1102 haec
1048 1076 1097 1102 dea
1113 1081 1165 1107 est,
1184 1085 1233 1103 cur
1248 1086 1300 1103 uon
1316 1075 1498 1102 Eumenides‘?
1518 1075 1592 1108 Quae
1607 1077 1631 1102 si
1643 1075 1708 1102 deae

908 1118 984 1145 sunt,
1006 1122 1122 1148 quarum
1138 1118 1164 1140 et
1179 1114 1292 1140 Athenis
1305 1113 1397 1140 fanum
1408 1118 1462 1145 est,
1480 1118 1505 1139 et
1515 1113 1587 1148 apud
1600 1122 1662 1143 nos,
1681 1118 1708 1139 ut

908 1159 957 1186 ego
969 1152 1136 1186 interpretor,
1146 1151 1224 1178 lucus
1232 1152 1360 1178 Furinae:
1376 1151 1473 1178 Furiae
1484 1150 1549 1177 deae
1561 1155 1633 1181 sunt,
1647 1159 1709 1185 spe-

908 1188 1064 1219 culatrices,
1081 1189 1173 1220 credo,
1190 1194 1216 1216 et
1228 1188 1350 1215 vindices
1363 1188 1512 1215 facinorum
1524 1193 1550 1215 et
1563 1187 1707 1214 scelerum.

909 1227 950 1252 47.
963 1226 1039 1258 Quod
1051 1227 1074 1252 si
1087 1226 1152 1252 tales
1163 1226 1202 1252 dii
1214 1231 1286 1257 sunt,
1295 1231 1324 1253 ut
1335 1226 1416 1252 rebus
1430 1226 1556 1252 humanis
1569 1226 1706 1252 intersint:

909 1264 986 1290 Natio
997 1272 1104 1299 quoque
1115 1264 1164 1290 dea
1177 1264 1295 1299 putanda
1310 1268 1363 1290 est:
1381 1264 1425 1290 cui
1439 1272 1525 1298 quum
1538 1262 1597 1289 fana
1610 1263 1709 1289 circui-

909 1310 970 1327 mus
987 1302 1013 1327 in
1029 1310 1092 1337 agro
1108 1301 1228 1332 Ardeati,
1252 1310 1308 1328 rem
1323 1301 1445 1327 divinam
1468 1300 1553 1327 facere
1574 1300 1706 1327 solemus:

908 1347 978 1374 quae
993 1339 1057 1373 quia
1070 1344 1161 1373 partus
1173 1344 1354 1365 matronarum
1370 1343 1488 1368 tueatur,
1506 1347 1519 1364 a
1535 1338 1710 1364 nascentibus

909 1377 986 1402 Natio
997 1377 1132 1403 nominata
1145 1381 1194 1403 est.
1226 1377 1262 1403 Ea
1274 1377 1297 1403 si
1309 1376 1358 1402 dea
1370 1381 1422 1407 est,
1437 1375 1475 1402 dii
1487 1384 1580 1401 omnes
1593 1375 1647 1405 illi,
1661 1376 1709 1410 qui

909 1414 1188 1440 commemorabantur
1199 1423 1212 1440 a
1225 1419 1264 1445 te,
1278 1414 1375 1442 Honos,
1390 1413 1479 1444 Fides,
1494 1413 1577 1444 Mens,
1594 1413 1710 1439 Concor-

909 1451 968 1478 dia:
991 1460 1054 1487 ergo
1065 1452 1144 1478 etiam
1157 1452 1238 1486 Spes,
1257 1452 1360 1478 Moneta
1372 1452 1531 1486 omniaque,
1554 1459 1624 1485 quae
1635 1451 1711 1485 cogi-

910 1490 1007 1516 tatione
1022 1489 1156 1516 nobismet
1167 1490 1219 1524 ipsi
1231 1497 1378 1523 possumus
1389 1488 1499 1524 fingere.
1528 1487 1605 1520 Quod
1617 1488 1641 1513 si
1654 1488 1710 1514 veri

910 1526 999 1552 simile
1012 1535 1062 1552 non
1075 1531 1127 1559 est,
1146 1535 1178 1553 ne
1192 1526 1259 1553 illud
1271 1526 1383 1561 quidem
1395 1531 1449 1556 est,
1467 1526 1531 1551 haec
1542 1525 1613 1551 unde
1625 1524 1710 1551 fluxe-

910 1569 981 1590 runt.
1024 1564 1096 1590 XIX.
1119 1564 1190 1596 Quid
1202 1569 1291 1591 autem
1303 1564 1386 1594 dicis,
1404 1564 1427 1589 si
1442 1563 1480 1589 dii
1493 1568 1556 1589 sunt
1568 1562 1621 1593 illi,
1642 1571 1710 1597 quos

910 1601 1025 1628 colimus
1037 1606 1062 1628 et
1073 1602 1241 1636 accepimus:
1255 1610 1304 1628 cur
1315 1610 1366 1628 non
1379 1601 1472 1627 eodem
1484 1601 1510 1626 in
1522 1609 1619 1635 genere
1632 1600 1711 1626 Sera-

911 1640 966 1674 pim
978 1639 1097 1674 Isimque
1110 1638 1302 1665 numeremus?
1315 1638 1392 1671 Quod
1408 1639 1432 1664 si
1444 1638 1571 1668 facimus,
1590 1646 1638 1663 cur
1649 1637 1711 1663 bar-

911 1677 1036 1703 barorum
1057 1676 1121 1703 deos
1143 1675 1337 1712 repudiemus?
1360 1677 1444 1702 Boves
1467 1676 1549 1709 igitur
1569 1680 1595 1701 et
1614 1683 1708 1710 equos,

911 1714 978 1745 ibes,
993 1713 1438 1749 accipitres,aspidas,crocodilos,
1453 1714 1551 1748 pisces,
1565 1721 1654 1743 canes,
1670 1712 1711 1738 lu-

911 1760 968 1786 pos,
983 1751 1058 1783 scies,
1075 1751 1174 1779 multas
1186 1757 1321 1787 practerea
1335 1751 1440 1777 belluas
1452 1752 1478 1777 in
1490 1750 1603 1776 deorum
1615 1758 1711 1777 nume-

912 1798 939 1816 ro
951 1798 1122 1824 reponemus.
1149 1790 1222 1822 Quae
1233 1790 1257 1816 si
1271 1789 1436 1819 reiiciamus,
1451 1788 1495 1814 illa
1507 1796 1625 1823 quoque,
1639 1788 1712 1815 unde

912 1827 977 1853 haec
989 1832 1132 1861 natansunt,
1149 1827 1314 1853 reiiciemus.
1338 1828 1378 1853 48.
1394 1825 1465 1858 Quid
1478 1825 1594 1852 deinde?
1606 1826 1650 1851 Ino
1661 1825 1713 1852 dea

910 1864 1024 1896 dicetur,
1038 1873 1107 1899 quae
1120 1865 1270 1891 Leucothea
1282 1873 1295 1890 a
1308 1864 1428 1894 Graecis,
1442 1872 1455 1889 a
1468 1863 1546 1889 nobis
1559 1863 1656 1889 Matuta
1669 1863 1713 1889 di-

910 1902 993 1932 citur,
1010 1910 1097 1937 quum
1108 1903 1144 1929 sit
1154 1902 1249 1929 Cadmi
1262 1902 1329 1928 filia:
1343 1901 1419 1928 Circe
1430 1906 1519 1927 autem
1532 1905 1558 1927 et
1569 1900 1710 1935 Pasiphae,

910 1948 924 1966 e
937 1939 1071 1970 Perseide,
1085 1939 1185 1966 Oceani
1197 1939 1265 1971 tilia,
1280 1944 1369 1970 natae,
1384 1944 1457 1974 patre
1469 1938 1545 1968 Sole,
1560 1937 1711 1964 iudeorum

911 1985 1023 2003 numero
1039 1986 1091 2003 non
1104 1976 1295 2004 habebuntur?
1308 1976 1478 2012 Quamquam
1493 1976 1587 2002 Circen
1603 1984 1712 2011 quoque

910 2013 997 2041 coloni
1010 2015 1092 2041 nostri
1104 2015 1270 2041 Circeienses
1285 2014 1410 2050 religiose
1421 2013 1521 2039 colunt.
1563 2013 1632 2048 Ergo
1645 2013 1712 2039 ham·

911 2051 987 2078 deam
1002 2051 1090 2078 dicis?
1105 2052 1174 2087 quid
1186 2052 1295 2079 Medeae
1309 2051 1502 2086 respondebis,
1519 2059 1588 2085 quae
1604 2050 1712 2077 duobus

911 2089 979 2119 avis,
994 2088 1053 2115 Sole
1065 2093 1091 2115 et
1101 2090 1215 2120 Oceano,
1224 2090 1304 2116 Aeeta
1317 2094 1399 2124 patre,
1413 2088 1576 2123 matreldyia
1589 2096 1711 2122 procrea-

912 2131 935 2152 ta
947 2125 1006 2152 est‘?
1025 2125 1092 2160 quid
1105 2126 1187 2152 huius
1199 2127 1316 2162 Absyrto
1328 2125 1415 2156 fratri,
1433 2126 1480 2161 qui
1493 2130 1533 2152 est
1543 2124 1615 2159 apud
1629 2126 1711 2150 I'acu—

912 2164 987 2190 vium
1011 2162 1173 2198 Aegialeus‘P
1192 2163 1244 2189 Sed
1266 2162 1335 2190 illud
1356 2171 1452 2189 nomen
1475 2167 1595 2189 veterum
1617 2162 1711 2188 litteris

912 2200 1048 2227 usitatius.
1088 2200 1140 2232 Qui
1152 2201 1175 2226 si
1187 2200 1226 2227 dii
1239 2209 1290 2227 non
1302 2205 1378 2230 sunt,
1398 2209 1490 2226 vereor
1501 2199 1568 2234 quid
1581 2204 1640 2234 agat
1651 2200 1708 2225 lno:

912 2238 977 2264 haec
991 2238 1066 2263 enini
1082 2238 1172 2263 onmia
1187 2246 1220 2264 ex
1232 2237 1326 2263 eodeni
1339 2236 1409 2263 sonte
1421 2236 1566 2263 fluxerunt.
1608 2238 1648 2263 59.
1672 2237 1710 2262 An

912 2274 1092 2309 Amphiaraus
1101 2275 1170 2300 deus
1180 2275 1240 2304 erit.
1254 2279 1279 2301 et
1289 2273 1479 2309 Trophonius?
1498 2274 1585 2300 Nostri
1600 2273 1710 2308 (pridem

912 2312 1065 2347 publicani,
1085 2321 1170 2346 quum
1186 2316 1276 2338 essent
1294 2312 1351 2345 agri
1369 2312 1395 2338 in
1412 2312 1515 2337 Boeotia
1531 2311 1643 2337 deorum
1660 2311 1712 2337 im-

912 2349 1064 2376 mortalium
1077 2350 1181 2384 excepti
1196 2349 1252 2383 Iege
1264 2349 1393 2378 censoria.
1403 2348 1537 2383 negabant
1548 2347 1712 2374 immortales

911 2395 970 2413 esse
987 2386 1070 2417 ullos,
1089 2387 1137 2421 qui
1154 2386 1300 2421 aliquando
1315 2386 1438 2412 homines
1455 2385 1579 2411 fuissent.
1620 2385 1671 2411 Sed
1688 2386 1711 2411 si

911 2429 974 2450 sunt
986 2423 1013 2449 hi
1025 2423 1077 2455 dii,
1091 2429 1131 2450 est
1141 2429 1212 2450 certe
1226 2423 1400 2454 Erechtheus,
1414 2423 1493 2449 euius
1505 2422 1617 2449 Athenis
1628 2428 1652 2448 et
1664 2422 1711 2448 ‹Ie-

913 2461 1021 2487 lubrum
1034 2460 1155 2488 vidimus
1166 2466 1191 2488 et
1202 2461 1378 2487 sacerdotem.
1418 2460 1504 2492 Quem
1516 2460 1539 2485 si
1551 2459 1632 2486 deum
1646 2459 1712 2486 iaci-

912 2507 981 2528 mus,
997 2498 1064 2533 quid
1075 2503 1121 2525 aut
1131 2498 1165 2525 de.
1175 2499 1261 2525 Codro
1271 2498 1396 2524 dubitare
1408 2505 1554 2532 possumus
1566 2502 1611 2523 aut
1622 2496 1655 2524 de
1667 2506 1711 2523 ce-

911 2536 988 2567 teris,
1009 2536 1056 2570 qui
1072 2541 1224 2571 pugnantes
1237 2544 1284 2571 pro
1294 2536 1395 2570 patriae
1408 2534 1528 2561 libertate
1538 2535 1713 2561 ceciderunt?

910 2573 983 2608 quod
999 2573 1021 2599 si
1037 2573 1176 2608 probabile
1194 2583 1245 2600 non
1261 2577 1314 2599 est:
1333 2581 1365 2599 no
1380 2572 1424 2598 iila
1436 2571 1548 2607 quidem
1559 2574 1708 2608 superiora.

911 2610 982 2637 unde
995 2610 1059 2637 hacc
1071 2616 1187 2642 manant,
1203 2610 1339 2646 probanda
1351 2614 1423 2637 sunt.
1455 2611 1497 2636 50.
1519 2610 1600 2646 Atqui
1614 2610 1640 2636 iu
1654 2609 1711 2645 pie-

911 2648 1002 2682 risque
1025 2648 1182 2675 civitatibus
1204 2647 1318 2683 intelligi
1340 2652 1426 2682 potest
1444 2646 1583 2683 augendae
1604 2647 1711 2674 virtutis

910 2685 1008 2721 gratia,
1031 2694 1086 2720 quo
1107 2685 1236 2713 libentius
1258 2685 1423 2720 reipublicae
1442 2693 1537 2712 caussa
1557 2683 1711 2720 periculum

1429 2735 1476 2758 162
1493 2731 1503 2743 ⁸
