1941 3052
230 165 277 186 Zim)
803 160 841 184 2⁴5,
877 158 910 184 M.

228 234 357 259 nenti-ntia
377 232 506 258 interdu-ti
528 230 702 263 intelligatur.
729 229 921 264 impudentiam
941 238 1016 254 uttin-

228 279 296 296 mnm
312 275 356 295 nut
370 269 510 294 utuntutimn
524 267 686 299 „iugulare-m
702 267 866 300 putabimus.
884 267 909 291 in
924 266 1017 291 verbo-

228 316 285 333 rum
297 316 382 332 errore
396 306 506 331 ver-lari:
524 314 577 330 rem
589 309 613 329 et
623 313 743 328 caussam
756 307 780 328 et
792 303 932 328 utilitatem
944 312 1017 328 eoni-

228 353 335 370 munem
360 353 408 368 nim
433 342 580 375 relinquere
599 341 700 369 mlum.
725 340 772 365 med
791 340 870 365 etiam
890 339 1018 374 prodere‘?

1044 238 1046 251 l

1044 269 1045 282 l

945 158 974 184 T.
1005 157 1278 184 CICERONIS

1068 229 1138 254 euim
1153 228 1267 254 dubium
1281 233 1329 258 ent.
1345 230 1425 263 quin.
1442 230 1464 255 si
1478 230 1510 256 ad
1526 239 1579 256 rein
1595 230 1763 257 indis-andam
1779 232 1860 258 verbo

1068 266 1200 295 duvimur.
1217 275 1268 292 non
1280 275 1316 295 re.
1333 266 1460 293 summam
1472 267 1662 301 intelligamus.
1677 277 1747 302 quae
1757 273 1860 295 constet

1044 323 1045 327 ,
1068 311 1101 328 ex
1116 304 1200 328 nervis
1215 303 1352 337 pluribus.
1373 305 1439 338 quin
1455 313 1524 330 unus
1540 305 1618 330 homo
1633 304 1732 331 [nuntia
1747 314 1798 332 non
1812 307 1857 332 nit.

1044 343 1045 347 ’
1069 340 1184 366 Verbum
1198 345 1267 366 certe
1282 340 1330 366 lioc
1344 350 1395 367 non
1415 341 1492 367 modo
1509 342 1637 376 postulat.
1658 341 1705 368 sed
1723 343 1802 369 etiam
1816 352 1861 370 oo-

227 383 267 406 .''›t.
290 382 327 406 :tn
344 381 391 405 linc
405 380 516 404 dubium
531 383 584 407 est.
604 378 669 411 quin
689 386 775 411 nequo
790 377 930 403 verborum
947 381 1016 402 tanta
1038 374 1045 407 η’

226 418 299 451 copia
319 418 364 446 sit.
390 426 440 441 non
462 415 538 440 mmlo
557 415 582 440 in
602 419 688 440 nostra
708 413 812 447 lingua.
832 423 900 448 quae
919 414 1017 439 dieitur
1037 440 1039 445 ,

225 464 284 479 esm-
300 455 388 487 inops,
405 452 450 477 sed
466 461 497 477 m·
512 452 537 477 in
552 451 601 476 aliu
616 451 724 485 quidem
741 451 808 481 ullu,
825 460 865 477 res
881 456 909 477 ut
923 460 1016 477 ornnes
1037 456 1038 463 ¹

225 501 281 516 suis
299 491 377 515 vertis
392 499 420 514 a(-
435 489 548 523 propriis
564 487 700 514 vocabulis
715 487 904 514 nominentur?
929 496 1016 523 neque

228 537 287 553 ver«.
301 527 448 561 quidquam
463 534 530 559 opus
544 526 580 550 sit
594 525 697 556 verbis.
718 534 802 560 quum
818 535 847 550 ea
862 535 917 556 res.
937 526 1016 551 cuius
1037 537 1039 552 ι

224 574 316 589 «νιιιμ-μίι
337 564 414 589 verbu
433 563 553 597 ‹iiiut-situ
571 563 637 593 sint.
663 562 846 597 intelligatur?
871 563 943 595 Quae
963 562 1013 593 lex.
1036 553 1039 597 l

224 601 294 635 qiiod
310 605 416 626 senatus
431 600 596 630 consultum,
616 600 687 634 quod
703 600 873 635 magistratus
887 600 1013 630 edictum.
1036 605 1039 635 ξ

224 638 294 672 ιμιιιιΙ
311 638 402 663 foedus
417 641 462 663 aut
480 638 578 671 pactio.
598 637 669 671 quod
688 637 727 671 (ut
741 637 773 663 ad
789 638 904 671 privatas
919 646 960 663 res
975 646 1017 663 re·
1036 639 1039 670 1

223 676 309 707 «Ιι-ειιιι)
324 679 520 705 testamentum,
532 683 599 709 quae
612 674 708 700 iudicia
721 679 765 701 aut
775 674 962 709 stipulationes
971 678 1017 700 aut
1037 675 1039 700 Ι

225 714 290 747 pacti
310 717 335 738 et
353 713 475 738 conventi
495 711 608 738 formula
627 720 678 738 non
699 712 826 738 infirmari
850 721 879 738 ac
901 711 1015 738 convelli
1037 736 1039 745 ,

224 754 316 784 potest.
333 750 356 775 si
371 749 403 775 ad
419 749 497 775 verba
512 758 567 775 rem
581 748 719 775 deflectere
731 749 856 780 velimus,
871 749 1014 776 consilium
1036 752 1039 785 ζ

223 792 310 813 ailitem
325 795 416 813 eorum
426 807 431 817 .
447 787 493 821 qui
508 787 685 821 scripserunt.
706 791 731 813 et
745 787 872 813 rationem
887 791 913 813 et
926 791 1016 812 aucto-
1036 797 1038 815 ‚¹

223 825 325 850 ritatem
342 824 543 858 relinquamus?
563 825 602 850 52.
614 824 707 850 Sermo
721 824 828 850 hercule
839 823 1015 850 etfamiliaris
1036 817 1038 871 l

223 867 249 888 et
263 862 435 896 quotidianus
450 870 501 887 non
516 861 676 892 cohaerebit,
692 862 715 887 si
730 861 809 887 verba
824 862 892 888 inter
907 870 953 888 nos
968 870 1016 887 au·
1043 883 1045 896 r

222 899 390 933 eupubimur.
425 899 543 933 Denique
558 899 702 933 imperium
717 898 893 925 domesticum
909 898 1014 925 nullum
1036 913 1037 925 η

222 937 279 964 erit.
297 937 318 961 si
334 935 448 962 servulis
464 936 512 962 hoc
526 937 623 962 nostris
637 938 858 965 concesserimus.
876 936 946 962 utad
957 945 1015 961 ver·
1036 931 1037 949 l

223 974 254 999 ba
270 974 345 999 nobis
359 973 492 1004 obediant,
508 982 560 1000 non
575 973 607 999 ad
622 973 658 1004 id,
673 974 746 1008 quod
756 983 789 1001 ex
799 974 888 1000 verbis
901 973 1012 1008 intelligi
1036 966 1044 994 *l

223 1012 318 1045 possit.
343 1011 535 1045 obtemperent.
576 1011 714 1046 Exemplis
737 1020 809 1038 nunc
832 1011 871 1038 uti
891 1010 1014 1037 videlicet

213 1048 286 1082 ‚mihi
302 1056 410 1074 necesse
425 1053 464 1074 est
478 1048 573 1074 harum
587 1057 674 1074 rerum
689 1049 825 1075 omnium!
849 1049 906 1075 Non
922 1057 1015 1075 occur-

222 1086 254 1111 rit
274 1086 319 1111 uni
338 1086 436 1120 cuique
450 1090 569 1112 vestrum
583 1085 656 1112 aliud
670 1085 714 1112 ulii
730 1087 755 1113 in
770 1087 843 1113 omni
857 1094 953 1121 genere
967 1094 1014 1112 ex—

221 1122 354 1157 emplum.
376 1122 447 1158 quod
462 1124 612 1149 testimonio
626 1124 673 1154 sit.
694 1132 746 1150 non
765 1133 798 1150 ex
817 1124 906 1150 verbis
921 1127 1012 1157 aptum
1034 1109 1043 1160 l.

222 1161 336 1194 pendere
355 1160 410 1191 ius.
431 1160 478 1186 sed
493 1161 572 1186 verba
587 1161 686 1187 servire
700 1161 840 1187 hominum
855 1161 974 1187 consiliis
988 1165 1014 1186 et
1034 1171 1036 1189 ι

221 1197 440 1224 auctoritatibus?
454 1199 496 1224 53.
512 1197 609 1224 Ornate
623 1202 647 1224 et
661 1199 768 1233 copiose
782 1199 811 1225 L.
827 1199 948 1228 Crassus.
966 1198 1014 1224 lio-
1034 1199 1035 1227 l

221 1243 264 1260 mo
280 1235 356 1270 longe
369 1234 621 1270 eloquentissimus.
639 1236 728 1270 paullo
742 1240 811 1267 ante,
827 1244 908 1271 quam
924 1244 971 1261 nos
986 1236 1012 1261 in

221 1271 307 1298 sorum
332 1273 468 1304 venimus.
495 1273 594 1299 iudicio
616 1273 803 1300 centumvirali
822 1274 888 1299 hanc
906 1278 1014 1299 senten—

222 1310 283 1335 tiam
298 1309 425 1341 defendit,
442 1314 467 1336 et
481 1309 566 1340 facile.
582 1318 667 1345 quum
682 1315 771 1337 contra
785 1319 846 1336 eum
860 1310 1014 1345 prudentis-

220 1347 306 1372 simus
321 1346 412 1378 homo.
433 1346 464 1379 Q.
481 1348 598 1378 Mucius.
619 1347 730 1379 diceret,
751 1348 873 1383 probavit
886 1348 1012 1374 omnibus

221 1385 263 1410 Μ’.
284 1384 409 1415 Curium,
433 1385 479 1419 qui
499 1385 575 1410 lieres
595 1385 734 1411 institutus
752 1390 822 1412 esset
840 1386 889 1416 ita,
913 1390 1013 1411 mortuo

218 1426 334 1454 postumo
351 1423 418 1454 filio,
440 1430 525 1456 quum
545 1422 616 1448 tilius
635 1431 687 1449 non
706 1423 785 1449 modo
803 1431 855 1449 non
878 1427 1009 1453 mortuus.

219 1458 266 1484 sed
286 1467 318 1484 ne
337 1463 415 1485 natus
433 1459 543 1494 quidem
561 1463 644 1490 esset.
665 1460 790 1486 heredem
809 1468 867 1486 esse
881 1464 1011 1495 oportere.

219 1495 308 1528 Quid?
322 1496 410 1522 verbis
424 1497 488 1522 satis
504 1497 552 1522 hoc
565 1501 673 1524 cautum
688 1497 760 1524 erat‘?
778 1497 899 1523 minime.
940 1496 1013 1530 Quae
1033 1493 1035 1521 ἕ

219 1542 260 1559 res
275 1533 356 1569 igitur
370 1532 473 1560 valuit?
490 1534 627 1565 voluntas,
647 1543 715 1570 quae
733 1535 756 1561 si
776 1535 861 1561 tacitis
880 1534 957 1561 nobis
971 1534 1013 1561 in·
1033 1527 1035 1583 ἶ

220 1570 302 1603 telligi
318 1575 415 1605 posset.
434 1571 522 1598 verbis
536 1572 646 1597 omnino
658 1581 709 1599 non
720 1577 869 1598 uteremur:
885 1573 949 1606 quia
959 1581 1011 1599 non
1033 1597 1034 1606 ,

220 1612 313 1642 potest.
331 1608 410 1634 verba
425 1613 527 1642 reperta
540 1613 612 1639 sunt,
628 1617 680 1636 non
695 1618 763 1644 quae
777 1609 948 1644 impedirent,
964 1609 1012 1636 sed

218 1654 286 1680 quae
301 1645 448 1672 indicarent
463 1645 636 1672 voluntatem.
658 1647 732 1672 XIX.
742 1648 783 1673 54.
800 1647 855 1673 Lex
869 1655 948 1673 usum
963 1655 1012 1673 au-

218 1683 364 1709 ctoritatem
378 1682 455 1709 fundi
470 1683 544 1710 iubet
557 1691 616 1709 esse
629 1684 780 1710 biennium.
808 1684 842 1710 At
856 1684 958 1711 utimur
967 1693 1012 1711 eo-

218 1719 278 1745 dem
290 1720 348 1746 iure
358 1720 385 1746 in
395 1720 518 1752 aedibus,
534 1729 603 1755 quae
613 1721 640 1748 in
653 1721 710 1757 lege
721 1730 772 1748 non
783 1721 962 1756 appellantur.
974 1736 1012 1741 —
1032 1733 1033 1750 1

219 1756 247 1783 Si
261 1757 304 1782 via
318 1757 353 1783 sit
367 1757 521 1789 immunita.
541 1758 628 1790 iubet.
649 1768 701 1794 qua
716 1759 792 1790 velit.
813 1768 891 1795 agere
905 1759 1012 1787 iumen·
1032 1761 1033 1772 ¹

218 1798 285 1820 tum.
319 1794 408 1820 Potest
421 1795 470 1821 hoc
483 1803 517 1821 ex
531 1795 620 1821 verbis
634 1796 761 1831 intelligi,
779 1796 866 1827 licere,
882 1797 905 1823 si
920 1798 962 1823 via
976 1798 1011 1823 sit

218 1832 244 1857 in
260 1831 358 1857 Brutiis
374 1832 526 1863 immunita,
547 1841 637 1868 agere.
658 1834 681 1860 si
696 1834 772 1864 velit,
793 1834 945 1860 iumentum
964 1843 1011 1869 per
1031 1835 1033 1869 J

218 1869 253 1894 M.
265 1868 357 1894 Scauri
368 1869 559 1895 Tusculanum.
571 1871 691 1897 —Actio
700 1875 740 1896 est
750 1871 777 1897 in
788 1875 920 1898 auctorem
936 1880 1012 1906 prae·
1031 1874 1033 1884 ¹

218 1910 321 1932 sentem
336 1905 378 1932 his
392 1906 495 1932 verbis:
520 1915 697 1939 ουΛκοοουε
716 1917 748 1934 τε
764 1917 790 1934 in
805 1917 873 1935 runs
888 1918 1011 1936 cessei-

217 1952 274 1969 cio.
308 1943 361 1969 Hac
379 1944 479 1970 actione
492 1942 598 1978 Appius
616 1944 661 1971 ille
675 1944 775 1972 Caecus
790 1946 828 1971 uti
843 1954 895 1972 non
909 1951 1007 1980 posset.

217 1980 240 2006 si
256 1984 309 2006 tam
328 1989 389 2006 vere
407 1981 529 2007 homines
549 1982 629 2008 verba
647 1987 874 2014 consectarentur,
895 1988 924 2009 ut
941 1992 1007 2015 rem.

216 2017 295 2043 cuius
309 2026 402 2044 caussa
416 2018 497 2044 verba
506 2023 578 2050 sunt,
591 2028 643 2046 non
654 2020 861 2046 considerarent.
872 2035 909 2040 —
919 2021 1010 2048 Testa—

217 2058 306 2081 mento
320 2055 343 2081 si
358 2055 482 2082 recitatus
497 2055 574 2082 lieres
588 2061 658 2082 esset
671 2057 793 2091 pupillus
807 2057 955 2089 Cornelius,
973 2059 1010 2085 is·-

216 2100 269 2126 que
283 2092 336 2118 iam
351 2101 434 2119 annos
448 2100 487 2118 xx
501 2092 622 2126 haberet;
639 2094 715 2121 vobis
730 2095 920 2129 interpretibus
931 2096 1010 2122 amit·
1030 2115 1031 2131 .

1032 1635 1034 1652 1

1032 1658 1033 1670 l

1032 1673 1033 1687 l

1032 1695 1034 1708 l

216 2133 282 2155 teret
295 2129 475 2156 hereditatem.
509 2131 551 2157 55.
566 2131 682 2158 Veniunt
696 2132 722 2158 in
737 2137 853 2158 mentem
868 2133 934 2159 milii
949 2142 1010 2168 per-

216 2165 314 2193 multa:
331 2167 406 2193 vobis
420 2167 510 2202 plura.
527 2172 598 2194 certo
611 2169 676 2195 seio.
716 2169 829 2201 Verum,
846 2178 879 2196 ne
893 2170 1008 2197 nimium

215 2202 300 2230 multa
313 2204 524 2238 complectamur
536 2210 615 2240 atque
634 2206 667 2232 ab
685 2214 728 2236 eo.
749 2206 821 2241 quod
840 2208 1008 2242 propositum

215 2245 269 2272 est.
292 2240 398 2277 longius
416 2241 519 2268 aberret
535 2244 631 2269 oratio:
657 2243 706 2270 hoc
720 2244 811 2278 ipsum
825 2244 1005 2276 interdictum.

215 2277 248 2304 de
261 2286 315 2313 quo
328 2279 425 2314 agitur,
440 2279 649 2306 consideremus.
679 2280 837 2317 Intelligetis
851 2282 922 2308 enim
937 2282 964 2309 in
978 2291 1009 2309 eo

214 2315 286 2349 ipso.
307 2316 371 2342 siin
385 2316 475 2342 verbis
493 2317 537 2343 ius
555 2318 763 2349 constituamus.
783 2327 889 2345 omnem
909 2319 1010 2346 utilita-

215 2357 268 2378 tem
283 2361 330 2379 nos
345 2353 426 2380 huius
440 2354 586 2386 interdicti,
602 2355 667 2381 dum
682 2356 784 2382 versuti
798 2360 823 2382 et
836 2355 926 2383 callidi
941 2356 1009 2383 veli-

215 2397 276 2415 mus
290 2398 358 2421 esse.
374 2391 530 2418 amissuros.
564 2401 639 2419 usne
658 2402 705 2424 ru,
725 2402 780 2419 Aur
797 2402 933 2425 mutem,
953 2403 1008 2421 Αυτ

216 2435 405 2454 rnocnnnon
423 2438 503 2455 runs.
544 2428 572 2455 Si
591 2438 633 2455 me
648 2429 755 2457 villicus
770 2434 833 2457 tuus
846 2430 921 2457 solus
935 2430 1009 2457 deie-

215 2463 307 2490 cisset:
328 2473 379 2491 non
395 2464 495 2492 familia
508 2465 660 2498 deiecisset¹
681 2471 712 2493 ut
724 2468 831 2502 opinor,
847 2468 895 2494 sed
908 2468 1007 2503 aliquis

215 2499 248 2525 de
262 2499 370 2527 familia.
404 2503 482 2529 Recte
496 2503 579 2539 igitur
592 2504 693 2530 diceres
707 2509 731 2530 te
745 2504 912 2532 restituisse?
925 2506 1006 2540 quip-

216 2543 270 2578 pe.⁴
298 2536 368 2568 Quid
386 2539 457 2565 enim
476 2539 582 2567 facilius
600 2545 652 2572 est.
672 2550 754 2576 quam
772 2542 878 2577 probari
892 2543 939 2573 iis.
959 2543 1007 2577 qui

216 2573 307 2599 Latine
321 2575 413 2605 sciant,
430 2577 456 2602 in
471 2585 524 2603 uno
538 2577 645 2604 servulo
659 2577 776 2605 familiae
790 2588 885 2605 nomen
898 2588 949 2606 non
961 2588 1008 2606 va-

216 2609 287 2651 lere‘?
301 2610 328 2636 Si
342 2620 402 2637 vero
413 2621 445 2638 ne
456 2613 553 2640 habeas
564 2615 674 2649 quidem
686 2624 804 2646 servum,
820 2621 922 2650 praeter
932 2625 1003 2648 eum.

215 2655 262 2681 qui
285 2656 327 2673 me
346 2647 482 2680 deiecerit.
506 2651 604 2677 clames
622 2652 759 2679 videlicet:
784 2653 808 2679 si
827 2653 910 2680 habeo
930 2653 1006 2680 sami·
1027 2659 1029 2686 ξ

216 2682 288 2715 liam.
304 2693 318 2710 a
333 2684 432 2712 familia
447 2695 504 2713 mea
518 2687 599 2714 fateor
614 2693 638 2715 te
651 2698 710 2716 esse
724 2689 867 2716 deiectum.
913 2691 1005 2726 Neque

1067 378 1114 411 git.
1147 379 1188 403 56.
1205 378 1236 403 At
1253 387 1313 404 vero
1327 379 1392 404 ratio
1406 379 1472 404 iurin
1488 379 1674 414 interdictique
1691 379 1730 405 vis
1745 385 1768 405 et
1783 389 1860 414 prae-

1069 420 1154 440 torum
1171 414 1293 441 voluntas
1306 420 1331 441 et
1345 415 1486 442 hominnm
1499 416 1669 450 prudentium
1680 417 1822 443 consilium
1834 422 1861 443 et

1068 452 1210 477 auctoritas
1224 457 1332 486 respuat
1346 452 1413 478 lianc
1426 452 1608 479 desemionem
1619 459 1644 479 et
1655 463 1702 488 pro
1714 453 1799 480 niliilo
1809 463 1859 489 pu-

1069 493 1113 514 tet.
1136 489 1196 515 XX.
1208 489 1278 520 Quid
1290 489 1371 524 ergo?
1384 490 1428 516 isti
1443 490 1564 516 homines
1576 490 1666 517 Latine
1681 500 1732 518 non
1745 491 1860 526 loquun-

1068 525 1128 552 tur‘?
1142 527 1224 552 inuno
1240 535 1300 552 vero
1315 531 1416 552 tantuin
1432 526 1585 562 loquuntur.
1601 533 1731 562 quantum
1746 533 1785 554 est
1795 529 1860 554 satis

1067 563 1099 589 ad
1115 563 1316 599 intelligendam
1332 563 1508 590 voluntatem:
1529 573 1614 599 quum
1633 565 1685 591 sibi
1701 566 1749 592 hoc
1763 574 1859 601 propo-

1067 601 1182 631 suerint.
1209 605 1237 627 ut
1254 601 1312 627 sive
1331 610 1373 627 me
1391 605 1419 627 tu
1437 601 1565 628 deieceris
1583 602 1641 628 sive
1659 607 1764 629 tuorum
1783 604 1859 638 quib

1068 647 1138 672 piam
1157 647 1214 664 sive
1233 647 1371 664 servorum
1390 647 1448 665 sive
1465 639 1625 669 amicorum.
1651 644 1680 666 ut
1697 648 1788 666 servos
1806 649 1858 667 non

1068 684 1178 701 nurnero
1192 675 1371 711 distinguant.
1391 675 1438 702 sed
1458 676 1593 711 appellent
1611 685 1664 703 uno
1682 676 1798 703 [amiliae
1813 686 1860 704 no-

1068 714 1153 744 mine.
1188 714 1229 739 57.
1245 712 1278 739 de
1294 713 1385 739 liberis
1399 718 1486 739 autem
1501 714 1626 748 quisquis
1640 719 1691 744 est.
1708 719 1861 749 procurato-

1067 751 1104 776 ris
1123 750 1230 776 nomine
1248 750 1410 785 appelletur:
1431 759 1482 777 non
1501 759 1555 785 quo
1573 760 1665 777 ornnes
1683 752 1738 778 sint.
1754 756 1799 778 aut
1813 761 1860 787 ap-

1067 788 1200 823 pellentur
1215 792 1406 822 procuratores.
1422 788 1469 822 qui
1484 789 1584 823 negotii
1600 789 1682 815 nostri
1696 788 1798 824 aliquid
1812 798 1860 824 ge-

1067 830 1138 852 rant:
1153 825 1201 851 sed
1215 825 1241 851 in
1253 825 1301 851 hac
1311 834 1347 856 re.
1363 825 1467 860 cognita
1478 826 1607 852 sententia
1620 826 1762 857 interdicti.
1779 826 1858 853 verba

1066 862 1201 889 subtiliter
1219 863 1325 897 exquiri
1344 863 1433 889 omnia
1452 862 1604 889 noluerunt.
1646 864 1701 889 Non
1721 864 1792 890 enim
1807 863 1858 890 alia

1065 909 1160 926 caussa
1174 905 1214 926 est
1227 900 1368 935 aequitatis
1383 900 1409 926 in
1425 909 1478 926 uno
1490 909 1568 927 servo
1579 906 1604 927 et
1615 901 1640 927 in
1652 900 1790 935 pluribus:
1807 910 1858 927 non

1042 952 1043 956 =
1065 937 1116 964 alia
1136 938 1200 964 ratio
1219 938 1285 963 iuris
1305 938 1330 963 in
1351 937 1399 963 lioc
1421 946 1517 972 genere
1537 937 1678 968 duntaxat.
1705 943 1793 964 utrum
1817 947 1859 964 me

1066 979 1128 1001 tuus
1143 980 1295 1009 procurator
1308 974 1432 1001 deiecerit
1447 975 1484 1005 is.
1504 975 1551 1010 qui
1571 975 1688 1011 legitime
1707 980 1860 1010 procurator

1065 1012 1163 1038 dicitur
1176 1012 1296 1038 omnium
1312 1021 1400 1038 rerum
1414 1013 1487 1042 eius.
1507 1013 1554 1047 qui
1569 1013 1595 1039 in
1611 1012 1683 1039 Italia
1698 1021 1749 1039 non
1763 1013 1799 1039 sit
1812 1012 1860 1039 ab·

1065 1050 1134 1076 sitve
1147 1049 1310 1084 reipublicae
1327 1058 1436 1080 caussa.
1456 1050 1534 1084 quasi
1548 1049 1659 1084 quidam
1674 1059 1757 1085 paene
1770 1049 1858 1077 domi—

1066 1096 1130 1118 nus.
1152 1087 1201 1113 hoc
1219 1091 1272 1117 est.
1293 1087 1373 1113 alieni
1392 1087 1458 1113 iuris
1474 1087 1603 1114 vicarius:
1623 1096 1656 1113 an
1672 1092 1734 1114 tuus
1747 1087 1858 1114 colonus

1065 1129 1110 1151 aut
1124 1125 1229 1151 vicinus
1243 1129 1288 1150 aut
1301 1123 1385 1151 cliens
1399 1129 1444 1150 aut
1459 1124 1571 1151 libertus
1585 1130 1630 1151 aut
1643 1125 1748 1160 quivis.
1763 1125 1811 1160 qui
1825 1124 1859 1151 il-

1066 1162 1117 1188 lam
1136 1162 1190 1188 vim
1210 1161 1439 1196 deiectionemque
1458 1166 1504 1188 tuo
1521 1167 1613 1197 rogatu
1632 1167 1677 1188 aut
1692 1166 1737 1189 tuo
1750 1162 1859 1188 nomine

1066 1199 1164 1226 lecerit.
1199 1200 1240 1226 58.
1260 1198 1360 1231 Quare.
1380 1200 1403 1225 si
1417 1199 1450 1225 ad
1464 1208 1525 1225 eum
1541 1199 1748 1230 restituendum.
1769 1200 1816 1234 qui
1831 1199 1857 1226 vi

1064 1236 1183 1263 deiectus
1197 1241 1250 1267 est.
1270 1236 1391 1263 eamdem
1407 1237 1461 1262 vim
1475 1237 1554 1263 babet
1569 1237 1710 1272 aequitatis
1724 1237 1803 1263 ratio:
1828 1245 1857 1262 ea

1064 1274 1206 1305 intellecta.
1221 1278 1290 1300 certe
1305 1273 1372 1300 nihil
1386 1273 1418 1300 ad
1430 1283 1485 1300 rem
1497 1274 1619 1309 pertinet,
1635 1282 1703 1309 quae
1716 1274 1856 1300 verborum

1064 1312 1105 1338 vis
1119 1312 1196 1338 sitae
1211 1312 1359 1337 nominum.
1400 1311 1463 1337 Tam
1483 1312 1621 1342 restitues.
1641 1312 1664 1337 si
1683 1315 1746 1337 tuus
1764 1319 1807 1337 me
1826 1310 1858 1337 li—

1064 1349 1156 1375 bertus
1169 1348 1302 1379 deiecerit.
1320 1348 1388 1374 nulli
1403 1353 1448 1375 tuo
1462 1349 1630 1383 praepositus
1645 1349 1758 1384 negotio.
1774 1357 1857 1384 quam

1063 1387 1087 1413 si
1102 1391 1254 1421 procurator
1267 1385 1405 1412 deiecerit:
1427 1395 1477 1412 non
1491 1394 1545 1421 quo
1559 1394 1652 1412 ornnes
1665 1386 1719 1412 sint
1732 1394 1858 1421 procura-

1064 1428 1147 1455 tores,
1167 1424 1215 1459 qui
1228 1422 1332 1458 aliquid
1347 1423 1429 1449 nostri
1444 1424 1542 1459 negotii
1555 1428 1665 1459 gerunt,
1681 1422 1730 1450 sed
1741 1422 1814 1458 quod
1828 1423 1855 1449 in

1063 1461 1113 1488 hac-
1126 1469 1153 1487 re
1167 1461 1260 1496 quaeri
1274 1460 1342 1487 nihil
1361 1461 1462 1487 attinet.
1503 1461 1567 1487 Tam
1585 1461 1723 1492 restitues.
1743 1461 1767 1487 si
1785 1469 1858 1487 unus

1064 1498 1204 1530 servulus,
1219 1507 1302 1533 quam
1316 1498 1340 1524 si
1353 1497 1453 1524 familia
1468 1497 1559 1524 fecerit
1572 1499 1711 1525 universa:
1736 1506 1789 1525 non
1803 1506 1857 1533 quo

1063 1536 1135 1563 idem
1153 1536 1188 1562 sit
1206 1534 1346 1566 servulus.
1369 1535 1442 1570 quod
1461 1535 1575 1568 familia3
1600 1544 1693 1562 verum
1711 1536 1774 1571 quia
1793 1543 1855 1566 non.

1063 1573 1165 1608 quibus
1179 1573 1269 1599 verbis
1283 1572 1405 1607 quidque
1419 1572 1535 1604 dicatur,
1555 1573 1706 1608 quaeritur.
1726 1572 1774 1599 sed
1787 1580 1857 1608 quae

1063 1619 1105 1637 res
1119 1614 1221 1646 agatur.
1261 1610 1348 1636 Etiam
1362 1610 1399 1641 si.
1414 1625 1452 1630 —
1464 1615 1493 1636 ut
1508 1609 1614 1646 longius
1628 1619 1641 1636 a
1656 1610 1737 1637 verbo
1751 1610 1857 1636 receda—

1063 1656 1138 1678 muS,
1158 1647 1192 1674 ab
1209 1647 1342 1682 aequitate
1360 1655 1392 1673 ne
1411 1647 1543 1673 tantulum
1557 1647 1681 1682 quidem.
1701 1662 1738 1667 -
1754 1647 1778 1673 si
1793 1651 1856 1673 tuus

1062 1693 1158 1711 servus
1172 1684 1264 1711 nullus
1278 1684 1366 1715 luerit.
1382 1684 1429 1710 sed
1443 1693 1536 1711 omnes
1550 1684 1630 1711 alieni
1643 1693 1672 1711 ac
1683 1685 1853 1711 mercenarii:

1063 1727 1150 1749 tamen
1169 1726 1193 1748 et
1212 1722 1264 1756 ipsi
1283 1726 1342 1747 tuae
1360 1720 1477 1748 familiae
1494 1729 1591 1757 genere
1610 1726 1635 1748 et
1650 1722 1756 1748 nomine
1770 1722 1856 1748 conti-

1062 1760 1206 1786 nebuntur.
1247 1758 1320 1785 XXI.
1341 1760 1383 1785 59.
1408 1759 1490 1795 Perge
1504 1767 1581 1794 porro
1595 1758 1644 1785 hoc
1659 1759 1730 1785 idem
1744 1758 1857 1785 interdi-

1061 1801 1134 1824 ctum
1147 1797 1240 1831 sequi:
1261 1805 1420 1823 nouisists
1436 1805 1568 1823 coneris.
1608 1797 1749 1822 Neminem
1762 1804 1856 1832 ooege-

1061 1836 1112 1862 ris:
1129 1834 1180 1870 ipsi
1195 1834 1368 1860 convenerint
1381 1842 1430 1860 sua
1444 1838 1548 1868 sponte.
1583 1833 1657 1860 Certe
1670 1833 1742 1869 cogit
1754 1834 1791 1865 is.
1806 1834 1855 1869 qui

1061 1876 1203 1908 congregat
1217 1872 1339 1898 homines
1353 1876 1379 1898 et
1392 1875 1527 1898 convocat.
1568 1870 1654 1898 Coacti
1673 1875 1737 1897 sunt
1754 1870 1786 1902 ii.
1806 1871 1854 1906 qui

1061 1910 1094 1936 ab
1112 1909 1202 1944 aliquo
1219 1914 1282 1935 sunt
1301 1917 1385 1935 unum
1403 1909 1432 1935 in
1451 1908 1539 1935 locum
1557 1908 1719 1944 congregati.
1758 1907 1854 1935 Sinon

1061 1946 1139 1974 modo
1157 1947 1293 1973 convocati
1312 1955 1363 1972 non
1382 1950 1458 1977 sunt,
1478 1945 1527 1972 sed
1544 1954 1577 1972 ne
1594 1949 1777 1972 convenerunt
1793 1945 1856 1980 qui-

1060 1984 1136 2010 dem:
1156 1983 1204 2010 sed
1217 1984 1236 2010 ii
1251 1983 1329 2010 modo
1342 1983 1464 2014 fuerunt.
1480 1983 1528 2018 qui
1541 1983 1620 2009 etiam
1634 1987 1718 2014 antea.
1734 1990 1797 2014 non,
1812 1983 1854 2009 vis

1061 2026 1090 2048 ut
1104 2021 1190 2052 tieret.
1212 2029 1304 2047 verum
1323 2020 1428 2047 colendi
1445 2025 1491 2046 aut
1504 2020 1631 2055 pascendi
1644 2028 1740 2047 caussa
1753 2027 1812 2046 esse
1826 2020 1853 2046 in

1061 2067 1124 2094 agro
1140 2062 1346 2085 consueverant:
1373 2057 1515 2088 defendes.
1540 2057 1662 2084 homines
1680 2061 1783 2084 coactos
1801 2065 1853 2084 non

1061 2096 1158 2122 fuisse:
1183 2100 1208 2122 et
1222 2095 1304 2122 verbo
1316 2095 1427 2130 quidem
1441 2095 1595 2130 superabis.
1616 2103 1658 2121 me
1676 2095 1736 2130 ipso
1747 2093 1852 2126 iudice;

1030 2138 1031 2160 ῐ
1060 2142 1087 2160 re
1101 2138 1189 2159 autem
1204 2142 1237 2159 ne
1250 2133 1380 2159 consistes
1393 2132 1504 2167 quidem
1518 2131 1574 2158 ullo
1587 2131 1685 2158 iudice.
1706 2131 1768 2158 Vim
1781 2132 1853 2158 enim

1060 2170 1243 2197 multitudinis
1257 2170 1361 2196 restitui
1375 2169 1530 2200 voluerunt.
1551 2178 1604 2196 non
1621 2168 1710 2196 solum
1724 2177 1854 2195 oenvoca-

1060 2213 1101 2234 tae
1115 2207 1313 2234 multitudinis:
1333 2206 1390 2237 sed.
1406 2207 1470 2242 quia
1484 2206 1652 2241 plerumque.
1669 2205 1715 2232 ubi
1729 2205 1853 2232 multitu-

1059 2245 1122 2271 dine
1134 2253 1203 2280 opus
1220 2249 1274 2275 est,
1294 2244 1416 2271 homines
1434 2245 1492 2279 cogi
1511 2243 1609 2274 solent,
1629 2243 1688 2270 ideo
1705 2242 1738 2269 de
1755 2244 1853 2270 coactis

1059 2283 1238 2317 compositum
1249 2281 1419 2308 interdictum
1429 2286 1483 2307 est:
1499 2280 1580 2316 quod,
1593 2280 1697 2307 etiamsi
1708 2280 1790 2307 verbo
1799 2279 1853 2307 dif-

1059 2319 1127 2346 ferre
1141 2319 1289 2350 videbitur,
1310 2327 1338 2345 re
1356 2323 1443 2345 tamen
1461 2318 1509 2344 erit
1527 2326 1624 2348 unum.
1645 2322 1671 2343 et
1683 2317 1810 2344 omnibus
1823 2318 1852 2344 in

1058 2357 1163 2383 caussis
1177 2356 1248 2382 idern
1261 2355 1370 2386 valebit,
1386 2356 1414 2382 in
1427 2355 1528 2390 quibus
1538 2355 1699 2390 perspicitur
1708 2363 1761 2381 una
1771 2359 1853 2389 atque

1059 2393 1150 2420 eadem
1164 2402 1259 2420 caussa
1272 2393 1423 2427 aequitatis.
1446 2394 1487 2418 60.
1498 2400 1676 2418 nunisvs.
1697 2391 1768 2424 Quid
1779 2391 1853 2418 dice-

1058 2430 1140 2457 mus‘?
1152 2431 1282 2462 Armatus,
1298 2431 1322 2456 si
1333 2430 1425 2456 Latine
1440 2429 1512 2464 loqui
1526 2428 1662 2460 volumus,
1677 2437 1746 2463 quos
1758 2428 1852 2463 appel-

1059 2468 1112 2495 lare
1126 2476 1188 2494 vere
1202 2466 1366 2502 possumus?
1391 2467 1485 2502 opinor
1498 2474 1557 2496 eos.
1576 2466 1623 2501 qui
1637 2466 1721 2492 scutis
1736 2465 1850 2501 telisque

1058 2506 1142 2540 parati
1155 2505 1295 2540 ornatique
1309 2509 1382 2531 sunt.
1407 2503 1478 2536 Quid
1493 2502 1592 2539 igitur?
1605 2503 1634 2530 Si
1645 2502 1734 2539 glebis
1747 2507 1793 2529 aut
1807 2511 1851 2528 sa-

1058 2543 1100 2569 xis
1117 2547 1164 2569 aut
1181 2541 1300 2568 fustibus
1317 2541 1435 2576 aliquem
1453 2540 1486 2567 de
1504 2540 1588 2567 fundo
1601 2540 1774 2575 praecipitem
1787 2548 1850 2575 ege·

1057 2579 1108 2611 ris.
1127 2580 1276 2614 iussusque
1289 2579 1341 2610 sis,
1361 2586 1442 2613 quem
1455 2577 1611 2604 hominibus
1625 2577 1732 2603 armatis
1745 2576 1850 2603 deiece-

1057 2617 1103 2648 ris,
1119 2617 1272 2643 restituere:
1293 2616 1442 2642 restituisse
1456 2620 1481 2641 te
1494 2614 1587 2641 dices?
1607 2614 1693 2641 Verba
1706 2614 1730 2640 si
1747 2613 1846 2644 valent.

1057 2654 1080 2680 si
1093 2662 1204 2680 caussae
1217 2662 1270 2680 non
1284 2653 1393 2683 ratione,
1409 2652 1456 2678 sed
1470 2652 1582 2678 vocibus
1596 2651 1790 2686 ponderantur:
1806 2659 1849 2677 me

1027 2690 1029 2695 “
1056 2696 1160 2717 auctore
1178 2691 1272 2717 dicito:
1298 2691 1389 2717 vinces
1407 2689 1536 2724 prolecto.
1561 2698 1613 2716 non
1633 2688 1717 2714 fuisse
1734 2693 1848 2714 armatos

1903 1772 1916 1839 l

1903 1927 1913 1958 ς

1899 1958 1912 2085 Ξ
