1941 3052
590 615 615 643 M
619 637 624 642 .

362 767 417 815 M.

859 538 904 564 64.

857 701 901 719 tv

661 615 839 644 TULLII
876 615 1161 644 C1CERON1s

532 765 1401 815 ANTONIUM

519 864 915 903 PHILIPPICA
964 864 1241 902 OCTAVA.

110 1041 185 1062 ΛΚΕ.
201 1042 288 1062 Mortuo
299 1041 347 1062 Ser.
357 1041 458 1069 Sulpicio
468 1041 491 1062 in
502 1040 622 1066 legatione,
634 1042 658 1061 L.
670 1040 725 1062 Piso
734 1043 755 1061 et
764 1041 789 1060 L.
799 1040 853 1061 Phi-

57 1076 131 1104 lippus
140 1076 294 1097 intolerabilia
304 1076 417 1104 postulata
427 1078 453 1097 ab
465 1076 562 1097 Antania
574 1077 600 1096 ad
611 1079 710 1096 senatum
720 1075 852 1096 retulemnt.

56 1112 113 1132 Tum
125 1114 215 1132 senatus
227 1111 325 1132 Antonio
336 1112 420 1132 indixit
431 1111 513 1132 bellum
524 1111 630 1132 tumultus
641 1111 736 1131 nomine.
763 1111 811 1134 Qun
821 1110 853 1130 le-

56 1147 126 1167 nitate
137 1147 269 1174 reprehensa
280 1146 356 1168 Cicero
367 1150 411 1167 turn
424 1147 501 1168 Caleni
512 1146 643 1174 perstringit
653 1145 785 1167 seutentiam
793 1161 798 1170 ,
810 1145 852 1166 ad-

56 1182 96 1203 huc
106 1183 132 1203 de
142 1189 196 1210 pace
205 1182 299 1208 agentis,
311 1185 355 1202 turn
365 1186 491 1203 senatorum
502 1189 578 1202 novam
590 1182 616 1202 ad
627 1180 747 1202 Antonium
759 1180 852 1206 legatiu-

55 1225 103 1239 nem
118 1217 264 1238 suadentium.
293 1217 397 1238 Pisonem
409 1220 430 1238 et
439 1217 570 1244 Philippum
580 1217 691 1244 increpat,
707 1215 745 1243 qui
755 1223 799 1236 non
809 1218 851 1236 tam

55 1256 158 1277 senatus.
174 1260 237 1280 quarn
252 1252 347 1273 Antonii
360 1252 429 1278 legati
445 1252 511 1273 huius
526 1253 628 1273 mandata
641 1252 732 1272 Romam
746 1250 853 1272 retulisse

55 1288 178 1309 videantur.
207 1287 358 1315 Reprehendit
368 1290 482 1308 senatores
494 1288 592 1308 Antonio
608 1288 719 1308 faventes:
733 1287 851 1307 decernen-

54 1323 103 1343 dum
115 1325 198 1347 censet,
207 1326 233 1343 ut
242 1322 280 1347 iis,
292 1322 330 1350 qui
340 1330 387 1344 cum
398 1323 496 1344 Antonio
508 1323 565 1348 nint,
577 1325 677 1350 potestus
687 1323 751 1343 detur
760 1330 808 1342 rum
818 1329 852 1342 re-

54 1357 172 1385 publicain
179 1358 271 1383 gratiam
281 1357 387 1379 redeundi
394 1358 564 1386 antepruximas
572 1358 622 1379 {dun
629 1358 732 1378 Martias:
743 1358 798 1378 bene
807 1364 852 1378 nie-

53 1393 155 1413 rentibus
166 1392 250 1418 gratiae
259 1394 395 1414 referuntur:
409 1393 565 1421 proficiscendi
575 1394 602 1414 ad
613 1393 732 1414 Antonium
741 1409 746 1418 ,
757 1396 851 1420 exceptu

53 1428 103 1449 eius
113 1428 186 1454 legato
197 1431 222 1454 Q.
234 1428 302 1449 Vario
313 1428 402 1454 Cotyla,
413 1428 496 1449 nemini
507 1428 602 1449 facultas
612 1429 752 1450 concedatur.

110 1491 129 1517 I.
153 1492 174 1517 l.
197 1485 349 1517 Confusius
364 1490 488 1518 hesterno
499 1490 542 1517 die
553 1495 593 1517 est
604 1495 659 1518 acta
671 1500 727 1522 res,
741 1491 770 1518 C.
783 1491 852 1518 Pan-

53 1537 91 1559 sa,
99 1536 181 1563 quam
193 1528 345 1563 postulabat
355 1529 508 1555 institutum
520 1528 676 1555 consulatus
687 1530 736 1556 tui.
753 1529 850 1555 Parum

53 1565 120 1591 mihi
132 1565 207 1592 visus
218 1574 246 1592 es
256 1574 314 1597 eos,
332 1566 434 1601 quibus
445 1566 537 1592 cedere
550 1574 601 1592 non
613 1566 692 1598 soles,
706 1567 849 1593 sustinere.

53 1603 120 1629 Nam
140 1611 225 1638 quum
241 1607 350 1630 senatus
366 1611 396 1630 ea
411 1604 497 1630 virtus
514 1603 622 1635 suisset,
642 1612 712 1639 quae
727 1603 808 1635 solet,
825 1608 852 1630 et

52 1648 138 1675 quum
154 1648 181 1666 re
197 1640 318 1667 viderent
333 1649 426 1667 omnes
442 1650 500 1667 esse
512 1640 628 1672 bellum,
646 1641 812 1676 quidamque
823 1641 850 1667 id

52 1677 164 1704 verbum
179 1678 371 1704 removendum
390 1678 594 1710 arbitrarentur,
618 1683 662 1706 tua
684 1679 807 1706 voluntas
822 1679 850 1705 in

51 1715 216 1742 discessione
228 1714 279 1742 tuit
289 1715 321 1742 ad
334 1715 468 1742 lenitatem
480 1716 646 1751 propensior.
667 1716 788 1743 Victaest
798 1716 851 1752 igi-

52 1757 95 1779 tur
107 1757 213 1787 propter
224 1753 299 1779 verbi
310 1753 493 1788 asperitatem,
512 1758 536 1780 te
547 1758 666 1785 auctore,
684 1758 773 1780 nostra
789 1763 851 1780 sen-

52 1790 143 1816 tentia.
184 1790 253 1817 Vicit
263 1791 294 1817 L.
306 1790 439 1822 Caesaris,
456 1791 617 1826 amplissimi
630 1792 690 1823 viri,
703 1792 760 1827 qui,
775 1791 850 1818 verbi

52 1828 185 1854 atrocitate
199 1827 321 1863 dempta,
338 1828 455 1855 oratione
471 1828 535 1860 fuit,
552 1837 633 1864 quam
649 1830 793 1860 sententia,
813 1829 851 1855 le-

52 1865 119 1892 nior.
158 1864 327 1900 Quamquam
341 1866 365 1892 is
379 1866 505 1901 quidem,
528 1870 672 1901 antequam
688 1867 849 1893 sententiam

51 1901 162 1933 diceret,
177 1903 403 1938 propinquitatem
414 1904 564 1930 excusavit.
598 1904 672 1930 Idem
684 1903 794 1936 fecerat,
808 1913 850 1930 me

50 1939 175 1970 consule,
192 1940 219 1966 in
231 1941 328 1967 sororis
341 1941 410 1971 viro,
431 1941 504 1976 quod
520 1941 569 1967 hoc
583 1946 701 1976 tempore
712 1942 739 1968 in
751 1942 849 1968 sororis

51 1976 119 2007 lilio,
137 1980 202 2003 utet
214 1976 287 2004 luctu
298 1978 395 2004 sororis
410 1983 573 2009 moveretur,
592 1983 617 2005 et
627 1978 708 2005 saluti
719 1979 851 2014 reipubli-

50 2022 96 2041 cae
108 2013 268 2048 provideret.
299 2016 324 2041 2.
342 2016 428 2050 Atque
440 2016 497 2050 ipso
510 2020 596 2042 tamen
609 2016 705 2042 Caesar
715 2017 850 2051 praecepit

51 2051 129 2078 vobis
139 2051 345 2086 quodammodo,
362 2057 449 2087 patres
460 2053 614 2087 conscripti,
629 2062 660 2079 nc
671 2054 723 2079 sibi
734 2055 850 2080 assenti-

51 2089 160 2120 remini,
173 2097 260 2124 quum
272 2089 306 2115 ita
317 2089 399 2120 dixit,
412 2089 491 2116 aliam
503 2091 661 2116 sententiam
673 2099 702 2117 se
713 2091 848 2117 dicturum

51 2125 148 2157 fuisse,
171 2134 286 2161 eamque
299 2134 328 2153 se
343 2135 373 2153 ac
388 2127 524 2161 republica
536 2127 658 2163 dignam,
677 2129 729 2154 nisi
740 2128 850 2163 propin-

50 2164 152 2199 quitate
177 2163 362 2198 impediretur.
407 2164 478 2199 Ergo
499 2164 544 2191 ille
572 2165 732 2192 avunculus.
779 2166 849 2192 Num

51 2201 130 2228 etiam
143 2209 189 2227 vos
200 2201 336 2232 avunculi,
350 2202 397 2236 qui
410 2201 448 2227 illi
460 2202 524 2228 estis
536 2202 658 2229 assensi?

107 2238 140 2265 At
156 2239 182 2265 in
198 2247 253 2273 quo
268 2238 319 2265 l'uit
333 2238 531 2265 controversia?
550 2239 615 2266 Belli
631 2248 728 2266 nomen
749 2249 850 2275 ponen-

51 2275 116 2302 dum
132 2276 160 2302 in
180 2276 312 2302 sententia
330 2276 442 2311 quidam
464 2285 514 2303 non
536 2277 678 2311 putabant:
701 2277 849 2304 tumultum

51 2312 185 2348 appellare
195 2312 338 2344 malebant.
352 2314 436 2348 ignari
449 2322 500 2340 non
512 2314 591 2341 modo
602 2323 699 2346 rorum,
711 2315 758 2341 sed
770 2315 849 2342 etiam

53 2350 207 2377 verborum:
230 2355 316 2386 potest
326 2351 398 2377 enim
410 2359 469 2377 esse
481 2350 581 2378 bellum
592 2352 650 2378 sine
660 2352 793 2378 tumultu:
808 2357 851 2378 tu-

52 2386 153 2414 multus
169 2396 229 2414 esse
243 2389 302 2414 sine
317 2387 389 2414 hello
400 2397 451 2415 non
463 2393 557 2423 potest.
599 2391 622 2415 3.
644 2388 715 2421 Quid
726 2395 767 2416 est
777 2391 849 2416 enim

52 2424 197 2456 tumultus,
215 2425 267 2452 nisi
279 2425 443 2460 perturbatio
455 2430 537 2457 tanta,
559 2430 588 2452 ut
599 2427 682 2453 maior
693 2428 771 2453 timor
781 2427 850 2453 oria-

52 2460 113 2488 tur?
124 2462 194 2489 unde
205 2463 284 2489 etiam
297 2471 392 2489 nomen
404 2462 515 2489 ductum
527 2467 568 2489 est
579 2463 722 2490 tumultus.
759 2465 849 2499 ltaquo

52 2499 164 2526 maiores
175 2501 257 2526 nostri
270 2500 416 2527 tumultum
428 2500 558 2531 Italicum,
571 2501 644 2535 quod
655 2505 710 2527 erat
720 2501 849 2528 domesti-

52 2543 112 2567 cus,
130 2536 276 2564 tumultum
288 2537 437 2569 Gallicum,
455 2538 527 2573 quod
541 2542 596 2564 erat
607 2537 696 2565 ltaliae
707 2538 846 2570 finitimus,

53 2577 184 2607 praeterea
205 2574 310 2601 nullum
333 2575 513 2602 nominabant.
559 2576 676 2602 Gravius
696 2580 784 2602 autem
807 2581 849 2603 tu-

53 2609 167 2637 multum
178 2619 246 2643 esse,
258 2621 338 2647 quam
352 2612 463 2643 bellum.
473 2613 535 2639 hinc
547 2612 660 2648 intelligi
673 2614 848 2648 potest,quod

53 2645 123 2674 bello
133 2648 283 2675 vacationes
295 2649 396 2681 valent,
415 2650 532 2676 tumultu
549 2659 601 2676 non
619 2650 715 2677 valent.
756 2652 791 2677 lta
809 2651 845 2682 fit.

52 2684 278 2719 quemadmodum
295 2686 365 2718 dixi,
384 2692 412 2714 ut
427 2687 529 2715 bellum
544 2688 602 2715 sine
618 2687 735 2716 tumultu
751 2689 845 2724 possit,

906 1041 1040 1068 tumultus
1051 1042 1109 1069 sine
1120 1041 1191 1069 bello
1204 1050 1263 1069 esse
1275 1050 1327 1069 non
1339 1042 1434 1077 possit.
1463 1043 1485 1068 4.
1501 1042 1606 1068 Etenim
1617 1050 1704 1077 quum

905 1079 973 1106 inter
986 1079 1090 1106 bellum
1105 1085 1130 1106 et
1146 1088 1238 1114 pacem
1253 1079 1372 1106 medium
1388 1079 1455 1106 nihil
1471 1080 1520 1106 sit:
1541 1088 1649 1106 necesse
1664 1084 1704 1106 est

905 1116 1065 1148 tumultum,
1082 1117 1105 1143 si
1117 1117 1181 1144 belli
1192 1126 1244 1144 nou
1256 1118 1304 1149 sit,
1322 1118 1396 1153 pacis
1408 1126 1476 1144 esse.
1511 1117 1569 1149 Quo
1580 1117 1645 1152 quid
1657 1117 1705 1143 ab-

905 1154 1015 1181 surdius
1025 1154 1079 1181 dici
1090 1159 1136 1181 aut
1146 1155 1294 1182 existimari
1305 1154 1410 1190 potest?
1421 1154 1473 1181 Sed
1485 1155 1565 1181 nimis
1576 1154 1659 1181 multa
1671 1154 1705 1180 de

905 1192 999 1219 verbo:
1013 1201 1069 1219 rem
1080 1192 1170 1227 potius
1182 1192 1331 1224 videamus,
1348 1197 1435 1227 patres
1447 1193 1604 1228 conscripti,
1621 1201 1703 1227 quam

904 1229 1015 1264 quidem
1029 1230 1150 1266 intelligo
1165 1230 1246 1257 verbo
1262 1230 1317 1257 fieri
1336 1230 1470 1257 interdum
1488 1230 1645 1257 deteriorem
1660 1238 1704 1256 so-

905 1267 968 1294 lere.
1008 1268 1040 1294 ll.
1062 1267 1195 1294 Nolumus
1212 1268 1262 1295 hoc
1275 1268 1378 1295 bellum
1395 1267 1490 1294 videri.
1524 1267 1609 1300 Quam
1621 1268 1704 1303 igitur

904 1305 1060 1340 municipiis
1075 1310 1101 1332 et
1113 1305 1224 1332 coloniis
1240 1305 1274 1331 ad
1289 1305 1486 1332 excludendum
1499 1305 1643 1332 Antonium
1656 1313 1705 1330 au-

904 1342 1050 1369 ctoritatem
1062 1342 1178 1369 damus‘?
1192 1351 1287 1378 quam,
1301 1347 1331 1369 ut
1342 1342 1441 1369 milites
1453 1343 1515 1369 fiant
1526 1343 1584 1368 sine
1596 1343 1632 1372 vi,
1645 1343 1704 1368 siue

904 1379 1017 1411 mulcta,
1040 1380 1130 1407 studio
1145 1384 1170 1406 et
1185 1379 1340 1406 voluntate?
1359 1389 1454 1415 quam,
1479 1385 1507 1406 ut
1527 1380 1654 1415 pecunias
1675 1379 1702 1405 in

904 1417 1099 1452 rempublicam
1111 1417 1305 1453 polliceantur?
1321 1417 1349 1444 Si
1360 1418 1432 1444 enim
1444 1417 1507 1444 belli
1521 1425 1615 1443 nomen
1627 1416 1704 1443 tolle-

905 1459 955 1486 tur,
970 1455 1178 1490 municipiorum
1191 1455 1280 1481 studia
1292 1454 1430 1481 tollentur:
1449 1463 1597 1482 consensus
1610 1454 1702 1489 populi

904 1493 1024 1524 Romani,
1037 1493 1085 1527 qui
1097 1493 1149 1519 iam
1161 1492 1300 1519 descendit
1310 1493 1337 1519 in
1349 1501 1481 1523 caussam,
1499 1493 1521 1518 si
1534 1501 1581 1518 nos
1593 1492 1704 1527 languc-

904 1530 1014 1561 scimus,
1028 1529 1183 1557 debilitetur
1194 1538 1302 1557 necesse
1313 1534 1362 1556 est.
1384 1531 1409 1556 5.
1426 1529 1477 1556 Sed
1488 1529 1554 1564 quid
1566 1528 1661 1564 plura?
1671 1529 1701 1555 D.

904 1568 1002 1594 Brutus
1013 1572 1197 1603 oppugnatur:
1220 1576 1272 1594 non
1284 1572 1324 1594 est
1339 1567 1460 1594 bellum‘?
1484 1567 1584 1593 Mutina
1596 1566 1703 1593 obside-

904 1609 960 1631 tur:
992 1614 1024 1631 nc
1045 1605 1094 1631 hoc
1116 1605 1226 1640 quidem
1251 1604 1352 1631 belluni
1373 1604 1431 1631 est'?
1460 1604 1546 1631 Gallia
1568 1608 1700 1630 vastatur:

903 1650 972 1677 quae
987 1647 1073 1677 potest
1089 1651 1141 1677 pax
1156 1651 1215 1669 esse
1230 1642 1344 1669 certior?
1373 1641 1442 1668 Illud
1459 1651 1519 1668 vero
1534 1642 1596 1676 quis
1618 1646 1704 1676 potest

903 1679 1006 1706 bellum
1022 1688 1081 1706 esse
1100 1679 1207 1706 dicere‘?
1231 1679 1383 1711 consulem,
1407 1679 1584 1706 fortissimum
1601 1680 1700 1708 virum,

902 1726 964 1744 cum
981 1718 1099 1744 exercitu
1116 1716 1260 1744 misimus?
1281 1718 1328 1752 qui
1344 1726 1429 1752 quum
1446 1722 1516 1743 esset
1532 1716 1654 1743 infirmus
1670 1724 1703 1742 ex

902 1754 977 1791 gravi
988 1755 1171 1790 diuturnoque
1182 1755 1283 1785 morbo,
1298 1755 1399 1781 nullam
1410 1755 1463 1781 sibi
1475 1754 1579 1789 putavit
1590 1762 1703 1780 excusa-

903 1793 1001 1819 tionem
1013 1801 1072 1819 esse
1083 1797 1212 1827 oportere,
1221 1801 1307 1827 quum
1319 1793 1351 1818 ad
1364 1792 1525 1827 reipublicae
1538 1791 1702 1826 praesidium

904 1834 1050 1857 vocaretur.
1092 1830 1121 1857 C.
1139 1830 1249 1865 quidem
1261 1830 1357 1857 Caesar
1371 1839 1423 1856 non
1439 1830 1604 1864 exspectavit
1616 1834 1703 1855 vestra

902 1867 1019 1898 decreta.
1038 1868 1192 1902 praesertim
1208 1876 1295 1902 quum
1307 1872 1378 1894 esset
1389 1867 1457 1894 illud
1469 1867 1576 1894 aetatis:
1599 1866 1701 1892 bellum

901 1910 991 1932 contra
1011 1905 1157 1932 Antonium
1177 1914 1226 1931 sua
1249 1910 1344 1940 sponte
1369 1905 1498 1939 suscepit.
1540 1903 1702 1931 Decernendi

901 1943 973 1970 enim
992 1947 1099 1978 tempus
1115 1942 1234 1969 nondum
1246 1947 1314 1969 erat:
1339 1942 1401 1969 belli
1413 1947 1501 1969 autem
1514 1941 1623 1977 gerendi
1636 1946 1703 1967 tem-

902 1989 953 2015 pus
969 1981 991 2006 si
1008 1981 1245 2015 praetermisisset,
1267 1979 1390 2011 videbat,
1408 1979 1544 2015 republica
1562 1988 1699 2014 oppressa.

903 2017 969 2044 nihil
983 2026 1061 2053 posse
1072 2017 1189 2044 decerni.
1230 2019 1254 2045 6.
1271 2017 1342 2053 Ergo
1353 2017 1392 2044 illi
1405 2026 1476 2044 nunc
1487 2021 1615 2043 eteorum
1627 2025 1703 2042 exer-

901 2056 971 2082 citus
984 2056 1011 2082 in
1023 2063 1086 2090 pace
1099 2060 1248 2082 versantur.
1275 2055 1332 2082 Non
1344 2060 1384 2082 est
1395 2055 1479 2082 bostis
1491 2056 1523 2085 is,
1536 2055 1615 2081 cuius
1626 2062 1703 2089 prae-

902 2092 1002 2119 sidium
1019 2092 1142 2119 Claterna
1157 2092 1254 2119 deiecit
1267 2093 1383 2119 Hirtius:
1406 2101 1458 2119 non
1478 2097 1517 2118 est
1533 2091 1631 2122 hostis,
1654 2092 1701 2126 qui

901 2129 1005 2157 consuli
1017 2134 1135 2156 armatus
1146 2130 1265 2161 obsistit,
1282 2129 1452 2165 designatum
1464 2129 1602 2155 consulem
1615 2137 1701 2163 oppu—

901 2171 978 2202 gnat:
997 2175 1045 2193 nec
1060 2167 1105 2193 illa
1122 2167 1227 2194 hostilia
1240 2167 1319 2194 verim
1328 2187 1334 2198 ,
1351 2175 1398 2194 nec
1409 2166 1518 2197 bellica,
1531 2175 1600 2201 quae
1612 2166 1702 2201 paullo

902 2209 961 2231 ante
973 2213 1006 2231 ex
1016 2204 1134 2240 collegae
1145 2204 1239 2231 litteris
1251 2205 1335 2231 Pansa
1350 2204 1483 2230 recitavit:
1502 2205 1587 2230 Dcieci
1600 2206 1701 2237 prm-si-

902 2244 986 2268 dium:
1010 2241 1132 2268 Claterna
1145 2244 1241 2274 potitus
1254 2250 1325 2268 suin:
1346 2244 1430 2275 suyuli
1444 2244 1554 2275 equiti-,m-
1572 2242 1701 2274 praelium

903 2281 1077 2305 comunis-mm:
1104 2281 1182 2305 occisi
1206 2280 1313 2311 aliquot.
1362 2279 1435 2310 Quae
1461 2287 1513 2312 pax
1538 2283 1621 2312 potest
1643 2286 1702 2303 esso

903 2315 1004 2342 maior?
1018 2315 1140 2342 Detectus
1152 2320 1204 2342 tota
1216 2315 1289 2342 ltalia
1301 2315 1398 2342 decreti
1407 2336 1413 2346 ,
1431 2315 1545 2342 sublatis
1558 2315 1701 2341 vacationi-

903 2353 967 2379 bus:
990 2361 1053 2387 saga
1073 2361 1132 2379 cras
1153 2357 1306 2379 sumentur:
1329 2351 1422 2379 oonsul
1443 2361 1472 2379 sc
1490 2361 1552 2378 cum
1569 2351 1701 2387 praesidio

901 2390 1095 2417 descensurum
1106 2398 1166 2416 esso
1177 2389 1255 2416 dixit.

957 2428 984 2453 7.
1007 2427 1100 2454 Utrum
1117 2427 1280 2454 bochellum
1292 2435 1344 2453 non
1355 2426 1412 2454 est‘?
1431 2427 1516 2453 Etiam
1528 2430 1631 2452 tantum
1643 2426 1701 2452 bcl-

904 2465 972 2495 lum.
995 2469 1127 2500 quantum
1145 2473 1292 2499 {nimquam
1309 2464 1368 2490 l'uit.
1410 2464 1510 2490 Ceteris
1530 2464 1601 2490 enim
1621 2463 1699 2489 bellis

902 2502 1073 2537 maximeque
1083 2502 1211 2529 civilibus
1223 2502 1418 2528 contentionem
1431 2500 1593 2535 reipublicae
1604 2509 1698 2527 caussa

902 2539 1023 2566 faciebat.
1055 2539 1130 2566 Sulla
1142 2548 1204 2566 cuni
1216 2539 1337 2574 Sulpicio
1347 2539 1380 2565 do
1391 2539 1448 2565 iure
1461 2538 1560 2574 legum,
1574 2547 1642 2573 quas
1654 2547 1700 2573 per

903 2577 956 2603 vim
975 2576 1038 2603 latas
1049 2576 1123 2603 Sulla
1139 2577 1257 2603 dicebat:
1278 2576 1361 2603 Cinna
1377 2584 1438 2602 cum
1450 2575 1559 2602 Octavio
1572 2575 1605 2602 de
1617 2585 1699 2602 novo-

901 2623 960 2640 rum
976 2614 1076 2640 civium
1092 2614 1241 2650 sulii-agiis:
1265 2622 1359 2640 rursus
1375 2622 1436 2640 cum
1449 2613 1530 2640 Mario
1543 2618 1567 2639 et
1579 2613 1698 2640 Carboue

901 2651 990 2682 Sulla.
1009 2660 1042 2678 no
1057 2651 1258 2678 dominarentur
1269 2651 1387 2686 indigni,
1405 2656 1431 2678 et
1445 2655 1473 2677 ut
1486 2650 1697 2677 clarissimorum

901 2689 1041 2717 hominum
1061 2689 1275 2717 crudelissimam
1296 2689 1437 2725 puniretur
1455 2697 1556 2716 necem.
1598 2688 1697 2715 llorum

1458 2740 1490 2762 50
