1941 3052
536 153 831 180 PHILIPPICA
868 153 904 179 X.
945 153 1197 180 CAP.6—II.
1639 155 1684 180 64⁴

47 238 100 265 que
111 229 163 256 fata
173 229 359 255 circumstent:
383 237 434 254 non
449 232 490 254 est
505 228 555 254 viri
571 228 735 262 minimeque
745 228 842 254 Roma-

47 268 75 294 ni
86 266 220 297 dubitare,
238 274 300 292 eum
311 266 451 300 spiritum,
467 274 548 300 quem
560 270 668 292 naturae
679 265 781 296 debeat,
795 273 843 299 pa-

46 305 111 331 triae
122 303 240 330 reddere.
280 304 322 329 21.
340 303 512 329 Concurritur
527 303 646 338 undique
657 302 689 328 ad
700 310 843 328 commune

47 341 201 368 incendium
212 340 443 375 restinguendum.
484 340 616 371 Veterani,
631 340 711 374 primi
723 340 842 366 Caesaris

47 379 228 405 auctoritatem
239 378 333 408 secuti,
347 381 471 403 conatum
481 377 589 403 Antonii
601 377 770 411 repulerunt:
784 380 843 411 post

47 415 167 442 eiusdem
184 414 300 441 furorem
316 415 409 441 Martia
425 414 494 450 legio
508 414 599 450 fregit,
622 414 719 446 Quarta
737 413 840 440 afflixit.

47 453 104 484 Sic,
122 461 136 478 a
153 453 210 478 suis
226 452 378 487 legionibus
392 452 597 482 condemnatus,
620 452 717 486 irrupit
735 451 763 477 in
780 450 844 478 Gal-

48 490 123 521 liam,
140 498 221 524 quam
237 489 289 515 sibi
301 490 383 515 armis
394 490 546 524 animisque
556 488 681 515 infestam
693 488 844 514 inimicam-

46 535 100 563 que
115 527 249 562 cognovit.
290 527 366 552 Hunc
380 526 412 552 A.
427 527 517 557 Hirtii,
534 526 561 553 C.
581 526 699 553 Caesaris
711 525 843 552 exercitus

46 565 161 592 insecuti
177 568 254 590 sunt:
276 568 337 598 post
351 564 451 590 Pansae
465 563 584 590 delectus
595 563 693 590 Urbem
709 567 843 597 totamque

47 601 149 629 Italiam
161 602 253 628 erexit.
280 601 354 628 Unus
366 601 487 627 omnium
498 605 538 626 est
549 600 643 626 hostis.
674 599 842 634 Quamquam

48 639 128 666 habet
142 647 233 665 secum
246 639 275 665 L.
293 638 414 669 fratrem,
431 639 601 664 carissimum
615 637 715 672 populo
725 637 844 663 Romano

47 677 148 703 civem:
166 676 244 702 cuius
260 675 424 701 desiderium
435 675 529 701 civitas
541 674 608 701 ferre
618 674 721 700 diutius
732 683 784 700 non
796 682 844 708 po-

47 719 108 740 test.
148 715 190 740 22.
211 712 281 745 Quid
296 712 341 739 illa
357 714 465 739 taetrius
477 711 585 738 bellua‘?
604 711 670 746 quid
681 710 845 738 immanius?

47 752 95 786 qui
109 750 143 777 ob
158 759 216 777 eam
231 759 355 776 caussam
366 754 443 776 natus
456 749 576 780 videtur,
599 757 631 775 ne
641 749 761 775 omnium
773 757 844 774 mor-

49 788 142 814 talium
158 788 333 822 turpissimus
348 791 418 813 esset
428 787 464 813 M.
476 787 618 813 Antonius.
658 786 707 812 Est
718 795 768 812 una
781 786 844 812 Tre-

50 825 161 856 bellius,
178 825 226 859 qui
241 825 294 850 iam
310 833 372 850 cum
387 824 487 850 tabulis
504 824 581 850 novis
596 823 665 850 redit
675 824 703 850 in
714 824 840 859 gratiam:

48 863 78 888 T.
95 862 224 892 Plancus,
242 862 320 888 ceteri
336 870 426 896 pares:
445 862 493 896 qui
508 861 534 887 id
554 865 688 896 pugnant,
707 860 734 887 id
750 865 841 896 agunt,

48 904 77 926 ut
88 904 177 926 contra
189 898 382 933 rempublicam
394 899 511 925 restituti
522 907 581 924 esse
593 897 743 924 videantur.
784 898 844 924 Sol-

49 937 149 964 licitant
170 936 291 962 homines
311 936 449 971 imperitos
465 935 550 962 Saxae
570 940 596 962 et
614 935 767 970 Caphoues,
790 936 843 970 ipsi

47 974 140 1000 rustici
156 977 235 1008 atque
250 978 380 1009 agrestes,
398 974 446 1008 qui
457 973 525 1000 hanc
537 973 730 1008 rempublicam
743 981 791 999 nec
803 974 844 999 vi-

47 1011 143 1038 derunt
157 1019 287 1046 umquam
303 1019 351 1037 nec
367 1011 458 1037 videre
472 1012 643 1037 constitutam
668 1010 773 1037 volunt:
795 1011 843 1045 qui

48 1057 98 1076 non
111 1048 243 1079 Caesaris,
260 1048 307 1074 sed
318 1049 426 1075 Antonii
437 1052 493 1074 acta
504 1047 665 1075 defendunt:
687 1056 755 1083 quos
767 1056 843 1074 aver-

46 1087 78 1112 tit
88 1086 145 1122 agri
156 1085 284 1120 Campani
295 1086 398 1112 infinita
410 1086 559 1120 possessio:
582 1086 660 1112 cuius
671 1094 716 1112 eos
727 1094 779 1112 non
791 1094 843 1120 pu-

46 1123 108 1150 dere
123 1123 251 1154 demiror,
269 1132 354 1158 quum
366 1123 486 1155 videant,
504 1131 532 1150 se
543 1123 640 1149 mimos
651 1127 676 1149 et
687 1124 783 1149 mimas
795 1123 842 1149 ha-

47 1161 109 1187 bere
124 1161 237 1187 vicinos.
277 1161 324 1187 XI.
346 1162 387 1187 23.
409 1160 450 1187 Ad
466 1161 513 1187 bas
534 1165 623 1195 pestes
642 1160 840 1195 opprimendas,

46 1198 112 1233 quid
127 1202 167 1224 est
180 1206 228 1224 cur
239 1197 349 1224 moleste
360 1197 491 1229 feramus,
508 1197 581 1233 quod
591 1198 627 1224 M.
639 1198 714 1224 Bruti
730 1199 843 1224 accessit

47 1234 198 1262 exercitus?
217 1235 400 1266 immoderati,
411 1235 498 1267 credo,
513 1235 630 1262 hominis
641 1240 667 1262 et
678 1235 840 1262 turbulenti:

47 1273 145 1302 videte.
158 1281 191 1299 ne
202 1272 316 1299 nimium
327 1281 409 1308 paene
424 1273 558 1307 patientis.
599 1273 656 1299 Etsi
667 1273 695 1299 in
705 1272 780 1299 illius
792 1273 842 1299 viri

46 1310 166 1337 consiliis
187 1314 267 1344 atque
287 1309 363 1336 factis
384 1309 452 1336 nihil
468 1318 515 1336 nec
533 1310 661 1341 nimium,
684 1318 732 1336 nec
748 1319 843 1345 parum

47 1356 176 1382 umquam
189 1346 248 1373 fuit.
288 1346 382 1374 Omnis
394 1347 517 1374 voluntas
529 1348 564 1374 M.
576 1348 664 1378 Bruti,
682 1352 769 1382 patres
780 1356 844 1374 con—

46 1385 152 1420 scripti,
168 1385 256 1411 omnis
267 1385 403 1420 cogitatio,
422 1389 473 1411 tota
485 1393 561 1411 mens
572 1385 753 1411 auctoritatem
765 1393 844 1411 sena-

1 1451 2 1454 ,
45 1427 103 1454 tus,
127 1422 274 1448 libertatem
290 1422 383 1457 populi
399 1422 510 1448 Romani
527 1423 661 1449 intuetur:
684 1422 748 1448 haec
764 1422 844 1448 habet

47 1460 196 1495 proposita,
214 1458 278 1485 haec
293 1461 361 1486 tueri
377 1459 445 1486 vult.
486 1460 620 1491 Tentavit‚
637 1459 705 1494 quid
716 1460 843 1494 patientia

46 1498 172 1532 prolicere
192 1501 290 1531 posset.
332 1496 403 1523 Nihil
427 1505 512 1532 quum
533 1497 683 1532 proficeret,
707 1498 734 1523 vi
754 1501 843 1524 contra

46 1535 101 1561 vim
114 1534 307 1569 experiendum
319 1535 433 1569 putavit.
475 1534 523 1561 Cui
534 1534 659 1569 quidem,
678 1539 765 1569 patres
780 1543 842 1561 con-

46 1572 153 1607 scripti,
174 1580 221 1598 vos
237 1571 307 1598 idem
319 1572 435 1598 tribuere
447 1571 496 1598 hoc
507 1576 626 1607 tempore
636 1571 752 1603 debetis,
770 1572 843 1607 quod

46 1618 70 1635 a.
82 1609 109 1635 d.
125 1616 185 1635 xm.
199 1608 310 1635 Kalend.
324 1610 378 1636 Ian.
391 1609 422 1635 D.
434 1609 515 1635 Bruto
525 1613 551 1635 et
563 1610 591 1636 C.
605 1609 723 1640 Caesari,
742 1618 784 1635 me
795 1618 844 1636 au-

45 1651 128 1677 ctore,
147 1646 294 1672 tribuistis:
314 1655 429 1682 quorum
442 1647 576 1681 privatum
587 1646 620 1672 de
632 1646 769 1681 republica
780 1655 843 1673 con-

46 1684 138 1711 silium
154 1688 180 1710 et
195 1683 294 1710 sactum
310 1684 464 1711 auctoritate
482 1688 570 1710 vestra
586 1689 626 1710 est
640 1684 842 1719 comprobatum

894 231 973 261 atque
990 227 1137 254 laudatum.
1178 229 1220 262 24..
1240 226 1316 260 Quod
1332 227 1403 254 idem
1419 228 1446 253 in
1462 228 1497 253 M.
1513 228 1594 254 Bruto
1605 226 1689 254 facere

894 264 1010 295 debetis,
1028 273 1041 290 a
1057 273 1111 299 quo
1125 265 1290 299 insperatum
1306 269 1332 291 et
1346 265 1515 299 repentinum
1528 264 1690 299 reipublicae

895 301 1058 336 praesidium
1071 301 1220 337 legionum,
1238 302 1387 336 equitatus,
1405 301 1567 328 auxiliorum
1579 310 1691 337 magnae

895 343 920 364 et
941 338 1030 364 firmae
1051 339 1142 373 copiae
1161 344 1325 374 comparatae
1345 343 1421 365 sunt:
1449 339 1690 375 adiungendusque

895 381 935 402 est
945 375 976 408 Q.
988 376 1159 407 Hortensius,
1177 377 1239 411 qui,
1258 385 1342 411 quum
1355 376 1534 403 Macedoniam
1550 376 1689 407 obtineret,

896 413 1043 439 adiutorem
1057 421 1086 439 se
1096 414 1177 440 Bruto
1192 413 1225 439 ad
1240 413 1448 448 comparandum
1464 414 1610 440 exercitum
1627 413 1692 439 fide»

897 450 1032 476 Iissimum
1047 455 1073 477 et
1088 451 1335 477 constantissimum
1352 451 1483 485 praebuit.
1524 451 1591 477 Nam
1607 450 1640 477 de
1654 450 1689 477 M.

894 487 1028 522 Appuleio
1039 488 1181 522 separatim
1192 496 1288 514 censeo
1301 487 1484 514 referendum:
1507 489 1551 514 cui
1566 488 1640 514 testis
1652 492 1692 514 est

895 533 942 559 per
954 524 1053 551 litteras
1064 526 1100 551 M.
1112 525 1224 556 Brutus,
1240 534 1301 551 eum
1314 526 1462 560 principem
1474 525 1557 551 fuisse
1569 525 1601 552 ad
1613 534 1692 551 cona-

896 567 952 588 tum
965 563 1097 589 exercitus
1109 562 1290 597 comparandi.
1331 564 1372 589 25.
1395 563 1467 594 Quae
1479 571 1563 597 quum
1576 564 1611 588 ita
1623 563 1689 588 sint:

895 599 967 633 quod
984 599 1013 626 C.
1031 600 1127 631 Pansa,
1140 599 1247 630 consul,
1264 600 1343 626 verba
1356 599 1418 626 fecit
1428 600 1460 626 de
1472 599 1581 631 litteris,
1598 608 1666 634 quae
1677 608 1691 626 a

895 636 926 668 Q.
940 636 1166 671 CaepioneBrum,
1179 636 1346 671 proconsule,
1359 637 1452 663 allatae
1464 641 1489 663 et
1500 638 1527 663 in
1540 637 1588 663 hoc
1599 636 1692 663 ordine

896 674 1018 700 recitatae
1029 679 1100 704 sunt,
1114 674 1148 700 de
1158 683 1188 700 ea
1199 683 1226 700 re
1237 675 1272 700 ita
1283 682 1392 700 censeo:
1405 674 1494 706 Quum
1506 674 1537 706 Q.
1551 674 1691 708 Caepionis

895 711 978 740 Bruti.
992 711 1169 745 proconsulis,
1183 720 1274 746 opera,
1290 711 1418 742 consilio,
1438 711 1580 742 industria,
1595 712 1692 738 virtute

895 747 1056 775 difficillimo
1071 748 1235 783 reipublicae
1250 753 1368 783 tempore
1380 749 1515 783 provincia
1527 748 1688 779 Macedonia,

895 785 1041 821 Illyricum,
1054 790 1149 811 cuncta
1161 785 1279 816 Graecia,
1294 785 1419 821 legiones,
1434 786 1574 816 exercitus,
1588 787 1692 820 equita-

896 827 939 849 tus
949 824 976 849 in
987 822 1143 854 consulum,
1160 828 1268 849 senatus
1284 822 1431 858 populique
1442 823 1552 849 Romani
1564 828 1692 857 potestate

895 861 962 886 sint:
980 860 1008 886 id
1019 859 1050 892 Q.
1064 860 1222 895 Caepionem
1233 861 1345 886 Brutum
1361 860 1548 895 proconsulem
1564 860 1631 886 bene
1643 865 1667 886 et
1679 868 1692 886 e

895 897 1033 932 republica
1048 902 1074 924 et
1088 906 1136 923 sua
1152 898 1339 932 maiorumque
1354 906 1464 924 suorum
1482 897 1612 933 dignitate
1630 906 1693 924 con-

895 935 1093 970 suetudineque
1104 935 1268 970 reipublicae
1279 935 1346 961 bene
1360 935 1491 971 gerendae
1503 934 1607 966 fecisse,
1620 944 1693 961 eam—

894 981 948 1007 que
968 981 1024 999 rem
1044 973 1150 999 senatui
1170 972 1324 1008 populoque
1338 973 1457 999 Romano
1475 977 1576 1008 gratam
1593 980 1652 998 esse
1668 977 1693 998 et

896 1010 964 1037 fore:
990 1011 1032 1036 26.
1051 1014 1136 1045 utque
1151 1009 1182 1042 Q.
1201 1010 1298 1045 Caepio
1312 1010 1411 1036 Brutus
1427 1010 1568 1044 proconsul
1585 1010 1693 1044 provin-

894 1047 963 1074 ciam
979 1047 1174 1078 Macedoniam,
1197 1047 1334 1083 Illyricum
1355 1051 1533 1082 cunctamque
1554 1047 1692 1074 Graeciam

895 1089 1008 1116 tueatur,
1022 1084 1155 1116 defendat,
1171 1085 1304 1111 custodiat
1314 1084 1532 1120 incolumemque
1543 1089 1690 1115 conservet,

894 1123 973 1158 eique
993 1123 1136 1154 exercitui,
1163 1131 1244 1157 quem
1265 1123 1324 1157 ipse
1343 1123 1495 1153 constituit,
1518 1123 1690 1157 comparavit,

895 1161 1000 1195 praesit,
1014 1161 1182 1195 pecuniaque
1193 1160 1225 1186 ad
1237 1168 1292 1186 rem
1304 1160 1456 1191 militarem,
1470 1160 1493 1186 si
1503 1168 1556 1195 qua
1568 1168 1636 1195 opus
1647 1160 1690 1189 sit,

894 1206 962 1232 quae
974 1197 1082 1232 publica
1093 1198 1128 1224 sit
1139 1202 1165 1224 et
1175 1198 1247 1233 exigi
1259 1198 1357 1232 possit,
1375 1202 1477 1228 utatur,
1495 1198 1596 1233 exigat,
1611 1205 1693 1232 pecu-

895 1236 1020 1270 niasque,
1034 1244 1048 1261 a
1058 1235 1159 1270 quibus
1171 1235 1305 1266 videatur,
1319 1235 1352 1261 ad
1363 1243 1418 1261 rem
1430 1234 1572 1261 militarem
1584 1239 1692 1261 mutuas

894 1277 997 1303 sumat,
1015 1272 1181 1299 frumentum
1197 1273 1322 1307 imperet,
1338 1280 1500 1307 operamque
1516 1272 1573 1303 det,
1592 1277 1620 1299 ut
1630 1280 1692 1298 cum

895 1311 952 1336 suis
967 1310 1052 1345 copiis
1068 1318 1149 1345 quam
1170 1311 1291 1345 proxime
1310 1309 1411 1336 Italiam
1433 1310 1481 1336 sit:
1503 1318 1644 1344 quumque
1660 1317 1693 1335 ex

896 1347 990 1374 litteris
1002 1347 1032 1379 Q.
1049 1347 1189 1382 Caepionis
1201 1348 1276 1374 Bruti
1286 1346 1455 1382 proconsulis
1467 1346 1631 1373 intellectum
1647 1347 1690 1376 sit,

895 1384 926 1417 Q.
940 1385 1073 1411 Hortensii
1089 1384 1256 1419 proconsulis
1271 1393 1351 1419 opera
1367 1389 1392 1411 et
1408 1385 1505 1410 virtute
1522 1384 1693 1411 vehementer

895 1422 1090 1457 rempublicam
1113 1422 1233 1449 adiutam
1253 1422 1397 1457 omniaque
1417 1422 1476 1448 eius
1499 1421 1610 1448 consilia
1631 1429 1692 1447 cum

895 1460 1015 1486 consiliis
1039 1459 1070 1491 Q.
1097 1459 1238 1494 Caepionis
1262 1460 1336 1486 Bruti
1362 1458 1528 1494 proconsulis
1552 1459 1692 1485 coniuncta

896 1496 993 1528 fuisse,
1015 1505 1129 1532 eamque
1147 1506 1202 1523 rem
1220 1505 1316 1532 magno
1332 1497 1393 1523 usui
1415 1496 1578 1531 reipublicae
1593 1495 1691 1528 fuissc5

895 1534 926 1567 Q.
940 1535 1109 1561 Hortensium
1120 1534 1307 1569 proconsulem
1320 1538 1389 1560 recte
1400 1538 1426 1560 et
1435 1533 1541 1564 ordine,
1554 1541 1641 1568 exque
1653 1541 1693 1559 re—

896 1572 1003 1607 publica
1020 1571 1129 1598 fecisse:
1152 1572 1311 1606 senatuique
1330 1571 1446 1606 placere,
1467 1570 1499 1603 Q.
1521 1571 1692 1598 Hortensium

895 1609 1082 1644 proconsulem
1097 1618 1160 1635 cum
1176 1609 1364 1644 quaestoribus
1376 1617 1457 1643 prove
1468 1608 1656 1643 quaestoribus
1668 1612 1695 1634 et

896 1647 990 1683 legatis
1005 1647 1063 1673 suis
1079 1647 1244 1681 provinciam
1261 1646 1442 1672 Macedoniam
1453 1646 1588 1677 obtinere,
1603 1645 1691 1680 quoad

894 1685 918 1711 ei
929 1693 962 1711 ex
973 1683 1206 1712 senatusconsulto
1216 1692 1373 1711 successum
1385 1684 1428 1710 sit.

754 1793 982 1808 40⁸0&—

845 1963 891 1988 67.

577 2030 611 2058 M.
651 2030 830 2060 TULLII
872 2030 1166 2061 CICERONIS

843 2113 888 2134 IN

342 2175 398 2224 M.
514 2178 550 2225 A
634 2178 671 2227 Ν
759 2179 797 2228 Τ
883 2179 917 2228 O
1004 2178 1041 2227 N
1128 2179 1143 2226 Ι
1223 2177 1260 2225 U
1345 2175 1389 2224 M

527 2275 871 2315 PH1L1PP1CA
901 2275 1210 2315 UNDEC1MA.

100 2433 175 2455 ΔΕΘ.
196 2433 314 2454 Dolabella
328 2440 405 2460 quum,
421 2435 445 2453 Γ.
463 2433 577 2454 Τι-οΙιιιηίυ
592 2434 700 2460 Smyrnae
714 2435 841 2459 interfecto,

47 2466 123 2489 Ani-m
137 2471 278 2495 occupa-net,
298 2475 310 2488 n
324 2472 402 2489 senatu
418 2468 490 2488 huni„
505 2468 616 2489 indicatus
631 2472 672 2490 ent.
703 2469 759 2490 lIelli
770 2473 841 2490 autem

47 2507 99 2523 mn
107 2505 132 2522 nt
141 2503 166 2524 C.
176 2503 256 2524 Canio
266 2503 394 2530 imperatori
405 2503 592 2528 committeretur,
603 2503 681 2524 cicero
693 2503 732 2525 Itur
742 2504 843 2524 oratioue

47 2536 126 2558 fluuit·
149 2537 219 2558 Cuiu·
233 2538 256 2558 in
268 2538 400 2559 sententium
415 2538 633 2559 senatusconsultum
645 2539 726 2559 fuctum
737 2545 794 2563 ene,
810 2542 841 2559 te-

47 2571 90 2592 nti-
99 2575 133 2593 ω
142 2572 238 2593 velleiu-
249 2576 275 2598 11,
285 2575 318 2594 ⁶2.

100 2618 120 2645 I.
144 2621 167 2646 I.
189 2614 292 2656 Magno
302 2621 329 2647 in
341 2621 431 2648 dolore
442 2629 516 2653 sum,
531 2626 618 2656 putres
629 2622 786 2657 conscripti,
801 2621 842 2648 vel

50 2663 164 2682 maerore
180 2658 281 2691 potius.
298 2667 378 2693 quem
396 2667 428 2685 ex
443 2658 544 2685 crudeli
561 2663 586 2685 ct
601 2659 746 2685 miserabili
760 2663 842 2685 morte

48 2691 77 2719 C.
91 2692 228 2726 Trebonii,
244 2695 338 2730 optimi
353 2696 421 2723 civis
437 2695 698 2732 moderatissimique
714 2696 840 2728 hominis,

894 2435 1060 2470 accepinius;
1075 2435 1141 2460 inest
1154 2439 1241 2460 tumen
1253 2430 1445 2468 uliquid,quod
1458 2429 1620 2465 reipublicae
1631 2438 1693 2464 pro-

896 2473 1016 2499 futurum
1033 2476 1134 2506 putem.
1176 2471 1366 2505 I'crspcximus
1381 2469 1466 2498 cuim,
1489 2473 1588 2502 quanta
1604 2467 1630 2493 in
1647 2467 1688 2497 iis,

894 2511 941 2545 qui
963 2514 1052 2535 contra
1073 2509 1184 2544 patriam
1201 2508 1325 2534 scelerum
1341 2515 1412 2532 urniu
1429 2510 1569 2540 ceperunt,
1591 2505 1691 2530 inesset

895 2547 1057 2574 immunitas.
1099 2547 1164 2572 Num
1181 2545 1235 2572 (luo
1250 2545 1314 2571 haee
1328 2544 1413 2578 cupita
1431 2547 1488 2569 nata
1499 2547 1563 2568 sunt
1574 2546 1632 2576 post
1645 2541 1691 2567 Ιιο-

896 2585 981 2610 mines
1003 2588 1076 2610 natos
1098 2584 1246 2610 taeterrima
1261 2587 1286 2608 et
1304 2581 1492 2616 spurcissima.
1515 2578 1650 2606 Dolabella
1666 2583 1691 2604 ct

896 2621 1040 2648 Antonius:
1062 2629 1178 2656 quorum
1194 2620 1259 2646 alter
1274 2618 1371 2647 cll'ccit.
1388 2617 1460 2653 quod
1471 2617 1591 2652 optabat:
1609 2615 1642 2642 de
1653 2615 1690 2641 al-

896 2664 950 2685 tero
961 2657 1120 2693 pntcfactum
1133 2663 1186 2687 est,
1204 2657 1270 2692 quid
1281 2657 1417 2691 cogitaret.
1459 2655 1487 2681 L.
1501 2654 1584 2681 Cinna
1595 2652 1690 2679 crtule-

896 2696 941 2723 lis:
964 2696 992 2723 C.
1007 2696 1105 2723 illarius
1118 2696 1143 2722 iu
1156 2694 1292 2722 iracundia
1305 2701 1493 2728 perseverans:
1515 2692 1544 2718 L.
1557 2690 1632 2718 Sulla
1645 2698 1691 2716 ve-

1452 2742 1481 2766 st
