1941 3052
419 172 472 199 DE
505 171 820 199 INVENTIONE
855 173 942 199 LlB.

58 253 85 272 re
98 244 130 271 ab
144 243 287 274 iudicibus,
304 243 326 269 si
341 244 399 269 eius
413 244 449 269 rei
466 242 590 279 [caussa],
603 248 710 278 propter
723 251 804 278 quam
818 252 846 269 se

58 290 118 309 reus
136 285 224 308 contra
242 280 328 316 legem
346 280 441 307 fecisse
459 281 536 312 dicat,
550 281 732 315 exceptionem
746 281 804 315 ipse
819 281 846 306 in

58 319 114 354 lege
132 318 257 349 ascribat,
278 319 418 352 passurine
435 318 502 351 sint,
531 322 621 353 postea
639 318 702 351 hoc,
721 317 794 353 quod
808 317 848 344 fa-

57 357 116 387 ciat,
135 355 274 391 indignius
292 359 317 381 et
330 355 516 390 impudentius
535 364 602 386 8558,
623 363 705 390 quam
723 355 747 381 si
765 355 847 381 ascri-

57 394 113 426 bat,
141 401 188 428 age
202 401 287 427 porro,
300 392 366 427 quid
380 393 403 419 si
424 393 476 427 ipsi
491 393 574 419 velint
588 392 691 418 iudices
706 392 845 423 ascribere,

57 438 219 466 passurusne
238 430 272 456 sit
290 429 425 464 populus?
455 435 533 465 atque
552 430 602 456 hoc
619 438 677 456 esse
695 429 844 465 indignius,

56 476 137 503 quam
155 475 211 493 rem
231 467 312 493 verbo
331 472 356 493 et
370 467 464 494 litteris
478 472 580 494 mutare
595 475 647 493 non
661 467 773 501 possint,
790 475 846 492 eam

57 513 83 532 re
101 505 158 540 ipsa
177 509 202 531 et
218 504 319 531 iudicio
336 505 452 531 maxime
470 509 645 537 commutare3
675 505 731 530 134.
752 503 848 529 deinde

57 542 197 578 indignum
220 551 278 568 esse
298 541 331 568 de
354 542 411 577 lege
430 542 532 577 aliquid
550 541 679 576 derogari,
698 545 744 567 aut
762 540 847 576 Iegem

56 580 175 616 abrogari
189 584 234 605 aut
248 579 336 614 aliqua
347 588 380 606 ex
391 584 463 614 parte
474 579 639 609 commutari,
652 587 737 613 quum
748 578 848 612 populo

55 617 231 653 cognoscendi
241 621 265 643 et
277 617 405 651 probandi
416 621 461 643 aut
470 615 637 651 improbandi
648 619 762 650 potestas
775 615 847 641 nulla

56 654 113 687 fiat,
141 654 190 680 hoc
208 654 274 689 ipsis
293 654 429 680 iudicibus
447 653 689 679 invidiosissimum
709 652 845 684 futurum3

56 701 107 718 non
126 692 198 718 hunc
216 692 303 718 locum
321 699 379 717 esse
394 699 480 725 neque
497 690 547 717 hoc
565 695 672 724 tempus
687 689 776 725 legum
790 698 849 716 cor-
867 708 877 729 1,

55 729 239 765 rigendarum;
267 728 339 763 apud
356 728 487 763 populum
501 728 551 754 hoc
564 732 590 754 et
602 736 649 762 per
663 727 794 762 populum
805 727 846 762 agi
867 730 869 744 ¹

54 767 208 798 convenire,
236 765 309 800 quod
323 766 346 791 si
361 774 431 791 nunc
445 765 472 791 id
487 770 573 801 agant,
590 764 658 791 velle
672 774 701 791 se
710 765 786 795 scire,
800 765 846 799 qui

55 803 120 830 lator
137 803 183 834 sit,
200 803 246 838 qui
261 803 315 829 sint
328 803 474 838 accepturi,
503 812 531 829 58
545 803 680 837 captiones
689 801 705 816 ‘⁸‘
718 802 808 828 videre
823 807 848 828 et

55 841 208 868 dissuadere
222 839 303 873 velle,
319 840 392 875 quod
401 841 423 866 si
439 840 502 867 haec
516 849 601 875 quum
616 848 721 866 summe
731 839 844 870 inutilia,
867 844 876 875 l'

56 883 111 905 turn
125 877 209 904 multo
224 878 379 913 turpissima
393 878 454 909 sint,
472 878 566 913 legem,
582 877 745 904 cuicuimodi
760 877 802 908 sit,
819 877 847 903 in

55 915 199 951 praesentia
212 916 362 942 conservari
376 916 409 942 ab
422 915 568 946 iudicibus,
583 919 651 950 post,
663 915 685 940 si
696 914 844 949 displiceat,

54 961 68 979 a
85 952 184 988 populo
202 953 297 988 corrigi
311 953 465 986 convenire3
494 953 598 984 deinde,
615 953 638 978 si
650 952 780 986 scriptum
794 960 846 978 non

54 994 174 1022 exstaret,
191 999 287 1026 magno
300 999 378 1026 opere
391 999 580 1025 quaereremus
606 998 694 1024 neque
707 990 760 1020 isti,
778 998 809 1015 ne
824 990 847 1015 si

54 1032 126 1054 extra
147 1028 297 1063 periculum
320 1028 430 1063 quidem
448 1032 530 1059 esset,
550 1027 729 1054 crederemus
770 1027 847 1052 Nunc
867 1031 868 1053 t

53 1074 137 1100 quum
152 1065 281 1100 scriptum
295 1066 338 1097 sit,
350 1066 491 1091 amentiam
506 1073 564 1091 esse
578 1065 645 1096 eius,
661 1065 709 1099 qui
722 1065 844 1099 peccarit,
867 1086 875 1099 „

53 1103 141 1137 potius
163 1111 243 1138 quam
266 1102 332 1138 legis
350 1103 437 1137 ipsius
451 1103 532 1129 verba
558 1110 726 1138 cognoscere.
760 1102 807 1127 His
822 1106 847 1127 et
866 1128 868 1143 ,y

54 1140 208 1167 huiusmodi
223 1140 369 1167 rationibus
383 1140 540 1171 ostenditur,
556 1148 678 1166 caussam
693 1144 766 1166 extra
780 1139 846 1165 scri—
867 1148 868 1151 ¹

53 1182 127 1213 ptum
143 1178 225 1212 accipi
241 1186 292 1204 non
306 1182 434 1212 oportere.
464 1178 556 1204 XLVI.
575 1179 631 1204 135.
648 1177 770 1203 Secunda
784 1185 845 1211 pars

53 1220 100 1246 est,
124 1215 152 1241 in
174 1223 227 1250 qua
252 1219 292 1241 est
313 1215 517 1247 ostendendum,
542 1216 566 1241 si
584 1216 611 1241 in
630 1215 724 1241 ceteris
739 1214 844 1250 legibus

52 1256 176 1287 oporteat,
192 1253 220 1279 in
239 1252 288 1279 hac
301 1261 353 1279 non
372 1258 500 1288 oportere.
534 1253 588 1279 Hoc
608 1252 842 1283 demonstrabitur,

52 1291 76 1316 si
91 1290 134 1316 lex
147 1293 192 1316 aut
205 1289 238 1316 ad
252 1298 293 1316 res
304 1291 444 1322 maximas,
453 1290 620 1321 utilissimas,
629 1289 841 1320 honestissimas,

51 1327 268 1362 religiosissimas
290 1327 427 1354 videbitur
449 1328 593 1363 pertinere3
623 1331 668 1353 aut
689 1327 785 1353 inutile
800 1331 845 1353 aut

51 1370 129 1399 turpe
143 1369 188 1391 aut
202 1364 275 1391 nefas
289 1373 348 1391 esse
362 1365 407 1392 tali
420 1366 447 1391 in
463 1374 490 1391 re
505 1374 556 1391 non
570 1364 776 1400 diligentissime
792 1364 844 1400 legi
865 1376 867 1382 v

51 1402 246 1437 obtemperare,
263 1406 308 1428 aut
320 1403 356 1428 ita
371 1402 414 1429 lex
427 1403 569 1438 diligenter
580 1402 724 1437 perscripta
734 1401 846 1428 demon-

51 1439 186 1470 strabitur,
211 1440 246 1465 ita
268 1444 376 1466 cautum
399 1449 451 1466 una
473 1448 581 1475 quaque
602 1439 635 1465 de
657 1448 693 1470 re,
718 1440 753 1465 ita
772 1439 843 1473 quod
865 1444 874 1459 ¹,

51 1477 196 1512 oportuerit
213 1481 363 1511 exceptum,
376 1482 405 1503 ut
419 1478 529 1504 minime
542 1477 682 1503 conveniat
695 1476 843 1511 quidquam

49 1515 78 1540 in
92 1518 145 1540 tam
159 1514 281 1549 diligenti
296 1515 425 1549 scriptura
441 1515 611 1549 praeteritum
626 1514 757 1540 arbitrari.
782 1514 845 1540 Ter-

51 1552 104 1578 tius
125 1556 164 1577 est
188 1550 262 1577 locus
284 1552 317 1582 ei,
338 1553 386 1586 qui
401 1560 447 1586 pro
461 1553 559 1587 scripto
573 1552 650 1582 dicet,
668 1552 784 1578 maxime
799 1559 845 1577 ne-

51 1589 190 1619 cessarius,
215 1597 262 1623 per
283 1597 364 1624 quem
387 1589 508 1615 ostendat
530 1593 639 1624 oportet,
665 1589 687 1615 si
705 1589 845 1615 conveniat
865 1607 866 1610 ¹

50 1634 171 1653 caussam
189 1630 278 1652 contra
297 1627 426 1660 scriptum
445 1627 538 1661 accipi,
559 1635 617 1652 eam
631 1630 719 1652 tamen
733 1627 844 1652 minime
865 1640 866 1653 1

51 1667 178 1699 oportere,
194 1671 263 1698 quae
277 1663 309 1689 ab
324 1664 483 1690 adversariis
497 1664 629 1690 afferatur.
666 1665 722 1690 136.
739 1664 790 1695 Qui
806 1663 844 1689 lo-

51 1709 98 1728 cus
111 1701 210 1727 idcirco
223 1704 263 1727 est
276 1701 340 1727 huic
354 1702 528 1733 necessarius,
545 1701 617 1736 quod
632 1709 738 1735 semper
751 1701 783 1732 is,
795 1701 843 1735 qui

51 1743 138 1765 contra
153 1738 282 1773 scriptum
296 1738 374 1770 dicet,
391 1739 532 1773 aequitatis
546 1738 649 1773 aliquid
663 1738 752 1764 asserat
765 1747 844 1773 opor-

51 1780 95 1802 tet.
128 1776 195 1802 Nam
218 1784 324 1802 summa
344 1776 510 1811 impudentia
529 1777 572 1807 sit,
593 1784 664 1807 eum,
681 1776 728 1811 qui
742 1780 840 1806 contra,

50 1821 129 1848 quam
154 1813 225 1848 quod
248 1814 377 1847 scriptum
392 1814 435 1845 sit,
456 1814 558 1849 aliquid
576 1814 687 1848 probare
702 1813 773 1844 velit,
791 1822 841 1839 000

51 1851 190 1886 aequitatis
205 1851 338 1885 praesidio
351 1851 378 1877 id
394 1851 478 1877 facere
495 1852 593 1878 conari.
628 1850 656 1877 Si
675 1851 741 1886 quid
760 1851 843 1886 igitur
863 1874 872 1887 ,1

51 1895 84 1914 ex
106 1888 152 1914 1108
171 1888 228 1923 ipsa
249 1887 408 1925 [quippiam]
429 1893 565 1915 accusator
583 1888 699 1924 deroget,
715 1888 842 1915 omnibus
863 1890 864 1918 1

50 1925 170 1960 partibus
197 1925 296 1952 iustius
324 1930 349 1952 et
371 1926 536 1960 probabilius
563 1934 686 1952 accusare
708 1925 839 1952 videatur.

51 1963 115 1989 Nam
134 1963 255 1997 superior
271 1963 354 1989 oratio
373 1963 421 1990 1108
435 1964 522 1990 0111015
536 1963 657 1995 faciebat,
674 1964 713 1990 uti
727 1963 839 1993 iudices,

51 2000 153 2026 etiamsi
177 1999 285 2032 nollent,
311 2009 418 2027 necesse
441 2005 523 2034 csset;
545 2001 609 2027 haec
622 2005 720 2032 autem,
737 2001 841 2027 etiamsi

50 2045 157 2064 necesse
171 2046 222 2064 non
237 2042 315 2069 esset,
333 2042 362 2064 ut
376 2038 475 2064 vellent
488 2043 577 2065 contra
591 2038 718 2064 iudicare.
743 2039 799 2064 137.
813 2038 841 2064 [(1

50 2078 137 2101 autem
156 2075 208 2107 liet,
229 2075 261 2106 si,
281 2075 382 2110 quibus
398 2084 431 2101 ex
446 2075 509 2102 locis
523 2076 602 2110 culpa
616 2075 842 2102 demonstrabitur
862 2084 864 2109 1

50 2119 107 2138 8558
124 2112 151 2138 10
169 2121 208 2143 80,
229 2113 276 2147 001
290 2113 484 2148 comparatione
499 2117 544 2139 aut
557 2113 701 2139 remotione
715 2118 761 2139 aut
775 2113 842 2139 rela-
863 2126 864 2129 =

49 2149 119 2176 tione
141 2150 263 2176 criminis
286 2154 332 2176 aut
349 2151 528 2176 concessionis
551 2151 674 2185 partibus
697 2159 725 2176 58
748 2150 842 2176 defen·
862 2166 863 2173 ,

50 2185 96 2218 dit,
111 2186 154 2222 (de
168 2187 269 2222 quibus
283 2191 351 2218 ante,
368 2192 397 2214 ut
411 2188 558 2222 potuimus,
571 2188 714 2224 diligenter
728 2188 842 2223 perscri-
862 2194 870 2242 1

49 2223 180 2259 psimus3)
205 2224 237 2250 de
256 2224 290 2250 iis
310 2224 382 2255 10815,
403 2233 471 2260 01108
490 2234 532 2251 185
546 2225 700 2260 postulabit,
717 2225 749 2251 ad
763 2234 842 2251 caus—
862 2251 863 2262 ,

49 2269 105 2288 sam
118 2261 330 2288 adversariorum
346 2262 547 2296 improbandam
562 2262 768 2295 transferemus,
796 2267 841 2289 aut
862 2266 863 2281 1

48 2305 157 2325 caussae
174 2303 200 2325 et
218 2299 331 2325 rationes
350 2299 499 2331 afferentur,
520 2309 602 2335 quare
620 2305 645 2326 et
662 2309 717 2336 000
730 2301 841 2327 80051110
861 2293 870 2340 1

48 2335 84 2362 ita
97 2336 132 2362 sit
144 2336 172 2362 in
187 2335 244 2372 lege
258 2337 343 2363 autin
358 2340 514 2363 testamento
527 2338 670 2372 scriptum,
695 2342 723 2364 ut
734 2342 841 2364 senten-
861 2342 863 2379 1

48 2373 83 2400 tiu
105 2381 212 2408 quoque
235 2378 260 2400 81
284 2374 419 2400 voluntate
442 2375 588 2409 scriptoris,
609 2383 660 2401 non
680 2375 737 2410 ipsa
752 2375 839 2402 solum

49 2410 193 2446 scripturae
206 2419 300 2438 caussa
310 2412 495 2438 confirmatum
506 2420 564 2438 esse
575 2412 710 2445 videatur3
727 2417 772 2439 aut
780 2412 840 2439 aliis
861 2421 863 2435 t

49 2455 154 2483 quoque
168 2449 403 2475 constitutionibus
418 2448 516 2475 sactum
530 2454 696 2485 coarguetur.
861 2438 863 2487 1

977 173 1008 199 11.
1043 173 1062 199 C
1077 173 1098 199 Α
1111 174 1140 199 Ρ.
1175 175 1206 200 43
1227 189 1263 193 -
1284 176 1324 200 18.
1655 178 1686 201 67

898 252 1007 269 caussae
1024 245 1198 275 exornaverit,
1220 249 1276 271 tum
1291 253 1324 271 ex
1338 245 1380 271 his
1395 245 1458 271 locis
1473 245 1526 272 tere
1540 251 1628 272 contra
1643 247 1689 273 ad-

899 281 1028 307 versarios
1043 281 1112 308 dicet
1125 286 1243 316 oportere
1257 291 1364 308 caussas
1376 283 1468 317 accipi,
1484 284 1686 315 Demonstrabit,

900 317 1001 344 nullam
1024 327 1083 344 esse
1105 318 1199 354 legem,
1220 328 1288 354 quae
1307 319 1423 354 aliquam
1439 328 1493 346 rem
1508 321 1630 347 inutilem
1645 327 1689 348 aut

900 356 1021 389 iniquam
1036 356 1091 382 fieri
1106 356 1184 387 velit,
1205 357 1293 382 omnia
1307 357 1448 391 supplicia,
1461 366 1529 391 quae
1540 358 1572 383 ab
1585 358 1689 393 legibus

899 393 1108 426 proficiscantur,
1128 393 1222 428 culpae
1236 402 1265 420 ac
1279 394 1394 420 malitiae
1408 394 1582 421 vindicandae
1596 405 1689 422 caussa

899 431 1041 456 constituta
1060 439 1132 456 esse:
1157 432 1213 457 139.
1233 432 1388 466 scriptorem
1406 432 1506 466 ipsum,
1527 433 1549 458 si
1569 434 1686 459 exsistat.

900 466 998 492 sactum
1014 467 1062 493 hoc
1077 468 1249 502 probaturum
1264 474 1289 494 et
1302 468 1373 494 idem
1387 469 1486 503 ipsum,
1503 470 1525 495 si
1540 471 1563 496 ei
1578 470 1637 496 talis
1649 479 1690 496 res

899 504 1047 535 accidisset,
1064 504 1196 531 facturum
1212 505 1308 538 fuisse,
1333 511 1359 532 et
1372 515 1401 532 ea
1415 515 1441 532 re
1457 506 1523 542 legis
1534 508 1688 541 scriptorem

900 546 970 567 certo
984 550 1017 567 ex
1030 542 1122 568 ordine
1135 542 1246 574 iudices,
1263 548 1332 569 certa
1346 548 1428 570 aetate
1442 544 1582 578 praeditos,
1592 545 1690 571 consti-

900 579 992 609 tuisse,
1009 583 1038 604 ut
1051 584 1148 610 essent,
1170 588 1221 606 non
1239 581 1287 615 qui
1301 582 1430 615 scriptum
1445 590 1525 608 suum
1540 583 1687 613 recitarent,

899 616 971 650 quod
985 616 1076 650 quivis
1090 626 1156 651 puer
1170 616 1254 643 facere
1269 623 1366 651 posset,
1383 619 1430 644 sed
1443 619 1490 653 qui
1504 620 1688 654 cogitationem

899 654 1006 687 assequi
1029 658 1138 688 possent
1159 659 1184 680 et
1206 654 1367 681 voluntatem
1387 656 1565 690 interpretari,
1594 657 1690 683 deinde

899 690 976 716 illum
995 691 1159 725 scriptorem,
1180 692 1203 717 si
1217 693 1313 726 scripta
1328 701 1376 718 sua
1391 693 1480 719 stultis
1496 694 1651 720 hominibus
1665 699 1690 720 et

899 727 1018 753 barbaris
1040 728 1176 754 iudicibus
1194 730 1377 760 committeret,
1402 732 1490 756 onmia
1509 740 1613 757 summa
1628 731 1690 758 dili-

899 765 988 799 gentia
1002 766 1213 800 perscripturum
1228 765 1325 798 fuisse,
1354 776 1425 793 nunc
1440 777 1508 799 vero,
1525 769 1597 803 quod
1613 768 1690 795 intel—

899 802 1002 837 ligeret,
1027 802 1121 837 quales
1143 803 1194 829 viri
1216 804 1358 830 iudicaturi
1383 810 1479 835 essent,
1500 806 1598 832 idcirco
1616 815 1686 836 eum,

899 848 967 874 quae
981 841 1122 874 perspicua
1137 840 1238 867 videret
1252 850 1319 872 esse,
1337 850 1388 867 non
1408 843 1576 876 ascripsisse3
1603 852 1688 878 nequ«-

898 877 970 902 enim
984 886 1031 903 vos
1046 878 1138 912 scripti
1152 878 1195 904 sui
1209 879 1369 910 recitatores,
1389 879 1435 905 sed
1451 879 1594 906 voluntatis
1608 881 1690 907 inter-

898 918 985 948 pretes
1004 914 1059 941 sore
1077 916 1194 949 putavit,
1226 917 1281 942 140.
1302 921 1392 950 postea
1409 925 1535 951 quaerere
1549 918 1581 943 ab
1596 918 1689 943 adver-

898 952 985 983 sariis,
1000 952 1066 987 quid
1081 953 1103 978 si
1118 952 1167 979 hoc
1181 952 1323 979 fecissem?
1345 953 1412 988 quid
1430 955 1452 980 si
1471 954 1519 981 hoc
1534 955 1690 981 accidisset?

898 997 990 1015 eorum
1005 989 1116 1024 aliquid,
1133 991 1160 1016 in
1174 990 1275 1025 quibus
1289 996 1334 1017 aut
1347 1000 1440 1017 caussa
1454 993 1489 1017 sit
1503 992 1688 1019 honestissima

898 1031 944 1052 aut
957 1027 1126 1054 necessitudo
1139 1028 1296 1059 certissima,
1313 1033 1404 1054 tumne
1418 1030 1595 1055 accusaretis?
1608 1030 1688 1065 Atqui

898 1064 947 1091 hoc
967 1064 1009 1091 lex
1028 1074 1162 1100 nusquam
1181 1067 1298 1100 excepit3
1328 1075 1379 1092 uon
1393 1075 1457 1102 ergo
1470 1068 1557 1093 omnia
1572 1068 1686 1102 scriptiS,

897 1102 945 1128 sed
959 1102 1099 1137 quaedam,
1115 1111 1184 1137 quae
1198 1104 1339 1137 perspicua
1353 1104 1415 1135 sint,
1432 1105 1517 1130 tacitis
1527 1106 1689 1139 exceptioni-

897 1139 948 1166 bus
963 1140 1063 1173 caveri,
1092 1140 1188 1166 deinde
1203 1140 1304 1166 nullam
1319 1150 1373 1167 rem
1389 1150 1475 1176 neque
1486 1142 1592 1176 legibus
1603 1152 1689 1178 neque

897 1178 1028 1212 scriptura
1042 1177 1106 1208 ulla,
1123 1177 1239 1212 denique
1254 1187 1286 1204 ne
1299 1179 1326 1204 in
1341 1188 1462 1205 sermone
1475 1179 1585 1214 quidem
1600 1182 1689 1215 quoti-

896 1215 975 1241 diano
993 1219 1072 1249 atque
1090 1216 1210 1250 imperiis
1229 1215 1382 1242 domesticis
1400 1221 1468 1242 recte
1483 1226 1560 1251 posse
1575 1218 1688 1244 admini-

897 1253 982 1283 strari,
999 1253 1021 1279 si
1036 1261 1107 1279 unus
1122 1253 1238 1288 quisque
1252 1253 1316 1280 velit
1330 1254 1410 1280 verba
1425 1259 1541 1288 spectare
1556 1260 1579 1281 ct
1595 1264 1645 1282 non
1656 1256 1686 1282 ad

897 1289 1060 1316 voluntatem
1083 1291 1150 1321 eius,
1177 1291 1225 1325 qui
1247 1299 1276 1317 ea
1295 1291 1375 1317 verba
1395 1291 1525 1323 babuerit,
1550 1293 1685 1319 accedere:

896 1327 1011 1354 XLVIII.
1030 1329 1086 1353 141.
1106 1328 1203 1354 deinde
1221 1337 1254 1354 ex
1273 1329 1394 1355 utilitatis
1409 1334 1434 1355 et
1448 1329 1593 1356 honestatis
1607 1332 1687 1365 parti-

897 1365 948 1391 bus
971 1365 1116 1396 ostendere,
1142 1374 1222 1400 quam
1242 1366 1336 1392 inutile
1355 1371 1399 1392 aut
1416 1375 1498 1401 quam
1513 1372 1588 1402 turpe
1602 1369 1635 1394 sit
1650 1369 1685 1396 id.

895 1403 968 1437 quod
986 1403 1129 1429 adversarii
1148 1403 1236 1429 dicant
1255 1403 1311 1429 sieri
1329 1405 1477 1439 oportuisse
1496 1410 1541 1431 aut
1554 1410 1685 1439 oportere.

896 1444 921 1466 et
934 1439 971 1471 id,
987 1440 1060 1475 quod
1073 1449 1121 1466 nos
1135 1440 1277 1467 fecerimus
1288 1446 1332 1468 aut
1342 1441 1519 1475 postulemus,
1532 1452 1612 1477 quam
1624 1443 1688 1469 utile

896 1481 941 1503 aut
955 1486 1035 1512 quam
1051 1477 1191 1504 honestum
1207 1479 1257 1510 sit,
1273 1478 1370 1504 deinde
1381 1478 1453 1514 leges
1464 1480 1618 1506 nobiscaras
1630 1489 1687 1506 esse

897 1523 947 1540 non
971 1519 1078 1549 propter
1101 1515 1208 1546 litteras,
1234 1524 1302 1550 quae
1321 1520 1414 1542 tenues
1433 1522 1457 1542 et
1471 1517 1599 1543 obscurae
1613 1523 1688 1544 notae

896 1552 949 1577 sint
969 1552 1121 1583 voluntatis,
1138 1553 1185 1578 sed
1201 1557 1306 1587 propter
1320 1562 1411 1579 carum
1426 1562 1524 1585 181001,
1540 1555 1641 1589 quibus
1655 1555 1687 1581 dc

896 1590 1025 1623 scriptum
1048 1594 1096 1620 est,
1122 1590 1261 1616 utilitatem
1285 1595 1428 1621 eteorum,
1448 1592 1495 1626 qui
1522 1593 1684 1626 scripserint,

896 1628 1053 1661 sapientiam
1072 1631 1097 1652 et
1115 1627 1294 1662 diligentiam:
1325 1632 1422 1662 postca,
1443 1629 1508 1663 quid
1523 1630 1557 1655 sit
1575 1630 1625 1660 lex,
1642 1630 1687 1656 (18-

895 1664 1019 1695 scribere,
1042 1669 1070 1690 ut
1088 1673 1118 1690 ea
1137 1665 1258 1691 videatur
1277 1666 1303 1691 in
1322 1666 1469 1697 sententiis,
1490 1676 1541 1693 11011
1557 1667 1583 1693 in
1599 1667 1687 1694 verbis

895 1702 1052 1733 consistere,
1082 1706 1106 1728 et
1130 1702 1212 1728 iudex
1234 1703 1256 1728 is
1281 1703 1402 1729 videatur
1425 1703 1475 1737 legi
1494 1704 1684 1739 obtemperare,

894 1739 941 1773 qui
960 1739 1118 1765 sententiam
1137 1740 1204 1769 eius,
1226 1749 1277 1766 non
1296 1741 1343 1775 qui
1363 1741 1521 1775 scripturam
1545 1747 1684 1776 sequatur:

895 1776 1000 1808 deinde,
1026 1785 1108 1811 quam
1131 1776 1273 1812 indignum
1298 1778 1340 1808 sit,
1361 1778 1454 1804 eodem
1470 1778 1538 1805 allici
1553 1779 1687 1813 supplicio

894 1822 965 1845 eum,
986 1815 1034 1849 qui
1053 1818 1159 1848 propter
1178 1815 1286 1850 aliquod
1305 1815 1394 1841 scelus
1408 1820 1432 1842 et
1447 1815 1583 1842 audaciam
1598 1822 1686 1843 contra

895 1850 980 1886 legem
1000 1851 1098 1882 fecerit,
1119 1856 1144 1878 et
1162 1860 1233 1883 eum,
1249 1853 1295 1887 qui
1312 1853 1420 1879 honesta
1435 1858 1479 1879 aut
1494 1855 1640 1880 necessaria
1654 1854 1686 1880 de

893 1897 987 1915 caussa
1001 1897 1053 1915 non
1067 1889 1100 1915 ab
1114 1890 1252 1920 sententia,
1273 1890 1320 1916 scd
1335 1891 1367 1916 ab
1383 1890 1475 1916 litteris
1492 1890 1557 1926 legis
1571 1900 1686 1918 recesse-

893 1927 940 1959 rit,
968 1931 1048 1961 atque
1071 1926 1113 1952 his
1136 1931 1161 1953 et
1184 1927 1339 1954 huiusmodi
1362 1928 1523 1959 rationibus,
1553 1934 1577 1955 ct
1603 1931 1685 1964 accipi

893 1972 1015 1990 caussam
1030 1968 1055 1990 et
1069 1964 1096 1990 in
1111 1963 1159 1990 hac
1174 1964 1231 1999 lege
1245 1965 1327 1999 accipi
1343 1970 1367 1991 et
1381 1973 1438 1991 eam
1457 1974 1588 1997 caussam,
1605 1976 1685 2001 quam

893 2002 951 2035 ipse
973 2001 1070 2031 all'crat,
1095 2007 1214 2036 oportere
1237 2003 1321 2037 accipi
1345 2002 1545 2029 demonstrabit.
1583 2005 1685 2030 14115(

870 2052 871 2060 1
892 2038 1121 2073 ‹plemadmodum
1139 2040 1162 2065 ei
1181 2039 1346 2070 dicebamus,
1367 2040 1414 2074 qui
1433 2049 1446 2065 a
1464 2041 1564 2075 scripto
1577 2041 1684 2069 diceret.

893 2076 943 2103 1108
958 2075 1011 2102 fore
1025 2076 1211 2107 utilissimum,
1236 2078 1258 2103 si
1278 2078 1343 2112 quid
1362 2077 1394 2103 de
1409 2079 1540 2112 aequitate
1554 2087 1592 2109 ea,
1617 2088 1686 2113 quae

892 2122 954 2139 cum
969 2113 1120 2139 adversario
1133 2119 1222 2143 staret,
1239 2115 1405 2150 derogasset:
1422 2115 1460 2140 sic
1475 2115 1545 2146 11018,
1562 2117 1609 2150 001
1623 2125 1685 2142 cou-

894 2155 931 2177 tra
950 2151 1080 2185 scriptum
1099 2151 1177 2182 dicet,
1199 2151 1346 2186 plurimum
1362 2152 1486 2186 proderit,
1503 2162 1536 2179 ex
1550 2154 1606 2188 ipsa
1621 2155 1686 2180 scri-

894 2193 969 2223 ptura
984 2188 1086 2223 aliquid
1101 2189 1134 2214 ad
1147 2198 1224 2215 suam
1239 2198 1361 2216 caussam
1375 2195 1528 2216 convertere
1542 2196 1585 2216 aut
1601 2191 1685 2217 ambi-

892 2234 944 2259 gue
963 2225 1066 2260 aliquid
1084 2227 1214 2261 scriptum
1233 2227 1385 2255 ostendere:
1414 2226 1509 2253 deinde
1524 2237 1557 2254 ex
1570 2228 1616 2254 illo
1629 2237 1685 2254 001-

893 2264 975 2299 biguo
997 2272 1054 2289 eam
1078 2269 1188 2297 partem,
1213 2273 1282 2299 01108
1303 2265 1353 2290 sibi
1375 2266 1464 2299 prosit,
1485 2265 1626 2291 defendere
1641 2271 1684 2291 aut

893 2301 966 2326 verbi
985 2301 1166 2327 definitionem
1187 2302 1312 2328 inducere
1331 2307 1357 2328 et
1375 2302 1448 2328 illius
1463 2302 1535 2328 verbi
1553 2303 1615 2332 rim,
1631 2312 1685 2337 quo

893 2339 981 2373 urgeri
1001 2338 1131 2369 videatur,
1153 2339 1184 2365 ad
1204 2348 1268 2365 suae
1286 2348 1396 2365 caussae
1410 2339 1579 2366 conunodum
1596 2340 1684 2366 (nulu-

869 2383 870 2386 ’
891 2384 950 2401 cere
973 2380 1017 2401 aut
1040 2384 1073 2402 ex
1094 2377 1193 2410 scripto
1215 2386 1265 2402 non
1284 2377 1413 2411 scriptum
1433 2376 1541 2410 aliquod
1561 2377 1684 2403 iiulucere

103 2484 279 2512 XLvl1.438.
309 2486 403 2513 Contra
426 2487 556 2521 scriptum
579 2491 667 2513 autem
689 2487 736 2522 qui
759 2487 838 2518 dicet,
861 2489 869 2518 ’ἦ

48 2521 165 2556 primum
176 2530 238 2549 eum
252 2523 360 2550 inducet
374 2523 470 2554 locum,
486 2532 532 2558 per
542 2532 623 2558 quem
634 2525 753 2559 aequitas
763 2533 841 2550 caus·—

38 2563 93 2585 'sue
104 2559 313 2593 demonstretur3
329 2565 375 2587 aut
388 2561 517 2592 ostendet,
533 2569 587 2596 quo
601 2561 697 2592 animo,
710 2570 764 2596 quo
777 2570 841 2588 8011-

48 2594 117 2627 silio,
136 2605 189 2632 qua
207 2596 240 2623 de
253 2606 347 2624 caussa
362 2598 465 2631 fecerit,
494 2603 527 2629 et,
549 2606 749 2633 quamcumque
763 2607 841 2625 caus-
861 2604 862 2611 ¹

48 2640 104 2659 sam
122 2638 248 2665 assumet,
269 2636 460 2670 assumptionis
479 2635 599 2670 partibus
617 2644 645 2662 se
659 2635 791 2667 desendet,
807 2636 840 2662 de

49 2669 148 2705 quibus
162 2675 221 2698 ante
234 2671 336 2699 dictum
351 2677 399 2699 est⁴
416 2673 502 2708 Atque
517 2673 565 2699 boc
579 2673 605 2699 in
618 2672 673 2699 loco
683 2681 768 2709 qumn
779 2673 840 2700 diu-

48 2707 102 2734 tius
123 2713 301 2736 commoratus
323 2710 365 2737 sui
390 2709 449 2737 sacti
474 2711 599 2737 rationem
628 2715 653 2737 et
679 2711 838 2746 aequitatem

892 2421 938 2447 per
952 2413 1187 2443 ratiocinationem,
1203 2414 1236 2439 (18
1250 2423 1302 2448 qua
1319 2419 1376 2448 post
1390 2414 1520 2439 dicemus.
1546 2415 1601 2440 113.
1614 2414 1684 2446 Qua-

891 2458 1008 2484 cumque
1022 2455 1111 2476 autem
1127 2451 1152 2476 in
1168 2460 1203 2481 re,
1220 2452 1345 2485 ‹planu-is
1361 2451 1453 2477 leviter
1468 2451 1607 2485 probabili,
1619 2453 1684 2478 scri—

892 2492 936 2521 pto
954 2488 1014 2521 ipso
1031 2496 1059 2513 se
1077 2487 1234 2517 defenderit,
1251 2489 1329 2514 ctiam
1345 2497 1429 2523 quum
1445 2488 1576 2523 aequitate
1590 2498 1683 2515 caussa

868 2539 869 2569 ,
891 2524 1046 2554 abundabit,
1064 2526 1212 2551 necessario
1226 2525 1340 2551 multum
1357 2526 1483 2560 proficiet,
1501 2525 1648 2560 ideoquod,
1661 2528 1683 2552 si

860 2573 869 2586 ·l

892 2561 927 2592 id,
951 2570 1006 2596 quo
1028 2562 1122 2588 nititur
1145 2562 1356 2588 adversariorum
1381 2572 1484 2592 caussa,
1513 2563 1681 2591 subduxerit.

890 2607 996 2624 omnem
1016 2599 1074 2625 eius
1093 2599 1165 2625 illam
1181 2600 1235 2625 vim
1254 2605 1278 2625 et
1297 2601 1467 2627 acrimoniam
1483 2600 1584 2627 lenierit
1599 2610 1628 2627 ac
1642 2601 1684 2627 di-

893 2635 979 2662 luerit.
1015 2637 1075 2662 Loci
1094 2642 1182 2663 autem
1197 2646 1353 2663 comumnes
1366 2639 1460 2664 ceteris
1474 2647 1507 2664 ex
1521 2639 1682 2672 assumptio-

868 2677 869 2681 ’
892 2673 933 2699 nis
947 2673 1068 2708 partibus
1083 2674 1109 2700 in
1125 2679 1265 2709 utramque
1285 2680 1385 2709 partem
1403 2676 1570 2702 comenient.
1606 2676 1682 2701 Prac-

892 2715 960 2737 terea
983 2711 1050 2741 eius,
1075 2712 1121 2746 qui
1145 2721 1158 2737 a
1174 2713 1272 2747 scripto
1285 2713 1366 2739 dicet:
1396 2713 1468 2749 leges
1483 2722 1515 2739 ex
1530 2721 1567 2745 se,
1584 2722 1635 2740 1100
1650 2722 1680 2739 ex

1434 2763 1448 2786 ¹.)
1467 2761 1475 2770 .
