1941 3052
246 174 278 198 42
825 177 849 200 5.
886 176 918 201 Μ.
955 177 982 202 Τ.
1018 177 1293 203 ‹zttltittoxts

246 243 373 268 aiiilitnris
396 243 547 269 olli-inditur.
582 245 623 270 26.
648 244 675 269 Si
694 254 803 270 vanusne
822 246 958 280 turpitudo
972 256 1035 272 rnn-
1085 247 1195 272 ‹tm-uun
1214 252 1254 273 cst
1281 257 1335 276 nec,
1357 248 1424 273 sicui
1443 248 1550 283 aliquod
1566 249 1724 278 nwmlnrum.
1742 259 1874 278 annexum

247 280 329 306 trab-*t
347 280 528 311 otl'ensiuncin,
549 286 593 306 aut
613 290 659 315 pro
672 291 702 306 co
718 282 832 311 bomine,
848 284 872 308 in
887 292 940 316 «pio
954 284 1035 310 otl'en-
1086 285 1207 309 urationi.
1242 285 1374 310 Tralatuin
1395 291 1442 314 est,
1463 286 1534 320 quod
1559 286 1631 311 aliud
1654 288 1767 315 rotilicit.
1793 297 1873 322 quum

245 318 325 347 ditur,
342 317 424 343 alium
441 318 583 348 lmiuiucm,
599 319 646 352 qui
661 319 790 347 «utimur.
813 320 943 353 interponi
957 330 1035 354 opor·
1086 330 1194 346 caiis-sae
1212 330 1296 354 genus
1312 322 1439 355 {mstulatz
1469 328 1496 348 ut
1511 323 1532 349 ui
1546 332 1592 357 qui
1607 323 1719 349 ‹loz-ilem
1737 323 1812 350 sacis-t
1828 334 1873 351 au-

246 359 293 381 tet'.
319 359 364 380 unt
379 363 424 388 pro
440 364 474 384 rc.
502 356 526 380 iu
541 364 593 389 qua
607 356 757 385 offenditur,
784 356 861 381 aliam
878 366 942 386 retu,
967 366 1035 391 (μιθο
1087 358 1206 386 tlitorcni.
1228 367 1312 392 quum
1331 359 1540 385 benevolentiam
1555 369 1648 386 cau-sa
1663 360 1802 391 «lt-sideru,
1831 367 1875 389 aut

246 392 384 426 probatum
409 396 453 416 aut
469 401 514 426 pru
530 402 555 417 re
571 393 713 422 homiui-in,
727 397 771 417 ant
787 402 833 426 pro
848 393 954 419 homine
969 404 1032 425 rein,
1087 397 1108 421 si
1125 396 1256 429 principio
1271 401 1367 425 utatur,
1380 405 1464 430 «Ιυυιιι
1478 398 1682 424 immunitum-m
1695 407 1735 424 rcs
1748 399 1873 432 postulat.

246 433 273 454 ut
292 429 325 454 ab
344 438 374 453 co
391 429 462 463 qnod
481 429 535 454 odit
555 429 585 453 ad
607 430 630 454 'ut
646 429 717 463 qnod
733 429 821 462 diligit
835 431 963 456 auditoris
978 433 1035 458 ani-
1087 434 1180 458 (lotura
1201 438 1337 467 praccepta
1356 438 1404 462 cst.
1425 434 1496 467 quod
1512 434 1577 460 nihil
1597 443 1687 461 corum
1702 435 1791 465 citit-it,
1808 445 1875 471 quo—

246 474 305 491 nius
330 466 493 493 traducatur:
523 471 546 491 ct
560 466 729 491 dissimulare
753 466 778 492 id
803 472 827 492 te
849 467 1033 500 defensurum,
1087 479 1145 495 rum
1162 478 1254 495 mussa
1269 470 1301 495 di·
1315 470 1430 496 exordiis
1446 476 1582 505 praecepta
1597 472 1748 499 traduntur.
1767 473 1873 502 hucest.

244 503 316 537 quod
331 503 491 528 existimeris
503 503 674 530 defensurus:
697 503 801 534 deinde,
818 513 902 538 quum
919 506 968 531 iani
985 516 1034 532 nu-
1086 507 1157 541 quod
1172 516 1242 536 (nun,
1259 508 1305 541 qui
1321 507 1402 536 audit.
1421 516 1506 542 nmque
1521 508 1678 535 benevolum
1691 519 1777 544 nequ(-
1791 515 1875 536 atten-

245 541 293 565 tior
309 540 392 565 sactus
407 545 455 565 crit
469 540 692 573 .·m‹ti1‹‚r,ing.1r0‹ti
709 541 867 574 pedetentim
881 543 906 568 in
918 542 1035 569 defensi-
1056 553 1057 579 1
1087 548 1142 570 tutu
1159 553 1243 578 neque
1257 544 1369 570 docilem
1384 544 1464 570 ostis-'n
1483 550 1536 575 aut,
1552 554 1605 580 quo
1621 546 1736 579 profi-ctu
1751 547 1817 573 nibil
1829 555 1875 581 pe-

244 585 320 603 oncm
336 582 360 602 ct
379 577 474 607 dict-rc,
491 586 528 606 ca.
549 586 617 611 quae
632 577 803 610 indignentur
817 579 969 610 ndvvrsnrii,
987 581 1034 606 tibi
1056 587 1057 591 ¹
1087 582 1129 606 ius
1147 587 1195 610 cst.
1217 586 1245 607 ut
1263 587 1350 607 contra
1370 583 1412 611 sit,
1431 581 1500 608 facit.
1535 583 1571 608 Ac
1589 582 1621 608 de
1639 584 1746 610 exordio
1764 584 1873 619 quidem

244 623 352 648 quoqui-
372 614 479 646 indigna
500 613 595 640 videri:
623 614 727 645 deinde,
748 624 832 650 quum
853 616 958 643 lenieris
972 626 1033 643 eum
1056 605 1057 659 i
1085 619 1149 644 satis
1163 619 1263 644 dictum
1278 623 1327 644 cst.

244 652 290 685 qui
306 651 403 680 audiet,
420 652 607 681 ili-monstrare.
625 652 690 678 nihil
705 661 795 678 corum
811 654 842 679 ad
859 659 881 679 te
893 655 1032 688 pertinere,
1056 668 1057 684 i
1142 656 1214 681 th.
1231 657 1271 681 27.
1293 657 1410 682 Narratio
1423 661 1462 682 cst
1477 665 1563 682 reruni
1578 661 1713 691 ⁴gestarum
1728 662 1772 683 aut
1787 663 1814 683 ut
1827 667 1875 693 ge-

244 692 268 713 ct
284 697 378 720 negare
398 692 420 713 tt·
435 688 582 722 quidquam
597 688 630 714 de
643 689 802 716 adversariis
816 700 874 716 esse
887 692 1031 723 dicturum,
1056 690 1057 727 l
1086 697 1185 719 starum
1213 694 1352 727 expositio.
1388 694 1572 719 Narrationum
1601 695 1648 719 tria
1675 699 1736 720 sunt
1762 704 1872 729 genera:

245 734 329 759 neque
346 725 401 755 hoc,
419 734 505 760 neque
521 725 599 757 illud;
629 731 657 752 ut
673 736 758 761 neque
773 733 860 762 aperte
878 728 964 754 laedas
978 739 1031 759 eos,
1086 738 1168 756 uuum
1188 739 1273 763 ¹uenus
1291 735 1339 759 cst.
1361 731 1386 756 in
1404 739 1458 765 quo
1476 732 1532 765 ipsa
1550 740 1643 757 caussa
1663 737 1687 757 et
1703 732 1790 758 omnis
1810 733 1874 759 ratio

244 763 290 796 qni
315 762 473 796 diliguntur,
494 767 519 788 et
538 767 623 789 tamen
643 763 668 790 id
687 764 798 791 obscure
817 765 925 796 faciens,
946 766 1032 800 quaml
1084 768 1276 793 controversiae
1294 768 1456 797 continetur,
1484 768 1605 799 alterum,
1627 769 1721 803 inquo
1739 769 1874 802 degn-‚saio

245 800 340 833 possis,
364 799 462 825 alienes
476 800 508 825 ab
523 801 561 825 eis
577 800 726 827 auditorum
742 802 918 833 voluntati—nu
946 808 971 829 et
985 804 1034 830 ali-
1054 830 1055 833 ,
1084 804 1172 838 aliqua
1187 809 1258 830 extra
1273 813 1394 830 caussam
1406 810 1449 830 aut
1461 806 1652 831 criminationis
1663 806 1873 832 autsimilitudi-

243 845 357 870 quorum
378 837 507 863 iudicium
527 838 607 863 simili
626 838 658 864 de
677 848 703 864 re
718 843 762 864 aut
776 841 956 866 auctoritatem
973 850 1033 875 pro-
1085 842 1125 867 nis
1140 847 1185 867 aut
1197 841 1378 867 delectationis
1393 851 1442 868 non
1458 842 1557 868 alienae
1571 843 1604 868 ab
1614 852 1644 869 eo
1656 844 1831 878 negotiu,un
1840 843 1873 870 de

245 873 310 899 l‘crre
331 874 474 900 imitatione
493 875 614 909 dignam,
642 875 738 901 deiude
752 877 871 902 eamdem
887 882 932 903 aut
945 879 1033 904 consi·
1054 882 1055 908 j
1083 879 1178 913 agitur,
1199 883 1244 904 aut
1261 878 1474 913 amplificationis
1492 888 1584 904 caussa
1600 880 1786 914 interponitur,
1822 886 1874 907 ter·
1911 906 1913 910 Α

243 911 333 937 milem
348 916 392 937 θυι
407 912 530 937 maiorem
542 916 587 938 θυι
601 913 728 939 minorem
744 915 784 947 ag-'i
797 923 850 939 rem
864 915 889 940 in
903 916 1031 949 praesenti
1054 942 1055 947 ¹
1084 916 1150 941 tium
1164 924 1249 948 ,uenus
1264 921 1302 941 est
1318 921 1448 942 remotum
1463 926 1476 941 a
1490 916 1616 942 <tutibus
1625 918 1736 947 caussis,
1745 917 1816 952 quod
1826 918 1874 943 de-

242 948 431 974 dcmoustrarc.
460 951 500 975 25.
517 950 562 975 Sin
577 950 658 976 oratio
672 950 882 977 adversariorum
899 952 976 978 iidem
993 953 1033 979 vi-
1054 970 1055 990 ἢ
1085 952 1229 979 lectatiouis
1247 962 1340 979 caussa
1360 963 1410 979 non
1431 953 1517 979 inutili
1532 962 1592 979 cum
1607 955 1792 980 exercitatione
1805 954 1873 981 dici—

242 985 349 1011 dehitur
362 986 528 1012 auditoribus
544 986 645 1017 secisse.
662 987 688 1012 id
703 988 775 1022 quod
789 989 821 1019 ei,
834 989 881 1023 qni
897 989 1029 1024 intelligit,
1054 1002 1055 1024 5
1083 995 1126 1016 tur
1141 995 1166 1016 et
1179 990 1314 1016 scribitur.
1348 991 1414 1016 Eius
1432 996 1518 1024 partes
1537 996 1600 1017 sunt
1613 991 1690 1021 duae,
1705 1000 1820 1026 quarum
1834 991 1873 1018 al-

241 1023 341 1057 quibus
366 1023 445 1049 rebus
469 1023 534 1049 sides
559 1023 609 1055 flat,
631 1024 706 1050 facile
721 1026 903 1059 eritcognitu;
931 1032 1032 1061 oportet
1084 1032 1136 1053 tera
1152 1028 1177 1053 iu
1193 1028 1314 1062 negotiis,
1330 1027 1409 1053 altera
1429 1028 1454 1053 in
1474 1029 1594 1062 personis
1613 1029 1727 1054 maxime
1742 1033 1870 1055 versatur.

203 1083 208 1091 ,
241 1065 285 1085 aut
299 1060 332 1085 ‹11›
346 1068 385 1091 eo,
401 1060 473 1095 quod
487 1060 630 1087 adversarii
644 1062 695 1087 sibi
707 1062 891 1089 firmissimum
915 1065 1031 1098 putarint
1083 1065 1200 1099 Ea,quae
1215 1065 1241 1091 in
1254 1065 1418 1099 negotiorum
1429 1065 1594 1099 expositione
1606 1067 1689 1100 posita
1701 1070 1749 1096 est,
1763 1070 1815 1092 tres
1825 1066 1872 1092 ha-

241 1102 266 1123 οι
286 1098 399 1123 maxime
419 1098 445 1128 ii,
462 1098 509 1132 qui
524 1098 639 1129 audient,
657 1099 799 1133 probarint,
821 1101 937 1134 primum
953 1106 976 1127 te
990 1101 1032 1127 di-
1083 1102 1125 1127 bet
1141 1106 1235 1136 partes,
1253 1101 1379 1132 fabulam,
1397 1102 1542 1132 historiam,
1555 1108 1751 1134 argumentum.
1772 1103 1871 1129 Fabula

240 1139 345 1160 cturum
366 1134 493 1168 polliceri,
514 1139 559 1161 aut
578 1136 610 1161 ab
624 1136 767 1163 adversarii
782 1137 852 1164 dicto
865 1139 989 1169 exordiri,
1006 1143 1031 1165 et
1082 1144 1129 1169 est,
1139 1140 1165 1165 in
1175 1148 1228 1173 qua
1244 1148 1290 1165 nec
1305 1148 1380 1165 verae
1395 1148 1442 1165 nec
1457 1140 1510 1165 veri
1525 1140 1628 1165 similes
1642 1148 1683 1166 res
1693 1141 1869 1172 continentur,

240 1172 273 1197 ab
292 1180 322 1197 co
341 1172 520 1206 potissimum,
536 1173 608 1207 quod
623 1173 667 1199 ille
682 1175 834 1208 nuperrime
848 1175 957 1207 dixerit,
985 1181 1031 1202 aut
1081 1176 1233 1202 cuiusmodi
1247 1181 1300 1203 cst:

240 1209 404 1235 dubitatione
425 1210 471 1240 uti,
491 1210 558 1244 quid
577 1211 693 1245 primum
708 1211 789 1243 dicas,
806 1217 850 1238 aut
864 1213 907 1239 cui
923 1213 1030 1247 potissi·
1157 1215 1255 1247 :loyen-'s
1269 1217 1380 1246 inuenies
1393 1215 1476 1243 antes,
1494 1216 1576 1239 iuncti
1589 1216 1654 1247 inqo.

240 1255 314 1272 mum
331 1246 386 1272 loco
399 1247 566 1281 respondeas,
583 1256 644 1274 eum
658 1248 839 1275 admiratione.
873 1250 938 1276 Nam
953 1251 1031 1277 audi·
1052 1251 1053 1281 J
1082 1251 1194 1277 llistoria
1213 1255 1253 1276 est
1264 1255 1338 1286 gesta
1354 1259 1404 1281 res,
1421 1251 1454 1276 ab
1467 1251 1559 1276 aetatis
1574 1256 1676 1277 nostrae
1690 1252 1815 1278 memoria
1830 1261 1871 1278 rc-

240 1288 278 1309 tor
301 1292 386 1318 quum
409 1292 480 1315 enm,
500 1293 580 1319 quem
595 1285 738 1312 adversarii
758 1287 940 1321 perturbatum
956 1293 1030 1322 putat
1082 1293 1164 1314 mota:
1184 1288 1256 1323 qnod
1271 1297 1364 1323 genus,
1381 1288 1484 1322 Appius
1498 1287 1593 1314 indixit
1605 1288 1870 1324 Karthaginiensibus

239 1321 364 1351 oratione,
383 1321 455 1347 videt
473 1323 562 1348 animo
580 1322 733 1349 firmissimo
750 1329 838 1350 contra
853 1324 940 1351 dicere
955 1334 1030 1359 para-
1058 1346 1059 1352 ,
1081 1325 1192 1351 bellum.
1224 1326 1417 1360 Argumentum
1436 1330 1474 1351 est
1491 1324 1548 1351 [icta
1563 1334 1613 1355 res.
1629 1334 1697 1360 quae
1712 1331 1799 1352 tamen
1814 1326 1869 1352 [ieri

239 1363 305 1388 tum,
331 1358 489 1393 plerumque
511 1368 539 1385 sc
559 1360 646 1393 potius
666 1365 762 1386 temere
776 1362 931 1393 assensisse,
948 1371 1028 1396 quam
1051 1388 1052 1393 ,
1081 1363 1175 1397 potuit.
1209 1362 1368 1389 Huiusmodi
1383 1362 1455 1397 apud
1469 1363 1635 1388 Terentium:

239 1395 315 1421 illum
330 1396 388 1421 sine
401 1404 493 1422 caussa
508 1397 638 1423 contidere
653 1398 802 1424 arbitratur.
840 1398 886 1425 Sin
901 1399 1029 1426 auditoris
1050 1413 1059 1428 .:
1155 1400 1221 1426 Nam
1236 1402 1257 1426 is
1268 1403 1401 1432 postquam
1416 1402 1524 1425 excessi!
1537 1409 1570 1425 ez
1583 1401 1689 1432 ephebis,
1705 1400 1778 1426 Sosia
1789 1415 1826 1420 —

238 1433 358 1459 studium
378 1433 530 1469 defatigatio
547 1434 705 1461 abalienavit
724 1444 737 1461 a
751 1444 853 1467 caussa,
871 1441 894 1462 te
909 1437 1026 1468 brevius,
1050 1434 1052 1451 ²
1080 1436 1126 1462 ttta
1145 1441 1232 1463 autem
1248 1437 1368 1467 narratio.
1384 1445 1453 1471 quae
1468 1441 1588 1462 versatur
1605 1437 1632 1463 in
1647 1437 1776 1471 personis,
1797 1437 1870 1464 eius-

238 1478 319 1504 quam
338 1475 444 1504 paratus
463 1471 554 1502 fueris,
574 1480 633 1497 esse
646 1472 789 1503 dicturum,
805 1474 974 1500 commodum
989 1479 1028 1500 est
1050 1470 1059 1501 ³¹}
1081 1473 1151 1500 modi
1166 1479 1214 1503 est,
1231 1478 1259 1500 ut
1272 1475 1299 1500 iu
1314 1482 1342 1499 ca
1357 1473 1437 1500 simul
1452 1483 1514 1500 cum
1529 1474 1608 1500 rebus
1618 1474 1685 1508 ipsis
1697 1483 1868 1509 personarum

238 1507 372 1541 pollireri;
401 1516 451 1533 uon
466 1508 631 1534 imitaturum
646 1509 838 1536 adversarium.
865 1510 911 1537 Sin
927 1520 968 1537 res
982 1511 1029 1537 da-
1080 1519 1216 1537 sermones
1229 1516 1255 1537 et
1268 1511 1349 1537 animi
1364 1512 1479 1546 perspici
1493 1512 1605 1545 possint,
1622 1511 1670 1538 hoc
1685 1511 1776 1538 modo:

237 1544 285 1575 bit,
303 1553 353 1570 nou
368 1545 463 1570 inutile
477 1550 524 1576 est,
541 1546 573 1571 ab
587 1545 676 1580 aliqua
691 1555 717 1572 re
732 1555 798 1573 nova
809 1552 854 1574 aut
864 1548 975 1574 ridicula
987 1549 1028 1575 in-
1122 1549 1190 1574 Venit
1204 1550 1239 1574 άά
1252 1557 1289 1574 me
1301 1557 1375 1581 saepe
1395 1551 1526 1576 clamans:
1555 1548 1622 1580 Quid
1635 1551 1691 1581 ⁰95³
1704 1547 1798 1575 MfflO?

236 1581 324 1615 cipere
347 1586 400 1612 aut¹
426 1591 459 1608 ex
477 1587 593 1617 tempore
611 1592 680 1617 quac
695 1588 754 1610 nata
769 1585 816 1617 sit3
844 1585 917 1619 quod
930 1594 1025 1621 genus,
1117 1594 1163 1611 cur
1175 1588 1262 1618 pei-dis
1274 1586 1455 1611 adolescentem
1469 1584 1560 1611 nobis?
1583 1589 1630 1611 cur
1641 1585 1732 1611 umal?

236 1619 358 1653 strepitu,
375 1619 573 1652 acclamatione,
590 1625 635 1646 aut
648 1621 700 1646 iam
716 1627 812 1655 parata,
825 1630 894 1656 quae
908 1623 949 1648 vel
964 1632 1028 1658 apo-
1116 1631 1163 1648 cur
1174 1621 1265 1655 po'lut?
1285 1631 1332 1648 cur
1345 1627 1372 1648 tu
1385 1623 1424 1648 his
1437 1623 1511 1648 rebus
1523 1627 1649 1655 sumptum
1662 1621 1798 1656 suqqeri's?

237 1655 327 1691 logum
343 1655 384 1682 vel
399 1656 516 1682 fabulam
532 1657 572 1683 vel
587 1657 704 1692 aliquam
718 1659 850 1685 contineat
861 1660 1024 1693 irrisionem,
1049 1660 1051 1680 l
1120 1659 1212 1685 Vestitu
1226 1661 1304 1685 nimio
1318 1660 1440 1692 indulges,
1456 1661 1561 1685 nimium
1575 1662 1674 1692 ineptus
1686 1669 1719 1686 es.

236 1698 290 1724 aut,
307 1694 330 1719 si
345 1694 381 1719 rei
396 1694 511 1729 dignitas
526 1694 624 1720 adimet
637 1695 740 1721 iocandi
756 1695 916 1728 facultatem,
925 1697 1025 1732 aliquid
1116 1697 1229 1722 Nimium
1243 1698 1295 1729 {pse
1308 1698 1389 1722 durus
1402 1697 1431 1722 'st
1443 1699 1547 1729 praeter
1559 1705 1717 1730 aequumque
1729 1700 1753 1723 ἐι
1766 1698 1866 1724 bonum.

236 1731 319 1761 triste,
337 1739 445 1762 novum,
462 1731 587 1757 horribile
601 1732 689 1758 statim
704 1741 755 1758 non
774 1733 972 1760 incommodum
987 1739 1027 1761 est
1056 1738 1057 1742 ’
1078 1733 1131 1760 Hoc
1144 1734 1171 1759 in
1185 1741 1281 1769 genere
1299 1733 1456 1760 narrationis
1475 1732 1558 1759 multa
1572 1734 1660 1759 inesse
1673 1733 1751 1760 debet
1765 1733 1868 1761 festivi-

235 1768 354 1793 iniiecre.
389 1769 454 1794 Nam
475 1773 503 1794 ut
520 1769 572 1795 cibi
587 1769 693 1795 satietas
707 1774 731 1795 et
746 1769 882 1797 fastidium
902 1776 947 1797 aut
961 1772 1027 1798 sub·
1056 1781 1057 1786 ¹
1078 1775 1126 1801 taS.
1146 1770 1264 1797 confecta
1282 1779 1316 1797 ex
1329 1779 1417 1797 rerum
1432 1771 1565 1801 varietate,
1585 1771 1734 1797 animorum
1748 1771 1868 1798 dissimi-

236 1813 323 1831 amara
345 1805 434 1839 aliqua
458 1814 485 1831 re
508 1806 639 1832 relevatur
656 1811 701 1832 aut
719 1806 791 1833 dulci
810 1807 960 1843 mitigatum
988 1809 1026 1835 sic
1078 1807 1200 1839 titudine,
1224 1808 1362 1843 gravitate,
1387 1807 1501 1838 lenitate,
1526 1816 1583 1843 spe.
1605 1813 1687 1838 metu,
1702 1809 1864 1843 suspicione,

235 1843 341 1868 animus
355 1842 476 1868 defessus
491 1843 622 1870 audiendo
635 1848 680 1870 aut
694 1843 866 1870 admiratione
880 1846 1026 1881 integratur
1055 1843 1056 1846 ’
1077 1845 1218 1876 desiderio,
1234 1844 1457 1876 dissimulatione,
1473 1853 1568 1876 errore,
1581 1845 1770 1877 misericordia.
1783 1845 1868 1872 fortu-

235 1884 280 1905 aut
295 1880 349 1905 risu
365 1884 485 1906 novatur.
1054 1889 1056 1919 ξ
1077 1891 1125 1908 nae
1138 1883 1353 1913 commutatione,
1369 1883 1503 1916 insperato
1517 1882 1693 1914 incommodo,
1709 1883 1798 1909 subita
1814 1882 1867 1910 lae-

291 1916 383 1943 XVlH.
401 1917 435 1943 Ac
449 1918 590 1952 separatim
604 1917 715 1952 quidem
729 1927 797 1953 quae
812 1918 844 1945 de
855 1919 987 1954 principio
1001 1925 1026 1946 et
1047 1929 1049 1955 μ
1077 1920 1141 1950 titia,
1158 1919 1276 1946 iucundo
1289 1920 1362 1946 exitu
1377 1928 1476 1945 rerum.
1501 1919 1600 1946 Verum
1615 1919 1679 1946 haec
1692 1928 1726 1946 ex
1738 1920 1781 1951 iis,
1796 1928 1866 1955 quae

233 1954 412 1980 insinuatione
439 1954 550 1981 dicenda
576 1955 747 1987 videbantur,
780 1955 844 1982 haec
870 1956 924 1982 fere
950 1962 1023 1984 sunt.
1054 1958 1055 1963 ¹
1076 1961 1165 1991 postea
1179 1957 1212 1983 de
1225 1956 1373 1984 elocutione
1383 1956 1588 1991 praecipientur,
1595 1962 1748 1983 ornamenta
1756 1965 1867 1984 sumen·

234 1991 311 2017 Nunc
334 1992 463 2026 quiddam
486 1992 601 2018 breviter
623 1996 649 2018 et
666 1994 843 2019 communiter
865 1993 898 2019 de
912 1998 1025 2029 utroque
1075 1999 1128 2020 tur.

234 2029 452 2063 praecipiendum
472 2029 586 2055 videtur.
619 2029 766 2056 Exordium
785 2031 976 2057 sententiarum
1000 2037 1025 2058 et
1130 2030 1192 2057 XX.
1209 2033 1250 2057 28.
1266 2031 1343 2057 Nunc
1356 2030 1389 2057 de
1400 2031 1547 2057 narratione
1557 2039 1673 2065 ea,quae
1682 2039 1792 2057 caussae
1802 2039 1866 2057 con-

233 2066 371 2100 gravitatis
386 2065 533 2100 plurimum
547 2066 625 2093 debet
640 2067 737 2093 habere
755 2072 780 2093 et
797 2068 906 2095 omnino
923 2070 1020 2100 omnia,
1052 2051 1055 2097 l
1075 2068 1140 2094 tinet
1151 2068 1354 2102 expositionem,
1367 2067 1511 2094 dicendum
1526 2067 1640 2094 videtur.
1662 2067 1769 2102 Oportet
1783 2068 1866 2104 igitur

233 2111 302 2137 quae
320 2104 452 2137 pertinent
470 2103 502 2129 ad
521 2103 686 2138 dignitatem,
706 2105 735 2130 in
752 2113 781 2130 se
799 2106 942 2137 continere,
962 2115 1024 2141 pro-
1046 2103 1047 2127 ἶ
1075 2114 1132 2132 eam
1148 2110 1199 2132 tres
1213 2105 1310 2131 habere
1324 2114 1380 2131 res:
1408 2109 1438 2131 ut
1455 2105 1554 2135 brevis,
1570 2109 1598 2130 ut
1612 2110 1710 2139 aperta,
1726 2109 1755 2131 ut
1769 2105 1865 2140 proba—

234 2144 321 2173 ptcrca
339 2140 410 2174 quod
426 2141 453 2166 id
465 2141 565 2174 optime
580 2140 730 2167 faciendum
745 2146 792 2172 est,
808 2142 880 2176 quod
893 2148 1022 2169 oratorem
1046 2143 1053 2175 ξι
1075 2142 1138 2169 bilis
1157 2143 1200 2169 sit.
1235 2143 1326 2169 Brevis
1339 2143 1398 2173 erit,
1417 2142 1450 2173 si,
1467 2141 1537 2168 unde
1553 2150 1660 2168 necesse
1673 2146 1721 2173 est,
1737 2142 1799 2169 inde
1811 2142 1865 2168 ini-

233 2177 345 2203 auditori
361 2177 475 2203 maxime
488 2178 668 2204 commendet:
691 2178 841 2212 splendoris
855 2185 880 2206 et
895 2180 1024 2206 festivita·
1074 2180 1142 2206 tium
1156 2184 1278 2206 sumetur
1287 2184 1311 2206 et
1322 2188 1374 2206 non
1387 2179 1420 2205 ab
1435 2178 1529 2205 ultimo
1543 2183 1684 2213 repetetur,
1699 2183 1725 2205 et
1737 2179 1770 2210 si,
1785 2179 1864 2206 cuius
1894 2203 1896 2206 ,

232 2214 267 2240 ιίε
285 2219 311 2240 et
328 2214 553 2240 concinnitudinis
571 2215 727 2246 minimum,
744 2221 881 2250 propterca
899 2217 971 2252 quod
989 2226 1023 2244 ex
1052 2218 1053 2224 ¹
1074 2217 1111 2243 rei
1125 2217 1188 2243 satis
1203 2217 1251 2243 erit
1261 2225 1395 2243 summam
1409 2215 1519 2246 dixisse,
1535 2217 1593 2242 eius
1606 2221 1694 2250 partes
1708 2224 1760 2242 non
1773 2216 1864 2243 dicen-

232 2250 275 2276 his
293 2252 412 2285 suspicio
429 2251 560 2286 quaedam
575 2253 754 2286 apparationis
772 2258 851 2288 atque
865 2254 1022 2281 artificiosae
1074 2258 1130 2286 tur,
1158 2254 1234 2288 (nam
1252 2262 1331 2288 saepe
1349 2254 1413 2279 satis
1431 2258 1480 2284 est,
1500 2253 1566 2288 quid
1585 2252 1683 2279 factum
1697 2253 1740 2284 sit.
1759 2252 1861 2286 dicere;

232 2287 385 2323 diligentiae
409 2289 538 2321 nascitur3
566 2297 634 2323 quae
658 2290 774 2316 maxime
796 2291 906 2318 orationi
931 2291 1019 2322 sidem,
1044 2295 1046 2310 '¹
1074 2299 1125 2317 non
1140 2295 1169 2317 ut
1182 2290 1530 2325 enarres,quernadmodum
1544 2291 1579 2316 sit
1593 2289 1722 2325 sactum:)
1735 2294 1761 2316 et
1773 2291 1796 2317 si
1810 2299 1863 2317 non

231 2326 327 2351 oratori
343 2325 436 2352 adimit
449 2326 639 2352 auctoritatem.
666 2328 707 2352 26.
723 2327 792 2353 Vitia
806 2336 868 2354 vero
882 2328 946 2354 haec
959 2334 1022 2354 sunt
1043 2311 1046 2491 ι
1074 2327 1189 2363 longius,
1205 2336 1286 2362 quam
1300 2328 1373 2362 quod
1387 2328 1455 2353 scitu
1472 2336 1540 2362 opus
1553 2332 1602 2358 est,
1618 2327 1644 2353 iu
1659 2327 1788 2354 narrando
1801 2335 1863 2362 pro-

231 2363 378 2388 certissima
389 2363 756 2397 exordiorum,quaesummo
766 2373 845 2398 opere
853 2365 934 2391 vitare
945 2374 1023 2400 opor·
1072 2364 1188 2395 cedetur,
1205 2369 1230 2390 et
1243 2365 1266 2391 si
1283 2364 1384 2391 nullam
1398 2365 1426 2391 in
1441 2373 1496 2390 rem
1509 2363 1588 2390 aliam
1602 2364 1772 2397 transibitur;
1799 2368 1826 2391 et
1838 2364 1862 2391 si

231 2399 309 2425 tebit:
330 2399 448 2435 vulgare,
464 2408 614 2430 commune,
630 2401 827 2432 commutabile,
845 2402 963 2437 longum,
979 2411 1023 2429 se-
1072 2402 1108 2428 ita
1121 2401 1232 2433 dicetur,
1253 2406 1282 2428 ut
1296 2410 1497 2437 nonnumquam
1515 2409 1549 2428 ex
1561 2409 1600 2432 eo,
1615 2401 1688 2435 quod
1701 2401 1802 2427 dictum
1815 2402 1859 2432 sit.

233 2441 364 2470 paratum,
390 2437 522 2468 tralatum⁷
547 2442 635 2464 contra
658 2443 806 2472 praecepta.
838 2439 952 2475 Vulgare
971 2445 1018 2471 est,
1071 2439 1100 2465 id
1113 2439 1184 2473 quod
1204 2447 1255 2465 non
1269 2439 1304 2465 sit
1317 2439 1420 2465 dictum
1437 2438 1613 2474 intelligatur;
1641 2443 1667 2464 et
1680 2438 1703 2464 si
1717 2447 1769 2465 non
1783 2437 1862 2465 modo

230 2473 303 2507 qnod
320 2474 347 2499 in
366 2473 457 2508 plures
475 2483 583 2500 caussas
601 2479 686 2509 potest
699 2476 900 2508 accommodari,
917 2482 946 2503 ut
958 2486 1022 2504 con-
1043 2493 1045 2499 <
1072 2475 1100 2502 id
1121 2475 1194 2510 quod
1217 2476 1300 2506 obest,
1326 2484 1419 2502 verum
1437 2476 1516 2502 etiam
1533 2475 1561 2501 id
1578 2475 1651 2509 quod
1665 2483 1712 2501 nec
1724 2475 1801 2502 obest
1813 2483 1861 2502 nec

231 2510 321 2536 venire
346 2511 478 2543 videntum
506 2520 656 2543 commune,
681 2512 754 2547 quod
778 2513 862 2540 nihilo
880 2515 971 2540 minus
994 2515 1020 2541 in
1042 2504 1045 2554 Ι
1072 2512 1179 2539 adiuvat
1194 2513 1392 2547 praeteribitur3
1417 2517 1443 2539 et
1455 2513 1479 2538 si
1492 2511 1574 2538 semel
1589 2521 1674 2538 unum
1687 2512 1808 2548 quidque
1818 2511 1861 2554 di-

231 2546 306 2578 hanc,
334 2556 416 2582 quam
439 2549 466 2574 in
488 2549 645 2575 contrariam
667 2554 769 2584 partem
791 2559 909 2582 caussae,
935 2556 1021 2586 potest
1071 2555 1158 2582 cetur,
1183 2555 1209 2576 et
1222 2550 1245 2576 si
1260 2559 1312 2576 non
1325 2550 1358 2576 ab
1371 2558 1411 2581 eo,
1426 2550 1454 2576 in
1467 2557 1522 2584 quo
1535 2549 1655 2583 proxime
1669 2549 1786 2576 desitum
1799 2553 1857 2580 ent,

229 2585 383 2617 convenire3
409 2586 606 2617 commutabile,
625 2586 698 2621 quod
712 2587 745 2612 ab
759 2587 909 2615 adversario
923 2593 1017 2622 potest,
1042 2579 1044 2600 ⁴
1071 2587 1196 2621 deinceps
1219 2587 1371 2622 incipietur.
1404 2587 1442 2613 Ac
1463 2585 1562 2612 multos
1587 2586 1700 2613 imitatio
1722 2586 1859 2613 brevitatis
1886 2591 1887 2594 ’

232 2620 324 2647 leviter
347 2626 488 2653 mutatum,
514 2631 547 2649 ex
567 2624 694 2649 contraria
713 2628 785 2658 parte
803 2624 869 2657 dici;
898 2625 1017 2661 longum,
1070 2624 1178 2658 decipit,
1203 2628 1242 2655 ut,
1265 2633 1351 2659 quum
1364 2632 1393 2650 se
1406 2623 1500 2650 breves
1517 2627 1612 2658 putent
1625 2631 1692 2655 esse,
1708 2623 1858 2659 longissimi

229 2658 302 2692 quod
320 2658 444 2693 pluribus
459 2659 549 2686 verbis
567 2665 612 2686 aut
624 2661 764 2687 sententiis
778 2661 845 2687 ultra
859 2671 941 2697 quam
955 2663 1019 2688 satis
1070 2661 1136 2693 siut;
1161 2669 1246 2696 quum
1265 2661 1328 2687 dent
1343 2669 1460 2695 operam,
1481 2665 1510 2686 ut
1523 2668 1565 2686 res
1579 2659 1676 2686 multas
1689 2660 1804 2687 breviter
1816 2659 1859 2686 di-

229 2700 269 2721 est
282 2695 451 2730 producitur3
479 2701 639 2731 separatum,
655 2698 728 2732 quod
741 2707 794 2724 non
807 2707 841 2724 ex
854 2700 912 2734 ipsa
925 2708 1018 2726 caussa
1069 2702 1138 2729 cant,
1154 2706 1207 2724 non
1220 2702 1250 2724 ut
1261 2699 1370 2724 omnino
1383 2706 1481 2732 paucas
1495 2706 1536 2724 res
1549 2697 1638 2724 dicant
1650 2702 1676 2724 et
1689 2706 1742 2724 non
1754 2697 1855 2732 plures,
