1941 3052
207 154 254 176 “fm
776 155 816 176 20.
853 151 886 176 M.
922 151 950 176 Τ.

205 231 252 247 cur
267 231 316 247 nnn
334 226 387 248 tuin
404 223 428 247 in
446 222 542 247 litteras
558 221 667 246 relatum
682 221 724 246 nit.
754 222 794 245 iifl,
812 220 916 246 Manent
931 220 995 246 inu-e
1017 239 1019 242 -

207 259 306 285 litterae·
319 259 413 288 ‚uit--ti,
431 263 549 287 main-nt.
566 263 602 287 et,
619 257 683 282 dum
698 258 747 282 erit
762 257 804 282 illa
820 258 922 286 cit-itan,
940 266 995 282 ma-
1017 270 1025 279 ,ι

207 297 316 322 nebunt.
350 297 441 321 lta-vein
456 297 526 321 enim
542 304 620 320 naves
637 295 710 319 iussu
728 294 754 319 l..
772 294 895 319 Murenae
911 303 996 328 popu-

207 334 248 359 lns
264 333 383 359 Milesius
402 342 433 358 ex
454 332 564 366 pecunia
586 331 705 363 vectigali
726 331 816 364 populi
834 331 942 357 llomuni
959 330 995 356 le-

205 375 282 399 verat,
299 371 367 395 siout
382 379 428 403 pro
442 378 488 394 sna
504 377 624 403 qum-que
639 373 711 402 parte
725 368 802 393 Asine
816 373 916 393 veterae
929 369 996 394 civi-

206 412 279 433 tates.
315 407 490 437 Quamobrem
508 414 586 431 unam
602 414 633 430 ex
648 405 748 433 decem,
766 413 816 430 non
833 405 994 439 praedonum

206 445 342 478 repentino
356 443 480 472 adventu,
497 442 542 468 mi
559 442 636 475 legati
653 441 800 473 latrociniiu
823 451 873 468 non
889 443 913 468 vi
930 447 996 468 tem-

206 482 326 516 pestatis,
343 480 388 505 aed
405 480 452 505 hac
467 479 585 505 horribili
602 484 754 513 tempestate
768 479 899 505 sociorum
914 480 994 505 umis-

204 528 270 546 sain.
288 518 312 543 in
330 517 426 542 litteras
442 516 562 550 publicas
578 516 734 542 retulerunt.
761 518 802 542 90.
817 517 885 542 Sunt
899 517 995 542 nomae

207 555 283 586 legati
300 554 408 583 Mili-sii,
427 554 547 579 homines
562 553 722 580 nobilissimi
738 563 767 579 ac
782 554 916 588 principes
929 554 996 580 eivi-

205 592 277 618 tatis:
299 592 354 625 qui,
372 591 475 616 tametsi
491 600 610 616 mensem
626 591 800 617 Februarium
815 596 840 616 et
853 591 994 617 consulum

203 628 402 661 designatorum
418 637 512 654 nomen
532 632 698 662 exspectant,
720 633 806 654 tamen
827 628 874 654 hoc
894 633 994 654 tantum

205 665 306 691 lacinus
321 674 371 691 non
387 665 465 691 modo
480 675 574 701 negare
589 666 750 700 interrogati,
766 665 812 691 sed
828 675 860 691 ne
875 666 994 700 producti

202 702 310 737 quidem
327 703 434 728 reticere
449 707 584 737 poterunt:
601 703 698 732 dicent,
715 704 833 737 inquam,
850 708 875 728 et
889 703 996 736 religio-

204 749 235 766 ne
253 739 360 766 adducti
379 744 404 766 et
422 739 626 766 domesticarum
647 739 735 775 legum
755 745 840 770 metu,
864 740 931 774 quid
950 740 996 766 illo

203 786 363 812 myoparone
383 777 480 803 lactum
500 778 543 803 sit.
584 777 729 803 Ostendi-nt
748 778 776 803 C.
793 778 900 803 Verrem
920 778 945 803 in
965 786 993 803 ea

202 814 300 845 classe,
328 823 396 849 quae
418 819 506 841 contra
530 815 627 849 piratas
650 815 784 841 aedificata
807 815 854 846 sit,
883 815 993 850 piratam

202 851 292 886 ipsum
306 851 513 878 consceleratum
529 851 622 878 luisse.
820 883 823 886 ι

258 889 381 915 XXXVI.
401 890 431 915 C.
448 889 581 920 Malleolo,
607 893 746 924 quaestore
765 889 813 915 Cn.
834 888 991 919 Dolabellae,

201 926 302 957 occiso,
327 926 394 952 duas
412 927 463 952 sibi
484 926 641 952 hereditates
660 927 765 952 venisse
784 927 925 952 arbitratus
945 931 991 955 est,

202 971 282 989 unam
297 964 462 998 quaestoriae
477 964 683 998 procurationis;
701 972 760 989 nam
773 972 785 989 a
798 963 929 990 Dolabella
940 969 994 989 sta-

202 1001 249 1026 tim
269 1009 315 1035 pro
333 1006 471 1035 quaestore
491 1002 581 1027 iussus
600 1005 640 1026 est
658 1010 729 1027 esse:
754 1000 862 1027 alteram
882 1001 991 1028 tutelae:
1014 1019 1023 1037 ¹,

1021 1049 1023 1064 :
1045 1046 1131 1072 neque
1146 1047 1175 1064 ea
1190 1043 1314 1068 sumeret,
1332 1047 1378 1073 pro
1393 1039 1435 1064 his
1449 1039 1529 1065 rebus
1543 1040 1683 1074 pecuniam
1697 1040 1837 1075 exigeret.)

202 1046 271 1069 nam,
288 1047 373 1073 quum
389 1038 484 1073 pupilli
500 1038 614 1064 Malleoli
630 1042 699 1064 tutor
712 1042 794 1069 esset,
811 1039 838 1064 in
853 1038 920 1064 bona
935 1039 992 1064 eius

201 1076 330 1110 impetum
346 1075 416 1101 lecit.
446 1077 486 1102 91.
503 1076 568 1101 Nam
584 1075 722 1101 Malleolus
736 1076 763 1101 in
778 1076 940 1110 provinciam
955 1076 993 1101 sic

200 1113 306 1147 copiose
325 1112 459 1147 profectus
477 1118 543 1144 erat¹
565 1117 593 1139 ut
613 1112 684 1138 domi
703 1121 812 1147 prorsus
831 1113 896 1139 nibil
912 1113 993 1139 relin-

199 1155 305 1184 queret;
322 1155 453 1184 praeterea
469 1150 595 1184 pecunias
609 1154 749 1184 occuparat
762 1149 834 1184 apud
844 1150 957 1185 populos
968 1154 993 1176 et

199 1188 366 1223 syngraphas
390 1187 498 1213 fecerat:
526 1187 627 1223 argenti
654 1187 747 1222 optimi
774 1187 865 1213 caelati
892 1187 992 1223 grande

200 1224 305 1259 pondus
319 1233 409 1251 seeum
425 1225 532 1251 tulerat:
548 1225 619 1260 (nam
630 1224 674 1250 ille
684 1233 792 1259 quoque
803 1224 902 1251 sodalis
913 1225 992 1251 istius

199 1266 254 1288 erat
268 1262 294 1288 in
309 1262 358 1288 hoc
372 1262 463 1288 morbo
481 1267 506 1288 et
522 1261 692 1297 cupiditate:)
709 1262 810 1297 grande
827 1262 932 1297 pondus
951 1271 992 1288 ar-

198 1301 279 1334 genti,
297 1298 424 1326 familiam
435 1308 567 1335 magnam,
583 1299 681 1326 multos
691 1299 813 1330 artifices,
831 1298 928 1325 multos
939 1299 992 1325 sor-

199 1345 287 1363 mosos
307 1337 428 1363 homines
446 1337 597 1372 reliquerat.
639 1337 702 1367 Iste,
723 1336 795 1371 quod
814 1337 915 1372 argenti
935 1337 992 1371 pla-

198 1375 265 1404 cuit,
286 1374 397 1400 invasit:
421 1383 490 1409 quae
509 1374 640 1408 mancipia
659 1373 756 1405 voluit,
777 1374 903 1400 abduxit:
929 1374 991 1400 vina

198 1415 350 1446 ceteraque,
367 1420 435 1446 quae
449 1412 476 1438 in
490 1411 552 1438 Asia
567 1411 693 1438 facillime
707 1416 906 1446 comparantur,
922 1419 990 1446 quae

198 1448 243 1475 ille
253 1448 404 1484 reliquerat,
417 1449 574 1484 asportavit:
591 1448 692 1484 reliqua
703 1448 832 1479 vendidit,
849 1449 990 1483 pecuniam

197 1486 295 1521 exegit.
317 1487 358 1512 92.
370 1486 460 1518 Quum
474 1495 536 1513 eum
550 1486 583 1512 ad
597 1486 651 1513 H—S
666 1486 748 1512 vicies
759 1486 904 1521 quinquies
915 1486 991 1512 rede-

196 1524 269 1559 gisse
290 1528 433 1550 constaret:
459 1528 487 1550 ut
510 1524 619 1550 Romam
642 1523 733 1555 rediit,
754 1522 856 1549 nullam
877 1523 989 1549 litteram

196 1560 313 1595 pupillo,
334 1560 435 1587 nullam
451 1561 526 1587 matri
541 1561 612 1592 eius,
633 1560 734 1587 nullam
754 1560 887 1587 tutoribus
901 1560 990 1586 reddi·
1017 1584 1019 1590 ,

196 1597 248 1624 dit:
270 1606 361 1624 servos
375 1598 488 1625 artifices
503 1598 600 1633 pupilli
615 1607 700 1633 quum
715 1597 823 1624 haberet
837 1597 922 1628 domi,
938 1598 990 1624 cir-

196 1643 258 1661 cum
284 1635 365 1670 pedes
392 1640 480 1662 autem
507 1635 628 1662 homines
650 1635 780 1662 formosos
798 1639 823 1661 et
846 1634 987 1667 litteratos;

196 1680 260 1699 suos
278 1680 336 1699 esse
355 1672 471 1704 dicebat,
491 1681 520 1698 se
534 1673 641 1699 emisse.
681 1672 770 1704 Quum
784 1672 892 1706 saepius
907 1676 989 1698 mater

196 1714 222 1736 et
235 1710 293 1736 avia
308 1710 383 1744 pueri
398 1709 575 1744 postularent,
596 1709 648 1740 uti,
669 1710 692 1736 si
707 1717 758 1736 non
773 1709 892 1735 redderet
906 1717 989 1743 pecu-

196 1747 267 1773 niam
286 1755 334 1773 nec
352 1747 478 1773 rationem
497 1747 583 1778 daret,
608 1746 707 1773 diceret
724 1746 831 1778 saltem,
856 1751 988 1780 quantum

196 1784 325 1818 pecuniae
342 1783 457 1810 Malleoli
476 1784 651 1819 deportasset:
676 1792 690 1810 a
713 1783 805 1810 multis
828 1783 987 1819 efflagitatus

196 1821 340 1856 aliquando
353 1821 422 1847 dixit
436 1821 499 1847 1{-S
514 1821 615 1848 decies:
636 1821 732 1847 deinde
745 1821 773 1847 in
787 1820 886 1848 codicis
901 1826 988 1847 extre-
1015 1834 1017 1851 ,v

1015 1862 1017 1872 ¹
1038 1858 1182 1884 criminum
1202 1857 1356 1887 liberarent,
1381 1866 1436 1893 quo
1453 1866 1502 1893 ego
1520 1857 1629 1888 venem,
1654 1857 1831 1884 descensuros

196 1866 238 1884 ma
252 1866 310 1885 cera
324 1867 420 1885 nomen
434 1858 557 1885 intimum
572 1859 598 1885 in
614 1857 742 1894 flagitiosa
757 1858 835 1884 litura
849 1858 924 1884 fecit:
941 1866 987 1884 ex-

195 1904 277 1930 pensa
291 1895 464 1931 Chrysogono
477 1904 554 1922 servo
567 1895 630 1922 H-S
645 1900 768 1922 sexcenta
783 1895 867 1922 millia
881 1899 986 1930 accepta

195 1932 300 1968 pupillo
318 1932 440 1960 Malleolo
463 1932 562 1959 retulit.

195 1974 318 1996 sexcenta
335 1971 390 1996 sint
407 1970 488 1997 facta:
508 1970 642 2005 quomodo
658 1978 692 1995 nc
712 1969 805 1996 eodem
824 1970 903 1996 modo
919 1978 987 2004 qua-

194 2007 304 2038 drarint,
321 2012 349 2033 ιιι
364 2007 409 2033 illa
423 2008 456 2033 de
469 2007 517 2034 Cn.
534 2007 661 2034 Carbonis
675 2007 796 2041 pecunia,
814 2007 916 2042 reliqua
930 2007 986 2033 u-S

194 2049 318 2072 sexcenta
341 2044 407 2070 sacta
429 2045 495 2071 sint:
524 2044 658 2079 quomodo
675 2044 847 2079 Chrysogono
869 2052 986 2079 expensa

195 2082 246 2109 lata
260 2082 325 2108 sint:
341 2090 389 2108 cur
402 2082 428 2108 id
443 2090 538 2108 nomen
552 2081 676 2108 infimum
691 2081 717 2108 in
733 2082 865 2116 lituraque
879 2082 922 2113 sit,
939 2090 986 2108 vos

194 2119 391 2146 existimabitis.
416 2121 456 2145 93.
472 2119 571 2145 Tamen
585 2118 649 2145 H-S
663 2123 786 2145 sexcenta
801 2118 885 2145 millia
900 2127 986 2154 quum

195 2161 300 2192 accepta
318 2155 465 2187 retulisset,
491 2156 554 2183 u-S
576 2156 771 2191 quinquaginta
794 2155 878 2182 millia
900 2156 986 2182 soluta

195 2203 246 2221 non
260 2198 332 2220 sunt.
363 2194 497 2225 Homines,
514 2198 687 2228 posteaquam
702 2201 763 2219 reus
777 2192 862 2219 sactus
876 2197 924 2224 est,
940 2193 987 2220 alii

194 2231 303 2262 redditi,
323 2230 368 2257 alii
383 2231 461 2257 etiam
475 2239 546 2257 nunc
560 2231 720 2257 retinentur:
746 2230 851 2265 peculia
864 2231 986 2257 omnium

194 2269 340 2303 vicariique
354 2269 509 2294 retinentur.

247 2305 382 2331 xxxvn.
404 2305 472 2332 Haec
489 2310 529 2331 est
546 2305 625 2331 istius
647 2304 780 2339 praeclara
803 2304 894 2331 tutela.
933 2305 983 2336 En,

193 2343 236 2369 cui
251 2347 310 2369 tuos
325 2342 422 2369 liberos
435 2343 599 2369 committas:
615 2351 648 2368 en
663 2343 789 2368 memoria
801 2342 897 2368 mortui
908 2342 987 2368 soda-

195 2379 240 2406 lis:
257 2388 289 2406 en
304 2384 390 2406 metus
406 2380 529 2407 vivorum
543 2380 756 2406 existimationis.
790 2379 880 2411 Quum
895 2379 942 2406 tibi
957 2387 986 2405 se

193 2421 244 2442 tota
259 2417 321 2443 Asia
334 2417 499 2451 spoliandam
513 2426 543 2443 ac
557 2417 704 2443 vexandam
719 2416 883 2443 tradidisset:
899 2425 984 2451 quum

194 2454 242 2479 tibi
256 2455 374 2488 exposita
388 2459 458 2480 esset
471 2455 558 2481 omnis
572 2454 605 2480 ad
619 2453 800 2488 praedandum
811 2453 982 2489 Pamphylia:

193 2495 332 2516 contentus
347 2491 388 2517 his
403 2496 456 2517 tam
469 2492 566 2526 opimis
581 2491 661 2517 rebus
675 2499 727 2517 non
747 2490 835 2516 suisti:
856 2499 952 2516 manus
970 2499 984 2516 a

195 2527 290 2557 tutela,
312 2537 406 2553 manus
420 2537 433 2554 a
448 2528 565 2563 pupillo,
582 2537 677 2554 manus
691 2536 705 2553 a
719 2527 819 2554 sodalis
833 2527 888 2554 filio
900 2527 985 2554 absti-

195 2572 255 2590 nere
270 2573 321 2590 non
336 2565 464 2598 potuisti?
488 2566 542 2592 lam
560 2570 585 2591 te
604 2574 656 2591 non
670 2564 767 2595 siculi,
788 2573 840 2590 non
858 2569 981 2595 aratores,

192 2604 231 2635 (ut
246 2601 371 2636 dictitas,)
384 2602 610 2629 circumveniunt:
626 2610 678 2628 non
692 2601 729 2632 hi,
744 2601 792 2636 qui
803 2601 916 2627 decretis
926 2601 984 2627 edi-

192 2638 297 2672 ctisque
311 2638 364 2663 tuis
378 2639 405 2664 in
419 2643 444 2664 te
456 2640 578 2665 concitati
593 2639 737 2673 infestique
750 2642 826 2664 sunt:
843 2637 982 2664 Malleolus

193 2683 207 2700 a
226 2683 268 2701 me
286 2674 430 2710 productus
449 2680 488 2702 est
507 2680 531 2702 et
549 2681 631 2702 mater
648 2676 706 2702 eius
721 2680 800 2710 atque
813 2675 885 2702 avia:
913 2683 982 2710 quae

602 1932 740 1965 Quomodo
760 1941 794 1959 ex
815 1932 904 1959 decies
922 1932 986 1959 fl—S
1014 1953 1015 1963 ,

1015 1975 1016 1979 ¹
1038 1970 1098 1996 dem
1119 1969 1192 1996 locus
1211 1969 1238 1995 in
1257 1970 1324 1995 meis
1346 1969 1439 1995 castris
1461 1970 1588 2004 cuiquam
1610 1969 1669 1995 fuit.

1016 220 1026 232 ll

1016 303 1025 332 *l

1015 931 1017 934 ⁴
1047 935 1153 952 necesse
1167 926 1347 953 demonstrare
1363 928 1460 953 verbis.

1021 1113 1023 1124 ³
1045 1111 1116 1138 litem
1131 1121 1189 1138 esse
1203 1113 1377 1139 aestimatam.

1013 1300 1014 1303 ’
1042 1308 1117 1329 ouon
1136 1309 1150 1325 Α
1168 1308 1299 1325 consinsi
1318 1308 1480 1326 nitunt-u.

986 150 1260 176 ‹Lttjtz'tioxts

1049 220 1159 245 inim-ran
1178 219 1268 246 ssetites
1287 229 1410 247 avernum
1429 231 1442 247 a
1462 227 1485 248 te
1508 231 1620 257 puerum
1646 223 1737 257 patriis
1761 223 1837 250 bonis

1047 266 1106 281 ense
1119 257 1252 282 dixerunt.
1294 258 1335 283 95.
1355 259 1424 289 Quid
1442 262 1598 293 euin-ctas?
1618 261 1656 285 An
1670 259 1734 286 dum
1749 260 1782 286 ab
1797 261 1838 286 in-

1049 293 1110 319 seris
1130 293 1174 319 ille
1189 294 1328 319 Malleolus
1346 296 1455 321 (exsistat
1473 302 1552 331 atque
1570 297 1617 322 abs
1631 302 1655 322 te
1668 296 1754 323 ollicia
1769 302 1838 323 tute-

1049 330 1096 359 lae,
1113 330 1259 356 sodalitatis
1274 331 1513 368 familiaritatisque
1527 333 1642 368 flagitet?
1656 334 1746 368 ipsum
1761 339 1838 368 puta-

1048 373 1073 393 to
1087 367 1189 393 adi-nse.
1231 368 1313 394 lloino
1330 370 1485 396 avarissime
1503 376 1528 396 et
1545 372 1733 405 spureissime,
1758 371 1838 397 redde

1049 405 1114 430 bona
1134 404 1232 430 sodalis
1251 405 1318 431 lilio:
1344 406 1366 431 ai
1386 415 1436 432 non
1459 416 1528 442 quae
1549 408 1697 438 abstulisti3
1723 413 1748 434 at
1769 417 1838 443 quae

1047 441 1186 467 «onst-‚usus
1205 442 1246 467 es!
1269 443 1323 468 Cur
1339 444 1412 476 cunis
1431 443 1529 470 sodalis
1547 445 1631 471 lilium
1647 445 1713 471 hanc
1725 446 1837 480 primam

1049 480 1074 504 in
1098 478 1152 505 [οι-ο
1176 488 1266 505 vocem
1290 489 1350 505 cum
1369 479 1458 506 dolore
1476 486 1501 507 et
1518 483 1683 516 querimonia
1702 482 1839 509 emittere?

1047 525 1094 542 cur
1108 516 1206 542 nodulis
1222 525 1340 546 uxorem,
1356 518 1455 544 mutatis
1468 527 1583 548 socrum,
1599 518 1708 545 domurn
1722 520 1838 555 denique

1049 558 1126 579 totam
1146 554 1244 579 sodalis
1264 555 1360 580 mortui
1379 560 1466 580 contra
1487 560 1510 581 te
1531 556 1711 583 testimonium
1733 556 1839 583 dicere?

1047 599 1094 616 «rur
1113 592 1322 625 pudentissimas
1343 591 1553 627 lectissimasque
1568 592 1680 619 seminas
1695 595 1721 620 in
1736 599 1837 621 tantum

1050 628 1164 654 virorum
1184 634 1343 654 conventum
1364 629 1483 655 inmtitas
1503 630 1653 665 invitasque
1672 630 1776 664 prodire
1793 640 1838 658 co-

1047 665 1107 700 gis?
1127 666 1214 692 Recita
1233 666 1352 692 omnium
1369 667 1526 693 testimonia.
1568 676 1768 694 ιιιτιιυκιυιι
1783 678 1837 695 ιΑ-

1046 711 1109 728 nus
1127 711 1161 728 m
1181 712 1278 729 minz.

1100 739 1244 766 xxxviii.
1265 742 1306 766 955.
1332 741 1381 767 Pro
1398 746 1538 776 quaestore
1557 751 1619 768 vero
1635 742 1770 777 quomodo
1788 743 1837 770 iste

1046 786 1187 803 commune
1199 777 1343 812 Milyadum
1361 779 1470 808 vexarit,
1486 779 1620 814 quomodo
1631 779 1746 815 Lyciam,
1761 780 1838 806 Pam-

1048 814 1175 849 phyliam,
1193 815 1318 841 Pisidiam
1334 815 1532 851 Phrygiamque
1547 822 1624 842 totam
1641 816 1772 843 frumento
1786 818 1837 843 im·

1047 852 1170 886 perando,
1183 853 1356 883 aestimando,
1372 853 1420 879 hac
1430 862 1487 882 sua,
1504 859 1651 888 quamtum
1664 855 1779 888 primum
1790 863 1837 880 ex-

1045 889 1183 924 cogitavit,
1209 889 1342 916 Siciliensi
1362 891 1542 917 aestimatione
1560 890 1695 922 afflixerit,
1722 900 1773 918 non
1797 896 1837 917 est

1501 928 1553 954 Hoc
1567 929 1672 954 scitote:
1693 928 1735 954 his
1751 929 1836 955 nomi-

1046 964 1138 993 nibus,
1159 964 1236 998 (quae
1250 973 1291 990 res
1306 973 1352 998 per
1366 973 1426 990 eum
1441 970 1530 999 gestae
1544 970 1620 995 sunt,
1635 974 1720 1000 quum
1735 967 1785 992 istc
1798 967 1837 992 ci-

1046 1001 1172 1026 vitatibus
1187 1000 1360 1031 trumentum,
1377 1003 1454 1032 coria,
1471 1002 1565 1033 cilicia,
1581 1011 1671 1028 saccos
1685 1003 1834 1037 imperaret,

1045 1075 1086 1100 his
1106 1076 1259 1101 nominibus
1278 1075 1356 1106 sotis,
1381 1076 1428 1102 Cn.
1449 1076 1597 1103 Dolabellae
1617 1076 1679 1103 tt-s·
1696 1076 1729 1103 ad
1748 1077 1836 1103 tricies

1418 1112 1490 1145 Quae
1504 1115 1606 1144 omnia,
1621 1114 1725 1140 etiamsi
1740 1114 1836 1140 volun-

1045 1154 1095 1175 tate
1109 1149 1259 1176 Dolabellae
1274 1150 1383 1180 nebant.
1400 1159 1447 1185 per
1460 1151 1542 1177 istum
1557 1156 1644 1177 tamen
1657 1152 1745 1177 omnia
1759 1159 1836 1187 gere—

1044 1186 1149 1213 bantur.
1190 1188 1232 1213 96.
1252 1187 1401 1214 Consistam
1416 1188 1443 1214 in
1457 1197 1511 1214 uno
1525 1189 1645 1214 nomine:
1666 1188 1750 1214 multa
1763 1189 1834 1215 enim

1043 1229 1106 1250 sunt
1119 1233 1152 1251 ex
1166 1224 1258 1251 eodem
1272 1233 1378 1260 genere.
1419 1225 1517 1251 Recita.
1548 1234 1582 1252 ni:
1601 1234 1716 1252 tiri-cs
1733 1234 1835 1252 aes-ri·

1043 1270 1129 1288 unis
1155 1271 1197 1288 cs.
1222 1271 1413 1288 nonnosum:
1441 1272 1482 1288 ιηι.
1507 1271 1655 1289 neusin
1679 1271 1833 1289 nemean:

1521 1299 1557 1326 Te
1576 1299 1640 1326 haee
1657 1300 1789 1335 coegisse,
1810 1305 1835 1326 te

1042 1337 1208 1366 aestimasse,
1226 1337 1273 1362 tibi
1289 1337 1428 1371 pecuniam
1443 1341 1607 1363 numeratam
1622 1345 1680 1363 esse
1693 1337 1766 1363 dico:
1791 1345 1835 1363 ea-

1041 1373 1157 1408 demque
1171 1374 1196 1399 vi
1211 1378 1237 1399 et
1250 1374 1356 1404 iniuria.
1373 1382 1457 1408 quum
1473 1375 1599 1408 pecunias
1613 1374 1744 1400 maximas
1757 1382 1835 1409 eoge-

1042 1419 1096 1441 res,
1122 1419 1169 1445 per
1186 1419 1279 1437 omnes
1298 1416 1384 1445 partes
1403 1411 1555 1446 provinciae
1573 1417 1609 1442 te,
1636 1416 1771 1446 tamquam
1785 1410 1835 1438 ali·

1041 1457 1122 1483 quam
1133 1447 1313 1474 calamitosam
1329 1453 1511 1483 tempestatem
1527 1453 1682 1484 pestemque
1701 1449 1834 1483 pervasis-

1041 1494 1069 1511 se
1083 1485 1245 1512 demonstro.
1285 1487 1327 1512 97.
1351 1486 1442 1521 Itaque
1456 1486 1492 1512 M.
1508 1486 1638 1516 Scaurus,
1658 1486 1705 1521 qui
1719 1486 1767 1513 Cn.
1783 1486 1834 1512 Do-

1042 1522 1165 1549 labellam
1179 1523 1327 1553 accusavit,
1349 1524 1432 1549 istum
1446 1524 1473 1550 in
1487 1532 1536 1549 sua
1550 1528 1677 1558 potestate
1691 1532 1720 1550 nc
1733 1523 1834 1550 ditione

1041 1560 1134 1586 tenuit.
1174 1560 1257 1586 Homo
1275 1559 1429 1586 adolescens
1442 1569 1526 1595 quum
1542 1561 1621 1587 istius
1633 1561 1660 1586 in
1673 1561 1834 1595 inquirendo

1041 1597 1124 1624 multa
1139 1596 1207 1623 furta
1223 1605 1253 1623 ac
1266 1596 1363 1633 flagitia
1377 1602 1554 1633 cognosceret,
1571 1597 1631 1624 fecit
1645 1598 1727 1632 perite
1740 1602 1766 1624 et
1778 1597 1833 1623 ml-

1041 1634 1107 1661 lide:
1131 1634 1257 1660 volumen
1275 1635 1333 1660 eius
1351 1643 1440 1661 rerum
1457 1639 1595 1670 gestarum
1617 1635 1765 1661 maximum
1787 1635 1832 1661 isti

1039 1671 1168 1698 ostendit:
1184 1671 1216 1697 ab
1231 1671 1346 1702 homine,
1362 1680 1431 1706 quae
1446 1671 1538 1702 voluit,
1554 1672 1582 1698 in
1596 1671 1757 1698 Dolabellam
1771 1672 1833 1698 abs-

1039 1708 1112 1735 tulit:
1138 1709 1220 1735 istum
1234 1713 1327 1735 testem
1347 1709 1485 1743 produxit:
1509 1708 1577 1735 dixit
1594 1709 1656 1739 iste,
1676 1717 1746 1743 quae
1764 1708 1832 1736 velle

1039 1750 1218 1772 accusatorem
1237 1746 1349 1780 putavit.
1389 1745 1448 1778 Quo
1466 1755 1500 1772 ex
1516 1754 1612 1782 genere
1630 1746 1696 1772 mihi
1711 1747 1829 1777 testium,

1039 1784 1087 1818 qui
1101 1792 1163 1809 cum
1177 1783 1228 1809 isto
1242 1783 1322 1809 furati
1335 1788 1407 1814 sunt,
1423 1784 1446 1809 si
1462 1784 1500 1809 uti
1511 1784 1666 1813 voluissem,
1682 1791 1832 1819 magnaeo-

1039 1821 1082 1855 pia
1100 1820 1208 1847 fuisset:
1229 1821 1276 1855 qui
1295 1825 1323 1846 ut
1341 1828 1369 1846 se
1387 1820 1506 1855 periculo
1525 1820 1626 1851 litium,
1646 1821 1832 1847 coniunctione

1038 1895 1242 1930 pollicebantur.
1282 1896 1324 1921 98.
1344 1895 1443 1921 Eorum
1461 1903 1511 1930 ego
1528 1895 1691 1921 voluntatem
1709 1895 1831 1921 omnium

1038 1932 1187 1967 repudiavi.
1210 1933 1268 1958 Non
1283 1931 1360 1958 modo
1374 1932 1509 1967 proditori,
1525 1932 1572 1958 sed
1587 1940 1619 1958 ne
1633 1931 1760 1967 perfugae
1769 1932 1831 1967 qui-

1710 1969 1832 1996 Forsitan

1038 2007 1160 2033 meliores
1171 2006 1211 2033 illi
1221 2011 1386 2033 accusatores
1397 2006 1511 2033 habendi
1521 2011 1593 2037 sunt,
1609 2007 1656 2041 qui
1667 2006 1732 2032 haec
1741 2006 1831 2033 omnia

1038 2044 1165 2070 fecerunt.
1188 2044 1224 2070 Ita
1238 2048 1292 2070 est:
1307 2043 1354 2070 sed
1364 2052 1413 2079 ego
1423 2043 1590 2070 defensorem
1601 2044 1628 2070 in
1639 2051 1695 2070 mea
1707 2051 1827 2078 persona,

1038 2090 1090 2108 non
1103 2086 1291 2111 accusatorem,
1308 2082 1424 2107 maxime
1438 2080 1539 2107 laudari
1554 2080 1622 2107 volo.
1659 2081 1783 2107 Rationes
1795 2080 1830 2107 ad

1037 2119 1181 2149 aerarium,
1198 2123 1340 2153 antequam
1354 2117 1487 2145 Dolabella
1499 2117 1691 2145 condemnatus
1703 2123 1757 2149 est,
1777 2126 1830 2144 non

1014 2155 1016 2172 ¹*
1037 2156 1117 2183 audet
1134 2155 1244 2182 referre:
1269 2156 1392 2190 impetrat
1405 2164 1419 2181 a
1432 2159 1539 2186 senatu,
1559 2160 1589 2181 ut
1601 2154 1660 2181 dies
1672 2155 1724 2181 sibi
1738 2162 1830 2189 proro-

1036 2198 1151 2229 garetur,
1167 2192 1240 2228 quod
1255 2192 1358 2219 tabulas
1372 2201 1435 2219 suas
1448 2192 1482 2219 ab
1495 2192 1693 2219 accusatoribus
1705 2191 1829 2218 Dolabel-

1038 2231 1078 2257 lae
1091 2230 1244 2265 obsignatas
1257 2229 1369 2256 diceret:
1385 2229 1495 2265 proinde
1508 2230 1586 2265 quasi
1599 2228 1765 2255 exscribendi
1780 2237 1829 2264 po-

1037 2272 1158 2294 testatem
1173 2276 1224 2293 non
1238 2267 1356 2293 haberet.
1396 2266 1474 2293 Solus
1488 2271 1528 2293 est
1542 2267 1598 2297 hic,
1617 2266 1666 2301 qui
1679 2274 1827 2301 numquam

1036 2305 1150 2331 rationes
1164 2304 1197 2330 ad
1210 2304 1340 2330 aerarium
1351 2303 1455 2330 referat.
1476 2303 1604 2330 XXXIX.
1614 2302 1735 2329 Audistis
1745 2311 1828 2338 quae-

1036 2342 1144 2368 storiam
1159 2341 1287 2368 rationem
1301 2341 1388 2367 tribus
1399 2340 1539 2367 versiculis
1549 2339 1671 2367 relatam:
1688 2339 1827 2376 legationis

1036 2387 1101 2410 non,
1122 2379 1174 2405 nisi
1191 2378 1366 2405 condemnato
1379 2383 1405 2404 et
1417 2379 1499 2404 eiecto
1511 2385 1554 2408 eo,
1574 2377 1621 2412 qui
1636 2382 1725 2412 posset
1738 2385 1828 2412 repre-

1013 2422 1015 2428 ’
1036 2416 1164 2442 bendere:
1185 2424 1256 2442 nunc
1274 2415 1390 2450 denique
1408 2419 1556 2450 praeturae,
1576 2423 1658 2449 quam
1671 2422 1704 2441 ex
1718 2420 1826 2440 senatus

1035 2453 1156 2480 consulto
1169 2453 1259 2479 statim
1273 2451 1370 2479 referre
1383 2452 1488 2482 debuit,
1508 2459 1596 2486 usque
1609 2451 1643 2478 ad
1657 2451 1706 2478 hoc
1719 2456 1826 2486 tempus

1035 2499 1088 2517 non
1101 2489 1201 2516 retulit.
1233 2491 1274 2516 99.
1289 2486 1467 2525 Quaestore[s]
1482 2497 1511 2514 se
1524 2489 1552 2515 in
1565 2493 1659 2515 senatu
1673 2493 1825 2523 exspectat-e

1034 2527 1116 2554 dixit:
1136 2526 1246 2562 proinde
1263 2526 1341 2561 quasi
1359 2534 1424 2557 non,
1445 2531 1474 2551 ut
1487 2530 1612 2560 quaestor
1624 2526 1682 2551 sine
1695 2530 1822 2560 praetore,

1036 2569 1125 2599 posset
1142 2564 1270 2590 rationem
1289 2562 1385 2589 referre
1402 2562 1442 2598 (ut
1460 2567 1501 2593 tu,
1521 2563 1656 2593 Hortensi,
1676 2567 1706 2588 ut
1721 2562 1825 2596 omnes)

1034 2601 1126 2628 eodem
1141 2600 1219 2627 modo
1232 2601 1290 2627 sine
1302 2604 1442 2634 quaestore
1455 2604 1568 2634 praetor.
1593 2599 1672 2630 Dixit,
1688 2598 1760 2625 idem
1773 2599 1820 2626 Do-

1035 2637 1158 2664 labellam
1171 2638 1336 2672 impetrasse.
1376 2636 1461 2663 Omen
1475 2637 1560 2672 magis
1573 2636 1694 2671 patribus
1707 2637 1824 2663 conscri-

1034 2675 1094 2710 ptis,
1107 2683 1189 2710 quam
1199 2682 1293 2701 caussa
1303 2673 1416 2709 placuit:
1428 2673 1615 2709 probaverunt.
1632 2673 1730 2700 Verum
1741 2681 1823 2708 quae-

1898 1947 1905 1964 t'

1898 1967 1905 1987 ,⁴

1934 2323 1941 2711 nv=0⁶,v.-„-—.—ss-
1940 2285 1941 2301 „e
