1941 3052
356 147 402 172 IN
434 144 1089 179 Q.CAEC¹L1UMDIVINAT10.
1124 145 1404 171 CAP.l4——20.
1652 148 1700 173 239

62 224 123 246 tere.
147 218 268 246 Concede
282 218 374 253 igitur,
391 222 420 244 ut
433 218 483 244 tibi
497 222 672 253 anteponatur
686 218 713 244 in
727 225 855 243 accusan-

60 257 94 283 do
108 257 253 291 provincia.
294 257 361 282 Nam
376 256 512 290 provincia
526 260 645 286 accusat,
661 264 747 290 quum
763 255 785 280 is
799 255 855 289 agit

60 303 191 325 caussam,
207 302 288 329 quem
299 294 351 319 sibi
362 293 407 319 illa
419 293 585 319 defensorem
596 294 639 319 sui
650 294 725 324 iuris,
744 291 855 318 ultorem

61 333 228 362 iniuriarum,
245 335 358 357 actorem
372 339 481 357 caussae
496 331 576 357 totius
590 330 733 364 adoptavit.

115 369 198 396 XVII.
218 370 260 395 55.
282 368 315 394 At
333 377 391 394 eam
409 368 458 394 tibi
478 367 506 394 C.
526 368 620 394 Verres
639 367 700 393 fecit
718 367 853 397 iniuriam,

60 415 129 442 quae
147 410 294 433 ceterorum
312 414 420 440 quoque
435 406 536 431 animos
551 409 641 440 posset
654 404 740 430 alieno
754 405 856 430 incom-

61 444 138 470 modo
152 451 328 470 commovere.
357 443 477 468 Minime.
508 443 575 468 Nam
589 442 617 468 id
630 450 739 476 quoque
754 441 785 467 ad
801 450 855 467 rem

60 482 192 516 pertinere
206 480 326 511 arbitror,
343 479 431 514 qualis
446 480 543 506 iniuria
555 479 666 510 dicatur,
683 487 752 513 quae
762 487 856 504 caussa

60 518 261 545 inimicitiarum
280 517 438 552 proferatur.
480 517 635 552 Cognoscite
650 525 683 542 ex
697 524 748 542 me.
789 516 855 541 Nam

59 556 110 582 iste
124 564 182 581 eam
200 554 329 590 profecto,
351 555 403 581 nisi
421 554 500 589 plane
517 553 584 580 nihil
604 554 685 588 sapit,
707 561 855 587 numquam

60 592 184 628 proferet.
206 592 305 628 Agonis
321 596 360 618 est
373 591 504 626 quaedam
516 590 687 626 Lilybaetana
702 590 795 616 liberta
805 590 857 616 Ve-

61 631 131 656 neris
145 630 287 665 Erycinae,
313 637 382 664 quae
405 628 502 655 mulier
520 632 580 654 ante
599 628 670 654 hunc
689 631 856 662 quaestorem

60 668 165 702 copiosa
180 667 258 701 plane
272 671 297 692 et
311 666 430 701 locuples
446 665 505 691 suit.
527 665 568 691 Ab
583 665 631 691 hac
643 664 792 699 praefectus
801 663 857 690 An-

60 705 125 731 tonii
140 705 250 740 quidam
264 703 470 739 symphoniacos
485 711 577 728 servos
591 701 740 728 abducebat
754 710 801 736 per
816 701 857 727 in-

60 743 170 773 iuriam,
191 741 292 776 quibus
309 749 338 766 se
356 741 384 767 in
397 740 482 766 classe
497 740 535 766 uti
550 739 618 766 velle
632 739 746 765 dicebat.
788 739 856 764 Tum

59 779 114 810 illa,
131 784 161 806 ut
174 788 232 805 mos
245 779 273 804 in
287 778 378 804 Sicilia
391 782 431 803 est
444 777 565 803 omnium
579 777 759 803 Venereorum
774 781 799 802 et
812 784 857 801 eo-

60 825 134 848 rum,
154 816 203 851 qui
217 825 231 842 a
244 816 345 843 Venere
359 823 387 841 se
402 814 596 845 liberaverunt,
617 818 647 840 ut
665 813 797 848 praelecto
815 813 855 839 illi

60 853 215 889 religionem
229 853 339 880 Veneris
354 860 504 886 nomenque
518 851 651 882 obiiceret,
669 851 737 877 dixit
750 855 776 876 et
789 860 817 876 se
832 854 857 876 et

58 891 147 918 omnia
161 899 210 917 sua
223 890 333 917 Veneris
347 898 415 916 esse.
456 891 497 915 56.
514 889 564 915 Ubi
579 889 628 915 hoc
642 889 777 923 quaestori
792 888 857 914 Cae-

59 928 133 959 cilio,
154 928 212 954 viro
225 928 326 962 optimo
339 931 364 953 et
382 927 484 953 homini
503 926 680 961 aequissimo,
702 926 855 951 nuntiatum

59 969 112 998 est;
133 966 220 992 vocari
235 965 268 991 ad
282 973 310 991 se
324 964 473 1000 Agonidem
490 964 578 990 iubet:
599 963 730 989 indicium
745 963 789 989 dat
803 967 856 988 sta-

59 1004 120 1034 tim,
137 1003 161 1029 si
175 1006 291 1037 pareret,
311 1010 369 1028 eam
388 1010 416 1027 se
434 1005 460 1028 et
478 1009 526 1027 sua
545 1001 655 1028 Veneris
670 1009 728 1026 esse
742 1000 853 1026 dixisse.

58 1040 179 1066 iudicant
193 1044 389 1075 recuperatores
403 1039 445 1070 id,
466 1038 538 1074 quod
553 1047 661 1064 necesse
675 1041 743 1064 erat:
769 1045 856 1072 neque

59 1078 131 1104 enim
145 1081 200 1104 erat
213 1078 340 1112 cuiquam
354 1076 483 1107 dubium,
499 1076 566 1111 quin
580 1075 626 1102 illa
640 1075 762 1102 dixisset.
804 1076 856 1101 Iste

58 1116 86 1141 in
100 1115 298 1150 possessionem
312 1114 442 1140 bonorum
457 1113 579 1140 mulieris
593 1113 688 1139 mittit:
709 1113 795 1147 ipsam
805 1112 857 1139 Ve-

59 1153 115 1179 neri
129 1153 156 1178 in
171 1152 328 1178 servitutem
338 1151 486 1178 adiudicat:
503 1151 599 1177 deinde
610 1150 677 1177 bona
689 1150 793 1176 vendit:
811 1158 857 1184 pe-

58 1190 165 1216 cuniam
183 1189 289 1225 redigit.
329 1189 379 1220 Ita,
408 1188 474 1215 dum
492 1197 576 1224 pauca
595 1188 727 1222 mancipia
746 1187 856 1215 Veneris

59 1228 166 1254 nomine
185 1226 284 1262 Agonis
303 1235 332 1252 ac
350 1225 479 1262 religione
501 1226 614 1252 retinere
636 1224 707 1256 vult,
736 1224 855 1251 fortunas

58 1273 151 1291 omnes
176 1263 379 1299 libertatemque
401 1272 479 1290 suam
501 1263 580 1289 istius
603 1263 701 1289 iniuria
728 1262 854 1297 perdidit.

58 1301 216 1338 Lilybaeum
223 1301 317 1328 Verres
327 1301 401 1327 venit
412 1305 516 1336 postea:
528 1309 583 1327 rem
594 1300 742 1335 cognoscit:
755 1299 855 1326 sactum

58 1339 204 1374 improbat:
217 1339 288 1374 cogit
297 1343 465 1373 quaestorem
475 1347 556 1364 suum
567 1338 718 1372 pecuniam,
731 1346 812 1372 quam
824 1345 856 1363 ex

57 1376 189 1412 Agonidis
203 1376 280 1402 bonis
295 1375 449 1411 redegisset,
466 1384 523 1401 eam
535 1375 641 1401 mulieri
653 1383 759 1401 omnem
771 1374 857 1400 adnu-

59 1422 160 1440 merare
174 1418 199 1440 et
213 1413 332 1440 reddere.
361 1414 402 1439 57.
414 1413 462 1439 Est
471 1413 567 1444 adhuc,
584 1412 612 1438 id
622 1411 695 1446 quod
706 1421 753 1438 vos
764 1419 856 1438 omnes

58 1451 183 1478 admirari
203 1450 294 1482 video,
315 1459 368 1477 non
385 1450 494 1481 Verres,
514 1449 563 1476 sed
580 1449 611 1482 Q.
628 1449 743 1475 Mucius.
785 1448 855 1481 Quid

58 1489 129 1515 enim
148 1488 233 1514 facere
251 1488 337 1523 potuit
355 1487 503 1523 elegantius
517 1487 551 1514 ad
564 1487 704 1513 hominum
719 1486 857 1512 existima-

58 1525 177 1552 tionem?
193 1526 307 1561 aequius
322 1525 355 1552 ad
370 1525 509 1552 levandam
524 1524 647 1551 mulieris
661 1523 857 1550 calamitatem?

58 1563 245 1590 vehementius
267 1562 301 1589 ad
324 1563 473 1598 quaestoris
500 1562 640 1588 libidinem
666 1560 857 1587 coercendam?

59 1600 170 1627 Summe
192 1600 257 1626 haec
278 1601 367 1626 omnia
390 1599 458 1626 mihi
481 1599 608 1626 videntur
629 1607 688 1625 esse
711 1598 854 1624 laudanda.

58 1637 110 1664 Sed
128 1641 236 1673 repente
254 1645 269 1664 e
287 1637 402 1673 vestigio
425 1645 459 1663 ex
476 1637 585 1663 homine
605 1640 741 1671 tamquam
765 1635 855 1670 aliquo

58 1675 164 1702 Circaeo
174 1674 270 1710 poculo
284 1674 370 1701 factus
384 1678 425 1701 est
434 1674 543 1701 Verres:
560 1673 629 1700 redit
643 1673 676 1699 ad
690 1681 718 1700 se
732 1677 812 1708 atque
823 1673 855 1699 ad

58 1721 145 1740 mores
158 1721 232 1739 suos.
254 1712 321 1738 Nam
335 1720 369 1739 ex
382 1712 427 1738 illa
442 1712 555 1747 pecunia
569 1720 693 1747 magnam
708 1715 809 1745 partem
823 1710 857 1736 ad

58 1758 87 1777 se
101 1750 193 1777 vertit:
210 1749 317 1776 mulieri
331 1749 456 1781 reddidit,
472 1748 635 1784 quantulum
651 1749 740 1775 visum
756 1752 805 1774 est.

111 1787 205 1815 XVIII.
217 1788 259 1814 58.
274 1787 322 1814 Hic
336 1791 374 1818 tu,
390 1787 413 1813 si
429 1786 530 1813 laesum
544 1791 569 1813 te
582 1795 596 1812 a
606 1786 685 1813 Verre
699 1794 758 1812 esse
772 1785 854 1817 dices,

58 1825 143 1860 patiar
156 1829 181 1851 et
194 1824 350 1851 concedam:
374 1825 397 1851 si
411 1824 537 1851 iniuriam
551 1824 600 1850 tibi
615 1823 710 1849 factam
724 1823 854 1858 quereris,

58 1861 200 1889 defendam
218 1866 244 1888 et
261 1862 374 1898 negabo.
414 1861 514 1888 Deinde
533 1861 566 1888 de
585 1861 696 1892 iniuria,
719 1869 789 1895 quae
807 1860 856 1887 tibi

58 1899 126 1926 facta
140 1900 182 1931 sit,
199 1899 333 1926 neminem
349 1903 469 1926 nostrum
483 1899 633 1934 graviorem
648 1897 782 1924 vindicem
798 1906 856 1924 esse

57 1940 168 1972 oportet,
183 1945 265 1972 quam
279 1940 305 1963 te
316 1937 416 1971 ipsum,
432 1936 476 1962 cui
490 1936 557 1962 facta
570 1935 676 1962 dicitur.
715 1935 743 1961 Si
755 1939 783 1961 tu
794 1944 856 1961 cum

56 1973 105 2001 illo
119 1978 209 2009 postea
223 1975 251 2000 in
264 1975 376 2010 gratiam
387 1973 493 2006 redisti;
509 1973 532 1999 si
544 1973 616 1999 domi
628 1972 702 1999 illius
714 1973 856 2007 aliquoties

58 2011 148 2045 fuisti3
163 2011 186 2038 si
198 2011 243 2038 ille
253 2010 325 2046 apud
340 2015 364 2037 te
378 2015 469 2046 postea
483 2011 616 2037 caenavit:
634 2014 724 2036 utrum
739 2014 763 2036 te
777 2010 857 2044 perti—

59 2048 167 2076 diosum
185 2057 218 2074 an
232 2048 469 2083 praevaricatorem
483 2047 630 2074 existimari
646 2046 751 2074 mavis?
773 2047 856 2075 Video

58 2094 117 2113 esse
131 2093 239 2112 necesse
253 2085 424 2112 alterutrum:
440 2085 487 2112 sed
501 2094 551 2121 ego
565 2089 652 2111 tecum
664 2085 691 2111 in
703 2093 733 2111 eo
744 2093 794 2111 non
806 2093 858 2119 pu-

58 2123 155 2160 gnabo¹
171 2131 225 2158 quo
239 2123 340 2154 minus,
355 2126 446 2149 utrum
461 2122 537 2154 velis,
554 2123 647 2158 eligas.
679 2123 721 2148 59.
737 2121 816 2154 Quid,
833 2122 856 2148 si

58 2169 92 2188 ne
106 2160 219 2187 iniuriae
232 2159 352 2195 quidem,
367 2168 437 2194 quae
451 2159 499 2186 tibi
514 2160 546 2186 ab
560 2159 607 2186 illo
622 2159 688 2188 fincta
702 2159 745 2191 sit,
761 2168 855 2186 caussa

59 2197 195 2225 remanet?
208 2197 275 2232 quid
286 2197 377 2228 habes,
390 2196 463 2232 quod
473 2197 561 2232 possis
572 2197 668 2228 dicere,
681 2197 855 2232 quamobrem

58 2243 110 2262 non
126 2234 204 2262 modo
217 2234 297 2266 mihi,
314 2234 362 2260 sed
374 2235 502 2269 cuiquam
516 2233 693 2269 anteponarc‘?
718 2235 775 2260 Nisi
791 2233 855 2260 sorte

58 2272 137 2304 illud,
155 2272 227 2308 quod
239 2272 373 2298 dicturum
386 2275 411 2298 te
422 2280 481 2298 esse
491 2271 579 2303 audio⁷
597 2275 765 2307 quaestorem
781 2271 855 2297 illius

59 2309 153 2336 fuisse.
178 2309 251 2342 Quae
265 2318 359 2335 caussa
373 2309 463 2345 gravis
477 2313 556 2340 esset,
572 2309 595 2335 si
609 2313 722 2335 certares
738 2317 853 2340 mecum,

58 2351 118 2374 uter
132 2351 252 2373 nostrum
266 2346 305 2373 illi
320 2347 430 2372 amicior
443 2354 502 2372 esse
512 2345 634 2372 deberet:
650 2346 677 2372 in
688 2346 855 2372 contentione

59 2384 291 2419 suscipiendarum
311 2384 513 2410 inimicitiarum
533 2382 678 2409 ridiculum
696 2388 736 2409 cst
751 2387 853 2418 putare,

59 2429 181 2448 caussam
195 2421 401 2448 necessitudinis
415 2421 448 2447 ad
463 2420 633 2447 inserendum
649 2420 799 2454 periculum
813 2420 856 2446 iu-

59 2463 127 2486 stam
142 2458 227 2486 videri
241 2463 370 2493 oportere.
411 2460 452 2484 60.
468 2458 583 2488 Etenim,
600 2458 622 2483 si
637 2457 767 2492 plurimas
782 2466 795 2483 a
811 2461 856 2484 tuo

60 2500 178 2531 praetore
191 2496 304 2523 iniurias
318 2496 481 2530 accepisses,
498 2499 585 2521 tamen
597 2503 641 2521 eas
654 2494 761 2521 serendo
773 2495 856 2520 maio-

59 2541 115 2560 rem
131 2533 245 2565 laudem,
262 2542 343 2568 quam
358 2533 512 2560 ulciscendo
526 2540 668 2558 mererere:
694 2540 779 2566 quum
795 2540 856 2558 vero

59 2569 165 2597 nullum
183 2570 259 2597 illius
281 2571 309 2597 in
332 2571 385 2597 vita
403 2571 502 2597 rectius
524 2569 623 2596 sactum
642 2569 690 2600 sit,
715 2577 797 2604 quam
816 2568 853 2600 id,

59 2607 131 2642 quod
142 2611 170 2634 tu
180 2608 305 2634 iniuriam
317 2607 449 2643 appellas3
466 2607 493 2634 hi
505 2611 629 2638 statuent,
643 2606 711 2633 lianc
721 2615 853 2638 caussam,

24 2652 28 2658 ·
59 2652 141 2680 quam
155 2653 188 2671 ne
201 2645 229 2672 in
242 2644 295 2672 alio
311 2644 421 2680 quidem
441 2645 595 2680 probarent,
617 2645 643 2670 in
663 2648 687 2670 te
705 2644 803 2670 iustum
822 2643 855 2670 ad

60 2682 286 2710 necessitudinem
296 2682 448 2709 violandam
460 2681 564 2709 videri?
576 2682 624 2717 qui
634 2681 656 2708 si
667 2689 802 2708 summam
814 2681 855 2708 in-

906 216 1003 242 iuriam
1021 216 1054 242 ab
1072 216 1119 242 illo
1137 217 1274 251 accepisti,
1298 220 1399 247 tamen,
1428 217 1554 251 quoniam
1578 222 1703 250 quaestor

907 255 964 279 eius
979 253 1063 284 fuisti,
1080 262 1131 280 non
1146 258 1220 288 potes
1235 262 1296 280 eum
1310 254 1368 280 sine
1382 253 1436 279 ulla
1451 254 1644 288 vituperatione
1659 263 1702 280 ac-

907 299 1013 317 cusare:
1034 291 1057 316 si
1076 299 1138 317 vero
1152 291 1225 317 nulla
1239 291 1288 317 tibi
1303 291 1369 317 facta
1383 295 1422 317 est
1436 291 1547 322 iniuria,
1572 291 1630 317 sine
1644 300 1701 317 sce-

908 328 960 354 lere
975 336 1037 353 eum
1051 337 1175 354 accusare
1190 337 1242 355 non
1257 333 1340 363 potes.
1371 328 1457 360 Quare
1471 337 1557 363 quum
1572 329 1702 355 incertum

907 366 942 391 sit
956 365 988 391 de
1002 366 1108 396 iniuria,
1125 374 1290 400 quemquam
1306 374 1364 391 esse
1378 366 1473 392 horum
1488 370 1576 400 putas,
1592 366 1639 400 qui
1652 375 1703 392 non

908 402 984 428 malit
1003 407 1027 428 te
1046 403 1104 428 sine
1122 403 1330 437 vituperatione,
1350 412 1431 438 quam
1449 412 1511 429 cum
1530 403 1629 429 scelere
1646 403 1704 429 dis-

907 439 1018 465 eedere‘?

963 477 1036 502 xlx.
1053 479 1094 503 61.
1116 476 1154 503 Ac
1172 477 1247 508 vide,
1267 477 1334 511 quid
1348 477 1449 503 differat
1463 478 1531 503 inter
1546 486 1632 504 meam
1646 478 1706 512 opi-

908 514 1015 540 nionem
1030 523 1059 540 ac
1073 519 1156 540 tuam.
1197 515 1246 545 Tu,
1263 523 1347 549 quum
1362 515 1487 541 omnibus
1502 515 1582 541 rebus
1596 515 1705 541 inferior

908 551 959 582 sis,
980 551 1029 577 hac
1048 560 1100 577 una
1119 552 1146 577 in
1165 560 1192 577 re
1211 556 1235 577 te
1253 552 1320 577 mihi
1339 552 1461 578 anteferri
1482 557 1559 587 putas
1574 557 1702 587 oportere,

908 588 980 623 quod
994 592 1119 622 quaestor
1132 588 1206 614 illius
1226 588 1322 615 fueris:
1348 598 1409 624 ego,
1431 590 1453 615 si
1471 590 1592 624 superior
1609 590 1704 616 ceteris

909 626 989 651 rebus
1003 634 1089 656 esses,
1110 625 1178 651 hanc
1196 634 1278 652 unam
1297 626 1330 652 ob
1348 635 1470 652 caussam
1486 631 1510 652 te
1525 632 1704 653 accusatorem

908 662 1042 697 repudiari
1055 667 1176 697 putarem
1187 668 1316 697 oportere.
1339 663 1382 689 Sic
1393 665 1464 690 enim
1476 673 1489 689 a
1500 665 1645 690 maioribus
1657 673 1706 691 no-

908 701 970 726 stris
981 701 1142 734 aecepimus,
1157 705 1302 734 praetorem
1314 701 1448 735 quaestori
1460 710 1509 727 suo
1520 703 1636 736 parentis
1649 701 1704 728 loco

908 745 967 763 esse
981 741 1114 771 oportere:
1132 737 1234 763 nullam
1251 746 1337 772 neque
1352 738 1490 764 iustiorem
1502 747 1589 773 neque
1598 740 1705 774 gravio-

908 783 963 800 rem
974 783 1096 800 caussam
1110 774 1317 801 necessitudinis
1328 784 1405 809 posse
1416 776 1534 810 reperiri,
1551 785 1631 810 quam
1642 785 1706 802 con-

908 812 1071 838 iunctionem
1095 812 1186 842 sortis,
1212 820 1294 846 quam
1317 813 1482 846 provinciae,
1507 821 1588 847 quam
1613 813 1702 844 officii.

907 857 989 884 quam
1004 849 1140 883 publicam
1156 850 1276 875 muneris
1287 850 1449 876 societatem.
1473 851 1513 876 62.
1525 850 1705 882 Quamobrem

907 887 930 913 si
944 887 1002 912 iure
1017 895 1078 912 eum
1093 895 1185 921 posses
1200 895 1332 918 accusare,
1350 891 1446 918 tamen,
1463 896 1548 922 quum
1562 888 1586 914 is
1601 888 1647 913 tibi
1659 896 1706 922 pa—

908 925 989 950 rentis
1002 933 1112 950 numero
1124 923 1227 955 fuisset,
1244 924 1270 950 id
1283 925 1326 959 pie
1338 924 1422 950 facere
1434 934 1485 951 non
1497 934 1603 959 posses:
1619 934 1705 959 quum

909 970 970 988 vero
985 970 1072 996 neque
1086 962 1211 988 iniuriam
1227 962 1359 996 acceperis
1374 966 1399 988 et
1413 963 1525 996 praetori
1540 967 1586 988 tuo
1601 963 1706 996 pericu-

908 998 965 1025 lum
979 1007 1067 1025 crees:
1089 998 1195 1025 fatearis
1210 1008 1318 1025 necesse
1333 1003 1385 1030 est,
1407 1004 1431 1026 te
1449 999 1489 1025 illi
1508 995 1639 1026 iniiistum
1656 1000 1706 1026 im-

908 1037 1040 1071 piumque
1059 1036 1161 1062 bellum
1177 1036 1276 1063 inferre
1294 1037 1393 1063 conari.
1434 1037 1538 1063 Etenim
1559 1038 1608 1063 ista
1623 1046 1706 1072 quae-

908 1078 981 1100 stura
996 1074 1029 1100 ad
1043 1082 1101 1100 eam
1116 1082 1172 1100 rem
1187 1074 1265 1105 valet,
1282 1079 1311 1100 ut
1325 1074 1517 1100 elaborandum
1529 1075 1577 1100 tibi
1588 1075 1615 1100 in
1627 1075 1706 1101 ratio-

909 1120 941 1137 ne
955 1111 1090 1137 reddenda
1104 1112 1152 1142 sit,
1168 1112 1344 1146 quamobrem
1358 1120 1434 1143 eum,
1450 1116 1576 1147 quaestor
1589 1112 1631 1138 cui
1647 1111 1706 1138 fue-

908 1149 958 1180 ris,
979 1157 1102 1175 accuses:
1124 1158 1189 1180 non,
1210 1153 1240 1175 ut
1252 1149 1286 1175 ol)
1301 1158 1359 1175 eam
1373 1149 1460 1184 ipsam
1475 1158 1598 1175 caussam
1613 1154 1706 1184 postu—

909 1186 1019 1212 landum
1034 1186 1077 1217 sit,
1095 1190 1124 1212 ut
1138 1186 1187 1212 tibi
1202 1187 1374 1221 potissimum
1389 1187 1522 1213 accusatio
1536 1187 1622 1213 detur.
1654 1187 1707 1212 Ne·

908 1232 961 1259 que
979 1223 1033 1250 sere
1048 1232 1179 1258 umquam
1194 1225 1267 1250 venit
1280 1224 1307 1250 in
1322 1225 1517 1250 contentionem
1532 1224 1564 1250 de
1579 1233 1706 1250 accusan-

907 1261 950 1292 do,
966 1262 1014 1296 qui
1028 1265 1154 1296 quaestor
1168 1261 1271 1292 fuisset,
1288 1262 1355 1296 quin
1369 1261 1563 1296 repudiaretur.
1599 1264 1639 1287 63.
1655 1262 1707 1287 Ita-

908 1307 961 1333 que
980 1307 1068 1333 neque
1083 1299 1111 1325 L.
1126 1298 1231 1325 Philoni
1250 1299 1277 1325 in
1293 1299 1321 1325 C.
1338 1299 1481 1325 Servilium
1502 1299 1617 1325 nominis
1632 1298 1704 1325 defe-

908 1336 983 1362 rendi
1003 1340 1119 1371 potestas
1138 1341 1178 1362 est
1197 1336 1270 1367 data,
1292 1345 1379 1371 neque
1393 1337 1428 1363 M.
1444 1336 1552 1363 Aurelio
1566 1336 1664 1362 Scauro
1678 1337 1705 1362 in

909 1374 937 1399 L,
951 1373 1075 1399 Flaccum
1091 1382 1177 1409 neque
1192 1374 1239 1400 Cn.
1253 1374 1378 1408 Pompeio
1391 1374 1418 1400 in
1431 1374 1460 1400 T.
1472 1374 1626 1405 Albucium,
1638 1382 1707 1408 quo-

909 1420 967 1437 rum
989 1419 1066 1437 nemo
1085 1415 1192 1445 propter
1207 1411 1392 1447 indignitatem
1408 1411 1564 1446 repudiatus
1579 1416 1632 1440 est:
1658 1410 1706 1437 sed

909 1457 941 1474 ne
957 1448 1039 1474 libido
1054 1448 1191 1474 violandae
1202 1448 1409 1475 necessitudinis
1419 1449 1572 1475 auctoritate
1583 1448 1705 1475 iudicum

908 1486 1133 1520 comprobaretur.
1166 1485 1253 1520 Atque
1268 1486 1313 1511 ille
1328 1486 1374 1512 Cn.
1391 1486 1534 1520 Pompeius
1549 1487 1584 1512 ita
1597 1495 1659 1512 cum
1674 1485 1704 1512 C.

908 1522 975 1549 lulio
988 1523 1131 1554 contendit,
1149 1527 1177 1549 ut
1191 1528 1219 1549 tu
1234 1532 1349 1549 mecum.
1374 1523 1503 1555 Quaestor
1516 1524 1587 1549 cuim
1599 1523 1705 1549 Albucii

909 1560 1006 1591 suerat,
1027 1565 1057 1587 ut
1076 1565 1103 1586 tu
1122 1561 1221 1587 Verris.
1262 1560 1347 1586 lulius
1365 1560 1414 1587 hoc
1431 1569 1522 1586 secum
1543 1561 1706 1586 auctoritatis

908 1597 940 1623 ad
960 1597 1140 1624 accusandum
1159 1598 1291 1627 afferebat,
1313 1598 1398 1633 quod,
1420 1602 1448 1624 ut
1463 1598 1510 1623 lioc
1526 1603 1643 1632 tempore
1658 1606 1705 1624 nos

908 1635 940 1661 ab
954 1634 1061 1666 Siculis,
1078 1635 1116 1661 sic
1131 1639 1186 1661 tum
1202 1635 1247 1661 ille
1262 1636 1294 1661 ab
1309 1635 1400 1661 Sardis
1415 1640 1521 1670 rogatus
1536 1635 1568 1661 ad
1582 1644 1705 1661 caussam

908 1676 1062 1699 accesserat.
1104 1672 1216 1707 Semper
1236 1673 1300 1698 haec
1322 1681 1416 1698 caussa
1440 1672 1587 1707 plurimum
1607 1672 1703 1698 valuit:

908 1718 1015 1744 semper
1034 1710 1098 1736 haec
1117 1710 1182 1736 ratio
1200 1710 1342 1736 accusandi
1362 1710 1412 1736 suit
1431 1710 1632 1740 honestissima,
1659 1718 1706 1744 pro

908 1748 997 1778 sociis,
1014 1756 1061 1782 pro
1075 1747 1160 1773 salute
1172 1748 1332 1781 provinciae,
1350 1756 1396 1782 pro
1406 1752 1555 1773 exterarum
1569 1748 1704 1774 nationum

908 1785 1055 1811 commodis
1070 1785 1225 1811 inimicitias
1239 1785 1389 1819 suscipere,
1410 1784 1442 1810 ad
1462 1784 1612 1819 periculum
1632 1793 1706 1811 acce-

908 1822 979 1853 dere,
995 1831 1112 1857 operam,
1129 1822 1259 1853 studium,
1278 1822 1393 1848 laborem
1408 1823 1583 1857 interponere.

964 1859 1027 1886 XX.
1044 1861 1086 1886 64.
1108 1860 1213 1886 Etenim
1233 1860 1256 1885 si
1276 1859 1422 1894 probabilis
1441 1864 1480 1886 cst
1494 1868 1584 1885 eorum
1600 1868 1703 1891 caussa,

909 1898 956 1932 qui
976 1897 1087 1923 iniurias
1107 1906 1169 1923 suas
1188 1897 1313 1932 persequi
1333 1897 1439 1929 volunt,
1464 1906 1516 1932 qua
1535 1897 1562 1923 in
1581 1905 1608 1923 rc
1622 1896 1705 1923 dolori

908 1943 967 1966 suo,
984 1944 1035 1961 non
1051 1934 1213 1969 reipublicae
1227 1934 1374 1961 commodis
1389 1935 1523 1961 serviunt:
1547 1939 1647 1969 quanto
1661 1934 1705 1960 illa

908 1981 1002 1998 caussa
1018 1972 1166 2003 honestior,
1187 1980 1255 2007 quae
1275 1980 1325 1998 non
1345 1972 1432 1998 solum
1449 1971 1594 2006 probabilis
1610 1971 1703 2002 videri,

908 2009 955 2035 sed
970 2010 1049 2036 etiam
1063 2014 1136 2045 grata
1151 2018 1209 2035 esse
1223 2009 1309 2040 debet,
1328 2009 1400 2035 nulla
1413 2009 1536 2043 privatim
1549 2014 1654 2043 accepta
1665 2009 1706 2035 in-

908 2047 989 2078 iuria,
1011 2047 1144 2073 sociorum
1163 2051 1242 2081 atque
1261 2047 1406 2072 amicorum
1427 2046 1518 2081 populi
1534 2047 1644 2072 Romani
1659 2046 1706 2072 do-

909 2084 962 2110 lore
973 2088 1051 2119 atque
1063 2084 1169 2110 iniuriis
1180 2084 1360 2110 commoveri?
1374 2084 1465 2118 Nuper
1475 2092 1560 2118 (pinni
1573 2084 1599 2110 in
1611 2084 1639 2109 l‘.
1653 2084 1706 2109 Ga-

908 2121 1012 2148 binium
1037 2122 1078 2147 vir
1101 2121 1263 2147 fortissimus
1287 2125 1312 2147 et
1335 2121 1570 2147 innocentissimus
1596 2122 1624 2147 L.
1646 2121 1706 2147 Piso

907 2158 1066 2185 delationem
1087 2159 1202 2185 nominis
1222 2158 1367 2193 postularet
1385 2163 1410 2184 ct
1423 2163 1511 2184 contra
1527 2158 1557 2190 Q.
1573 2158 1705 2184 Caecilius

908 2201 1016 2231 peteret,
1034 2197 1111 2231 isque
1125 2205 1153 2223 so
1168 2201 1270 2223 veteres
1281 2197 1434 2222 inimicitias
1446 2197 1497 2222 iam
1509 2196 1554 2222 diu
1567 2201 1704 2230 susceptas

908 2234 1032 2268 persequi
1048 2234 1159 2260 diceret:
1175 2242 1261 2268 quum
1276 2234 1416 2259 atictoritas
1431 2238 1456 2259 ct
1470 2233 1586 2267 dignitas
1601 2234 1704 2259 Pisonis

908 2271 1012 2297 valebat
1031 2271 1192 2305 plurimum,
1219 2275 1275 2297 tum
1295 2270 1340 2296 illa
1360 2275 1413 2296 erat
1431 2279 1525 2296 (atussa
1545 2271 1702 2299 iustissima,

907 2308 979 2343 quod
994 2316 1055 2334 eum
1071 2308 1121 2334 sibi
1137 2308 1234 2334 Achaei
1251 2312 1389 2342 patronum
1404 2307 1568 2341 adoptarunt.
1601 2309 1642 2333 0:¹5.
1659 2308 1705 2333 Et-

907 2346 978 2371 cnim
992 2353 1078 2379 quum
1095 2344 1136 2371 lcx
1152 2345 1208 2379 ipsa
1223 2345 1255 2370 dc
1270 2345 1391 2379 pecuniis
1406 2344 1560 2379 repetundis
1571 2345 1703 2371 sociorum

907 2387 986 2417 atque
1000 2382 1146 2408 amicorum
1162 2382 1254 2416 populi
1270 2382 1378 2408 llomani
1394 2387 1501 2416 patrona
1516 2382 1562 2411 sit.
1580 2382 1703 2416 iniquum

907 2424 959 2450 cst,
981 2428 1032 2445 non
1052 2428 1112 2445 cum
1133 2418 1199 2453 legis
1218 2419 1365 2453 iudiciique
1379 2424 1492 2445 actorem
1508 2418 1632 2445 idoneum
1649 2428 1704 2445 ma-

908 2457 979 2483 ximc
994 2457 1090 2491 putari,
1106 2465 1187 2490 quem
1202 2461 1315 2482 actorem
1330 2465 1439 2482 caussae
1454 2465 1518 2481 suae
1532 2457 1596 2482 socii
1611 2456 1704 2483 desen-

907 2502 1048 2528 sor-:mque
1068 2493 1232 2519 fortuitarum
1252 2502 1362 2519 suin-nm
1382 2493 1552 2528 potissimum
1575 2502 1634 2520 esse
1658 2503 1704 2521 vo-

909 2531 1024 2557 lucrunt.
1066 2531 1119 2561 An,
1139 2531 1211 2565 quod
1231 2531 1263 2556 ad
1281 2530 1544 2557 connuemorandum
1563 2536 1603 2558 cst
1622 2531 1703 2558 lione-

907 2570 989 2599 stius,
1010 2568 1037 2594 id
1055 2568 1087 2594 ad
1107 2568 1273 2602 probandum
1293 2577 1344 2594 non
1364 2568 1447 2594 ntulto
1466 2568 1550 2595 videri
1568 2569 1646 2595 debet
1661 2578 1704 2595 ae-

906 2605 1008 2640 quius?
1042 2606 1102 2632 Utra
1122 2605 1203 2640 igitur
1226 2610 1266 2632 est
1288 2605 1466 2640 splendidior,
1492 2610 1550 2632 utra
1575 2606 1704 2633 illustrior

906 2643 1139 2670 commemoratio?
1165 2643 1286 2669 accusavi
1301 2652 1377 2673 euni,
1392 2643 1436 2669 cui
1450 2649 1575 2678 quaestor
1589 2643 1700 2675 lucram.

906 2681 1016 2716 quicum
1036 2688 1078 2707 me
1100 2689 1157 2707 sors
1179 2680 1398 2715 consuetudoque
1422 2681 1566 2713 maiorum,
1592 2682 1701 2717 quicum
