1941 3052
526 118 577 144 DE
608 117 806 145 LEGIBUS
834 119 914 144 LIB.
936 119 956 145 l.

76 188 165 215 verbis
177 187 349 214 dissiderent.
390 188 465 214 XXI.
486 187 554 215 Αττ.
577 189 647 224 Ergo
662 189 801 215 assentiris
816 188 872 215 An—

75 226 163 253 tiocho
175 225 301 252 familiari
312 225 515 261 meo(magistro
526 227 599 252 enim
611 235 663 252 non
670 226 869 261 audeodieere),

74 272 191 298 quocum
203 263 270 293 vixi,
280 268 305 289 et
316 263 364 297 qui
376 272 418 289 me
428 271 462 289 ex
473 264 570 290 nostris
582 272 665 298 paene
676 263 872 290 convellithor—

75 300 148 330 tulis,
157 300 536 334 deduxitqueinAcademiam
549 301 721 335 perpauculis
733 301 870 336 passibus.

74 338 110 363 M.
124 338 170 363 Vir
182 338 230 363 iste
243 337 293 363 suit
304 337 349 363 ille
361 338 471 372 quidem
483 338 603 372 prudens
615 343 639 364 et
651 343 745 364 acutus
756 339 815 365 etin
822 346 871 364 suo

73 383 170 410 genere
183 374 317 409 perfectus
329 375 461 410 mihique,
475 380 504 401 ut
515 376 582 406 scis,
597 375 752 402 familiaris:
777 376 822 401 cui
835 380 873 401 ta-

74 420 136 438 men
152 421 201 447 ego
217 413 347 438 assentiar
363 413 389 438 in
406 412 547 443 omnibus,
566 421 663 444 necne,
687 422 750 439 mox
765 412 869 444 videro3

74 449 124 476 hoc
135 449 204 479 dieo,
218 451 427 476 controversiam
439 454 519 476 totam
531 451 609 476 istam
622 459 699 484 posse
711 450 810 476 sedari.
829 451 871 476 55.

73 486 142 513 Αττ.
164 486 215 519 Qui
229 487 300 513 istud
314 487 420 513 tandem
433 486 528 513 vides?
552 487 586 513 M.
604 487 672 519 Quia
688 488 725 517 si,
744 492 773 513 ut
788 487 873 513 Chius

74 524 162 550 Aristo
174 524 251 555 dixit,
264 524 352 550 solum
364 525 464 550 bonum
477 533 544 555 esse,
553 524 625 559 quod
638 524 780 551 honestum
791 528 870 555 esset,

74 561 244 596 malumque,
262 561 334 596 quod
351 566 441 596 turpe,
457 567 559 588 ceteras
575 570 617 588 res
630 570 724 588 omnes
735 561 814 596 plane
826 570 873 596 pa-

74 607 130 630 res,
144 608 174 625 ac
186 608 218 625 ne
230 599 374 625 minimum
386 599 512 633 quidem,
526 604 616 625 utrum
628 599 766 629 adessent,
780 608 813 624 an
825 599 873 624 ab-

75 641 177 667 essent,
196 637 338 662 interesse:
362 636 440 662 valde
457 646 470 662 a
486 636 634 662 Xenocrate
651 641 676 663 et
690 636 831 662 Aristotele
848 640 874 661 et

74 673 108 700 ab
122 673 167 700 illa
179 673 296 699 Platonis
309 673 411 699 familia
422 673 595 708 discreparet,
608 678 733 708 essetque
747 674 816 699 inter
827 682 872 698 eos

74 710 107 737 de
128 719 155 736 re
172 712 290 737 maxima
305 716 331 737 et
345 711 378 737 de
393 712 465 737 omni
484 711 595 737 vivendi
610 711 710 737 ratione
726 710 870 736 dissensio.

74 749 153 775 Nunc
165 757 241 779 vero,
259 757 358 783 quum,
376 748 448 783 quod
464 748 547 775 decus
559 748 662 783 antiqui
674 756 813 774 summum
825 747 874 773 bo—

74 794 139 812 num
153 794 211 812 esse
222 785 358 817 dixerant,
375 786 419 812 hic
431 786 519 812 solum
533 786 633 812 bonurn
646 785 730 812 dicat:
754 786 872 819 itemque

74 822 192 850 dedecus
209 823 249 849 illi
267 832 405 849 summum
422 823 537 854 malum,
561 823 604 849 hie
625 822 727 849 solum:
750 822 870 851 divitias,

74 860 268 891 valetudinem,
280 860 512 895 pulchritudinem
526 860 680 886 commodas
692 868 733 886 res
745 859 870 894 appellet¹

75 907 128 925 non
150 898 248 924 bonas:
272 902 469 932 paupertatem,
491 897 672 928 debilitatem,
690 896 809 923 dolorem
831 897 873 922 in—

73 935 237 966 commodas.
252 944 303 961 non
317 935 413 961 malas:
427 935 508 961 sentit
520 935 600 966 idem,
614 935 686 969 quod
698 934 870 964 Xenocrates,

74 972 147 1008 quod
158 972 327 1004 Aristoteles,
347 972 466 1007 loquitur
477 972 529 999 alio
541 972 629 999 modo.
669 972 711 998 Ex
723 972 772 997 hae
783 976 873 998 autem

74 1019 127 1037 non
139 1019 242 1040 rerum,
259 1010 306 1036 sed
320 1010 462 1036 verborum
473 1009 608 1036 discordia
622 1009 802 1036 controversia
814 1014 874 1035 nata

74 1053 115 1075 est
125 1047 158 1074 de
171 1047 284 1074 finibus:
299 1049 326 1074 in
333 1056 395 1082 qua,
404 1048 533 1082 quoniam
540 1048 733 1082 usucapionem
744 1055 784 1072 xu
795 1046 875 1073 tabu-

74 1084 116 1112 lae
127 1086 196 1112 intra
207 1086 328 1120 quinque
344 1084 426 1120 pedes
438 1093 496 1110 esse
509 1084 665 1115 noluerunt,
679 1084 789 1119 depasci
801 1088 875 1110 vete-

75 1131 132 1149 rem
152 1124 352 1157 possessionem
367 1122 527 1148 Academiae
549 1122 581 1148 ab
603 1122 653 1148 hoc
671 1126 748 1148 acuto
765 1121 873 1147 bomine

74 1169 127 1187 non
141 1161 276 1191 sinemus;
289 1159 461 1186 necMamilia
474 1159 531 1195 lege
543 1159 654 1194 singuli,
663 1159 710 1185 sed
721 1168 755 1185 ex
768 1159 809 1184 his
822 1164 874 1185 tres

75 1198 169 1225 arbitri
181 1198 248 1223 lines
261 1206 396 1233 regemus.
436 1199 478 1223 56.
500 1197 531 1229 Q.
553 1197 703 1229 Quamnam
719 1197 802 1231 igitur
812 1205 875 1222 sen-

74 1236 185 1262 tentiam
197 1234 337 1261 dicemus?
357 1235 393 1261 M.
409 1235 521 1269 Requiri
533 1234 637 1269 placere
650 1235 791 1264 terminos,
806 1242 874 1268 quos

75 1272 196 1299 Socrates
208 1272 320 1308 pegerit,
334 1273 422 1307 iisque
435 1280 537 1306 parere.
571 1272 602 1304 Q.
625 1271 770 1301 Praeclare,
783 1272 872 1302 frater,

74 1311 129 1336 iam
140 1318 212 1336 nunc
224 1319 237 1336 a
249 1314 273 1336 te
286 1310 366 1336 verba
379 1315 544 1344 usurpantur
555 1309 646 1335 civilis
658 1310 725 1335 iuris
737 1308 872 1344 etlegum:

74 1356 128 1382 quo
140 1347 173 1373 de
184 1356 281 1383 genere
293 1352 419 1381 exspecto
429 1347 639 1381 disputationem
651 1351 738 1373 tuam:
753 1355 814 1372 nam
826 1347 875 1372 ista

75 1385 187 1420 quidem
199 1394 294 1419 magna
307 1384 466 1410 diiudicatio
477 1389 530 1415 est,
549 1389 578 1411 ut
588 1393 622 1410 ex
633 1389 657 1411 te
670 1385 728 1419 ipso
740 1392 819 1418 saepe
830 1392 876 1410 co-

74 1422 167 1458 gnovi.
203 1422 255 1448 Sed
267 1427 336 1448 certe
348 1431 390 1448 res
402 1423 437 1448 ita
449 1431 477 1448 se
489 1422 578 1452 habet,
594 1426 622 1448 ut
632 1431 666 1448 ex
677 1426 771 1448 natura
783 1422 875 1447 vivere

74 1468 214 1486 summum
226 1460 327 1486 bonum
340 1460 383 1490 sit,
392 1459 419 1485 id
431 1464 478 1490 est,
488 1460 540 1486 vita
553 1459 657 1486 modica
669 1464 694 1485 et
705 1464 764 1493 apta
779 1459 875 1485 virtute

74 1497 191 1532 perfrui:
218 1502 263 1524 aut
279 1502 401 1523 naturam
412 1497 491 1531 sequi
504 1498 599 1523 eteius
611 1497 689 1532 quasi
703 1496 760 1532 lege
773 1497 873 1527 vivere,

74 1534 103 1561 id
114 1539 162 1566 est,
175 1534 252 1565 nibil,
267 1539 398 1570 quantum
411 1535 438 1560 in
451 1535 509 1569 ipso
520 1535 568 1565 sit,
583 1535 808 1569 praetermittere,
822 1542 875 1568 quo

76 1573 167 1599 minus
178 1581 217 1603 ea,
231 1581 299 1607 quae
311 1577 403 1599 natura
416 1572 541 1607 postulet,
550 1576 738 1608 consequatur¹
748 1570 821 1607 quod
834 1572 876 1597 in-

75 1614 115 1636 ter
125 1609 191 1636 haec
205 1610 269 1636 velit
281 1611 378 1637 virtute
391 1615 527 1645 tamquam
542 1610 599 1646 lege
612 1611 713 1637 vivere.
754 1608 876 1644 Quapro—

74 1652 133 1682 pter
145 1647 194 1674 hoc
206 1648 458 1677 diiudicari,ncscio
469 1657 501 1674 an
518 1657 680 1683 numquam,
698 1647 746 1674 sed
760 1648 808 1674 boc
819 1656 876 1673 ser-

75 1693 153 1712 mone
165 1690 235 1711 certe
250 1694 300 1711 non
318 1690 417 1720 potest,
435 1686 458 1711 si
474 1685 586 1720 quidem
603 1685 644 1717 id,
666 1685 738 1720 quod
753 1685 876 1719 suscepi-

75 1731 146 1753 mus,
160 1722 305 1757 perfecturi
317 1732 423 1749 sumus.
452 1723 519 1749 Arr.
536 1723 628 1757 Atego
638 1706 693 1749 liuc
705 1722 875 1748 declinabam

75 1768 125 1786 nec
135 1761 247 1787 invitus.

75 1806 150 1829 mus,
174 1797 246 1833 quod
263 1798 415 1832 coepimus
436 1806 522 1833 quum
539 1798 696 1832 praescitim
713 1797 744 1823 ad
763 1797 789 1823 id
807 1781 874 1823 niliil

75 1835 207 1869 pertineat
219 1835 283 1861 baec
294 1835 327 1861 de
338 1844 444 1862 summo
456 1835 526 1862 malo
539 1835 661 1870 bonoque
672 1835 818 1861 dissensio.
839 1835 874 1860 M.

76 1872 297 1903 Prudentissime,
312 1872 419 1904 Quinte,
431 1873 511 1899 dicis.
549 1873 615 1899 Nam
627 1881 696 1907 quae
707 1882 720 1898 a
734 1881 775 1898 me
787 1872 876 1898 adbuc

75 1909 146 1936 dicta
162 1914 239 1941 sunt,
255 1908 267 1922 *
280 1908 291 1922 *
303 1909 314 1923 *
330 1909 362 1942 Q.
380 1910 434 1936 Nec
450 1910 567 1945 Lycurgi
585 1910 670 1945 legeS,
694 1918 743 1936 nec
758 1909 873 1941 Solonis,

76 1946 336 1982 nequecharondae,
346 1947 556 1981 nequczaleuci.
571 1956 618 1973 nec
630 1951 733 1973 nostras
748 1956 785 1973 xu
797 1947 876 1973 tabu-

77 1984 115 2011 las
127 1993 175 2010 nec
188 1984 328 2019 plebiscita
340 1983 478 2010 desidero:
494 1984 541 2010 sed
554 1989 578 2010 te
589 1985 716 2010 existimo
730 1993 815 2019 quum
828 1993 876 2018 po-

76 2021 162 2057 pulis,
182 2027 238 2048 tum
254 2022 333 2048 etiam
345 2021 462 2056 singulis
475 2021 603 2048 hodierno
615 2030 737 2047 sermone
751 2021 822 2056 leges
835 2022 876 2047 vi-

77 2059 158 2085 vendi
169 2063 194 2086 et
205 2059 379 2093 disciplinam
391 2059 528 2085 daturum.
569 2060 608 2085 58.
624 2059 658 2084 M.
677 2059 723 2084 Est
735 2058 817 2084 buius
829 2067 876 2084 ve-

76 2106 104 2123 ro
119 2096 324 2131 disputationis,
343 2096 454 2128 Quinte,
473 2097 611 2131 proprium
629 2096 669 2126 id,
690 2095 762 2130 quod
778 2104 876 2130 exspe-

76 2139 145 2160 ctas:
163 2139 242 2169 atque
258 2134 361 2160 utinam
376 2138 448 2160 esset
462 2134 542 2160 etiam
560 2133 693 2160 facultatis
713 2133 800 2159 meae!
823 2132 875 2159 sed
898 2140 899 2147 ¹

76 2170 194 2206 profecto
206 2172 240 2198 ita
252 2180 280 2197 se
292 2180 334 2198 res
346 2171 434 2203 habet,
449 2176 486 2202 ut,
502 2172 630 2206 quoniam
644 2171 771 2197 vitiorum
783 2179 876 2196 emen-

75 2208 205 2235 datricem
233 2208 320 2243 legem
345 2217 404 2234 esse
435 2213 538 2243 oportet
565 2208 875 2242 connnemlatrieemque

76 2247 222 2277 virtutum,
240 2246 274 2272 ab
288 2254 318 2272 ea
331 2246 441 2272 vivendi
452 2246 572 2272 doctrina
583 2245 706 2272 dueatur.
749 2246 783 2271 lta
797 2245 832 2275 tit.
848 2249 876 2271 ut

76 2283 292 2310 materomnium
306 2283 437 2309 bonarum
449 2292 538 2309 rerum
551 2283 682 2317 sapientia
698 2283 746 2313 sit,
765 2291 778 2308 a
794 2283 874 2308 cuius

76 2330 165 2348 amore
177 2322 278 2347 Graeco
292 2320 372 2347 verbo
385 2320 556 2355 philosophia
572 2329 668 2347 nomen
686 2320 802 2346 invenit.-
820 2328 873 2354 qua

76 2358 145 2385 nihil
158 2367 170 2384 a
183 2358 236 2384 diis
250 2357 448 2384 immortalibus
460 2357 580 2388 uberius,
595 2357 662 2384 nibil
676 2356 874 2387 llorentius.11i-

77 2395 115 2422 bil
136 2395 327 2431 praestabilius
348 2394 489 2421 bominum
511 2396 581 2421 vitae
600 2395 692 2421 datum
714 2399 764 2420 est.
806 2395 874 2420 llaec

75 2434 148 2460 enim
161 2442 213 2459 una
225 2442 273 2459 nos
287 2441 371 2468 quum
384 2437 484 2458 ceteras
496 2441 536 2458 res
546 2441 654 2463 omnes,
667 2437 737 2462 tuin,
751 2431 823 2466 quod
835 2436 874 2458 est

75 2469 284 2501 difficillimum,
308 2470 412 2500 docuit,
432 2474 459 2496 ut
476 2474 579 2495 nosmet
598 2470 669 2504 ipsos
686 2477 871 2495 nosceremus.-

75 2507 154 2534 cuius
166 2508 301 2542 praecepti
314 2512 383 2534 tanta
396 2507 446 2536 vis,
457 2511 525 2533 tanta
537 2507 668 2533 sententia
683 2511 731 2535 est.
741 2511 768 2532 ut
779 2514 808 2531 ea
822 2515 873 2532 non

76 2544 180 2571 homini
195 2545 329 2580 cuipiam,
351 2544 399 2570 sed
416 2543 544 2578 Delpliieo
559 2543 609 2569 (leo
625 2544 798 2570 tribueretur.
830 2544 872 2570 129.

75 2582 143 2608 Nam
154 2582 202 2617 qui
213 2591 241 2608 se
254 2582 311 2617 ipse
324 2582 401 2613 norit,
416 2582 533 2616 primum
546 2581 649 2616 aliquid
662 2590 690 2607 se
702 2580 770 2607 liabe
774 2589 799 2606 re
811 2589 874 2607 sen-

76 2618 268 2650 tietdivinum,
283 2619 478 2655 ingeniumque
492 2619 557 2644 inse
569 2627 662 2647 5ιιιιιιι
679 2617 874 2644 sicutsimula—

75 2665 152 2683 cium
168 2639 290 2692 aliquod,
313 2656 468 2684 dedicatum
483 2656 602 2692 putabit·
621 2660 745 2691 tantoque
763 2664 873 2683 munere

279 1755 365 1786 XXIR
381 1761 422 1787 57.
439 1760 470 1792 Q.
484 1760 677 1786 Licebitalias:
692 1760 802 1786 nuncid
813 1768 876 1793 aga·
898 1781 899 1790 ,

905 2179 907 2188 ³
927 2179 987 2196 sum
999 2170 1108 2196 silentio
1119 2171 1272 2205 praeterire.

991 118 1082 145 CAP.
1116 120 1145 145 ΓΙ
1165 134 1202 138 -·
1222 121 1263 145 23.
1653 122 1718 148 ⁴209

922 189 1033 215 deorum
1045 198 1151 224 semper
1161 189 1275 225 dignum
1288 189 1392 225 aliquid
1403 195 1428 217 et
1439 189 1516 216 saciet
1528 191 1667 217 etsentiet:
1681 196 1715 221 et,

923 235 1007 260 quum
1024 235 1051 252 se
1065 227 1122 261 ipse
1139 228 1306 262 perspexerit
1322 232 1460 262 totumque
1476 229 1595 258 tentarit,
1618 228 1719 254 intelli-

923 268 975 298 get,
989 264 1218 298 quemadmodum
1230 274 1244 290 a
1256 271 1348 291 natura
1361 265 1522 291 subornatus
1537 266 1564 291 in
1577 265 1659 291 vitam
1671 273 1719 291 ve-

924 302 1006 331 nerit,
1024 306 1177 336 quantaque
1194 302 1370 328 instrumenta
1389 302 1484 329 habeat
1498 302 1530 328 ad
1545 302 1719 329 obtinendam

925 337 1182 374 adipiscendamque
1197 340 1370 373 sapientiam.-
1388 341 1515 374 quoniam
1532 340 1665 374 principia
1677 348 1719 366 re-

925 384 984 400 rum
995 376 1126 407 omnium,
1141 378 1219 410 quasi
1231 377 1403 403 adumbratas
1416 377 1616 413 intelligentias,
1630 378 1720 404 animo

924 420 954 437 ac
967 418 1053 438 mente
1065 414 1229 447 conceperit:
1243 414 1344 448 quibus
1355 414 1509 444 illustratis,
1526 415 1656 449 sapientia
1668 415 1720 440 du-

924 458 967 480 ce,
989 449 1090 475 bonum
1103 452 1191 476 virum
1204 456 1229 477 et
1239 451 1273 477 ob
1285 460 1343 477 eam
1356 452 1442 486 ipsam
1454 460 1577 477 caussam
1588 457 1677 478 cernat
1691 460 1720 478 se

924 486 1033 512 beatum
1046 486 1110 513 fore.
1151 488 1247 514 XXIII.
1264 490 1305 514 60.
1322 489 1388 514 Nam
1399 498 1484 523 quum
1497 490 1612 519 animus,
1626 490 1721 524 cogni-

925 524 958 550 tis
970 525 1156 559 perceptisque
1170 525 1326 556 virtutibus,
1335 527 1475 560 acorporis
1486 526 1616 561 obsequio
1628 526 1721 552 indul-

924 562 1068 596 gentiaque
1079 561 1242 593 discesserit,
1261 562 1478 598 voluptatemque
1489 564 1559 589 sicut
1571 564 1658 589 labem
1670 563 1721 590 ali-

924 607 1006 632 quam
1021 598 1161 625 dedecoris
1171 601 1347 633 oppresserit,
1364 609 1526 635 omnemque
1541 601 1633 626 mortis
1645 601 1721 627 dolo-

925 636 1016 670 risque
1028 636 1151 662 timorem
1163 637 1294 671 effugerit,
1304 639 1511 672 societatemque
1519 639 1636 664 caritatis
1647 639 1720 665 coie-

924 673 958 698 rit
967 681 1030 698 eum
1042 674 1113 704 suis,
1129 682 1276 708 omnesque
1289 680 1381 700 natura
1393 676 1548 701 coniunctos
1560 684 1622 701 suos
1634 675 1721 702 duxe-

925 710 971 740 rit,
987 710 1145 745 cultumque
1156 711 1267 737 deorum
1280 716 1305 737 et
1316 721 1410 746 puram
1423 712 1490 747 relig
1482 713 1580 738 ionem
1593 721 1721 755 susce-pe-

925 747 971 777 rit
985 752 1010 773 et
1021 748 1251 779 exacueritillam
1269 749 1455 779 utoeulorum
1468 750 1507 775 sic
1520 750 1620 785 ingenii
1635 751 1720 776 aciem

925 784 957 810 ad
969 784 1038 810 bona
1047 785 1189 820 deligenda
1201 791 1225 812 et
1238 787 1301 811 reiir
1306 786 1382 812 ienda
1396 787 1540 812 contraria:
1555 795 1623 821 quae
1635 789 1720 814 virtus

924 830 958 847 ex
974 822 1140 864 providendo
1158 827 1198 848 est
1212 823 1343 857 ippellata
1360 824 1515 857 prudentia:
1537 824 1605 858 quid
1621 833 1650 850 eo
1666 825 1721 850 dici

925 863 970 884 aut
990 860 1135 894 excogitari
1155 861 1251 894 poterit
1271 860 1394 887 beatius‘?
1426 862 1466 886 fil.
1492 860 1620 895 Idemque
1636 870 1721 895 quum

925 895 1039 927 caelum,
1049 902 1140 927 terras,
1150 898 1232 923 maria
1241 906 1383 933 rerumque
1395 898 1516 923 omnium
1528 903 1648 924 naturam
1661 908 1722 933 per-

925 934 1056 967 spexerit,
1070 943 1154 968 eaque
1167 934 1237 960 unde
1249 940 1372 970 generata
1382 956 1387 965 ,
1405 944 1458 970 quo
1470 940 1618 965 recurrant,
1635 944 1722 970 quan-

925 971 967 1001 do,
981 979 1035 1005 quo
1047 971 1124 997 modo
1135 971 1250 1002 obitura,
1259 972 1325 1007 quid
1338 974 1363 998 in
1377 973 1410 998 iis
1422 972 1530 998 mortale
1542 978 1567 999 ct
1578 973 1719 1002 caducum,

925 1008 992 1042 quid
1004 1008 1129 1035 divinum
1140 1014 1332 1044 aeternumque
1344 1011 1392 1039 sit,
1406 1010 1516 1040 viderit.
1536 1011 1680 1045 ipsumque
1691 1020 1722 1037 ea

926 1045 1107 1072 moderantem
1120 1051 1145 1072 et
1156 1051 1292 1082 regentem
1308 1056 1390 1082 paene
1407 1047 1590 1082 prehenderit,
1609 1057 1723 1082 seseque

926 1092 978 1109 non
990 1084 1071 1109 unius
1083 1084 1280 1110 circumdatum
1293 1085 1435 1110 moenibus
1449 1085 1508 1115 loci,
1522 1085 1568 1111 sed
1581 1086 1667 1111 civem
1683 1091 1723 1111 to-

926 1121 979 1147 tius
992 1121 1099 1152 mundi,
1113 1122 1191 1156 quasi
1204 1122 1285 1148 unius
1297 1122 1386 1152 urbis,
1403 1123 1554 1158 agnoverit:
1578 1123 1605 1148 in
1617 1122 1665 1148 liae
1678 1123 1723 1149 ille

927 1158 1126 1193 magnificentia
1142 1168 1231 1185 rerum
1247 1164 1326 1194 atque
1338 1160 1366 1185 in
1378 1160 1427 1186 hoc
1439 1165 1583 1194 conspectu
1595 1165 1619 1186 et
1630 1161 1724 1195 cogni-

927 1196 997 1221 tione
1009 1200 1132 1226 naturae,
1150 1196 1188 1222 dii
1206 1197 1382 1223 immortales!
1407 1206 1488 1232 quam
1505 1198 1562 1231 ipse
1578 1206 1605 1223 se
1618 1198 1721 1224 noscet!

926 1234 968 1259 62.
984 1233 1056 1267 quod
1068 1233 1162 1267 Apollo
1174 1235 1310 1269 praecepit
1321 1234 1447 1270 Pythius:
1469 1243 1549 1269 quam
1561 1239 1722 1266 contemnet,

927 1279 1008 1305 quam
1020 1270 1159 1305 despiciet,
1168 1280 1249 1305 quam
1262 1281 1308 1306 pro
1321 1271 1405 1298 niliilo
1418 1272 1523 1306 putabit
1534 1281 1572 1302 ea,
1581 1280 1650 1306 quae
1662 1272 1724 1298 vul-

926 1317 960 1343 go
971 1307 1099 1334 dicuntur
1109 1309 1289 1343 amplissima!
1314 1310 1398 1344 Atque
1411 1309 1475 1335 baec
1487 1310 1575 1335 omnia
1590 1310 1724 1343 quasise-

927 1346 1046 1380 pimento
1058 1346 1148 1380 aliquo
1161 1347 1271 1373 vallabit
1282 1346 1432 1372 disserendi
1446 1347 1553 1376 ratione.
1568 1347 1625 1372 veri
1637 1351 1661 1373 et
1674 1346 1723 1372 l'al-

927 1383 950 1408 si
964 1382 1102 1409 iudicandi
1113 1385 1224 1410 scientia
1236 1389 1261 1410 et
1272 1389 1325 1410 arte
1336 1384 1451 1418 quadam
1466 1383 1642 1419 intelligendi,
1655 1383 1723 1418 quid

927 1429 1064 1455 quamque
1077 1429 1131 1447 rem
1143 1427 1280 1456 sequatur,
1290 1421 1386 1456 etquid
1398 1422 1536 1455 sitcuique
1548 1422 1721 1447 contrarium.

927 1460 1072 1492 Quumque
1093 1467 1121 1484 se
1142 1458 1175 1484 ad
1195 1459 1304 1485 civilem
1320 1459 1473 1484 societatem
1491 1464 1581 1484 nalum
1598 1459 1721 1489 senserit.

928 1504 979 1521 non
996 1495 1083 1521 solum
1102 1495 1146 1522 illa
1161 1496 1256 1522 subtili
1273 1496 1453 1530 disputatione
1465 1496 1518 1521 sibi
1531 1495 1658 1522 utendum
1672 1505 1724 1530 pu-

929 1532 1003 1563 tabit,
1017 1532 1064 1558 sed
1076 1534 1156 1559 etiam
1170 1533 1227 1560 fusa
1241 1534 1320 1560 latius
1333 1538 1458 1568 perpetua
1470 1534 1597 1563 oratione,
1613 1542 1665 1567 qua
1682 1542 1723 1559 re-

927 1574 972 1605 gat
983 1570 1110 1605 populos,
1129 1580 1181 1605 qua
1193 1571 1311 1598 stabiliat
1324 1570 1409 1606 leges,
1427 1580 1479 1605 qua
1495 1571 1607 1605 castiget
1623 1571 1724 1605 impro-

928 1607 990 1639 bos,
1006 1616 1059 1642 qua
1072 1613 1176 1634 tueatur
1188 1609 1284 1636 bonos,
1302 1617 1354 1643 qua
1367 1608 1456 1634 laudet
1467 1607 1552 1633 claros
1565 1608 1649 1635 viros.
1669 1617 1724 1643 qua

928 1650 1067 1681 praecepta
1078 1646 1174 1674 salutis
1186 1651 1210 1672 ct
1223 1646 1310 1672 laudis
1322 1651 1381 1680 apte
1394 1645 1427 1672 ad
1439 1645 1656 1681 persuadendum
1663 1646 1724 1673 edat

927 1685 985 1710 suis
997 1684 1104 1711 civibus
1113 1706 1118 1715 ,
1132 1694 1184 1720 qua
1197 1684 1295 1712 hortari
1308 1683 1340 1711 ad
1352 1685 1443 1715 decus,
1453 1693 1574 1710 revocare
1587 1694 1600 1709 a
1613 1683 1721 1719 flagitio,

927 1722 1057 1748 consolari
1070 1724 1153 1756 possit
1165 1722 1290 1753 alllictos,
1310 1722 1430 1757 factaque
1444 1726 1469 1747 et
1483 1721 1603 1748 consulta
1616 1721 1723 1747 sortium

927 1764 952 1785 et
966 1761 1129 1794 sapientum,
1142 1770 1203 1786 cum
1217 1760 1399 1794 improborum
1412 1759 1568 1793 ignominia,
1582 1760 1725 1793 sempiter-

928 1798 970 1823 nis
983 1799 1164 1824 monumentis
1177 1798 1298 1833 prodere.
1339 1798 1411 1828 Quue
1426 1806 1510 1831 quum
1524 1802 1559 1822 tot
1571 1806 1612 1822 res
1625 1802 1724 1822 tantae-

927 1844 980 1869 que
991 1836 1058 1866 sint,
1077 1839 1145 1870 'quae
1163 1837 1250 1861 inesse
1267 1836 1293 1861 in
1307 1834 1413 1860 bomine
1426 1834 1622 1868 perspiciantur
1634 1833 1666 1859 ab
1679 1834 1722 1864 iis,

928 1873 975 1906 qui
992 1873 1075 1907 seipsi
1093 1873 1176 1899 velint
1191 1881 1283 1904 nosse3
1307 1880 1398 1898 earum
1415 1880 1510 1906 parens
1521 1876 1560 1897 est
1572 1871 1726 1897 educatrix-

928 1919 980 1944 que
992 1911 1134 1945 sapientia.
1176 1912 1243 1936 Αττ,
1260 1909 1376 1936 Laudata
1389 1909 1498 1943 quidem
1512 1918 1524 1934 a
1538 1914 1560 1934 te
1572 1909 1689 1943 graviter
1700 1912 1726 1934 et

930 1956 1000 1974 vere.
1040 1947 1092 1973 Sed
1103 1956 1220 1982 quorsus
1233 1948 1297 1973 baec
1310 1946 1460 1981 pertinent?
1481 1948 1522 1971 613.
1548 1946 1581 1971 M.
1605 1946 1724 1971 l'riinuni

928 1984 960 2010 ad
972 1993 1015 2016 ea,
1033 1985 1175 2020 Pomponi,
1193 1984 1339 2020 dequibus
1354 1984 1438 2010 acturi
1456 1984 1507 2009 iam
1524 1992 1633 2008 sumus:
1656 1992 1725 2017 quae

928 2027 999 2048 tanta
1014 2031 1073 2048 esse
1090 2022 1229 2049 volumus:
1249 2031 1300 2048 non
1315 2022 1490 2050 enituerunt,
1510 2021 1561 2046 nisi
1573 2030 1602 2045 ea
1617 2020 1723 2049 [in-rint.

928 2059 999 2085 unde
1013 2059 1057 2085 illa
1070 2065 1186 2089 manant.
1200 2059 1379 2094 amplissima.
1411 2058 1510 2084 Deinde
1524 2057 1590 2083 facio
1601 2063 1624 2083 et
1639 2057 1726 2083 liben-

928 2100 966 2122 ter
977 2101 1011 2127 et,
1026 2101 1055 2122 ut
1064 2106 1155 2131 spero.
1170 2102 1247 2127 recte,
1261 2096 1334 2131 quod
1346 2104 1403 2122 eam
1412 2116 1418 2126 ,
1431 2096 1509 2121 cuins
1521 2094 1609 2120 studio
1622 2100 1720 2121 teneor.

927 2142 1051 2168 quaeque
1064 2142 1191 2165 meeum,
1209 2134 1376 2168 quicumque
1388 2141 1462 2163 suin,
1480 2132 1577 2158 ell‘ecit.
1597 2140 1647 2157 nun
1663 2140 1724 2165 pns-

1314 2171 1333 2196 A
1345 2180 1381 2196 rr.
1405 2170 1484 2195 Vero:
1505 2169 1569 2194 facis
1581 2174 1605 2194 ct
1619 2169 1721 2195 merito.

928 2213 953 2234 et
966 2208 1032 2242 ipse,
1043 2207 1146 2242 fuitque
1159 2208 1195 2240 id,
1205 2207 1317 2238 utdieis,
1327 2206 1410 2233 iulioc
1421 2215 1503 2233 serim
1512 2215 1543 2232 ne
1557 2206 1721 2232 Iaciumluni.

1226 2301 1427 2314 ..deon-..—

1299 2414 1353 2438 tat.

1088 2467 1240 2496 LIBER
1275 2464 1561 2495 SECUNDUS.

980 2559 997 2579 Λ
1007 2560 1056 2579 KG.
1073 2562 1144 2583 {Quum
1156 2560 1190 2579 iu-
1201 2566 1263 2578 nnun-
1274 2558 1307 2577 uel
1318 2557 1350 2577 «t'n
1358 2557 1415 2577 inum
1428 2556 1455 2575 nit
1466 2555 1498 2575 wi
1511 2556 1625 2575 'autumnum
1634 2570 1639 2578 ,
1651 2554 1722 2574 :tiiiui

927 2598 997 2614 nillum
1009 2594 1078 2621 prium
1090 2594 1215 2615 inm-nuncii·
1225 2594 1300 2613 nli-twa«
1313 2600 1362 2612 ειν·
1373 2599 1434 2612 rura:
1455 2593 1482 2611 nl·
1493 2592 1533 2611 Ιιιιι·
1544 2591 1621 2611 nmin-
1634 2590 1723 2610 initium

927 2629 978 2649 furii
990 2629 1082 2653 t'iu-n»,
1096 2633 1207 2655 tutumque
1219 2628 1348 2654 rrli'gi'unem
1359 2627 1398 2647 bur
1410 2627 1466 2647 til-m
1477 2625 1602 2646 ruri-tituil.
1633 2624 1724 2651 Repetit

926 2668 998 2685 nutem
1008 2664 1181 2692 nli-putationem
1193 2665 1218 2683 ab
1229 2668 1318 2684 mettum
1328 2662 1368 2683 illa
1379 2666 1399 2683 et
1411 2669 1493 2682 ιιιιιιπιιι
1504 2661 1563 2686 loge,
1579 2667 1634 2687 quae
1645 2664 1679 2680 eu
1689 2664 1723 2679 n-

1452 2702 1495 2726 152
