1941 3052
219 144 265 169 tta
794 145 831 167 ⁴0.
869 142 901 166 M.
938 142 965 167 ’1“.

1001 140 1273 167 CICERONIS

218 219 269 239 tae:
297 213 341 239 illa
361 213 456 239 Roman
474 218 562 239 cnntrn
577 213 743 246 Caepionem.
762 213 857 238 nobili-⁴
872 220 944 241 nane,
961 213 1005 238 cui
1029 211 1032 239 l
1060 221 1085 238 nn
1100 221 1144 236 can
1160 211 1293 246 petitionis
1307 212 1443 244 anauniae
1458 212 1604 239 incidisset.
1629 214 1684 239 176.
1695 213 1743 239 Cu.
1759 218 1847 239 nutem

1029 246 1031 256 4
1036 247 1037 252 ,

217 251 327 277 orationi
343 250 482 284 Caepionis
496 260 539 276 uru-
558 250 691 284 rcspoudit
708 249 810 277 Aeliu„
837 250 883 283 qui
903 250 1008 283 scripti·
1030 260 1031 285 i

218 289 282 315 tavit
303 289 433 314 orationes
459 288 564 316 multas,
590 292 674 312 orator
697 287 754 320 ipae
777 294 923 320 numquam
947 286 1005 312 l'uit.
1029 262 1038 319 ll

219 325 361 360 t7o.Apu‹t
377 325 700 350 inai‹›r‹·.·‹1nu‹·1nnostros
713 322 789 348 video
798 323 1005 349 disertissimum
1029 334 1038 363 4¹,
1060 323 1176 357 probata.
1211 322 1263 348 Sed
1281 323 1314 348 ab
1332 323 1379 352 ein.
1399 324 1445 357 qui
1465 329 1566 350 tanturn
1585 325 1611 350 in
1630 324 1775 350 dicentium
1799 333 1848 351 uu-

219 363 338 388 hahitum
354 371 385 388 ex
402 362 474 387 Latio
489 362 658 394 l,.l'npiriuni
675 359 1007 393 Fregellanum,Ti.Grac-
1030 360 1037 393 ἢ
1060 368 1139 389 nic-ro,
1161 369 1211 386 non
1231 360 1257 386 in
1275 365 1407 386 oratorum
1427 360 1542 390 fuerunt,
1563 362 1614 387 iam
1633 361 1665 386 ad
1679 366 1795 387 oratore·
1809 370 1849 387 re-

217 400 258 425 chi
281 400 306 425 l'.
324 400 352 425 F.
373 398 425 424 fere
444 403 537 423 aetate:
566 398 623 422 cius
642 397 719 422 ctiam
734 397 816 422 oratio
829 402 868 422 est
884 405 930 431 pro
945 397 1007 423 Fre·
1030 399 1038 438 ij
1061 402 1203 422 vertamur.
1230 397 1338 425 Censeo,
1356 397 1442 432 inquit
1456 399 1567 424 Atticus.
1603 399 1764 433 Eloquenten
1778 399 1848 424 enim

218 437 330 469 gellonis
348 436 512 469 coloniisque
533 435 631 459 Latinis
651 434 738 459 habita
759 434 784 459 in
799 439 902 460 senatu.
937 434 1004 460 'rum
1030 441 1037 454 ¹¹
1060 434 1192 462 videbare,
1210 443 1260 460 non
1275 434 1383 459 sedulos
1399 434 1466 460 velle
1479 436 1643 470 conquirere.

218 474 324 502 Brutus,
344 472 412 503 Quid
433 477 459 497 tu
481 472 569 505 igitur,
591 471 686 504 inquit,
708 471 804 497 tribuis
819 471 877 497 istis
891 472 1007 497 externis
1030 463 1038 510 l

217 511 294 545 quind
319 507 483 535 oratoribus?
515 507 584 539 Quid
608 516 709 538 censes,
731 508 849 543 inquam,
871 509 920 534 nisi
937 508 1006 534 idem

217 548 288 582 quod
309 545 436 572 urbanis‘!
465 550 566 580 practer
589 553 682 575 unum,
698 545 769 580 quod
789 554 839 571 non
859 550 899 571 est
916 554 1006 571 eorum
1030 555 1031 559 ¹

220 584 365 610 urbanitate
379 582 493 617 quadam
509 582 584 616 quasi
600 582 711 608 colorata
721 583 812 609 oratio.
832 584 887 608 171.
901 583 932 608 Et
942 583 1007 609 Bru-

219 627 270 651 tus,
295 620 345 652 Qui
361 626 413 650 est,
435 620 529 654 inquit.
551 620 599 645 iste
620 620 723 645 tandem
745 620 901 646 urbanitatis
919 619 1009 646 color‘?

219 659 319 688 Nescio,
337 658 456 692 inquam.
478 657 590 682 Tantum
606 665 663 682 esse
677 657 820 691 quemdam
835 658 899 683 scio.
926 657 953 683 ld
969 662 1005 688 tu,

218 697 305 725 Brute,
322 696 373 721 iam
389 694 530 729 intelliges,
547 703 631 728 quum
645 694 670 720 in
685 694 798 720 Galliam
815 695 928 720 veneris.
953 695 1008 720 Au·
1030 702 1031 710 ¹

217 733 274 759 dics
299 737 325 758 tu
348 732 457 767 quidem
476 732 554 757 ctiam
575 731 652 756 verba
671 731 802 766 quaedam
819 740 868 757 non
884 732 942 757 trita
959 732 1008 757 lto—
1030 753 1031 761 ,

218 779 284 800 mae,
306 769 353 795 sed
372 769 435 795 baec
455 769 550 794 mutari
568 768 724 803 dediscique
740 773 863 803 possunt:
887 768 953 795 illud
969 774 1008 795 est

217 808 313 837 maius,
334 806 405 841 quod
425 806 451 832 in
468 806 577 831 vocibus
597 810 744 832 nostrorum
759 810 891 832 oratorum
915 807 1008 832 recinit

217 843 345 879 quiddam
360 848 385 870 et
399 847 501 869 resonat
516 843 654 869 urbanius.
689 844 742 869 Nec
757 843 804 869 hoc
819 844 844 869 in
859 844 1007 869 oratoribus

217 881 295 908 modo
309 885 424 915 apparet,
441 880 487 906 sed
502 881 579 906 etiam
596 880 621 906 in
635 881 738 906 ceteris.
760 881 815 906 ⁴72.
830 881 884 915 Ego
898 881 1007 906 memini

218 920 247 945 T.
263 919 370 944 Tincam
387 918 576 947 Placentinum,
587 918 720 943 hominem
737 917 1007 948 sacctissimum,cum

219 955 340 982 familiari
357 960 443 981 nostro
458 956 488 987 Q.
505 955 602 981 Granio
614 963 740 989 praecone
751 955 887 981 dicacitate
897 960 1006 981 certare.

217 1142 327 1173 dicitur,
359 1150 443 1176 quum
471 1146 667 1176 percontaretur
692 1150 726 1168 ex
751 1141 854 1168 anicula
881 1142 1005 1176 quadam,

217 1179 309 1214 quanti
332 1179 435 1214 aliquid
458 1179 591 1209 venderet,
617 1183 642 1205 et
664 1179 846 1214 respondisset
869 1179 913 1205 illa
928 1184 1006 1214 atque

1029 535 1031 551 A
1036 531 1038 543 l

1059 250 1159 274 Octavii
1174 249 1410 283 eloquentiamquae
1424 248 1508 275 suerat
1521 255 1580 276 ante
1593 250 1761 276 consulatum
1774 251 1848 282 iuno-

1060 291 1121 316 rata,
1138 287 1164 311 in
1179 285 1317 311 consulatu
1334 286 1425 311 inultis
1438 288 1611 313 concionibus
1625 292 1664 312 ρει
1680 288 1849 314 vehementer

1115 471 1294 497 Xt.vttt.177.
1310 471 1461 497 Festivitate
1475 472 1556 505 igitur
1570 477 1595 498 et
1609 472 1718 501 facetiis.
1728 473 1847 507 inquam.

1029 514 1037 526 ¹¹
1059 509 1087 535 C.
1114 508 1198 535 lulius
1221 509 1250 534 L.
1276 509 1304 534 F.
1325 514 1349 534 et
1367 509 1552 543 superioribus
1571 514 1596 535 et
1614 510 1772 544 aequalibus
1791 510 1850 535 auis

1058 546 1183 572 omnihus
1199 546 1335 580 praestitit,
1345 551 1484 580 oraturque
1498 546 1548 572 suit
1562 547 1671 572 minime
1686 547 1729 572 ille
1739 546 1849 581 quidem

1060 583 1216 613 vehemens,
1244 583 1290 608 sed
1309 592 1386 609 nemo
1405 592 1532 617 uniquam
1549 584 1704 612 urbanitate,
1721 592 1799 610 nemo
1812 583 1850 610 te-

1060 629 1130 655 pore,
1148 629 1225 646 nemo
1238 621 1367 646 suavitate
1380 620 1517 647 conditior.
1534 621 1602 647 Sunt
1612 621 1670 647 cius
1681 621 1783 655 aliquot
1791 629 1850 647 ora-

1060 659 1151 687 tiones,
1168 666 1200 683 ex
1214 658 1401 692 quinum-ient
1415 666 1447 684 ex
1461 658 1581 684 eiusdem
1598 658 1747 693 tragoediis,
1757 658 1850 684 tenitas

1059 695 1117 720 cius
1135 695 1193 720 sine
1213 695 1301 720 nervis
1321 695 1435 729 perspici
1451 700 1545 729 potest.
1582 696 1636 721 178.
1652 695 1717 721 Eius
1731 695 1850 730 aequalis

1060 732 1085 757 Ι).
1101 732 1243 767 Cethegus,
1258 732 1301 758 cui
1316 732 1348 757 de
1363 732 1499 766 republica
1513 733 1577 758 satis
1591 732 1779 767 suppeditabat
1791 740 1850 758 orn·

1036 773 1038 778 '
1060 770 1108 795 tio:
1140 773 1219 795 totam
1243 770 1314 795 enim
1337 770 1441 795 tenebat
1459 778 1516 795 cam
1535 771 1696 804 penitusque
1714 774 1847 805 cognorat.

1036 823 1037 826 =
1060 807 1150 840 ltaque
1169 806 1195 832 in
1214 811 1306 832 senatu
1325 806 1505 832 consularium
1525 808 1704 833 auctoritatem
1723 815 1850 842 asseque-

1036 851 1038 861 *
1060 843 1144 873 batur,
1165 843 1211 869 sed
1231 844 1256 869 in
1275 844 1378 869 caussis
1397 843 1512 877 publicis
1528 844 1603 874 nihil,
1620 845 1646 870 in
1661 844 1771 878 privatis
1785 844 1850 870 satis

217 1216 371 1248 addidisset,
387 1217 491 1249 Hospes,
506 1225 555 1242 non
569 1221 625 1249 pol<-
639 1219 759 1242 rm'noris:
774 1216 867 1242 tulisse
878 1225 939 1242 eum
952 1225 1008 1242 mo-
1029 1228 1031 1241 ·.

217 1254 290 1285 leste,
311 1262 340 1280 se
358 1262 409 1280 non
428 1253 543 1288 effugere
563 1253 674 1288 hospitis
693 1254 822 1288 speciem,
838 1262 922 1288 quum
938 1258 1008 1279 aeta-

218 1296 269 1317 tem
292 1295 380 1325 ageret
401 1291 512 1317 Athenis
530 1291 682 1325 optimeque
699 1291 858 1326 loqueretur.
892 1290 1008 1317 Omnino
1029 1305 1031 1311 ·

216 1330 263 1359 sic,
280 1333 310 1354 ut
323 1329 424 1363 opinor,
440 1328 467 1354 in
483 1329 578 1354 nostris
593 1333 632 1354 est
645 1328 755 1363 quidam
771 1328 943 1358 urbanorum,
956 1329 1008 1354 sic-

216 1371 245 1392 ut
265 1366 319 1392 illic
336 1366 482 1392 Atticorum
501 1374 592 1391 sonus.
625 1365 676 1392 Sed
691 1365 800 1392 domum
815 1365 964 1396 redeamus,
980 1365 1007 1391 id

216 1408 255 1429 est
270 1403 301 1429 ad
317 1407 418 1429 nostros
433 1408 604 1429 revertamur.

271 1440 373 1467 XLVII.
391 1441 447 1466 473.
463 1440 572 1466 Duobus
588 1440 669 1474 igitur
678 1440 905 1470 summis,Crass0
919 1444 943 1466 et
954 1440 1008 1466 An-

216 1479 295 1508 tonio,
320 1478 350 1504 L.
370 1477 511 1512 Philippus
534 1474 671 1511 proximus
696 1477 844 1508 accedebat,
864 1477 911 1503 sed
931 1477 1008 1513 longo

216 1515 355 1541 intervallo
379 1519 465 1541 tamen
489 1515 638 1549 proximus.

216 1552 402 1582 intercedebat,
423 1552 470 1586 qui
489 1560 517 1577 se
532 1551 569 1578 illi
589 1551 736 1582 anteferret,
758 1560 844 1587 neque
858 1552 1008 1579 secundum

216 1595 303 1616 tamen
318 1598 404 1624 neque
418 1590 524 1615 tertium
539 1589 663 1615 dixerim.
684 1590 737 1615 Nec
750 1589 820 1615 enim
831 1590 859 1615 in
868 1589 1008 1625 quadrigis
1029 1599 1031 1624 4¹

216 1636 276 1653 eum
296 1626 444 1653 secundum
464 1627 658 1652 numeraverim
677 1631 722 1652 aut
740 1627 856 1657 tertium,
871 1627 919 1661 qui
935 1627 981 1652 vix
993 1635 1008 1652 e

215 1664 366 1690 carceribus
389 1664 490 1694 exierit,
510 1672 595 1698 quum
614 1663 730 1698 palmam
749 1664 801 1689 iam
815 1663 920 1698 primus
933 1672 1008 1690 acce-

216 1701 297 1736 perit;
321 1709 367 1727 nec
392 1701 418 1727 in
436 1700 595 1731 oratoribus,
615 1701 662 1735 qui
681 1705 783 1726 tantum
797 1701 868 1727 absit
880 1709 894 1726 a
909 1701 1003 1735 primo,

217 1739 263 1765 vix
277 1742 305 1764 ut
319 1739 346 1764 in
360 1738 451 1764 eodem
465 1737 600 1764 curriculo
612 1746 670 1764 esse
685 1738 816 1764 videatur.
852 1737 905 1764 Sed
920 1742 1007 1764 tamen

216 1779 290 1802 erant
303 1784 331 1801 ea
346 1775 372 1801 in
386 1775 523 1809 Philippo,
543 1783 612 1809 quae
629 1775 676 1809 qui
695 1775 753 1801 sine
766 1775 960 1810 comparatione
974 1775 1008 1801 il-

217 1813 302 1839 lorum
317 1816 454 1847 spectaret,
471 1813 534 1838 satis
549 1820 644 1846 magna
655 1812 766 1838 diceret:
782 1820 888 1838 summa
900 1812 1007 1838 libertas

215 1851 242 1876 in
257 1849 383 1879 oratione.
400 1849 498 1875 multae
513 1849 633 1881 facetiae;
650 1850 714 1875 satis
727 1849 818 1875 creber
831 1850 858 1875 in
873 1850 1007 1884 reperien—
1029 1858 1037 1877 ,¹

216 1887 266 1918 dis,
291 1886 396 1913 solutus
414 1887 441 1913 in
459 1886 625 1920 explicandis
643 1887 794 1912 sententiis:
817 1891 871 1912 erat
885 1887 964 1913 etiam
978 1887 1006 1913 in
1036 1890 1037 1894 ’

217 1925 320 1959 primis,
337 1929 366 1950 ut
379 1924 544 1958 temporibus
559 1923 622 1954 illis,
638 1923 746 1950 Graecis
759 1923 887 1950 doctrinis
898 1925 1007 1950 institu-

217 1966 269 1992 tus,
294 1961 321 1987 in
345 1961 494 1987 altercando
515 1969 577 1987 cum
596 1960 686 1995 aliquo
705 1960 797 1987 aculeo
815 1966 840 1987 et
855 1961 922 1987 male
937 1961 1007 1987 dicto

216 1998 326 2025 facetus.
362 1999 418 2024 174.
434 1999 533 2025 Horum
548 1998 625 2024 aetati
639 2006 720 2032 prope
733 1999 892 2024 coniunctus
906 1998 1007 2025 L.Gel—

217 2035 269 2062 lius
292 2044 344 2062 non
366 2039 419 2062 tam
443 2035 587 2061 vendibilis
609 2040 702 2065 orator,
726 2044 807 2070 quam
832 2040 861 2062 ut
879 2036 1004 2065 nescires,

215 2073 281 2108 quid
300 2073 323 2099 ei
341 2072 453 2099 deesset.

216 2110 249 2136 ad
270 2110 473 2145 excogitandum
493 2118 540 2136 nec
558 2110 736 2136 Romanarum
759 2118 848 2136 rerum
866 2110 1007 2136 immemor

215 2151 241 2174 et
259 2147 348 2173 verbis
362 2147 466 2174 solutus
479 2147 557 2179 satis;
580 2147 627 2173 sed
644 2147 672 2173 in
688 2155 798 2183 magnos
811 2151 926 2174 oratores
940 2148 1008 2173 inci-

215 2185 288 2211 derat
311 2185 369 2211 eius
393 2189 477 2210 aetas:
508 2184 620 2210 multam
640 2188 728 2210 tamen
745 2192 852 2219 operam
871 2185 964 2211 amicis
982 2189 1007 2210 et
1036 2206 1037 2211 ,

215 2221 309 2248 utilem
333 2221 468 2256 praebuit;
500 2226 579 2256 atque
602 2222 636 2247 ita
654 2221 701 2248 diu
720 2222 796 2252 vixit,
818 2226 847 2248 ut
861 2221 1006 2248 multarum

215 2263 330 2285 aetatum
352 2259 501 2285 oratoribus
523 2258 712 2293 implicaretur.
738 2258 855 2285 multum
877 2259 956 2285 etiam
979 2259 1007 2285 in

215 2297 318 2323 caussis
341 2300 500 2322 versaretur.
537 2297 592 2322 475.
612 2295 709 2322 lisdem
728 2295 782 2322 fere
796 2296 961 2330 temporibus
975 2296 1005 2322 D.

215 2334 312 2360 Brutus
333 2334 366 2364 is,
391 2334 438 2368 qui
463 2333 556 2360 consul
580 2342 641 2359 cum
661 2333 792 2359 Mamerco
809 2333 868 2364 fuit.
890 2333 969 2359 homo
982 2337 1008 2359 et

215 2371 323 2397 Graecis
341 2370 435 2397 doctus
454 2370 548 2397 litteris
567 2375 592 2397 et
606 2370 715 2396 Latinis.
750 2370 856 2397 Dicebat
876 2371 955 2396 etiam
974 2371 1004 2396 L.

216 2407 305 2442 Scipio
323 2416 375 2434 non
393 2408 522 2442 imperite,
544 2407 647 2442 Cn.que
664 2408 808 2442 Pompeius
826 2407 889 2434 Sex.
908 2408 938 2434 F.
957 2407 1007 2433 ali-

215 2453 296 2479 quem
326 2453 468 2471 numerum
492 2445 636 2471 obtinebat.
670 2445 736 2471 Nam
760 2444 822 2471 Sex.
847 2444 926 2471 frater
947 2445 1006 2470 eius

216 2482 473 2515 praestantissimum
495 2483 635 2518 ingenium
657 2481 804 2508 contulerat
821 2481 854 2508 ad
871 2490 1006 2508 summam

216 2519 282 2544 iuris
304 2518 393 2544 civilis
416 2523 441 2545 et
463 2519 496 2545 ad
521 2519 664 2554 perfectam
685 2519 845 2554 geometriae
869 2523 894 2545 et
916 2527 1005 2545 rerum

216 2555 363 2581 Stoicarum
387 2556 535 2582 scientiam.
569 2557 633 2582 Item
657 2556 684 2582 in
706 2557 764 2582 iure
782 2560 808 2582 et
824 2560 884 2582 ante
902 2556 950 2582 hos
968 2556 1003 2582 M.

215 2592 314 2618 Brutus
331 2596 357 2618 et
373 2592 464 2626 paullo
480 2598 540 2627 post
553 2601 615 2619 eum
630 2593 658 2620 C.
673 2593 818 2623 Bellienus,
831 2592 911 2619 homo
921 2601 969 2627 per
976 2601 1006 2619 se

216 2637 338 2664 magnus,
359 2637 440 2663 prope
453 2629 536 2656 simili
550 2631 649 2656 ratione
662 2638 786 2656 summus
800 2634 932 2662 evaserat;
956 2630 1005 2665 qui

215 2666 307 2692 consul
331 2665 416 2692 tactus
438 2671 516 2697 esset,
540 2667 591 2693 nisi
613 2667 640 2693 in
659 2667 790 2693 Marianos
807 2666 962 2693 consulatus
980 2671 1005 2693 et

674 1515 764 1549 ltaque
778 1522 849 1546 eum,
865 1515 915 1541 etsi
930 1523 1008 1541 nemo
1029 1521 1037 1543 ι’

488 2073 542 2098 Nec
560 2073 631 2098 enim
650 2077 704 2099 erat
717 2072 839 2099 indoctus
854 2081 902 2099 nec
915 2073 1007 2099 tardus
1029 2093 1030 2098 .

1061 885 1188 906 veterator
1207 880 1355 906 videbatur.
1390 881 1451 906 Erat
1465 881 1491 907 in
1507 882 1617 915 privatis
1630 882 1733 907 caussis
1747 881 1778 913 O.
1796 881 1850 907 Lu-

1059 918 1157 943 cretius
1166 917 1276 952 Vispillo
1290 922 1315 943 ct
1329 922 1424 943 acutus
1435 922 1460 944 et
1470 918 1653 952 iurisperitus:
1671 918 1849 953 namOphella

1036 978 1038 985 Α
1059 955 1143 989 aptior
1160 955 1333 980 concionibus
1350 963 1431 990 quam
1450 955 1571 981 iudiciis:
1594 955 1711 990 prudens
1724 955 1804 981 etiam
1818 955 1848 981 T.

217 994 289 1023 Eon',
315 993 401 1027 inquit
423 993 529 1023 Brutus,
555 992 587 1017 dc
609 1000 663 1026 quo
685 992 768 1018 multa
788 991 926 1018 Lucilius‘?
957 993 1009 1018 Isto
1029 996 1038 1026 Α(

217 1031 288 1064 ipso:
305 1030 351 1056 sed
362 1030 469 1055 Tincam
485 1038 535 1055 non
551 1029 640 1055 minus
655 1029 737 1056 multa
752 1029 863 1056 ridicule
877 1029 1007 1056 dicentem
1030 1031 1031 1058 i

192 1087 196 1094 .
217 1068 333 1094 Granius
356 1067 484 1093 obruebat
506 1067 595 1092 nescio
613 1075 667 1101 quo
685 1075 778 1102 sapore
797 1067 951 1099 vernacu103
980 1072 1009 1093 ut
1036 1071 1038 1098 ζ

217 1113 265 1138 ego
280 1105 331 1131 iam
346 1113 397 1131 non
412 1105 500 1133 mirer,
518 1104 583 1130 illud
599 1104 780 1139 Theophrasto
790 1104 1008 1139 accidisse,quod
1036 1131 1038 1135 ‚

1061 992 1163 1018 Annius
1182 992 1272 1018 Velina
1291 997 1316 1018 et
1334 992 1360 1018 in
1379 993 1437 1018 eius
1455 993 1560 1027 generis
1573 993 1676 1018 caussis
1689 997 1774 1018 orator
1787 1000 1851 1018 sane

1060 1029 1213 1055 tolerabilis.
1239 1029 1268 1055 ln
1282 1029 1374 1055 eodem
1388 1038 1484 1063 genere
1497 1038 1652 1056 caussarum
1667 1029 1782 1055 multum
1796 1034 1852 1056 erat

1060 1067 1088 1092 T.
1109 1067 1256 1098 luventius,
1277 1067 1357 1092 nimis
1372 1065 1416 1092 ille
1433 1067 1543 1101 quidem
1559 1066 1646 1093 lentus
1660 1067 1686 1093 in
1700 1066 1813 1093 dicendo
1825 1071 1852 1093 et

1060 1112 1141 1139 paene
1161 1103 1284 1139 frigidus,
1304 1103 1351 1129 sed
1370 1108 1395 1130 et
1408 1103 1522 1130 callidus
1535 1109 1560 1130 et
1574 1105 1600 1130 in
1614 1104 1743 1139 capiendo
1756 1104 1852 1130 adver-

1060 1142 1128 1167 sario
1143 1145 1267 1167 versutus
1277 1145 1303 1166 et
1313 1146 1444 1175 practerea
1456 1150 1504 1167 nec
1514 1141 1637 1167 indoctus
1646 1146 1671 1167 et
1682 1149 1777 1177 magna
1787 1149 1850 1167 cum

1060 1179 1125 1204 iuris
1143 1178 1232 1204 civilis
1250 1178 1434 1213 intelligentia.
1470 1179 1526 1204 179.
1542 1179 1626 1205 Cuius
1640 1179 1744 1205 auditor
1757 1179 1786 1204 P.
1801 1178 1851 1205 Or-

1059 1216 1128 1245 bius,
1146 1224 1222 1241 meus
1237 1215 1290 1241 fere
1303 1215 1431 1250 aequatis.
1447 1216 1474 1242 in
1489 1215 1601 1242 dicendo
1615 1224 1666 1242 non
1681 1216 1761 1242 nimis
1774 1224 1851 1242 exer—

1058 1254 1162 1283 citatus,
1184 1253 1211 1279 in
1230 1253 1287 1279 iure
1305 1257 1393 1279 autem
1411 1253 1484 1279 civili
1500 1262 1550 1279 non
1565 1253 1682 1283 inferior,
1697 1262 1779 1288 quam
1794 1261 1850 1279 ma-

1058 1291 1140 1325 gister
1154 1289 1214 1316 l'uit.
1248 1290 1314 1316 Nam
1329 1290 1358 1316 Τ.
1374 1290 1506 1321 Aufidius,
1527 1291 1574 1325 qui
1589 1291 1656 1316 vixit
1669 1290 1702 1316 ad
1715 1298 1849 1316 summam

1059 1332 1231 1358 senectutem,
1257 1327 1362 1353 volebat
1384 1336 1443 1353 esse
1463 1327 1560 1353 similis
1579 1327 1684 1358 horum,
1704 1333 1812 1362 eratque
1825 1332 1852 1353 et

1060 1365 1145 1391 bonus
1160 1365 1201 1390 vir
1213 1369 1238 1390 et
1252 1365 1388 1395 innocens,
1404 1364 1451 1390 sed
1464 1364 1568 1391 dicebat
1586 1373 1690 1399 parum.
1721 1365 1774 1391 Nec
1787 1373 1851 1391 sane

1059 1402 1121 1436 plus
1140 1401 1218 1428 trater
1235 1402 1294 1428 eius
1309 1402 1344 1427 M.
1360 1401 1497 1437 virgilius.
1517 1403 1565 1437 qui
1580 1402 1705 1428 tribunus
1717 1401 1804 1437 plebia
1818 1402 1848 1428 L.

1059 1439 1150 1466 Sullae
1171 1440 1322 1473 imperatori
1345 1439 1416 1465 diem
1439 1439 1516 1465 dixit.
1550 1439 1616 1465 Eius
1634 1439 1734 1475 collega
1748 1439 1778 1465 P.
1793 1439 1850 1465 Ma-

1058 1477 1128 1513 gius,
1154 1477 1180 1502 in
1203 1476 1316 1503 dicendo
1337 1476 1427 1511 paullo
1445 1481 1532 1503 tamen
1550 1477 1690 1511 copiosior.
1725 1477 1782 1503 180.
1797 1475 1850 1503 Sed

1058 1515 1178 1541 omnium
1197 1518 1329 1540 oratorum
1347 1514 1405 1540 sive
1422 1513 1585 1544 rabularum,
1605 1514 1653 1549 qui
1670 1518 1696 1540 et
1713 1513 1791 1549 plane
1809 1513 1852 1540 in-

1058 1551 1127 1578 docti
1143 1556 1168 1577 et
1182 1550 1306 1577 inurbani
1320 1555 1366 1576 aut
1379 1551 1471 1577 rustici
1484 1551 1563 1577 etiam
1578 1550 1694 1581 fuerunt,
1706 1559 1775 1585 quos
1788 1551 1851 1586 qui-

1058 1589 1119 1615 dem
1143 1596 1191 1623 ego
1212 1588 1392 1623 cognoverim,
1420 1588 1616 1614 solutissimum
1639 1589 1667 1614 in
1689 1587 1803 1614 dicendo
1824 1592 1852 1614 et

1058 1626 1244 1652 acutissimum
1259 1625 1348 1651 iudico
1361 1625 1442 1651 nostri
1457 1624 1851 1660 ordinisQ.Sertorium,eque-

1059 1663 1120 1689 stris
1139 1662 1168 1689 C.
1188 1662 1362 1697 Gargonium.
1397 1662 1458 1688 Fuit
1476 1662 1554 1688 etiam
1570 1662 1655 1688 facilis
1669 1667 1694 1688 et
1707 1662 1851 1697 expeditus

1059 1700 1091 1726 ad
1104 1699 1247 1726 dicendum
1262 1703 1288 1725 et
1302 1699 1370 1725 vitae
1383 1695 1524 1734 splendore
1538 1699 1624 1726 mutto
1633 1704 1658 1726 et
1668 1700 1777 1735 ingenio
1786 1707 1850 1726 sane

1059 1737 1189 1772 probabili
1208 1737 1238 1762 T.
1253 1737 1346 1763 Iunius
1365 1737 1394 1763 L.
1411 1737 1440 1763 F.
1456 1737 1626 1768 tribunicius,
1641 1745 1696 1772 quo
1709 1741 1851 1763 accusante

1036 1783 1037 1787 ¹
1059 1776 1086 1801 Ρ.
1103 1774 1219 1804 Sextius,
1236 1778 1340 1808 praetor
1350 1773 1664 1809 designatus,damnatus
1674 1778 1714 1800 est
1723 1773 1850 1800 ambitus.

1029 1823 1037 1835 ω
1059 1813 1082 1838 [s
1102 1811 1274 1846 processisset
1291 1811 1437 1837 honoribus
1456 1811 1569 1846 longius,
1591 1811 1643 1837 nisi
1655 1819 1763 1846 semper
1775 1810 1851 1838 infir*

1059 1857 1100 1875 ma
1114 1853 1194 1883 atque
1208 1849 1286 1874 etiam
1300 1856 1377 1883 aegra
1391 1848 1544 1874 valetudine
1557 1847 1662 1874 suisset.

1111 1886 1206 1912 XLIX.
1224 1887 1280 1911 181.
1305 1886 1392 1920 Atque
1410 1894 1459 1921 ego
1477 1885 1610 1920 praeclare
1627 1884 1748 1921 intelligo
1765 1886 1850 1912 mein

1057 1932 1149 1950 eorum
1171 1923 1419 1949 commemoratione
1442 1923 1551 1953 versari,
1571 1923 1618 1957 qui
1637 1931 1684 1949 nec
1698 1922 1782 1949 habiti
1795 1923 1851 1950 sint

1036 1952 1037 1984 Ῑ
1057 1965 1171 1987 oratores
1185 1968 1272 1995 neque
1286 1959 1393 1990 fuerint,
1414 1960 1604 1994 praeteririque
1617 1968 1632 1986 a
1646 1968 1688 1986 me
1701 1959 1804 1995 aliquot
1815 1967 1850 1986 ex

1059 1998 1194 2024 veteribus
1207 1997 1454 2023 commemoratione
1468 2001 1513 2023 aut
1528 1996 1605 2023 laude
1617 1997 1726 2033 dignos:
1742 1996 1789 2023 sed
1800 1996 1851 2024 hoc

1036 2042 1037 2046 ¹
1057 2034 1166 2070 quidem
1181 2035 1352 2070 ignoratione.
1378 2033 1449 2066 Quid
1459 2034 1529 2060 enim
1541 2039 1581 2060 est
1590 2034 1735 2068 superioris
1745 2034 1848 2065 aetatis,

1058 2072 1129 2107 quod
1142 2073 1223 2098 scribi
1237 2072 1321 2106 possit
1333 2071 1366 2097 de
1380 2072 1422 2102 iis,
1438 2071 1471 2097 de
1481 2071 1582 2106 quibus
1594 2071 1666 2097 nulla
1678 2075 1849 2098 monumenta

1059 2109 1205 2144 loquuntur
1227 2117 1274 2135 nec
1295 2108 1407 2135 aliorum
1427 2117 1474 2134 nec
1491 2107 1631 2143 ipsorum‘.>
1653 2108 1687 2134 de
1700 2109 1734 2134 iis
1747 2112 1847 2139 autem,

1057 2155 1125 2181 quos
1139 2147 1191 2181 ipsi
1206 2146 1333 2176 vidimus,
1351 2146 1484 2172 neminem
1496 2145 1549 2172 sere
1558 2145 1794 2180 praetermittimus
1804 2153 1849 2172 eo-

1058 2192 1126 2214 rum,
1151 2192 1220 2218 quos
1242 2182 1386 2218 aliquando
1407 2183 1526 2209 dicentes
1543 2183 1672 2209 vidimus.
1707 2183 1764 2209 182.
1783 2181 1849 2209 Volo

1036 2217 1038 2239 i
1057 2221 1128 2247 enim
1147 2221 1210 2247 sciri
1227 2221 1255 2246 in
1271 2225 1340 2246 tanta
1355 2225 1381 2246 et
1394 2224 1447 2246 tam
1460 2224 1548 2246 vetere
1561 2219 1706 2255 republica.
1722 2219 1849 2246 maximis

1058 2258 1183 2293 praemiis
1197 2257 1363 2292 eloquentiae
1378 2257 1529 2292 propositis,
1548 2265 1641 2284 omues
1653 2256 1763 2291 cupisse
1775 2256 1850 2283 dice-

1058 2303 1093 2326 re,
1114 2303 1166 2321 non
1184 2294 1314 2329 plurimos
1333 2303 1411 2321 ausos
1430 2303 1497 2325 esse,
1518 2294 1636 2329 potuisse
1650 2301 1758 2328 paucos.
1791 2293 1849 2329 Ego

1058 2337 1145 2359 tamen
1163 2333 1198 2358 ita
1216 2332 1249 2358 de
1267 2340 1321 2358 uno
1337 2339 1445 2366 quoque
1463 2331 1558 2362 dicam,
1578 2335 1608 2357 ut
1625 2330 1739 2366 intelligi
1752 2331 1846 2365 possit,

1057 2377 1139 2404 quem
1157 2369 1308 2395 existimem
1321 2369 1499 2399 clamatorem,
1514 2376 1596 2403 quem
1609 2372 1738 2394 oratorem
1752 2367 1846 2394 fuisse.

1057 2406 1154 2433 Iisdem
1169 2405 1223 2432 sere
1237 2406 1402 2440 temporibus
1415 2409 1498 2432 aetate
1507 2404 1646 2431 inferiores
1657 2404 1847 2440 paullo,quam

1057 2443 1151 2474 Iulius,
1170 2443 1218 2470 sed
1235 2443 1359 2478 aequales
1377 2441 1570 2477 propemodum
1587 2441 1697 2468 fuerunt
1713 2442 1743 2468 C.
1762 2442 1845 2472 Cotta,

1057 2481 1086 2507 P.
1101 2480 1248 2515 Sulpicius,
1264 2480 1296 2512 Q.
1311 2479 1440 2509 Valerius,
1461 2479 1510 2506 Cn.
1524 2479 1696 2514 Pomponius,
1711 2478 1742 2506 C.
1755 2478 1845 2510 Curio.

1057 2519 1086 2544 L.
1107 2518 1208 2549 Fufius,
1230 2518 1266 2544 M.
1287 2518 1397 2548 Drusus,
1417 2516 1446 2542 P.
1464 2516 1606 2547 Antistius.
1626 2524 1675 2542 nee
1691 2515 1747 2542 ulla
1763 2520 1848 2542 aetate

1056 2555 1164 2582 uberior
1176 2559 1308 2581 oratorum
1322 2553 1392 2580 fetus
1406 2552 1466 2579 fuit.
1483 2554 1540 2579 183.
1550 2553 1592 2580 Ex
1605 2553 1647 2579 his
1661 2552 1735 2580 Cotta
1746 2557 1774 2579 et
1784 2551 1848 2579 Sul-

1056 2592 1144 2627 picius
1156 2600 1242 2627 quum
1255 2599 1315 2618 meo
1326 2590 1435 2620 iudicio,
1451 2594 1509 2616 tum
1522 2590 1644 2616 omnium
1657 2589 1734 2616 facile
1746 2590 1847 2625 primas

1057 2629 1184 2655 tulerunt.
1215 2629 1263 2655 Hic
1280 2628 1392 2658 Atticus.
1407 2626 1546 2659 Quomodo
1562 2627 1632 2654 istuc
1649 2626 1726 2658 dicis,
1745 2627 1844 2662 inquit,

1055 2674 1142 2701 quum
1160 2670 1206 2692 tuo
1223 2665 1332 2696 iudicio,
1347 2668 1404 2691 tum
1417 2663 1558 2690 omnium?
1589 2664 1734 2699 Semperne
1746 2664 1775 2690 in
1787 2671 1845 2690 ora-
