1941 3052
521 124 572 150 DE
603 124 654 150 RE
685 123 879 150 PUBLICA
908 124 986 150 LIB.
1016 125 1037 150 Ι.
1067 124 1160 151 CAP.
1190 126 1328 152 23—34.

103 200 158 223 ctos
170 195 309 231 dignitatis
322 194 423 230 gradus
434 203 486 221 non
498 195 646 226 habebant⁷
667 204 719 221 non
737 195 841 222 tenebat
855 203 899 221 or-

105 238 196 260 natum
208 241 289 258 suum
299 237 404 258 civitas.

158 269 279 296 XXVIII.
295 270 336 295 44.
355 270 442 303 Atque
453 268 504 295 boc
515 268 609 304 loquor
620 269 653 295 de
665 269 751 295 tribus
763 269 806 295 his
817 278 900 305 gene-

105 307 180 333 ribus
197 315 286 333 rerum
302 306 474 341 publicarum
491 315 542 333 non
558 306 671 333 turbatis
687 311 766 341 atque
780 308 900 341 permix-

104 345 151 375 tis,
169 344 216 370 sed
233 353 313 370 suum
330 348 428 370 statum
444 344 607 370 tenentibus.

105 390 180 408 mum
191 382 291 408 suntin
303 381 337 407 iis
348 380 455 416 singula
467 381 550 412 vitiis,
564 389 633 416 quae
645 385 704 407 ante
716 381 788 408 dixi:
801 381 899 407 deinde

105 419 204 445 liabent
218 419 368 453 perniciosa
383 418 435 444 alia
450 419 529 445 vitia:
550 418 657 444 nullum
673 424 713 444 est
727 419 798 444 enim
814 427 900 453 genus

104 456 213 482 illarum
228 465 317 482 rerum
333 455 519 490 publicarum,
541 455 613 491 quod
629 464 681 482 non
697 456 793 482 habeat
807 456 856 481 iter
867 455 900 481 ad

106 493 251 520 finitimum
272 493 408 528 quoddam
429 492 530 519 malum
552 502 680 528 praeceps
701 502 730 519 ac
754 492 898 519 lubricum.

104 531 171 557 Nam
184 530 225 557 illi
236 532 301 566 regi,
316 535 345 557 ut
355 539 416 556 eum
429 531 602 565 potissimum
613 531 759 561 nominem,
776 530 901 556 tolerabi-

105 567 133 599 li,
150 573 195 594 aut
205 568 229 594 si
241 568 333 599 vultis,
346 568 427 594 etiam
438 567 549 593 amabili
560 567 638 603 Cyro,
651 567 746 594 subest
757 567 789 593 ad
801 568 901 593 immu-

104 605 177 632 tandi
190 605 272 631 animi
285 604 421 631 licentiam
432 604 638 631 crudelissimus
649 604 694 631 ille
706 605 840 635 Phalaris,
853 613 901 630 cu-

105 643 148 669 ius
165 643 192 669 in
208 641 417 668 similitudinem
432 642 586 668 dominatus
602 643 684 668 unius
695 642 809 677 proclivi
820 650 901 668 cursu

104 685 130 707 et
140 679 231 706 facili*
243 679 386 706 delabitur.
426 679 467 705 Illi
479 685 567 706 autem
579 680 790 706 Massiliensium
802 687 902 713 pauco-

104 726 165 744 rum
180 722 206 744 et
221 717 377 752 principum
393 717 619 743 administrationi
634 717 751 743 civitatis
771 716 902 742 finitimus

104 760 158 786 est,
180 755 228 789 qui
245 754 295 780 fuit
310 754 428 789 quodam
444 759 562 789 tempore
579 754 651 788 apud
662 754 840 780 Athenienses
855 754 902 780 tri-

104 793 179 828 ginta
193 791 322 828 [virorum
332 790 351 828 ’]
364 800 512 818 consensus
523 797 548 818 et
559 791 648 818 factio.

104 830 176 856 sium
188 828 282 864 populi
293 834 450 864 potestatem
462 829 584 855 omnium
597 837 687 854 rerum
698 829 765 862 ipsi,
788 837 820 854 ne
836 828 902 854 alios

105 867 289 902 requiramus,
313 866 346 892 ad
366 865 483 892 furorem
505 865 689 892 multitudinis
710 865 902 900 licentiamque

105 912 262 931 conversam
273 904 343 938 pesti
355 904 366 916 *
380 904 391 916 *
403 903 415 916 *

294 949 492 982 (Desiderantur
500 951 612 982 paginae
623 950 709 982 (luae.)

158 990 261 1017 XXIX.
283 992 324 1017 45.
347 990 358 1003 *
371 990 382 1003 *
395 990 405 1003 *
420 991 590 1017 taeterrimus
606 996 632 1016 et
647 999 680 1017 ex
694 990 757 1021 hac,
774 990 817 1016 vel
833 991 903 1025 opti-

105 1029 227 1059 matium,
236 1028 278 1054 vel
291 1027 400 1054 factiosa
411 1029 548 1063 tyrannica
561 1028 615 1058 illa,
625 1028 667 1054 vel
683 1030 756 1064 regia
768 1028 809 1054 vel
822 1029 902 1054 etiam

105 1074 233 1100 persaepe
249 1065 400 1100 popularis:
425 1066 543 1100 itemque
559 1074 593 1091 ex
603 1074 633 1091 ea
644 1074 730 1100 genus
742 1065 852 1101 aliquod
864 1065 904 1091 ef-

105 1103 243 1130 florescere
255 1111 289 1129 ex
299 1102 364 1133 illis,
377 1111 446 1137 quae
458 1108 517 1129 ante
529 1103 601 1133 dixi,
613 1103 694 1129 solet:
713 1104 829 1138 mirique
841 1108 904 1129 sunt

104 1141 183 1167 orbes
194 1145 220 1166 et
230 1141 309 1175 quasi
319 1140 450 1166 circuitus
461 1141 488 1166 in
499 1140 580 1166 rebus
592 1140 710 1174 publicis
716 1140 904 1166 commutatio-

106 1187 171 1204 num
183 1182 209 1204 et
219 1177 455 1204 vicissitudinum:
478 1186 546 1212 quos
558 1186 644 1212 quum
655 1186 784 1213 cognosse
795 1178 904 1212 sapien-

105 1216 139 1242 tis
151 1220 200 1246 est,
208 1220 265 1242 tum
278 1223 341 1241 vero
352 1215 505 1249 prospicere
517 1214 737 1249 impendentesin
749 1215 904 1250 gubernan-

105 1253 139 1279 da
154 1261 181 1278 re
197 1252 307 1286 publica
322 1252 504 1278 moderantem
518 1261 628 1278 cursum
640 1257 720 1287 atque
731 1253 758 1278 in
770 1261 818 1278 sua
830 1257 905 1287 pote-

105 1295 171 1316 state
183 1291 342 1316 retinentem
353 1290 445 1325 magni
455 1289 598 1316 cuiusdam
610 1290 679 1316 civis
690 1295 716 1316 et
725 1290 812 1316 divini
821 1298 904 1324 paene

105 1332 145 1354 est
157 1327 218 1354 viri.
242 1328 334 1362 Itaque
345 1332 471 1362 quartum
483 1327 619 1361 quoddam
631 1336 717 1362 genus
730 1328 767 1353 rei
779 1327 904 1362 publicae

107 1364 223 1391 maxime
235 1364 404 1399 probandum
417 1373 476 1390 esse
486 1364 662 1399 sentio‚quod
673 1369 757 1391 estex
770 1365 821 1396 his,
835 1373 904 1399 quae

105 1403 192 1437 prima
203 1402 270 1432 dixi,
283 1402 450 1428 moderatum
461 1407 487 1428 et
498 1403 662 1437 permixtum
674 1402 771 1428 tribus.

159 1439 249 1466 XXX.
265 1441 307 1466 46.
328 1440 375 1465 Hic
386 1439 507 1465 Laelius:
522 1439 583 1466 Scio
595 1439 643 1465 tibi
657 1440 691 1465 ita
702 1439 816 1474 placere,
832 1438 904 1465 Afri·
925 1457 926 1460 ,

105 1485 183 1510 cane;
206 1485 286 1512 saepe
297 1477 370 1503 enim
380 1485 414 1503 ex
425 1482 449 1503 te
460 1477 567 1509 audivi;
580 1477 627 1503 sed
640 1482 737 1507 tamen,
755 1477 807 1503 nisi
820 1476 904 1503 mole—

105 1520 177 1541 stum
188 1519 242 1545 est,
259 1523 294 1540 ex
305 1514 391 1540 tribus
402 1514 461 1540 istis
473 1514 560 1540 modis
572 1522 661 1540 rerum
674 1514 845 1548 publicarum
857 1522 904 1540 ve-

106 1551 154 1578 lim
165 1553 234 1578 scire
245 1551 329 1586 quid*
341 1552 475 1586 optimum
487 1551 602 1578 iudices.
641 1552 708 1578 Nam
721 1551 762 1577 vel
774 1551 904 1586 profuerit

106 1589 210 1625 aliquid
222 1589 255 1615 ad
265 1597 315 1624 cog
327 1589 337 1601 ⁸
350 1590 361 1601 *
374 1589 385 1602 *

294 1644 492 1676 (Desiderantur
500 1645 612 1677 puqinne
622 1644 710 1677 (lune.)

160 1688 262 1715 XXXI.
282 1689 323 1715 47.
346 1688 357 1701 *
369 1688 380 1701 *
393 1688 404 1702 *
419 1693 445 1715 et
461 1688 521 1715 talis
536 1693 576 1714 est
590 1697 713 1724 quaeque
730 1696 772 1714 res
783 1687 902 1723 publica,

105 1725 194 1762 qualis
205 1727 264 1753 eius
279 1730 325 1752 aut
341 1731 433 1752 natura
449 1731 495 1752 aut
510 1725 648 1757 voluntas,
669 1726 717 1760 qui
734 1725 807 1752 illam
824 1726 902 1761 regit.
926 1742 927 1747 ,

105 1765 196 1799 ltaque
208 1763 282 1790 nulla
293 1763 345 1790 alia
356 1764 383 1790 in
394 1763 516 1794 civitate,
541 1763 594 1789 nisi
611 1763 637 1789 in
654 1771 707 1798 qua
722 1763 815 1798 populi
829 1768 905 1797 pote-

105 1806 159 1828 stas
169 1810 275 1828 summa
282 1805 330 1832 est,
340 1800 426 1827 ullum
439 1800 609 1827 domicilium
622 1800 731 1827 libertas
744 1800 836 1826 habet:
851 1809 903 1835 qua
926 1806 927 1810 ¹

105 1838 217 1874 quidem
229 1843 299 1865 certe
310 1837 378 1864 nihil
391 1843 547 1873 potestesse
559 1837 681 1869 dulcius,
703 1842 729 1864 et
744 1846 813 1873 quae
824 1838 848 1864 si
859 1846 904 1863 ae-

104 1885 159 1911 qua
176 1885 228 1903 non
245 1880 298 1906 est,
317 1875 469 1902 nelibertas
480 1875 592 1910 quidem
604 1880 654 1901 est.
694 1875 747 1908 Qui
758 1880 847 1902 autem
860 1884 905 1901 ae-

105 1922 158 1948 qua
170 1911 344 1948 potestesse?
354 1913 447 1939 omitto
457 1912 545 1938 dicere
557 1913 585 1938 in
598 1920 688 1948 regno,
703 1913 750 1938 ubi
762 1921 795 1939 ne
806 1913 905 1939 obscu-

106 1959 133 1977 ra
145 1950 257 1986 quidem
269 1954 309 1976 est
319 1954 365 1975 aut
375 1949 458 1976 dubia
469 1951 600 1981 servitus3
617 1949 665 1975 sed
677 1950 704 1976 in
717 1950 776 1976 istis
787 1950 906 1976 civitati-

107 1988 172 2018 bus,
191 1988 217 2014 in
232 1987 335 2023 quibus
349 1986 432 2013 verbo
443 1991 506 2013 sunt
517 1985 596 2012 liberi
607 1994 713 2018 omnes;
733 1986 821 2013 ferunt
832 1988 904 2013 enim

106 2024 243 2061 suffragia,
257 2023 385 2051 mandant
396 2024 522 2058 imperia,
537 2024 722 2058 magistratus;
736 2023 902 2055 ambiuntur,

107 2067 246 2098 rogantur;
261 2061 308 2088 sed
319 2070 349 2088 ea
362 2061 427 2087 dant
439 2061 534 2097 magiS,
543 2069 612 2096 quae
619 2061 724 2086 etiamsi
735 2060 828 2091 nolint,
837 2061 905 2087 dan-

106 2099 140 2126 da
151 2100 218 2132 sint;
233 2104 258 2126 et
269 2107 337 2134 quae
348 2099 401 2134 ipsi
414 2098 580 2129 nonhabent.
591 2097 828 2132 undealiipetunt:
842 2103 905 2125 sunt

107 2137 180 2163 enim
191 2141 314 2171 expertes
327 2136 448 2171 imperii,
465 2135 572 2162 consilii
588 2135 706 2170 publici.
726 2134 819 2161 iudicii
831 2135 906 2161 dele-

106 2180 210 2201 ctorum
227 2173 362 2206 iudicum3
386 2182 455 2208 quae
474 2172 637 2199 familiarum
660 2172 839 2199 vetustatibus
859 2177 906 2199 aut

107 2211 232 2247 pecuniis
250 2210 442 2246 ponderantur.
483 2211 512 2236 In
534 2209 618 2236 libero
633 2215 721 2236 autem
740 2209 854 2245 populo,
878 2215 906 2237 ut

109 2248 205 2280 Rhodi,
218 2253 248 2275 ut
258 2248 380 2280 Athenis,
395 2256 473 2275 nemo
484 2251 524 2274 est
534 2247 647 2279 civium,
660 2248 708 2282 qui
721 2247 731 2259 ⁴
744 2247 755 2259 ’
769 2247 778 2260 ’

299 2307 498 2341 (Desidet-amur
505 2309 617 2340 paginae
626 2307 712 2340 duae.)

107 2435 216 2463 fastidio
227 2441 252 2463 et
262 2435 389 2471 superbia
402 2440 460 2462 nata
471 2444 530 2461 esse
544 2440 767 2464 commemorant.
785 2434 904 2461 cedenti-

107 2473 159 2500 bus
175 2474 282 2510 iguavis
296 2478 322 2500 et
337 2472 483 2499 imbecillis
498 2477 524 2499 et
539 2472 704 2508 arrogantiae
714 2471 830 2498 divitum
841 2480 904 2498 suc·
926 2482 927 2503 1

349 2510 377 2537 Si
389 2519 452 2536 vcro
464 2511 506 2536 ius
516 2518 597 2535 suum
609 2509 703 2544 populi
720 2513 838 2539 teneant.
857 2518 905 2535 ue-
926 2527 927 2535 1

106 2510 310 2538 cumbentibus.

106 2553 170 2584 gant
183 2547 334 2584 quidquam
349 2556 408 2574 esse
423 2547 615 2582 praestantius.
637 2546 762 2577 liberius,
784 2546 901 2578 beatius;

107 2585 210 2620 quippe
221 2586 269 2621 qui
280 2585 383 2612 domini
394 2587 449 2611 siut
461 2584 561 2620 legum.
575 2583 752 2614 iudiciorum,
767 2582 840 2614 belli,
858 2592 906 2618 pa—

106 2623 160 2654 cis,
187 2621 338 2654 foederum,
365 2623 462 2658 capitis
487 2622 568 2648 unius
588 2622 736 2656 cuiusque,
763 2621 902 2655 pecuniae.

107 2660 179 2687 itanc
192 2668 272 2687 unam
285 2661 334 2687 rite
346 2668 401 2687 rem
413 2659 565 2695 publicum,
580 2658 606 2685 id
618 2663 657 2686 est
668 2667 723 2686 rem
735 2657 842 2693 populi,
857 2667 905 2693 ap-

648 343 721 375 Quae
734 352 832 379 genera
844 344 899 378 pri-
920 349 922 371 t

688 792 743 817 Iam
755 791 902 817 Athenien·
923 807 924 812 =

925 1171 926 1174 η
954 1152 1084 1187 appellari
1106 1152 1200 1178 velint.

1683 128 1746 152 4¹79

950 195 1044 230 pellari
1056 200 1159 230 putant.
1201 196 1291 231 ltaque
1308 200 1333 222 et
1347 204 1361 222 a
1375 204 1469 231 regmm
1481 200 1506 221 et
1517 205 1530 221 a
1541 200 1645 230 patrum
1658 196 1747 223 domi-

951 234 1055 259 natione
1068 233 1153 259 solere
1165 233 1191 258 in
1204 232 1353 259 libertatem
1365 242 1420 259 rem
1431 233 1525 267 populi
1537 233 1679 264 vindicari,
1694 244 1745 260 non

951 279 984 296 ex
1000 270 1092 296 liberis
1109 269 1217 304 populis
1233 279 1309 305 reges
1325 271 1427 305 requiri
1443 275 1486 296 aut
1498 275 1653 305 potestatem
1666 276 1746 306 atque

950 316 1015 341 opes
1025 308 1207 342 optimatium.
1248 309 1289 334 49.
1306 308 1338 334 Et
1353 316 1416 334 vero
1430 313 1527 343 negant
1537 314 1657 343 oportere
1670 309 1747 335 indo-

951 345 1009 370 miti
1025 344 1118 379 populi
1134 345 1199 371 vitio
1214 354 1300 380 genus
1315 345 1364 371 hoc
1376 350 1459 371 totum
1473 345 1549 371 liberi
1561 346 1654 380 populi
1666 355 1747 381 repu-

951 381 1033 408 diari:
1055 382 1180 408 concordi
1197 382 1296 416 populo
1311 388 1336 409 et
1349 383 1438 409 omnia
1453 382 1577 409 referenti
1593 383 1625 409 ad
1642 384 1747 410 incolu-

952 419 1070 445 mitatem
1082 423 1107 445 et
1122 419 1156 444 ad
1173 419 1321 446 libertatem
1337 428 1413 446 suam
1429 420 1497 446 nibil
1516 429 1574 446 esse
1589 421 1748 447 immutabi-

952 455 1014 486 lius,
1028 456 1095 482 nihil
1109 456 1226 488 firmius;
1251 456 1405 483 facillimam
1417 463 1505 483 autem
1518 458 1545 484 in
1557 466 1586 483 ea
1598 468 1625 484 re
1637 458 1747 492 publica

952 502 1010 518 esse
1022 493 1205 524 concordiam,
1224 495 1250 520 in
1266 503 1318 529 qua
1332 494 1401 520 idem
1413 494 1544 521 conducat
1555 496 1696 521 omnibus:
1713 504 1748 522 ex

952 530 1075 556 utilitatis
1088 531 1275 562 varietatibus,
1293 541 1378 566 quum
1389 532 1450 558 aliis
1462 532 1536 558 aliud
1547 532 1686 567 expediat,
1700 541 1748 559 na-

952 568 991 593 sci
1002 567 1160 594 discordias.
1188 569 1279 603 ltaque
1290 578 1375 603 quum
1388 574 1475 603 patres
1487 578 1575 596 rerum
1588 570 1744 604 potirentur.

953 614 1102 640 numquam
1117 606 1269 632 constitisse
1283 607 1400 633 civitatis
1411 612 1520 633 statum.
1560 607 1643 634 Multo
1655 608 1707 633 iam
1720 607 1747 633 id

953 643 980 668 in
992 643 1082 677 regnis
1094 644 1194 673 minuS,
1208 652 1333 677 quorum,
1348 649 1376 669 ut
1387 644 1422 670 ait
1432 644 1546 676 Ennius,

1026 695 1063 699 —
1076 695 1112 699 —
1122 682 1194 706 nulla
1207 679 1298 717 [reyni]
1311 686 1401 708 sancta
1412 684 1528 712 societas,

1027 726 1071 743 nec
1085 719 1146 751 fides
1156 733 1193 736 —
1203 723 1248 744 est.

953 753 1039 786 Quare
1055 763 1140 789 quum
1156 754 1200 781 lex
1215 756 1250 781 sit
1264 755 1354 781 civilis
1374 756 1508 781 societatis
1530 755 1683 786 vincutum,
1706 756 1748 781 ius

954 797 1043 817 autem
1060 792 1127 827 legis
1143 792 1267 826 aequale,
1290 801 1344 827 quo
1360 793 1416 818 iure
1428 794 1540 818 societas
1551 793 1652 818 civium
1664 793 1748 818 teneri

954 833 1047 863 potest.
1056 838 1142 863 quum
1152 838 1199 863 par
1209 838 1261 855 non
1273 830 1307 855 sit
1318 829 1436 855 conditio
1446 829 1566 855 civium?
1579 830 1606 855 Si
1618 830 1689 855 enim
1702 838 1749 863 pe-

953 867 1047 892 cunias
1065 866 1174 901 aequari
1191 875 1241 892 non
1258 866 1357 900 placetg
1380 867 1404 892 si
1420 867 1527 901 ingenia
1539 867 1661 892 omnium
1676 868 1749 901 paria

953 911 1013 929 esse
1025 912 1076 929 non
1089 909 1214 938 possunt:
1236 904 1294 929 iura
1309 909 1379 930 certe
1394 904 1468 938 paria
1479 903 1577 930 debent
1589 912 1647 929 esse
1657 912 1748 930 eorum

954 941 1023 967 inter
1036 950 1078 971 se,
1101 941 1148 975 qui
1164 946 1227 967 sunt
1242 941 1316 966 cives
1332 942 1359 967 in
1376 941 1468 967 eadem
1482 940 1638 975 republica.
1678 941 1749 973 Quid

954 983 994 1004 est
1004 979 1076 1004 enim
1088 978 1193 1009 civitas,
1207 978 1260 1004 nisi
1272 979 1339 1004 iuris
1349 978 1480 1004 societas?
1492 980 1500 989 ‘
1515 980 1525 990 ⁸
1539 979 1549 990 *

1117 1032 1315 1066 (Desideratum
1324 1036 1434 1066 puyineie
1445 1034 1586 1066 quattuor.)

1008 1077 1133 1104 xxxin.
1155 1079 1197 1104 50.
1220 1078 1326 1104 Ceteras
1343 1087 1405 1104 vero
1421 1087 1462 1104 res
1479 1077 1602 1112 publicas
1614 1086 1646 1103 ne
1658 1077 1751 1112 appel-

956 1114 1048 1141 landas
1060 1115 1171 1150 quidem
1184 1121 1279 1150 putant
1291 1116 1324 1141 iis
1336 1115 1679 1150 nominibus,quibusillae
1692 1123 1750 1140 sese

1241 1153 1295 1179 Cur
1315 1153 1387 1179 enim
1410 1161 1498 1188 regem
1525 1151 1658 1187 appellem
1680 1152 1749 1178 lovis

954 1191 1049 1224 optimi
1065 1190 1171 1216 nomine
1184 1190 1319 1216 hominem
1331 1190 1488 1216 dominandi
1500 1190 1630 1224 cupidum
1643 1194 1687 1215 aut
1701 1190 1752 1215 im-

955 1228 1023 1262 perii
1038 1227 1198 1263 singularis,
1222 1227 1322 1262 populo
1337 1236 1464 1262 oppresso
1480 1227 1676 1257 dominantem,
1699 1235 1751 1252 non

955 1270 1098 1300 tyrannum
1115 1264 1222 1299 potius‘?
1242 1269 1295 1291 tam
1311 1265 1382 1291 enim
1399 1273 1457 1290 esse
1476 1263 1595 1290 clemens
1611 1269 1750 1299 tyrannus,

955 1311 1036 1336 quam
1049 1311 1095 1328 rex
1107 1303 1387 1336 importunus‘potest;
1402 1307 1430 1328 ut
1442 1302 1491 1328 hoc
1502 1301 1662 1336 populorum
1671 1302 1752 1327 inter-

955 1340 998 1369 sit,
1013 1344 1102 1365 utrum
1114 1340 1184 1365 comi
1196 1339 1314 1370 domino,
1323 1348 1356 1366 an
1368 1348 1461 1374 aspero
1472 1340 1602 1365 serviant:
1617 1339 1684 1373 quin
1696 1346 1753 1364 ser-

955 1378 1042 1407 viant,
1060 1379 1086 1402 id
1101 1376 1212 1412 quidem
1229 1376 1286 1403 fieri
1302 1385 1354 1403 non
1369 1382 1464 1411 potest.
1504 1376 1562 1408 Quo
1573 1381 1661 1402 autem
1675 1374 1752 1401 niodo

955 1415 1063 1448 assequi
1075 1419 1176 1449 poterat
1189 1413 1369 1440 Lacedaemon
1382 1414 1426 1440 illa
1439 1419 1504 1444 tum,
1521 1422 1605 1448 quum
1619 1418 1752 1447 praestare

956 1451 1100 1486 putabatur
1120 1451 1264 1486 disciplina
1282 1453 1318 1477 rei
1335 1451 1472 1486 publicae,
1497 1456 1525 1477 ut
1541 1451 1618 1476 bonis
1635 1454 1753 1476 uteretur

956 1489 1089 1524 iustisque
1102 1489 1315 1524 regibus,quum
1328 1494 1397 1515 esset
1409 1488 1548 1514 habendus
1560 1496 1614 1515 rex.
1626 1489 1753 1522 quicum-

956 1535 1008 1561 que
1020 1535 1117 1562 genere
1128 1527 1201 1561 regio
1213 1532 1290 1552 uatus
1301 1526 1389 1552 esset?
1409 1527 1475 1552 Nam
1487 1525 1628 1560 optimates
1640 1524 1752 1559 quidem

956 1565 1018 1599 quis
1031 1563 1108 1594 ferat,
1121 1565 1168 1598 qui
1182 1572 1233 1590 non
1246 1563 1338 1598 populi
1350 1572 1494 1593 concessu,
1508 1562 1555 1588 sed
1566 1563 1624 1588 suis
1635 1562 1753 1588 comitiis

956 1601 1006 1627 hoc
1017 1601 1070 1627 sibi
1083 1610 1179 1627 nomen
1191 1600 1401 1636 arrogaverunt?
1411 1601 1462 1632 Qui
1474 1601 1545 1626 enim
1559 1599 1692 1625 iudicatur
1704 1600 1753 1625 iste

955 1639 1074 1673 optimus
1086 1638 1215 1667 doctrina,
1229 1638 1341 1670 artibus,
1355 1637 1472 1665 studiis?
1491 1637 1578 1664 Audio
1589 1635 1715 1672 quando*
1724 1637 1733 1647 ‘
1743 1638 1751 1647 ⁸

956 1676 1018 1699 (Non.
1029 1681 1049 1694 v.
1060 1676 1160 1694 Aemulus
1171 1681 1191 1699 p.
1202 1677 1254 1697 239.)

1144 1718 1342 1751 (Desidernnmr
1353 1719 1464 1750 paqinae
1473 1717 1559 1749 duae.)

1011 1762 1136 1789 XXXIV.
1158 1764 1200 1789 54.
1225 1764 1233 1774 ’
1248 1763 1257 1775 ⁸
1272 1763 1281 1774 ⁸
1293 1763 1317 1789 si
1338 1762 1445 1789 fortuito
1466 1762 1491 1788 id
1514 1761 1605 1792 saciet.
1629 1767 1680 1788 tam
1701 1762 1754 1787 cito

956 1805 1099 1831 evertetur,
1110 1809 1192 1834 quam
1205 1800 1292 1831 navis,
1305 1800 1329 1826 si
1340 1808 1354 1826 e
1367 1800 1519 1826 vectoribus
1531 1805 1599 1825 sorte
1611 1799 1709 1825 duetus
1720 1797 1752 1824 ad

956 1837 1139 1872 gubernacula
1154 1839 1304 1864 accesserit.
1345 1837 1422 1869 Quod
1438 1837 1461 1863 si
1478 1837 1545 1863 liber
1557 1836 1674 1871 populus
1684 1835 1754 1862 deli-

956 1879 1009 1910 get,
1023 1875 1124 1909 quibus
1136 1883 1164 1901 se
1176 1876 1336 1907 committatg
1360 1874 1523 1910 deligetque.
1537 1875 1560 1900 si
1572 1873 1650 1900 modo
1661 1872 1754 1899 salvus

957 1920 1015 1938 esse
1037 1912 1107 1943 vult,
1130 1913 1262 1947 optimum
1284 1921 1433 1947 quemque:
1456 1917 1526 1938 certe
1548 1913 1574 1937 in
1590 1912 1753 1945 optimorum

956 1949 1078 1975 consiliis
1089 1951 1175 1984 posita
1187 1955 1227 1976 est
1237 1950 1388 1976 eivitatium
1400 1949 1486 1975 salus:
1501 1949 1656 1983 praesertim
1669 1956 1753 1983 quum

957 1987 1006 2013 hoc
1019 1992 1110 2013 natura
1124 1987 1222 2017 tulerit,
1237 1996 1287 2013 non
1300 1986 1387 2013 solum
1399 1992 1428 2013 ut
1438 1987 1538 2012 summi
1551 1987 1648 2012 virtute
1660 1990 1685 2012 et
1697 1986 1755 2010 ani-

957 2032 1000 2050 mo
1011 2030 1167 2058 praeessent
1178 2024 1417 2055 imbecillioribus,
1434 2023 1481 2050 sed
1493 2029 1520 2050 ut
1533 2024 1559 2049 1ιί
1571 2024 1650 2049 etiam
1663 2030 1754 2057 parere

956 2061 1072 2087 summis
1085 2062 1178 2088 velint.
1215 2062 1314 2088 Verum
1327 2061 1398 2088 hunc
1408 2062 1541 2096 optimum
1553 2066 1651 2086 statum
1664 2060 1754 2094 praxis

958 2098 1098 2124 bominum
1109 2099 1284 2133 opinionibus
1295 2108 1420 2125 eversum
1432 2107 1491 2125 esse
1503 2098 1605 2127 dicunt,
1618 2098 1665 2132 qui
1679 2097 1754 2132 iguo—

957 2135 1057 2161 ratione
1069 2136 1185 2168 virtutis,
1199 2144 1268 2170 quae
1279 2145 1364 2170 quum
1378 2137 1404 2162 in
1417 2136 1510 2170 paucis
1521 2140 1569 2165 est,
1579 2140 1634 2161 tum
1649 2135 1673 2160 in
1687 2142 1752 2168 pau-

956 2173 995 2198 cis
1007 2172 1142 2198 iudicatur
1152 2177 1177 2199 et
1187 2174 1318 2203 cernitur,
1340 2173 1481 2207 opulentos
1494 2172 1615 2198 homines
1627 2176 1651 2197 et
1662 2171 1753 2205 eopio-

956 2218 1014 2240 sos,
1037 2214 1092 2235 tum
1113 2218 1211 2245 genere
1233 2209 1316 2235 nobili
1333 2215 1421 2240 natos,
1443 2218 1502 2236 esse
1517 2210 1632 2244 optimos
1649 2213 1751 2242 putant.

958 2247 1009 2272 lloc
1021 2255 1108 2273 errore
1122 2246 1196 2281 vulgi
1208 2255 1293 2281 quum
1307 2256 1361 2272 rem
1375 2247 1512 2281 publicam
1523 2253 1751 2281 opespaueorum,

958 2293 1009 2310 non
1027 2284 1152 2314 virtutes.
1173 2289 1260 2310 tenero
1275 2289 1434 2318 coeperunt.
1451 2293 1547 2310 nomen
1565 2283 1603 2309 illi
1617 2283 1753 2317 principes

926 2332 927 2352 ι
956 2322 1126 2355 optimatium
1140 2321 1276 2348 mordicus
1292 2326 1395 2351 tenent.
1414 2330 1440 2347 re
1456 2326 1545 2347 autem
1560 2325 1649 2346 carent
1663 2329 1694 2345 eo
1705 2328 1753 2345 no-

162 2361 276 2388 XXXII.
299 2362 340 2388 48.
363 2360 534 2395 ***populo
557 2359 658 2395 aliquis
683 2369 755 2386 unus
777 2359 904 2395 pluresve
926 2360 927 2393 J

107 2399 247 2426 divitiores
258 2397 494 2433 opulentioresque
507 2398 686 2427 exstitissent,
699 2402 755 2424 tum
767 2406 800 2424 ex
812 2406 903 2424 eorum
926 2406 927 2411 ¹

958 2359 1039 2385 mine.
1087 2359 1152 2384 Nam
1164 2359 1206 2384 dix
1215 2360 1284 2388 itiae,
1300 2367 1405 2387 nomen.
1417 2367 1482 2392 opes
1495 2366 1592 2384 vacuae
1604 2356 1717 2383 consilio
1727 2361 1753 2383 et

958 2395 1067 2422 vivendi
1079 2401 1158 2430 atque
1170 2396 1231 2422 aliis
1246 2395 1395 2430 imperandi
1408 2395 1494 2424 modo,
1508 2394 1647 2420 dedecoris
1658 2394 1752 2429 plenae

957 2437 1019 2459 sunt
1035 2438 1060 2459 et
1077 2433 1216 2460 insolentis
1228 2433 1384 2467 superbiae:
1408 2442 1456 2458 nee
1469 2431 1522 2458 ullu
1534 2431 1679 2457 deformior
1690 2440 1752 2466 spc-

950 2470 1011 2497 .eies
1023 2475 1063 2496 est
1073 2471 1199 2501 civitatis,
1212 2479 1293 2505 ‹liinm
1307 2470 1360 2500 illa,
1371 2471 1396 2496 in
1407 2478 1460 2504 qun
1471 2469 1671 2504 opulentissimi
1681 2470 1752 2503 opti-

957 2508 993 2533 mi
1010 2513 1146 2542 putautur.
1187 2509 1228 2534 52.
1252 2508 1353 2534 Virtute
1371 2516 1432 2533 vero
1447 2507 1614 2541 gubernante
1630 2515 1685 2532 rem
1701 2515 1753 2541 pn-

957 2544 1054 2571 blicnm
1079 2545 1145 2580 quid
1163 2550 1248 2580 potest
1263 2554 1321 2571 esse
1338 2544 1518 2579 praeclarius?
1537 2552 1622 2579 quum
1642 2544 1678 2573 is,
1703 2544 1751 2578 qui

958 2583 1070 2617 imperat
1080 2582 1150 2613 aliis,
1163 2583 1247 2609 servit
1259 2583 1315 2617 ipse
1327 2582 1394 2608 nulli
1406 2581 1560 2616 cupiditati;
1575 2589 1670 2616 quimi,
1683 2589 1752 2616 (pias

956 2619 989 2645 ad
1001 2628 1043 2646 res
1057 2621 1131 2646 cives
1149 2620 1263 2646 instituit
1279 2625 1304 2646 et
1321 2625 1408 2649 vocat,
1427 2628 1472 2645 eas
1486 2627 1580 2645 ouines
1593 2617 1752 2653 complexus

956 2662 996 2684 est
1007 2658 1064 2692 ipsu
1076 2666 1124 2684 nee
1137 2657 1209 2693 leges
1225 2656 1451 2706 iuiponitpopulo.
1460 2656 1562 2692 quibus
1574 2656 1631 2692 ipse
1643 2665 1694 2683 non
1704 2664 1753 2690 pa-

1479 2706 1525 2730 ssS
1536 2703 1546 2713 “
