1941 3052
247 147 296 172 1302
817 145 857 170 1853.
893 145 926 170 M.

245 225 319 246 inus,
337 221 360 241 ct
373 225 445 241 anior
456 215 629 249 reipublicae,
648 224 697 240 non
711 219 846 248 prm-stans
859 215 884 240 in
897 214 1033 248 republica
1054 218 1057 247 ζ

245 254 343 282 virtus,
358 262 407 278 non
421 262 524 278 sunnnn
536 252 675 276 auctoritas
686 251 756 285 apud
770 252 880 281 milites,
895 260 946 277 non
959 252 1033 277 iniri·
1054 275 1055 281 ,

1054 290 1055 294 ’
1085 293 1163 322 atque
1178 297 1270 314 amens
1286 289 1411 315 tribunus
1428 289 1512 323 plebis
1528 291 1735 319 nancisceretur.
1753 291 1819 326 quid
1832 292 1874 318 di-

245 291 310 316 tiens
328 299 392 315 usus
409 291 434 315 in
452 298 477 314 rt·
493 289 599 314 militari
616 288 772 317 vxstiti-‹st-t,
793 297 878 322 neque
894 289 998 314 adiutor
1009 289 1032 314 ei

245 328 272 353 l'.
290 327 394 352 Sestius
415 327 445 351 ml
462 325 630 351 exe-numliun
649 326 805 355 Antonium,
829 325 1030 355 cohortandum,
1054 323 1055 356 Ξ

1054 363 1055 370 ’
1084 371 1156 388 norea
1169 363 1249 389 buius
1262 364 1379 398 imperii.
1394 363 1540 398 proditores
1550 369 1651 391 vestrae
1661 366 1813 398 dignitatis,
1826 366 1874 392 ho-

243 364 436 398 impelli-ndum
455 362 560 391 fuisset,
582 362 660 387 ‹latns
677 362 722 387 illo
737 363 762 388 in
781 362 851 388 bello
865 368 935 388 esset
951 363 1031 389 hiemi

245 401 329 430 lorus,
344 409 430 434 neque
442 408 568 432 uinquam
581 399 701 428 Catilina,
715 408 799 434 quum
813 408 826 424 e
839 400 932 433 pruina
945 401 1033 434 Apen-

243 438 298 464 nini
315 442 393 471 ntque
409 445 421 460 n
439 436 547 461 nivibus
564 435 616 461 illis
628 437 883 471 emersissctatque,
906 441 1031 463 aestatem

242 476 369 506 integram
393 478 494 503 nactus,
518 473 604 499 ltaliae
625 473 704 499 calles
725 478 751 499 et
771 479 905 508 pastorum
928 474 1030 500 stabula

242 511 359 545 praedari
372 510 515 544 coepisset,
532 510 589 535 sinc
606 510 688 536 multo
699 512 830 545 sanguine
842 520 871 537 ac
882 513 940 537 sine
952 512 1030 538 totius

241 548 328 574 ltaliae
340 548 459 573 vastitate
471 547 618 573 miserrima
630 548 799 574 concidisset.

295 587 335 610 ⁴3.
359 585 432 610 llunc
448 585 530 619 igitur
546 585 664 611 animum
681 585 712 610 ad
726 586 889 611 tribunatum
902 585 989 612 attulit
1001 586 1028 611 P,

240 622 357 653 Sestius,
377 627 404 647 ut
416 627 586 656 quaesturam
595 622 761 648 Macedoniae
773 622 932 658 relinquam,
947 627 971 648 ct
982 623 1031 648 ali-

239 659 346 694 quando
357 659 388 684 ad
402 659 465 685 baec
477 660 596 694 propiora
610 660 724 686 veniam.
746 660 913 695 Quamquam
930 669 980 686 non
991 665 1030 686 est
1052 678 1053 682 ,

1052 697 1053 701 ’
1081 706 1124 723 ora
1137 698 1194 732 ipsa
1205 699 1289 724 oculis
1302 699 1502 733 proposueritis.
1530 699 1595 725 Vlll.
1611 701 1650 724 t8.
1666 699 1739 725 Alter
1749 707 1874 735 unguen-

239 696 382 722 omittenda
394 696 539 731 singularis
552 696 595 722 illa
609 697 745 732 integritas
757 698 938 732 provincialis,
951 698 1030 723 cuius

237 742 287 769 ego
302 742 387 768 nuper
402 734 428 759 in
442 733 592 759 Macedonia
608 734 661 760 vidi
675 735 785 769 vestigia
798 744 848 760 non
862 744 951 769 pressa
965 735 1030 760 levi-

238 775 276 797 ter
290 771 322 796 ad
339 771 429 806 exigui
452 771 672 805 praedicationem
695 773 835 806 temporis,
858 772 904 797 sed
927 772 976 798 lixa
997 772 1028 798 ad
1050 782 1052 803 ι,

238 808 392 834 memoriam
419 808 492 834 illius
518 809 670 842 provinciae
690 810 888 843 sempiternam.
931 810 1027 835 Verum

238 845 301 871 baec
318 845 350 871 ita
367 849 576 879 praetereamus,
599 851 627 871 ut
644 851 729 872 tamen
747 847 880 872 intuentes
898 851 922 872 et
939 855 1028 881 resp&
1050 854 1058 874 ¹,

236 886 337 909 etantcs
349 883 542 917 relinquamus.
566 883 604 909 VI.
614 883 651 909 Ad
666 884 838 914 tribunatum,
852 885 914 918 quia
929 885 984 919 ipse
995 884 1027 909 ad
1049 910 1050 913 ,

235 928 294 946 sese
306 920 357 945 iam
370 919 473 945 dudum
487 925 572 949 vocat,
590 925 615 946 et
630 921 827 955 quodammodo
838 921 959 947 absorbet
970 930 1028 947 ora—

209 966 213 972 ¹
236 957 333 983 tionem
356 966 455 987 meam,
477 962 597 983 contento
617 958 705 984 studio
724 967 860 993 cursuque
876 959 1025 984 veniamus.

238 995 275 1020 tt.
292 995 328 1020 De
343 1002 397 1029 quo
411 994 520 1028 quidem
538 995 673 1021 tribunatu
685 996 718 1021 ita
731 996 831 1021 dictum
844 1000 883 1022 cst
894 1005 906 1021 a
918 996 948 1028 Q.
963 996 1027 1021 Hor-

1052 592 1053 602 ι

1052 612 1060 622 ι,

1058 622 1061 632 ι

1052 632 1061 649 Ῥ

1050 811 1051 828 l
1057 817 1059 830 ι

1056 921 1057 942 ἶ
1080 926 1127 947 rat.

958 144 987 170 T.
1019 143 1292 171 ‹lint-:notus

1084 215 1156 240 omni
1174 214 1290 241 inaudita
1307 214 1418 241 libidine
1433 215 1537 242 insoni?
1568 217 1606 242 17.
1629 217 1680 242 Sed
1698 216 1747 242 fuit
1759 217 1875 251 prolecto

1085 251 1215 286 quemdam
1228 252 1272 277 illa
1284 252 1446 286 reipublicae
1458 252 1559 279 tortum
1573 253 1667 282 fatalia.
1685 259 1713 280 ut
1725 255 1769 280 ille
1779 263 1873 281 caecus

1084 334 1140 351 cam
1152 326 1294 351 consules?
1314 326 1422 352 hoccine
1437 332 1465 352 ut
1480 336 1529 362 ego
1539 328 1670 362 appellem
1683 337 1789 354 nomine
1799 337 1875 355 ever-

1083 404 1137 425 stt-s
1149 400 1277 426 bonorum
1288 400 1429 426 omnium?
1438 401 1485 435 qui
1497 401 1529 427 ad
1540 401 1682 428 delendum
1694 395 1826 433 Senatum.
1835 402 1874 429 nf-

1053 435 1055 438 ’
1084 436 1228 472 llige-ndum
1249 443 1398 472 equestrem
1415 438 1548 467 ordinem.
1571 439 1764 474 exstinguenda
1784 441 1873 466 omnia

1084 475 1140 500 iura
1152 479 1232 509 atque
1242 475 1361 500 instituta
1375 476 1504 501 maiorum
1521 484 1549 501 se
1563 476 1617 501 illis
1633 475 1750 502 tut-itm,
1763 478 1874 503 ceteris·

1082 520 1135 546 que
1151 512 1304 544 insignibus
1319 513 1418 538 summi
1435 512 1541 539 bonoria
1555 518 1635 547 atque
1650 514 1754 548 imperii
1768 519 1873 541 orn-tm

1082 558 1140 574 esse
1151 549 1356 575 arbitrabantur.
1396 550 1524 581 Quorum,
1539 558 1585 584 per
1595 550 1658 576 deos
1671 551 1873 581 immoratum

1083 586 1200 612 nondum
1217 586 1314 611 scelera
1332 586 1496 621 vulneraque
1511 588 1598 613 inusta
1614 587 1776 622 reipublicae
1791 588 1872 615 vultis

1083 623 1211 649 recordari
1222 644 1226 652 .
1244 624 1348 650 vultum
1360 629 1439 659 atque
1451 625 1585 650 incessum
1597 625 1693 651 animis
1704 625 1871 652 intueamini.

1083 661 1197 686 Facilius
1215 661 1279 686 facta
1295 670 1385 687 eorum
1401 666 1539 688 occurrent
1561 662 1696 687 mentibus
1718 663 1827 693 vestris,
1849 664 1872 689 ai

1082 736 1115 761 tis
1136 734 1257 765 affluens,
1279 736 1454 761 calamistrata
1473 744 1556 766 coma,
1580 736 1733 771 despiciens
1752 737 1873 763 conscios

1081 777 1234 806 stuprorum
1256 781 1284 798 ac
1306 778 1408 799 veteres
1430 778 1566 799 vexatores
1582 773 1710 799 aetatulae
1726 782 1799 804 suae,
1822 782 1874 808 pu-

1081 810 1171 835 tealiet
1179 809 1372 836 foeneratorum
1383 811 1511 846 gregibus
1522 809 1628 836 inflatus
1640 816 1719 845 atque
1731 811 1872 846 perculsus

1080 846 1152 877 olim,
1171 856 1202 873 ne
1219 848 1245 873 in
1261 847 1382 882 Scyllaeo
1398 848 1444 873 illo
1459 848 1527 873 acris
1542 848 1621 874 alieni
1639 849 1665 874 in
1679 847 1744 874 freto
1754 848 1786 874 ad
1798 848 1872 874 eolu-

1080 893 1168 910 mnam
1185 884 1396 914 adliaeresccret,
1414 885 1440 910 in
1458 885 1609 911 tribunatus
1625 891 1729 919 portum
1747 885 1873 921 perfuge-

1168 922 1357 948 Contemnebat
1369 923 1473 956 equites
1486 923 1628 949 Romanos.
1646 923 1818 948 minitabatur
1829 931 1872 948 se-

1049 959 1057 994 ¹,
1079 959 1161 988 natui,
1175 959 1326 984 venditabat
1337 968 1365 985 se
1375 960 1471 993 operis,
1484 964 1563 994 atquc
1574 960 1651 985 abiis
1662 968 1690 985 se
1701 964 1831 994 ereptum,
1840 967 1872 986 ne

1056 1000 1057 1015 ³
1078 996 1110 1021 de
1121 996 1222 1022 ambitu
1235 1005 1356 1022 caussam
1368 996 1475 1026 diceret,
1490 996 1664 1031 praedicabat,
1679 997 1711 1022 ab
1722 996 1872 1031 iisdemque

235 1032 329 1061 tensio.
339 1035 367 1057 ut
377 1031 435 1057 eius
447 1032 527 1058 oratio
540 1041 589 1058 non
602 1032 783 1059 defensionem
796 1033 874 1059 modo
884 1034 1026 1059 criminum
1048 1061 1049 1065 ,

236 1068 370 1095 videretur
385 1069 531 1099 continere,
549 1069 595 1095 scd
613 1070 690 1096 ctiam
707 1071 832 1096 memoria
849 1070 929 1106 digna
945 1076 1024 1101 esset,
1048 1097 1056 1107 Μ

1048 1106 1056 1119 ”
1080 1107 1133 1133 fore
1144 1108 1330 1133 arbitrabatur.
1363 1110 1402 1133 ¹9.
1425 1108 1508 1138 Alter,
1526 1116 1543 1133 o
1557 1108 1593 1134 dii
1606 1109 1680 1134 boni!
1698 1116 1779 1142 quam
1792 1113 1872 1134 taeter

235 1106 274 1132 uti
291 1110 315 1132 et
331 1106 494 1140 reipublicae
509 1107 686 1141 capessendae
701 1108 883 1133 auctoritatem
905 1107 1027 1142 discipli-

235 1151 351 1177 namque
363 1144 562 1177 praescriberet.
594 1144 646 1170 Sed
659 1149 754 1175 tamen,
768 1145 894 1179 quoniam
907 1145 1027 1171 tribuna—

234 1184 278 1206 tus
289 1180 399 1215 quidem
413 1184 482 1206 totus
499 1181 526 1206 P.
540 1181 619 1207 Sestii
633 1181 697 1207 nibil
710 1181 796 1212 aliud,
815 1183 865 1208 nisi
878 1191 966 1208 meum
981 1191 1026 1208 no-

235 1226 295 1243 men
307 1226 484 1252 caussamque
495 1219 632 1248 sustinuit,
648 1220 796 1245 necessario
807 1220 873 1245 mibi
885 1219 918 1245 dc
930 1220 1025 1246 iisdem

234 1255 315 1281 rebus
326 1263 384 1280 esse
395 1255 519 1286 arbitror,
537 1256 559 1281 si
573 1265 622 1282 non
635 1257 763 1282 subtilius
774 1257 983 1291 disputandum,
1001 1261 1026 1282 at

233 1296 312 1323 certe,
325 1291 436 1322 iudiceS,
450 1292 583 1319 dolentius
595 1293 797 1327 deplorandum.
823 1295 879 1326 Qua
892 1295 919 1320 in
931 1295 1026 1320 oratio-

234 1337 266 1355 ne
287 1329 310 1355 si
331 1330 452 1364 asperius
474 1330 500 1355 in
521 1330 651 1365 quosdam
673 1331 795 1357 homines
810 1331 899 1357 invehi
917 1332 1022 1361 vellem,

233 1366 294 1401 quis
310 1375 361 1392 non
377 1367 543 1398 concederet,
563 1372 591 1393 ut
606 1376 663 1398 eos,
681 1376 796 1402 quorum
813 1369 921 1395 sceleris
938 1368 1025 1395 furore

232 1403 347 1429 violatus
368 1412 468 1435 essem,
491 1405 563 1431 vocis
585 1404 704 1431 libertate
725 1406 948 1441 perstringerem?
973 1406 1025 1432 Sed

232 1449 308 1473 agam
333 1441 479 1472 moderate,
507 1446 531 1468 et
553 1442 634 1468 buius
655 1442 744 1477 potius
766 1444 877 1477 tempori
898 1444 1022 1474 serviam,
1047 1470 1048 1473 ,

1047 1480 1048 1488 ’
1077 1480 1199 1506 debatur.
1222 1481 1303 1506 Tanta
1314 1486 1368 1506 erat
1379 1481 1495 1508 ‘gravitas
1506 1481 1533 1506 in
1545 1480 1630 1510 oculo,
1645 1485 1715 1507 tanta
1726 1481 1870 1507 contractio

231 1486 311 1512 quam
324 1477 407 1504 dolori
424 1487 495 1511 me0;
518 1479 540 1505 si
556 1480 603 1514 qui
619 1479 722 1506 occulte
737 1489 749 1506 a
766 1480 851 1507 salute
867 1485 953 1507 nostra
969 1481 1026 1507 dis-

231 1515 364 1545 sentiunt,
383 1515 492 1542 lateant:
515 1517 536 1542 si
552 1517 599 1551 qui
616 1516 735 1543 fecerunt
751 1517 853 1552 aliquid
869 1517 1022 1553 aliquando,

232 1557 311 1587 atque
324 1552 404 1579 iidem
415 1561 486 1579 nunc
498 1558 583 1580 tacent
594 1558 619 1580 et
629 1555 785 1589 quiescunt,
810 1564 857 1581 nos
868 1564 976 1590 quoque
987 1556 1025 1581 si-

230 1598 292 1616 mus
303 1589 388 1616 obliti.
418 1590 445 1616 Si
457 1591 544 1625 quise
555 1591 676 1623 offerunt,
688 1592 865 1618 insectantur:
879 1593 950 1627 quod
963 1592 1024 1619 ferri

230 1632 363 1662 poterunt,
376 1627 555 1662 perferemus:
570 1637 656 1663 neque
667 1637 830 1664 quemquam
842 1629 955 1656 offendet
966 1639 1024 1656 ora-

231 1665 268 1691 tio
279 1673 350 1695 mea,
367 1665 418 1691 nisi
432 1665 478 1699 qui
491 1674 519 1691 se
531 1666 565 1691 ita
576 1665 714 1697 obtulerit,
732 1667 798 1692 utin
809 1675 871 1692 eum
884 1675 935 1693 non
947 1667 1024 1693 inva-

230 1702 306 1731 sisse.
319 1701 366 1727 sed
378 1702 523 1728 incurrisse
535 1703 683 1729 videamur.

289 1740 327 1764 ⁴5.
350 1738 402 1765 Sed
424 1747 532 1765 necesse
552 1744 600 1770 est,
624 1744 764 1774 antequam
786 1739 818 1766 de
839 1740 975 1767 tribunatu
992 1741 1021 1767 P.

230 1775 310 1801 Sestii
326 1775 414 1801 dicere
424 1777 550 1811 incipiam
559 1797 565 1807 ,
585 1785 628 1803 me
644 1782 728 1803 totum
739 1777 886 1812 superioris
898 1779 958 1804 anni
971 1778 1023 1804 rei-

230 1812 352 1847 publicae
369 1812 537 1849 naufragium
553 1822 698 1848 exponere:
721 1815 748 1840 in
763 1823 818 1849 quo
832 1814 982 1850 colligendo
993 1824 1022 1841 ac
1051 1836 1053 1848 ,Α

1050 1854 1052 1858 ’
1073 1860 1130 1877 cem
1150 1860 1236 1886 quum
1253 1852 1368 1877 amicum
1384 1856 1409 1877 et
1424 1851 1544 1882 affinem,
1567 1856 1623 1877 tum
1640 1852 1719 1877 etiam
1736 1851 1830 1877 fortem
1841 1856 1868 1878 et

230 1849 370 1876 reficienda
382 1850 467 1876 salute
478 1851 614 1877 communi
625 1852 713 1878 omnia
726 1852 890 1886 reperientur
906 1852 933 1878 P.
942 1852 1020 1878 Sestii

229 1886 312 1917 dicta,
328 1886 407 1917 facta,
421 1887 530 1914 consilia
542 1892 654 1914 versata.
695 1889 749 1914 Vll.
773 1889 867 1915 Fuerat
879 1888 924 1915 ille
935 1898 1021 1915 annus

230 1924 256 1950 in
272 1923 435 1958 reipublicae
451 1933 547 1960 magno
562 1930 634 1952 motu
649 1930 674 1952 et
689 1925 835 1952 multorum
850 1926 943 1952 timore
954 1931 1022 1952 tam—

229 1969 310 1996 quam
326 1961 445 1987 intentus
460 1970 537 1988 arcus
549 1963 576 1988 in
588 1971 630 1988 me
641 1971 739 1993 unum,
758 1963 828 1989 sicut
845 1963 925 1998 vulgo
936 1964 1020 1999 ignari

229 2006 317 2024 rerum
340 1997 530 2032 loquebantur,
557 2008 585 2025 re
605 2000 714 2034 quidem
736 2009 797 2026 vera
818 2001 845 2026 in
867 2001 1020 2026 universam

228 2035 431 2069 rempublicam,
447 2036 610 2063 traductione
621 2037 654 2063 ad
666 2036 770 2072 plebem
784 2037 922 2063 furibundi
934 2038 1021 2064 bomi—

227 2073 269 2098 nis
280 2080 309 2098 ac
321 2072 430 2107 perditi,
444 2074 510 2099 milii
522 2075 588 2104 irati,
602 2074 649 2100 sed
662 2074 745 2100 multo
757 2075 844 2101 acrius
854 2075 899 2101 otii
912 2080 936 2101 et
947 2084 1020 2101 com-

227 2109 317 2135 munis
328 2109 423 2136 salutis
434 2111 546 2137 inimici.
567 2111 643 2137 Hunc
655 2112 695 2138 vir
704 2111 879 2142 clarissimus,
888 2112 1018 2147 mihique,

226 2146 319 2173 multis
335 2148 561 2183 repugnantibus,
583 2149 777 2179 amicissimus,
801 2149 848 2175 Cn.
866 2150 1018 2184 Pompeius,

226 2185 298 2210 omni
311 2185 444 2215 cautione,
459 2185 570 2216 foedere,
584 2187 763 2212 exsecratione
774 2186 937 2216 devinxerat.
952 2187 1019 2213 nibil

225 2221 253 2247 in
266 2221 401 2247 tribunatu
412 2227 500 2248 contra
513 2231 554 2249 me
564 2232 623 2249 esse
634 2223 775 2250 facturum.
790 2225 823 2250 At
834 2224 879 2250 ille
891 2224 1017 2255 nefarius,

226 2267 260 2284 ex
269 2259 390 2285 omnium
402 2259 531 2286 scelerum
543 2260 692 2286 colluvione
704 2266 794 2292 natus,
813 2270 906 2296 parum
922 2270 951 2287 se
966 2261 1020 2288 foe·

226 2295 277 2322 dus
299 2295 461 2322 violaturum
476 2302 516 2323 est
531 2297 687 2329 arbitratus,
710 2299 762 2324 nisi
778 2299 868 2333 ipsum
883 2303 1018 2325 cautorem

226 2332 304 2359 alieni
321 2333 433 2367 periculi
448 2335 506 2360 suis
522 2335 636 2369 propriis
648 2335 773 2369 periculis
785 2336 934 2362 terruisset.
976 2337 1016 2362 ⁴6.

226 2370 297 2396 Hanc
312 2374 420 2396 taetram
435 2371 633 2407 immanemque
648 2372 779 2403 belluam,
797 2373 912 2399 vinctam
927 2373 1020 2408 auspi—

225 2407 288 2438 ciis,
305 2407 438 2443 alligatam
451 2417 522 2435 more
532 2411 676 2440 maiorum,
693 2410 862 2436 constrictam
875 2409 963 2446 legum
976 2418 1019 2436 sa-

225 2448 356 2470 cratarum
368 2446 563 2476 catenis‚solvit
574 2447 664 2473 subito
675 2446 732 2482 lege
742 2448 841 2473 curiata
853 2447 955 2478 consul,
964 2446 1015 2478 vel,

226 2484 255 2505 ut
266 2489 315 2515 ego
325 2482 449 2513 arbitror,
462 2488 598 2515 exoratus,
611 2483 662 2514 vel,
675 2488 705 2510 ut
716 2492 767 2510 non
779 2493 856 2510 nemo
867 2489 950 2519 putat,
966 2484 1019 2510 mi-

226 2516 253 2542 hi
265 2517 360 2549 iratus,
378 2519 487 2554 ignarus
501 2521 612 2556 quidem
628 2525 697 2547 certe
708 2525 733 2547 et
745 2521 901 2556 imprudens
914 2522 1018 2556 impen-

225 2552 346 2580 dentium
367 2559 498 2583 tantorum
514 2558 645 2584 scelerum
661 2566 691 2584 ac
706 2557 851 2584 malorum:
873 2559 920 2593 qui
933 2559 1018 2584 tribu-

226 2598 277 2616 nus
294 2591 380 2625 plebis
392 2591 455 2619 felix
465 2595 492 2620 in
501 2596 642 2621 evertenda
653 2595 789 2629 republica
802 2595 852 2621 fuit
865 2595 947 2621 nullis
959 2595 1016 2621 suis

226 2628 328 2654 nervis:
349 2629 396 2663 qui
412 2631 483 2656 enim
498 2632 524 2658 in
540 2632 672 2658 eiusmodi
687 2632 739 2658 vita
755 2632 829 2658 nervi
845 2640 903 2658 esse
923 2637 1017 2667 potue-

225 2668 287 2690 runt
308 2664 437 2699 hominis,
460 2667 580 2696 fraternis
600 2669 720 2705 flagitiis,
742 2669 850 2695 sororiis
871 2669 883 2682 *
903 2670 1013 2704 stupris,
1038 2666 1041 2695 Ξ

1078 1041 1120 1063 se,
1137 1034 1216 1059 etiam
1229 1034 1312 1059 invito
1325 1038 1432 1063 senatu,
1451 1034 1614 1068 provinciam
1630 1042 1736 1068 sperare
1751 1034 1870 1060 dicebat:

1078 1079 1191 1105 eamque
1203 1071 1253 1096 nisi
1265 1071 1377 1105 adeptus
1389 1075 1471 1098 esset.
1489 1079 1518 1096 se
1532 1071 1692 1097 incolumem
1708 1070 1783 1097 nullo
1794 1070 1872 1097 modo

1048 1152 1056 1171 ἡ
1078 1145 1230 1170 incedebat!
1253 1153 1333 1179 quam
1350 1145 1532 1171 truculentus!
1553 1154 1634 1179 quam
1652 1145 1778 1171 terribilis
1794 1153 1873 1179 aspe-

1078 1183 1136 1208 ctu!
1150 1182 1236 1209 Unum
1249 1182 1365 1217 aliquem
1377 1187 1402 1208 te
1413 1191 1445 1208 ex
1457 1182 1573 1208 barbatis
1584 1183 1647 1212 illiS,
1656 1182 1809 1216 exemplum
1820 1182 1872 1208 im-

1079 1220 1144 1253 perii
1158 1220 1267 1250 veteris,
1284 1220 1429 1255 imaginem
1445 1220 1624 1254 antiquitatis.
1642 1219 1764 1246 columen
1782 1219 1872 1255 reipu-

1079 1257 1171 1285 blicae,
1180 1257 1282 1282 diceres
1294 1257 1401 1283 intueri.
1414 1256 1532 1282 Vestitus
1543 1265 1636 1291 aspere
1648 1263 1735 1283 nostra
1748 1257 1796 1283 bac
1807 1266 1872 1292 pur-

1078 1302 1143 1328 pura
1160 1294 1262 1328 plcbeia
1278 1302 1307 1320 ac
1324 1302 1406 1328 paene
1422 1293 1510 1320 fusca:
1531 1293 1629 1328 capillo
1643 1295 1678 1320 ita
1700 1294 1820 1324 horrido,
1842 1299 1872 1321 ut

1077 1331 1180 1365 Capua,
1203 1331 1229 1357 in
1249 1340 1302 1366 qua
1323 1332 1381 1365 ipse
1403 1335 1458 1357 tum
1479 1332 1604 1366 imaginis
1624 1331 1757 1358 ornandae
1776 1340 1870 1358 caussa

1077 1368 1278 1394 duumviratum
1294 1369 1414 1404 gerebat,
1433 1368 1579 1403 Seplasiam
1596 1369 1752 1395 sublaturus
1767 1368 1871 1395 vider&

1077 1411 1129 1432 tur.
1142 1406 1208 1431 Nam
1221 1406 1287 1440 quid
1299 1414 1348 1441 ego
1358 1406 1390 1431 de
1401 1406 1545 1440 supercilio
1555 1405 1662 1432 dicam?
1671 1406 1742 1441 quod
1754 1411 1810 1432 tum
1822 1406 1871 1432 bo—

1078 1443 1197 1469 minibus
1209 1452 1260 1469 non
1272 1443 1460 1478 supercilium,
1479 1443 1526 1469 sed
1541 1444 1640 1479 pignus
1656 1443 1819 1478 reipublicae
1829 1443 1871 1470 vi-

1078 1517 1180 1548 frontis,
1195 1522 1223 1544 ut
1234 1517 1281 1544 illo
1291 1508 1434 1552 supercilio
1445 1517 1604 1552 respublica,
1619 1523 1754 1553 tamquam
1766 1517 1870 1544 Atlante

1076 1554 1188 1585 caelum,
1203 1555 1250 1580 niti
1264 1555 1407 1581 videretur.
1438 1556 1480 1581 ΞΟ.
1493 1555 1555 1581 Erat
1566 1555 1682 1590 denique
1695 1555 1738 1581 hic
1747 1556 1869 1581 omnium

1053 1603 1054 1606 ¹
1076 1600 1177 1618 sermo:
1199 1592 1246 1618 Est
1267 1597 1353 1618 tamen
1375 1592 1538 1626 reipublicae
1559 1600 1686 1627 magnum
1707 1592 1869 1626 firmumque

1076 1629 1244 1655 subsidium.-
1262 1629 1354 1659 habeo.
1367 1637 1448 1663 quem
1460 1637 1592 1664 opponam
1605 1629 1657 1655 labi
1668 1629 1708 1655 illi
1719 1633 1798 1664 atque
1809 1637 1869 1655 coe—

1076 1674 1122 1692 no:
1145 1665 1233 1695 vultu.
1247 1666 1352 1692 medius
1364 1666 1454 1696 fidius,
1467 1666 1584 1701 collegae
1593 1667 1636 1692 sui
1650 1665 1788 1692 libidinem
1801 1665 1869 1692 levi-

1076 1707 1209 1737 tatemque
1230 1702 1346 1738 franget:
1369 1703 1479 1729 habebit
1497 1707 1614 1733 senatus.
1637 1703 1664 1729 in
1681 1703 1753 1729 hunc
1767 1711 1868 1729 annum

1074 1748 1155 1775 quem
1168 1745 1308 1774 sequatur:
1324 1748 1375 1766 non
1387 1740 1471 1766 deerit
1481 1745 1572 1766 auctor
1581 1745 1607 1766 et
1617 1740 1673 1766 dux
1684 1740 1771 1766 bonis.
1801 1740 1868 1767 Mihi

1073 1777 1191 1812 denique
1202 1777 1322 1803 homines
1334 1778 1474 1812 praecipue
1484 1776 1693 1813 gratulabantur,
1707 1777 1779 1812 quod
1791 1777 1869 1804 habi-

1074 1819 1151 1840 turus
1163 1822 1249 1840 essem
1261 1819 1350 1841 contra
1362 1815 1500 1840 tribunum
1513 1814 1599 1848 plebis
1611 1813 1743 1841 furiosum
1755 1814 1868 1841 etauda-

1073 1897 1182 1924 gravem
1193 1889 1341 1914 consulem.
1373 1889 1419 1914 lx.
1436 1890 1524 1923 Atque
1534 1897 1626 1915 eorum
1637 1888 1703 1914 alter
1714 1887 1810 1914 fefellit
1819 1897 1868 1915 ne-

1074 1926 1184 1952 minem.
1210 1926 1277 1958 Quis
1288 1926 1358 1952 enim
1370 1925 1476 1952 clavum
1488 1926 1552 1952 tanti
1564 1926 1669 1960 imperii
1682 1930 1770 1952 tenere
1780 1929 1806 1952 et
1815 1933 1867 1962 gu-

1075 1962 1216 1989 bernacula
1237 1962 1401 1997 reipublicae
1420 1968 1530 1989 tractare
1549 1963 1576 1989 in
1598 1963 1716 1989 maximo
1734 1971 1817 1989 cursu
1836 1971 1867 1989 ac

1074 1999 1200 2026 fluctibus
1215 2008 1293 2035 posse
1304 2000 1475 2026 arbitraretur
1487 2000 1620 2026 hominem
1631 2008 1766 2026 emersum
1775 1999 1867 2027 subito

1073 2046 1106 2064 ex
1121 2037 1256 2064 diuturnis
1272 2037 1388 2064 tenebris
1406 2037 1550 2063 lustrorum
1561 2045 1591 2063 ac
1605 2042 1774 2072 stuprorum,
1792 2037 1863 2068 vino,

1072 2075 1176 2110 ganeis=
1195 2074 1333 2101 lenociniis
1349 2074 1542 2109 adulteriisque
1556 2073 1724 2100 consectum?
1742 2082 1827 2109 quum
1840 2074 1865 2101 is

1072 2117 1175 2146 praeter
1185 2120 1260 2146 spem
1273 2112 1299 2138 in
1311 2111 1443 2138 altissimo
1451 2111 1536 2147 gradu
1548 2111 1642 2137 alienis
1652 2111 1750 2146 opibus
1760 2112 1864 2146 positus

1072 2154 1150 2180 esset,
1162 2150 1209 2184 qui
1221 2157 1273 2175 non
1285 2149 1364 2175 modo
1374 2153 1556 2183 tempestatem
1566 2148 1765 2183 impendentem
1775 2148 1865 2174 intue-

1072 2187 1093 2212 ri
1105 2186 1281 2216 temulentus,
1295 2186 1342 2212 sed
1355 2194 1387 2212 ne
1398 2186 1484 2212 lucem
1495 2185 1605 2220 quidem
1616 2185 1750 2212 insolitam
1760 2185 1865 2220 aspice-

1072 2232 1099 2249 re
1110 2222 1216 2258 posset‘?
1244 2225 1285 2250 2⁴.
1301 2223 1374 2250 Alter
1385 2223 1484 2249 multos
1495 2222 1574 2258 plane
1583 2223 1611 2248 in
1622 2231 1716 2249 omnes
1726 2226 1813 2256 partes
1824 2221 1864 2249 fe-

1072 2260 1148 2286 fellit.
1189 2261 1252 2286 Erat
1265 2261 1336 2286 enim
1353 2260 1492 2287 hominum
1505 2260 1624 2294 opinioni
1641 2259 1777 2286 nobilitate
1792 2260 1860 2294 ipsa,

1071 2297 1168 2324 blanda
1188 2297 1408 2328 conciliatricula,
1429 2296 1641 2324 commendatus.
1679 2295 1779 2322 Omnes
1798 2296 1861 2323 honi

1070 2343 1177 2369 semper
1187 2334 1317 2361 nobilitati
1330 2334 1465 2365 favemus,
1483 2339 1509 2360 et
1521 2334 1586 2369 quia
1601 2333 1666 2359 utile
1680 2338 1721 2359 est
1731 2333 1862 2368 reipubli-

1070 2380 1128 2403 cae,
1146 2372 1249 2398 nobiles
1265 2372 1386 2398 homines
1400 2380 1460 2398 esse
1474 2371 1570 2406 dignos
1584 2370 1731 2396 maioribus
1747 2371 1818 2401 suis,
1835 2375 1862 2396 et

1070 2409 1133 2444 quia
1144 2409 1215 2435 valet
1225 2409 1297 2443 apud
1308 2417 1357 2435 nos
1367 2408 1498 2435 clarorum
1509 2408 1647 2434 hominum
1658 2411 1684 2433 et
1694 2407 1761 2433 bene
1771 2407 1805 2433 de
1818 2415 1862 2433 re-

1070 2446 1177 2481 publica
1188 2447 1343 2472 meritorum
1355 2446 1480 2472 memoria
1491 2445 1570 2470 etiam
1581 2448 1756 2470 mortuorum.
1791 2443 1859 2476 Quia

1070 2484 1171 2510 tristem
1186 2491 1304 2518 semper,
1321 2483 1384 2518 quia
1399 2483 1572 2511 taciturnum,
1589 2481 1653 2515 quia
1667 2481 1858 2508 subhorridum

1068 2525 1148 2555 atque
1159 2520 1290 2546 incultum
1300 2520 1439 2550 videbant,
1455 2523 1481 2545 et
1494 2517 1567 2553 quod
1583 2523 1637 2544 erat
1651 2527 1682 2544 eo
1694 2519 1810 2549 nomine,
1827 2522 1859 2544 ut

1068 2558 1221 2593 ingenerata
1244 2557 1360 2583 familiae
1383 2555 1521 2592 frugalitas
1545 2555 1691 2586 videretur,
1721 2554 1854 2585 favebant,

1067 2594 1231 2630 gaudebant,
1245 2599 1271 2620 et
1280 2594 1313 2620 ad
1323 2594 1500 2629 integritatem
1511 2593 1641 2618 maiorum
1652 2600 1700 2627 spe
1709 2600 1759 2618 sua
1769 2592 1857 2618 homi—

1068 2640 1127 2657 nem
1139 2631 1277 2662 vocabant,
1289 2631 1401 2657 materni
1412 2630 1517 2666 generis
1527 2629 1612 2655 obliti.
1645 2631 1687 2656 22.
1699 2629 1756 2664 Ego
1766 2633 1855 2655 autem

1067 2668 1138 2703 (vere
1150 2668 1198 2695 hoc
1208 2668 1294 2695 dicam
1302 2688 1308 2699 ,
1321 2667 1444 2702 iudices,)
1459 2671 1561 2693 tantum
1573 2674 1631 2692 esse
1641 2666 1668 2693 in
1680 2667 1788 2693 homine
1797 2673 1856 2692 sce*
