1941 3052
215 956 219 962 ’
245 960 287 981 tus
302 963 349 981 nos
364 960 524 981 consecutus
541 965 591 982 non
608 961 672 983 erat.

255 102 304 126 790
834 103 864 126 801
871 122 874 126 .

253 176 280 197 ut
292 170 394 196 vulvas:
413 170 444 195 ιΙι·
462 171 514 196 tuis
531 169 776 197 innumerabilibus
794 170 818 195 in
833 179 874 195 me
887 170 983 196 officiis
995 171 1045 197 erit

253 209 300 234 lioc
312 209 506 241 gratissimum.
549 216 584 233 ιιι.
602 209 688 233 Nonus
701 207 875 233 vaenitsren.

302 294 329 314 ΙΙ.
351 294 366 313 ,ἱ
376 293 425 313 tto.
447 292 599 312 valetudinem
611 297 633 312 ιιι
646 296 714 316 niret,
727 296 795 313 nant.

496 329 576 348 ιΡ-ιιΙΙ-ι,
589 330 679 346 Sta-«ullu
690 336 735 345 ιυιι.
748 331 803 348 74ι4)

355 359 520 385 TULLlUs
540 359 567 385 S.
592 360 618 385 l'.
641 360 670 385 D.
693 360 827 386 TIRONI
849 359 932 386 SUO.

305 392 367 423 Non
380 405 449 431 quen
461 396 492 421 ad
506 401 529 421 te
542 406 588 422 nee
602 397 674 422 lubet
685 397 812 425 seribere.
825 406 879 432 quo
891 398 980 423 animo
990 398 1042 423 sim

249 434 370 460 utrm-tus:
386 438 487 459 tantum
500 434 632 464 serit›0,‹·t
643 434 691 460 tibi
704 439 729 460 et
741 435 808 460 milii
821 435 953 461 maximae
965 434 1042 460 volu—
1063 455 1064 465 ,

249 472 312 505 ptati
326 471 388 500 fore.
402 471 424 496 si
440 475 462 496 te
475 471 582 496 lirnium
593 480 674 506 quam
688 472 805 506 primum
819 472 919 498 videro.
954 472 1042 498 Tertio

247 509 290 533 die
302 508 349 533 abs
362 513 386 533 te
398 507 429 533 ad
443 507 563 543 Alyziam
575 517 785 535 accessi-ramus.

248 551 284 571 trn
298 545 446 571 Leucadem
458 545 543 571 stadia
555 554 620 572 cxx.
658 546 778 572 Leucade
790 551 835 572 aut
847 551 870 572 te
884 547 982 580 ipsum.
997 551 1042 573 aut

248 588 305 608 tuas
333 582 432 608 litteras
458 591 470 608 a
493 583 609 609 Marione
635 583 762 617 putabam
791 592 832 609 me
856 589 1039 618 accepturum.
1062 590 1063 609 1

245 622 381 652 Quantum
393 628 434 645 me
445 619 553 653 diligis,
571 625 674 647 tuntum
687 621 727 647 sac·
740 625 768 647 ut
780 620 882 651 valeas.
900 621 941 647 vel
953 630 1041 656 quan-

247 662 302 683 tum
316 662 339 683 te
351 666 365 683 a
378 666 419 683 me
430 657 484 683 seis
496 657 585 692 diligi.
627 658 709 684 Nonis
722 658 866 684 Novembr.
879 658 982 694 Alyzia.

297 726 336 746 ut.
353 727 369 746 :t
377 727 394 746 tt
402 726 428 747 G.
446 727 523 751 {tog-t,
535 730 558 747 nt
568 726 627 747 <mini
638 734 689 747 rura
699 727 820 748 valetudini
832 728 921 749 ueniat.

432 763 536 786 (Leuca-tr,
547 764 620 784 runnu,
630 765 721 782 Mundi-1
731 771 777 782 m..
790 766 844 789 τοι)

271 806 440 832 TULLIUS
461 806 507 832 ET
527 806 670 833 CICERO
691 807 739 833 ET
758 807 790 839 Q.
811 808 938 834 PATER
960 809 1007 835 ET

373 844 405 875 Q.
428 843 557 869 FILIUS
579 844 715 870 TIRONI
735 844 808 871 SUO
828 845 856 871 S.
890 846 921 872 D.

302 882 324 906 l.
338 875 397 906 Nos
408 880 478 915 apud
487 880 616 916 Alyziam,
630 890 663 908 ex
675 890 728 916 quo
741 882 796 909 loco
808 882 856 908 tibi
869 883 968 909 litteras
979 888 1038 909 ante

243 917 507 947 ‹Iederam11S,1initm
518 917 590 944 diem
601 921 867 951 commoratisumus,
875 920 947 955 quod
954 920 1039 952 Quin-

714 958 737 983 Is
753 957 810 983 dies
825 957 874 984 suit
885 958 974 984 Nonae
986 958 1039 984 No-

245 991 348 1018 vembr.
389 992 452 1018 Inde
473 997 532 1018 ante
550 993 635 1019 lucem
652 994 864 1028 proficiscentes,
886 999 946 1021 ante
966 995 1037 1021 diem

243 1037 300 1055 vm.
313 1029 375 1055 Idus
387 1029 531 1056 Novembr.
546 1030 594 1056 has
606 1030 706 1057 litteras
717 1031 853 1058 dedimus.
893 1033 942 1063 Tu,
956 1033 979 1059 si
990 1041 1038 1058 nos

242 1074 336 1092 omnes
347 1075 421 1093 amas
432 1072 457 1093 et
468 1068 611 1102 praecipue
624 1077 679 1099 me,
693 1069 852 1104 magistrum
865 1074 955 1101 tuum,
974 1078 1038 1096 con-

243 1103 318 1130 firma
330 1108 364 1130 te.
396 1106 420 1130 Ξ.
435 1104 490 1139 Ego
502 1104 579 1131 valde
590 1114 721 1139 suspenso
733 1107 822 1132 animo
834 1112 968 1141 exspecto,
982 1108 1038 1141 pri—

243 1149 318 1166 mum
335 1145 358 1167 te
374 1141 490 1172 scilicet,
511 1141 608 1168 deinde
621 1143 766 1169 Marionem
783 1152 845 1169 cum
862 1145 914 1170 tuis
931 1144 1035 1170 titteris.

242 1177 341 1204 Omnes
352 1179 492 1212 cupitum,
509 1187 558 1214 ego
570 1180 596 1205 in
608 1181 717 1214 primis,
735 1189 816 1215 quam
828 1181 947 1215 primum
960 1186 983 1207 te
996 1182 1037 1207 vi-

242 1214 318 1245 dere,
332 1215 393 1246 sed,
413 1216 449 1241 mi
461 1216 535 1246 Tiro,
550 1216 692 1243 valentem.
732 1217 818 1250 Quare
831 1218 898 1244 nihil
911 1227 1037 1253 propera-

241 1252 292 1278 ris:
311 1253 375 1278 satis
386 1252 506 1287 quotidie
519 1253 621 1285 videro,
634 1255 657 1280 si
670 1254 782 1281 valebis.
805 1255 971 1282 Utilitatibus
983 1257 1036 1282 tuis

241 1297 352 1323 possum
367 1298 468 1315 carere:
493 1295 517 1316 te
533 1290 635 1322 valere,
659 1297 703 1318 tua
718 1300 813 1318 caussa
828 1293 947 1327 primum
964 1292 1033 1324 volo,

241 1331 298 1354 tum
310 1335 381 1359 mea.
395 1327 433 1354 mi
443 1327 514 1354 Tiro.
550 1327 622 1354 Vale.

293 1397 332 1418 IV.
350 1398 366 1418 A
375 1397 426 1418 RG.
442 1397 550 1418 Tironem
561 1397 661 1418 hui-tatur
671 1398 697 1418 aiI
708 1399 824 1419 curandam
836 1398 992 1419 valetudinem.

431 1435 534 1455 (Leucade,
544 1434 618 1454 Paullo,
628 1435 719 1452 Marcello
729 1442 777 1453 cuu-
790 1436 845 1457 70⁴.)

258 1472 294 1498 M.
314 1472 343 1498 T.
365 1472 394 1498 C.
417 1473 464 1498 ET
484 1472 515 1504 Q.
538 1473 595 1499 FR.
617 1473 665 1499 ET
683 1472 714 1506 Q.
737 1474 809 1500 FIL.
831 1474 968 1501 TIRONI
987 1475 1014 1502 S.

297 1511 319 1536 l.
342 1505 429 1535 Varie
450 1518 511 1535 sum
527 1509 635 1536 affectus
651 1511 704 1537 tuis
722 1511 831 1538 litteris:
854 1511 932 1539 valde
947 1513 1034 1547 priore

238 1546 337 1582 pagina
349 1546 530 1581 perturbatus,
543 1547 666 1582 paullum
678 1547 759 1574 altera
771 1554 915 1576 recreatus.
947 1549 1033 1582 Quare

239 1592 310 1610 nunc
321 1583 433 1618 quidem
449 1592 501 1610 non
517 1583 625 1616 dubito,
643 1585 723 1620 quin,
741 1586 830 1620 quoad
841 1586 919 1621 plane
932 1586 1031 1617 valeas,

238 1625 262 1647 te
275 1629 361 1655 neque
378 1621 543 1656 navigationi
556 1630 643 1657 neque
656 1623 714 1649 viae
725 1624 887 1650 committas.
927 1623 997 1650 Satis
1009 1629 1033 1650 te

239 1662 340 1684 mature
352 1658 454 1689 videro,
471 1659 493 1684 si
505 1657 584 1693 plane
597 1659 784 1686 confirmatum
796 1660 899 1687 videro.
929 1661 965 1687 De
976 1670 1033 1687 me-

237 1694 298 1720 dico
313 1699 339 1721 et
354 1699 382 1721 tu
397 1695 466 1721 bene
481 1696 630 1722 existimari
644 1697 756 1728 scribis,
779 1702 805 1724 et
820 1706 870 1733 ego
885 1699 924 1724 sic
940 1698 1030 1724 audio.

238 1731 290 1758 Sed
301 1731 380 1766 plane
391 1733 543 1759 curationes
555 1733 614 1760 eius
625 1743 677 1760 non
689 1734 782 1768 probo.
822 1735 866 1761 Ius
880 1735 952 1761 enim
964 1735 1032 1762 dan-

236 1768 303 1795 dum
315 1769 364 1795 tibi
376 1778 427 1795 non
441 1769 504 1801 tuit,
521 1778 607 1805 quum
621 1771 819 1806 κακοστόμαχος
829 1780 917 1798 esses:
933 1772 981 1799 sed
993 1777 1032 1799 ta-

239 1814 298 1832 men
311 1811 336 1832 et
346 1806 379 1832 ad
391 1806 468 1833 illum
479 1808 576 1842 scripsi
592 1813 728 1839 accurate,
746 1813 771 1834 et
786 1808 819 1835 ad
831 1809 973 1845 Lysonem.
1004 1811 1029 1837 2.

237 1843 277 1869 Ad
294 1844 405 1869 Curium
422 1852 498 1875 vero,
520 1845 716 1871 suavissimum
732 1845 869 1872 hominem
889 1851 915 1873 et
929 1848 1031 1873 summi

236 1879 318 1906 officii
330 1889 506 1915 summaeque
519 1881 707 1913 humanitatis,
724 1883 808 1909 multa
819 1884 930 1918 seripsi;
948 1885 976 1911 in
988 1884 1031 1910 his

235 1918 324 1948 etiam¹
339 1922 376 1948 ut,
390 1918 414 1944 si
426 1918 476 1944 tibi
488 1918 634 1950 videretur,
647 1924 671 1946 te
683 1919 715 1946 ad
726 1928 755 1946 se
767 1921 930 1948 transferret.
961 1922 1031 1957 Lyso

234 1955 307 1980 enim
319 1960 416 1985 noster,
425 1964 525 1985 vereor.
535 1964 567 1982 ne
578 1956 758 1992 negligentior
767 1958 815 1984 sit:
829 1959 1030 1994 primum,quia

233 2000 326 2018 omnes
334 1992 441 2024 Graeci3
456 1992 563 2024 deinde,
576 1993 658 2028 quod,
666 2002 752 2029 quum
763 2003 778 2021 a
789 2004 831 2021 me
844 1995 944 2022 litteras
954 2004 1031 2023 acce-

233 2029 327 2063 pisset,
341 2029 409 2055 mihi
421 2029 509 2056 nullas
520 2031 633 2057 remisit.
674 2031 727 2058 Sed
739 2040 801 2058 eum
813 2038 841 2059 tu
854 2032 957 2060 laudas.
989 2034 1029 2059 Tu

233 2067 325 2102 igitur,
338 2067 405 2101 quid
417 2066 571 2094 faciendum
582 2069 626 2099 sit,
639 2068 784 2096 iudicabis.
815 2070 894 2102 Illud,
908 2071 945 2097 mi
957 2071 1027 2101 Tiro,

233 2108 257 2130 te
268 2111 345 2139 rogo,
359 2109 470 2139 sumptu
481 2113 513 2131 ne
524 2114 617 2139 parcas
628 2105 682 2132 ulla
695 2107 722 2132 in
734 2115 774 2138 re,
796 2107 868 2142 quod
880 2108 913 2134 ad
925 2108 1030 2134 valetu-

232 2140 324 2167 dinem
335 2150 403 2176 opus
415 2142 460 2168 sit.
501 2142 603 2177 Scripsi
619 2143 652 2170 ad
667 2143 793 2175 Curium,
811 2145 884 2179 quod
899 2145 1026 2176 dixisses,

232 2177 316 2204 daret.
356 2178 460 2205 Medico
471 2178 545 2216 [ipsi]
559 2185 623 2214 puto
634 2180 738 2216 aliquid
749 2181 869 2208 dandum
885 2191 958 2214 esse.
975 2191 1029 2217 quo

232 2216 267 2241 sit
277 2215 433 2242 studiosior.
473 2218 498 2243 3.
521 2218 730 2245 Innumerabilia
745 2223 790 2246 tua
800 2225 865 2246 sunt
877 2221 904 2246 in
916 2229 959 2246 me
969 2219 1030 2246 offi-

232 2253 286 2283 cia,
300 2252 460 2284 domestica,
474 2253 603 2287 forensia,
617 2255 733 2287 urbana,
750 2257 943 2291 provincialia:
960 2257 990 2283 in
1001 2265 1028 2283 re

232 2290 349 2323 privata.
373 2291 401 2317 in
421 2290 543 2325 publica,
570 2293 597 2319 in
617 2293 731 2324 studiis,
754 2294 783 2320 in
803 2293 899 2321 litteris
919 2295 1026 2322 nostris

231 2326 328 2353 Omnia
341 2328 452 2359 viceris,
465 2329 502 2359 si,
516 2334 546 2356 ut
555 2338 646 2364 spero,
660 2335 685 2356 te
696 2330 819 2358 validum
830 2331 933 2359 videro.
971 2332 1028 2367 Ego

233 2368 309 2397 puto,
327 2369 351 2390 te
362 2365 526 2397 bellissime,
543 2367 567 2393 si
581 2372 651 2393 recte
665 2368 728 2399 erit,
746 2377 808 2394 cum
819 2374 960 2404 quaestore
971 2369 1028 2395 Me-

231 2400 317 2427 scinio
327 2401 515 2430 decursurum.
538 2405 596 2430 Non
607 2404 773 2431 inhumanus
783 2411 824 2432 est
834 2411 923 2441 teque,
935 2411 966 2433 ut
975 2407 1028 2432 mi-

233 2436 260 2462 hi
272 2438 348 2464 visus
359 2444 408 2470 est,
421 2439 521 2476 diligit.
537 2442 569 2468 Et
579 2450 664 2476 quum
676 2441 827 2470 valetudini
838 2448 898 2470 tuae
909 2443 1028 2479 diligen-

232 2474 335 2500 tissime
346 2477 524 2508 consulueris,
537 2482 608 2509 tum,
627 2479 664 2504 mi
676 2479 750 2510 Tiro,
767 2480 900 2507 consulito
914 2481 1027 2516 naviga-

233 2509 308 2536 tioni.
335 2512 413 2538 Nulla
424 2514 452 2540 in
462 2523 489 2541 re
501 2515 554 2541 iam
569 2520 593 2542 te
605 2515 730 2542 festinare
741 2516 811 2543 voto.
837 2517 912 2544 Nihil
925 2518 1024 2549 laboro,

233 2547 285 2572 nisi
298 2552 327 2573 ut
335 2548 428 2575 salvus
437 2552 486 2577 sis.

826 509 850 535 Is
869 509 942 535 locus
953 514 992 535 est
1003 510 1042 535 ci-
1062 543 1063 547 Ἰ

527 2553 550 2579 4.
571 2552 614 2579 Sic
628 2553 738 2584 habeto,
752 2554 790 2580 mi
801 2555 876 2586 Tiro,
890 2555 1026 2581 neminem
1047 2559 1049 2572 ³

907 100 941 126 M.
973 100 1003 126 Τ.
1034 101 1307 129 CICERONIS

1072 175 1074 179 ’
1098 171 1205 201 Adhuc.
1219 172 1284 199 dum
1297 174 1364 199 milii
1377 173 1450 199 nullo
1462 173 1518 200 loeo
1528 174 1622 201 deesse
1635 176 1688 204 vis.
1703 184 1851 211 numquam
1863 182 1889 204 rt

1096 210 1253 235 ronlirmare
1265 211 1385 244 potuisti.
1426 212 1502 237 Nunc
1514 217 1537 238 te
1549 213 1616 238 nihil
1630 214 1750 247 impedit.
1792 215 1887 240 onmia

1095 246 1211 280 ‹tvponoz
1225 248 1328 281 rorpori
1341 249 1422 274 servi.
1453 250 1584 279 Quantam
1594 250 1762 282 ditigvntiam
1777 253 1801 277 in
1816 252 1887 278 »ale-

1096 284 1217 310 tmlinem
1230 289 1302 310 tuam
1313 285 1458 311 contuleris
1467 306 1472 314 .
1491 287 1555 311 tanti
1568 296 1609 312 me
1621 283 1677 313 lieri
1689 297 1702 313 a
1714 293 1738 314 te
1750 288 1885 315 iudas-abo.

1097 321 1172 351 vute,
1190 322 1226 347 mi
1239 322 1309 352 Tiro,
1327 322 1392 348 vale.
1408 322 1474 349 vale.
1488 328 1513 349 et
1524 323 1606 353 salve,
1620 325 1699 358 Lepta
1712 325 1760 352 tibi
1772 326 1886 353 salutem

1064 363 1065 399 ᾗ
1095 358 1160 384 dicit
1171 364 1196 385 et
1206 368 1310 385 onmes.
1342 360 1414 385 Vale.
1428 368 1472 385 ιιι.
1485 360 1547 386 Idus
1559 361 1702 387 Novembr.
1715 363 1848 389 Leueade.

1147 445 1173 465 V.
1190 445 1265 465 ARG.
1285 446 1362 469 Rogat,
1370 450 1391 466 ut
1399 446 1456 466 'rim
1466 445 1611 467 valetudine-
1622 451 1682 467 eure(
1692 452 1712 467 e(
1724 454 1789 475 nepe
1798 449 1886 470 littera·

1094 479 1174 500 mitt-t.
1202 482 1284 502 <vn-1110.
1295 483 1386 500 stu-«110
1396 490 1441 499 m...
1454 485 1507 502 rum

1142 525 1309 551 TULLIUS
1329 526 1377 552 ET
1397 526 1540 553 CICERO
1560 526 1607 552 ET
1627 526 1685 559 OQ.
1706 527 1734 554 S.
1756 528 1784 554 P.
1807 528 1836 555 D.

1218 563 1353 589 TIRONI
1375 563 1583 590 IIUMANISS.
1605 564 1651 590 ΕΤ
1671 565 1754 591 OPT.

1151 602 1172 626 t.
1188 596 1270 631 Vide,
1280 605 1378 635 ‘planta
1390 602 1424 627 sit
1437 602 1462 627 in
1475 607 1498 627 te
1506 602 1634 628 suavitas.
1652 602 1721 627 Duas
1729 602 1886 639 horuThy-

1093 637 1129 663 rei
1143 636 1255 664 luimus.
1296 638 1465 664 Xenomenes
1477 639 1574 673 hospes
1587 644 1637 664 tam
1651 644 1675 665 te
1686 639 1789 675 diligit.
1802 649 1884 675 quam

1091 674 1114 700 si
1131 675 1228 701 vixerit
1244 680 1343 701 tecum.
1384 676 1407 701 ls
1423 677 1511 702 omnia
1528 675 1664 710 pollicitus
1680 681 1732 705 est.
1750 686 1819 712 quae
1835 678 1885 705 tibi

1091 717 1180 738 essent
1191 721 1270 747 opus.
1312 712 1453 739 Facturum
1467 718 1540 747 puto.
1580 713 1646 739 Mihi
1658 713 1792 748 placebat.
1805 715 1885 742 sitir-

1092 749 1160 775 mior
1173 758 1260 779 esses,
1278 755 1307 776 ut
1322 755 1345 776 te
1358 750 1505 776 Leucadem
1521 750 1683 784 deportaret.
1702 756 1730 777 ut
1742 751 1779 777 ibi
1792 757 1816 778 te
1826 752 1885 788 pla-

1091 795 1123 812 ne
1138 788 1319 813 contirmares.
1361 787 1484 815 Videbis,
1502 788 1568 822 quid
1580 788 1673 818 Curio.
1691 788 1757 822 quid
1774 789 1882 825 Lysoni.

1090 824 1157 858 quid
1173 824 1278 851 medico
1293 824 1404 859 placeat.
1446 825 1571 851 volebam
1586 825 1618 850 ad
1636 830 1660 851 te
1676 825 1821 853 Marionem
1843 834 1885 853 re-

1091 862 1208 887 mittere:
1232 871 1327 896 quem,
1350 871 1434 897 quum
1452 862 1610 888 meliuscule
1626 862 1675 888 tibi
1691 868 1774 893 esset.
1792 863 1825 890 ad
1841 872 1884 890 me

1091 899 1223 925 mitteres:
1241 899 1288 925 sed
1299 901 1429 930 cogitavi.
1444 909 1511 926 unas
1523 899 1622 925 litteras
1634 900 1779 926 Marionem
1791 901 1884 927 afferre

1090 944 1177 970 posse.
1191 945 1233 962 me
1245 932 1452 963 autem‘erebras
1464 942 1629 971 exspectare.
1670 939 1694 962 Ξ.
1720 937 1819 964 Poteris
1832 939 1884 973 igi-

1090 978 1145 1003 tur,
1159 979 1183 1000 et
1196 973 1289 1002 facies.
1303 975 1325 1000 si
1339 984 1379 1000 me
1391 974 1496 1009 diligis.
1516 979 1544 1000 ut
1555 973 1675 1009 quotidie
1686 975 1721 1000 sit
1731 975 1843 1002 Acastus
1857 976 1882 1001 in

1089 1015 1177 1045 portu.
1217 1011 1293 1037 Multi
1305 1016 1391 1041 erunt,
1405 1012 1506 1046 quibus
1518 1016 1586 1037 recte
1599 1011 1699 1037 litteras
1709 1011 1772 1038 dare
1784 1013 1881 1047 possis,

1089 1048 1136 1083 qui
1148 1047 1181 1074 ad
1196 1057 1237 1074 me
1255 1048 1368 1075 libenter
1384 1048 1527 1083 perferant.
1567 1048 1700 1083 Equidem
1712 1049 1802 1075 Patras
1815 1058 1884 1076 eun-

1089 1090 1142 1111 tem
1158 1086 1294 1111 neminem
1311 1087 1530 1120 praetermittam.
1570 1085 1626 1121 Ego
1639 1093 1745 1112 omnem
1757 1095 1832 1121 spem
1844 1087 1883 1113 tui

1089 1122 1234 1158 diligenter
1247 1123 1360 1149 curandi
1377 1124 1402 1149 in
1413 1124 1494 1149 Curio
1509 1122 1604 1149 habeo.
1646 1123 1718 1149 Nihil
1735 1129 1821 1157 potest
1837 1123 1884 1150 illo

1089 1160 1146 1185 sieri
1163 1159 1322 1191 humanius,
1343 1160 1411 1186 nihil
1428 1161 1510 1186 nostri
1527 1160 1670 1186 amantius.
1710 1161 1742 1186 Ei
1758 1165 1782 1187 te
1798 1166 1882 1188 totum

1089 1196 1172 1223 trade.
1213 1197 1281 1223 Malo
1302 1203 1326 1224 te
1347 1197 1437 1232 paullo
1453 1203 1511 1232 post
1528 1197 1673 1227 valentem.
1696 1206 1777 1232 quam
1791 1199 1882 1225 statim

1088 1234 1257 1261 imbecillum
1269 1234 1371 1261 videre.
1397 1235 1466 1262 Cura
1480 1236 1562 1271 igitur
1572 1234 1640 1261 nihil
1652 1234 1736 1266 aliud,
1749 1236 1802 1262 nisi
1813 1240 1842 1262 ut
1853 1240 1881 1262 tu

1088 1271 1191 1298 valeas:
1211 1276 1297 1298 cetera
1313 1281 1362 1308 ego
1377 1272 1486 1299 curabo.
1528 1273 1614 1299 Etiam
1629 1276 1709 1306 atque
1722 1273 1802 1299 etiam
1811 1272 1881 1307 yale.

1088 1308 1210 1335 Leucade
1221 1309 1403 1344 proficiscens,
1418 1318 1466 1336 ιἰι.
1478 1309 1541 1336 Idus
1553 1308 1698 1336 Novembr.

1141 1395 1179 1417 Vl.
1195 1395 1213 1416 A
1220 1396 1238 1415 R
1245 1395 1271 1416 G.
1287 1396 1370 1421 Rogat.
1380 1399 1404 1416 ut
1413 1402 1500 1423 operam
1511 1395 1547 1416 det
1557 1394 1708 1415 restituendae
1716 1394 1840 1417 valetudini
1850 1400 1880 1421 et,

1087 1437 1129 1458 quo
1139 1437 1243 1452 nuceenu
1253 1434 1336 1455 utatur,
1347 1437 1413 1458 nepe
1423 1431 1514 1451 scribat.
1544 1432 1624 1454 (Pnutto,
1634 1431 1726 1450 ,vu-rezne
1737 1439 1783 1451 ton.
1795 1434 1850 1453 7⁰⁴.)

1131 1476 1168 1503 M.
1193 1475 1362 1503 TULLIUS
1381 1475 1452 1503 CIC.
1474 1475 1599 1502 PATER
1620 1475 1668 1502 ET
1688 1475 1760 1504 FIL.
1781 1476 1830 1503 ET

1304 1513 1336 1546 Q.
1357 1513 1388 1546 Q.
1410 1513 1437 1539 S.
1459 1513 1488 1539 D.
1510 1512 1656 1539 TIRONI.

1144 1551 1167 1576 l.
1189 1546 1314 1577 Tertiam
1335 1550 1368 1577 ad
1389 1555 1412 1577 te
1433 1550 1501 1576 hanc
1517 1549 1658 1585 epistolam
1672 1550 1771 1585 scripsi
1785 1549 1880 1577 eodem

1085 1587 1143 1618 die,
1160 1588 1248 1623 magis
1263 1588 1378 1614 instituti
1394 1588 1447 1614 mei
1461 1587 1569 1614 tenendi
1584 1595 1692 1618 caussa.
1709 1588 1774 1622 quia
1785 1592 1879 1614 nactus

1084 1633 1170 1656 eram,
1183 1625 1228 1651 cui
1239 1625 1344 1655 darem,
1358 1633 1453 1660 quam.
1469 1633 1524 1660 quo
1534 1624 1660 1651 haberem
1669 1645 1675 1656 ,
1692 1624 1766 1659 quod
1776 1625 1880 1651 seribe-

1084 1670 1151 1688 rem.
1182 1662 1267 1698 Igitur
1278 1661 1337 1688 illa:
1351 1667 1482 1697 quantum
1494 1670 1536 1688 me
1547 1661 1649 1697 diligis,
1664 1666 1768 1688 tantum
1778 1661 1880 1688 adhibe

1084 1700 1111 1725 in
1123 1704 1148 1725 te
1158 1698 1326 1735 diligentiae.
1364 1699 1406 1725 Ad
1422 1703 1466 1725 tua
1478 1698 1686 1725 innumerabilia
1697 1699 1724 1725 iu
1736 1707 1779 1726 me
1789 1698 1878 1726 officia

1083 1736 1151 1763 adde
1158 1736 1216 1767 hoc.
1225 1736 1297 1771 quod
1309 1736 1376 1762 mihi
1387 1737 1437 1762 erit
1446 1736 1632 1771 grauissimum
1642 1736 1775 1762 omnium.
1787 1735 1878 1768 Quum

1083 1773 1248 1800 valetudinis
1259 1774 1398 1803 rationem,
1407 1778 1436 1799 ut
1447 1782 1534 1808 spero,
1543 1773 1680 1803 habueris.
1689 1772 1786 1800 habeto
1797 1774 1878 1800 etiam

1083 1811 1273 1846 navigationis.
1314 1812 1339 1837 2.
1360 1811 1389 1837 In
1401 1809 1504 1837 ltaliam
1514 1809 1642 1836 euntibus
1651 1810 1779 1837 omnibus
1790 1810 1824 1837 ad
1833 1818 1878 1837 me

1084 1847 1184 1874 litteras
1193 1848 1281 1878 dabis,
1295 1852 1325 1874 ut
1334 1856 1384 1883 ego
1393 1853 1502 1874 euntem
1511 1848 1601 1874 Patras
1612 1847 1748 1874 neminem
1759 1852 1878 1882 praeter·

1082 1886 1168 1912 mitto.
1209 1885 1291 1916 Cura,
1304 1893 1367 1911 cura
1379 1890 1416 1915 te.
1431 1886 1469 1911 mi
1479 1885 1553 1917 Tir03
1571 1883 1680 1919 quando
1690 1893 1744 1911 non
1753 1885 1875 1920 contigit.

1082 1927 1111 1949 ut
1122 1921 1204 1948 simul
1216 1923 1367 1958 navigares,
1376 1921 1444 1948 nihil
1456 1927 1505 1953 est,
1513 1921 1587 1957 quod
1597 1921 1721 1948 lestines:
1734 1930 1784 1948 nec
1794 1921 1878 1957 quid-

1082 1968 1165 1995 quam
1175 1968 1263 1990 cures.
1277 1960 1331 1985 nisi
1343 1964 1371 1986 ιιι
1382 1959 1483 1986 valeas.
1523 1959 1611 1985 Etiam
1621 1963 1702 1994 atque
1712 1959 1794 1986 etiam
1804 1958 1874 1986 vale.

1082 2005 1128 2023 vn.
1142 1997 1205 2024 Idus
1216 1997 1362 2023 Novembr.
1374 1997 1460 2028 Actio,
1475 1997 1592 2032 vesperi.

1133 2071 1183 2092 VH.
1199 2070 1277 2092 ΔΒΕ.
1292 2070 1400 2091 Advenis
1414 2069 1488 2091 ventis
1498 2077 1522 2091 ne
1531 2069 1604 2091 teneri
1617 2068 1707 2091 scribit:
1721 2068 1875 2097 hortaturque.
1902 2071 1904 2073 ’

1080 2109 1105 2127 ιιι
1113 2105 1262 2127 valetudinem
1272 2109 1341 2130 curet.
1352 2112 1392 2126 nec
1401 2105 1447 2126 nini
1457 2106 1597 2126 confirmatus
1607 2104 1704 2130 naviget.

1320 2143 1403 2164 (Panno,
1411 2141 1506 2161 atu-veno
1515 2148 1562 2160 een.
1573 2143 1628 2163 70⁴.)

1248 2186 1283 2212 M.
1305 2185 1336 2212 Τ.
1356 2185 1386 2212 C.
1407 2185 1434 2211 S.
1456 2186 1486 2212 P.
1508 2185 1539 2211 D.
1563 2184 1710 2211 TIRONI.

1135 2218 1292 2258 Septimum
1306 2224 1359 2249 iam
1371 2222 1444 2249 diem
1454 2222 1584 2258 Corcyrae
1595 2221 1766 2248 tenebamur:
1788 2220 1875 2253 Quin-

1079 2265 1123 2288 tus
1134 2265 1223 2287 autem
1233 2265 1308 2295 pater
1318 2264 1344 2286 et
1353 2259 1426 2286 filius
1436 2259 1568 2286 Buthroti.
1599 2258 1713 2286 Solliciti
1723 2266 1829 2285 eramus
1839 2258 1874 2285 de

1079 2303 1125 2325 tua
1144 2297 1299 2324 valetudine
1319 2297 1419 2323 mirum
1438 2297 1466 2323 in
1485 2296 1610 2323 modum:
1632 2304 1682 2322 nec
1696 2295 1872 2327 mirabamur,

1079 2335 1149 2362 nihil
1163 2344 1178 2362 a
1194 2340 1219 2361 te
1235 2335 1393 2361 litterarum.
1432 2335 1468 2361 lis
1484 2334 1556 2360 enim
1572 2333 1660 2359 ventis
1670 2333 1749 2359 istinc
1760 2333 1874 2368 naviga-

1079 2377 1130 2403 tur=
1143 2373 1191 2407 qui
1203 2372 1227 2398 si
1237 2376 1336 2403 essent,
1350 2380 1398 2398 nos
1409 2371 1539 2407 Corcyrae
1548 2378 1601 2397 non
1611 2369 1778 2396 sederemus.
1818 2369 1874 2397 Cu·

1078 2418 1106 2436 ra
1117 2410 1200 2445 igitur
1210 2414 1236 2436 te
1250 2414 1277 2436 et
1286 2408 1414 2435 confirma
1427 2413 1466 2440 et,
1485 2416 1571 2443 quum
1581 2406 1720 2434 commode
1730 2411 1757 2434 et
1765 2415 1814 2442 per
1824 2415 1872 2433 va-

1078 2446 1227 2473 letudinem
1237 2451 1264 2473 et
1273 2454 1322 2481 per
1331 2447 1394 2473 anni
1405 2451 1512 2480 tempus
1522 2444 1649 2480 navigare
1654 2444 1764 2479 poteris,
1771 2443 1869 2475 adnos.

1077 2484 1278 2511 amantissimos
1289 2483 1337 2514 tui,
1350 2484 1424 2510 veni.
1463 2483 1548 2509 Nemo
1559 2490 1607 2508 nos
1618 2486 1702 2512 amat,
1718 2481 1768 2516 qui
1781 2485 1806 2508 te
1816 2489 1871 2508 non

1077 2521 1186 2557 diligat:
1199 2529 1277 2548 carus
1287 2520 1414 2547 omuibus
1427 2523 1652 2554 exspectatusque
1663 2517 1868 2582 venievs.leCui·a‚

1754 2564 1769 2582 a
1799 2576 1805 2582 .
1818 2562 1868 2582 ιν.

354 2585 359 2590 .
1046 2586 1049 2590 .
1077 2563 1106 2585 ιιι
1117 2558 1208 2585 valeas
1221 2559 1302 2585 etiam
1315 2562 1394 2593 atque
1408 2558 1502 2587 etiam,
1520 2556 1581 2583 Tiro
1591 2560 1690 2583 noster.

232 2591 300 2615 esse,
313 2593 361 2619 qui
372 2593 414 2612 me
425 2594 503 2618 amet,
519 2590 585 2624 quin
596 2590 668 2616 idem
680 2595 704 2617 te
714 2595 799 2617 amet:
812 2595 838 2618 et
848 2600 934 2626 quum
945 2597 989 2619 tua
1001 2596 1027 2618 et
1046 2597 1049 2612 ¹
1077 2595 1190 2623 Kalend.
1202 2594 1341 2622 Decembr.
1354 2594 1366 2607 ‘
1395 2594 1519 2630 Corcyra.

233 2628 292 2647 mea
302 2622 420 2650 maxime
431 2625 540 2652 interest
550 2630 575 2652 te
587 2626 674 2654 valere
683 2648 689 2659 ‚
706 2632 765 2654 tum
780 2627 873 2655 multis
883 2634 924 2656 est
933 2637 1023 2656 curae.
1046 2623 1056 2660 sl
