1941 3052
215 156 262 180 2⁵:⁸0
676 154 716 178 Π.
752 154 785 179 M.
821 154 849 178 '11
885 153 1159 179 CICERONIS
1192 153 1376 180 oaATto

214 231 264 251 tuin
281 226 386 250 {irinum
402 229 425 249 vt
440 234 518 256 prave·
533 223 723 249 testimonium.
744 224 774 253 Q.
790 223 919 248 nom-ius?
931 223 1001 254 Quid
1023 224 1032 271 'j
1055 223 1166 249 vids-tur.
1207 224 1250 249 Ait
1265 229 1370 258 propter
1384 225 1440 259 ipsa
1456 225 1518 251 tt—S
1529 233 1594 251 ιιι».
1635 225 1728 253 video:
1745 227 1791 253 sed
1807 232 1844 253 ta-

213 263 271 289 nis?
305 264 407 290 Nnmw,
431 267 457 287 ut
478 263 546 291 imit-⁴
567 262 591 286 iu
611 269 706 294 aquam
725 261 859 285 conii-ctun
878 261 1003 286 continuo
1023 270 1025 297 ι
1055 269 1115 285 rut-u
1129 269 1177 286 cur
1191 262 1248 294 ipsa
1263 261 1326 286 lf-S
1341 269 1398 287 tu.»
1412 267 1463 288 tam
1484 262 1654 289 vetit-menter
1669 265 1842 299 concupierit,

214 301 388 332 restinguitur
402 304 425 324 ct
441 299 621 324 refrigeratur.
638 298 677 322 ‚tv
691 297 824 322 refervens
840 296 936 322 falsum
951 297 1003 322 cri·
1054 305 1161 331 ιμιιινηι.
1203 298 1267 323 Nam
1283 298 1340 326 tibi.
1358 298 1392 324 Μ.
1408 299 1547 333 Perperna,
1563 301 1592 325 (Σ.
1609 300 1682 329 Piso.
1697 305 1766 327 certe
1780 302 1844 328 tanti

214 347 272 364 tiu-n
294 338 318 362 in
339 337 509 370 puri-*imma
530 340 553 359 ι·ι
572 335 749 359 s-astisxiauun
774 334 853 359 vitam
878 334 1002 360 collatum
1024 345 1032 367 *a
1055 343 1106 359 non
1123 333 1245 363 fuissent.
1259 340 1286 360 ut
1300 336 1402 361 socium
1419 335 1584 362 [tumtun-ii».
1612 337 1707 364 ltoscio
1718 345 1766 364 cur
1780 339 1844 365 tanti

213 375 300 399 ¹atatim
315 373 429 398 cnm-idn
443 377 467 397 ct
481 370 677 399 ‹wstinfflniuiri'
692 371 802 396 itast-ius
815 371 917 396 socium
934 370 1004 396 frau-
1024 354 1033 406 ,ι
1056 371 1166 399 fuerint,
1185 380 1308 398 cariosam
1328 373 1442 406 requiro.
1484 373 1601 405 Egebat?
1626 375 1709 400 {inmo
1727 374 1845 410 toeuptoe

213 412 303 437 dmin?
318 412 403 436 Potest
419 410 465 434 lm(-
481 409 580 434 lanuini
597 408 658 433 liuii:
671 408 777 433 liat-rer(-
789 407 944 441 pet-catum?
956 409 1003 442 qui
1024 438 1026 444 ,
1055 413 1118 433 erat.
1160 408 1294 434 vehebat?
1319 410 1402 435 immo
1421 410 1446 436 in
1465 411 1523 436 suin
1541 412 1660 437 nummis
1680 412 1843 439 versabatur.

214 449 318 474 medius
334 448 412 472 tatius
428 446 560 471 (tundat-tur
574 445 642 477 dico)
658 445 717 478 plus
733 445 807 474 fidu-i,
828 453 908 479 quam
928 446 1001 475 artis,
1024 449 1033 479 t,
1056 446 1159 471 Avarus
1169 445 1334 472 mmmm«,
1345 447 1433 475 etiarn.
1446 452 1587 481 antequam
1600 448 1726 483 locuples,
1740 458 1846 483 semper

215 486 274 519 ptus·
288 485 413 509 voi-itatis.
425 492 504 516 quam
517 482 674 516 disciplina<¹
690 482 808 516 possidet
824 482 850 508 iu
865 491 906 508 se:
923 491 1003 517 quem
1025 492 1026 496 ¹
1057 482 1262 509 liberalissimus
1286 484 1609 519 niuniticcntissimuuiue
1632 485 1692 512 fuit.
1734 488 1775 512 23.
1798 487 1846 513 Pro

215 522 329 556 populus
343 522 474 546 ltmuanus
490 520 626 545 itu-liorem
642 520 738 548 virum,
751 528 831 554 quam
848 519 1003 545 histrionem
1024 526 1027 550 ε
1054 519 1135 545 deum
1151 520 1344 555 bominumque
1359 521 1451 547 tidem!
1475 522 1522 556 qui
1538 522 1601 548 l{-S
1615 531 1723 549 εει-ιω)
1737 531 1846 550 (cctam)

213 568 272 584 vssc
287 558 441 583 arbitratur:
457 558 503 590 qui
520 557 553 582 ita
568 557 747 588 dignissimus
759 561 799 582 cst
810 566 887 582 scena
899 562 1005 591 propter
1025 555 1033 591 l
1055 565 1163 583 ccum.)
1173 562 1301 592 quaestus
1314 557 1398 584 facere
1409 558 1580 587 noluit,¹'nam
1591 559 1845 587 corneti—Seecmn

212 596 362 622 artificium.
381 599 408 620 ut
421 594 599 626 dignissimus
613 594 649 619 sit
661 594 733 619 curia
749 598 854 628 propter
868 594 1005 620 abstineu-
1032 594 1033 623 l

213 633 284 658 tiam.
328 633 367 657 ⁴8.
389 631 439 657 Sed
454 631 519 665 quid
534 640 582 664 cygn
597 631 702 665 ineptus
717 631 749 656 dc
765 631 857 657 Roscio
876 631 947 665 apud
962 631 1004 657 t’i-
1032 636 1033 675 l

212 679 302 695 soni-m
318 668 394 694 ‹tn-05²
409 670 528 701 Ignotum
545 669 678 694 bominem
693 668 795 694 scilice-t
810 668 933 702 pluribus
946 678 1005 694 ver—-
1025 679 1033 706 'i

213 708 254 732 bis
264 706 430 732 conuncndo.
460 706 539 731 Estne
551 706 694 740 quisquam
707 706 826 732 omnium
841 706 1001 736 mortalium,
1032 718 1033 730 1

1055 602 1162 619 (frma.)
1176 603 1283 620 (τι-ιιι.)
1298 604 1398 621 merere
1411 600 1437 621 et
1451 597 1536 630 potuit
1549 601 1574 622 et
1592 596 1698 626 debuit,
1719 597 1742 623 ai
1761 602 1846 632 potest

1057 631 1180 666 Dionysia
1200 631 1262 658 l{-S
1281 641 1320 657 cs«
1333 641 1388 657 ιη)
1403 641 1511 659 ι,·(·ιί.ι.);)
1525 635 1647 667 merere.)
1665 634 1688 660 is
1707 642 1753 668 per
1770 642 1846 661 aum-

1056 677 1125 693 mam
1142 668 1261 695 fraudem
1275 674 1301 695 et
1315 669 1442 696 malitiam
1458 675 1482 695 et
1498 671 1635 704 perfidiam
1650 670 1713 697 t{-S
1727 679 1785 697 mo.)
1798 680 1846 706 ap-

1056 705 1149 739 petiit?
1175 706 1206 732 Et
1222 706 1265 732 illa
1281 706 1330 732 fuit
1345 707 1456 741 pecunia
1477 707 1615 738 immanis,
1637 708 1701 734 haec
1719 707 1843 743 parvula:

211 744 244 769 de
262 752 316 778 quo
334 743 431 769 melius
449 743 587 769 existimes
606 742 652 769 tu‘?
678 743 758 769 Estne
776 743 935 777 quisquam,
956 743 1003 778 qui
1024 729 1033 758 Η

213 781 260 807 tibi
276 781 378 815 purior.
395 780 548 814 pudentior,
571 780 722 810 humanior,
739 780 890 809 officiosior,
908 780 1004 806 libera-
1025 777 1027 820 j

213 818 315 852 liorquo
331 817 469 843 videatur?
494 817 564 849 Quid
579 822 620 847 tu,
641 818 742 847 Saturi,
763 818 810 852 qui
829 822 917 843 contra
933 817 1003 844 hunc.
1025 830 1033 856 t*

1032 881 1033 886 ¹
1054 855 1183 889 consequi
1199 855 1297 889 potuit:
1314 855 1408 882 noluit.

213 854 306 881 venis‘!
332 855 470 881 existimas
489 854 582 880 aliter‘?
608 855 712 884 Nonne,
733 855 957 889 quotiescumque
977 855 1002 881 in

211 901 305 919 caussa
316 892 342 918 in
359 901 452 918 nomen
469 892 549 918 liuius
565 892 691 922 incidisti,
707 892 782 917 toties
798 892 868 917 bunc
879 897 903 917 ct
917 893 1002 918 virum

213 930 312 956 bonum
327 938 386 955 esse
400 929 492 955 dixisti
504 934 529 955 ct
540 929 645 955 lionoris
655 937 748 955 caussa
760 929 918 963 appellasti?
931 929 1003 964 quod

213 975 290 993 nemo
309 968 360 993 nisi
384 971 429 992 aut
454 967 643 992 honestissimo
665 971 709 992 aut
732 967 897 992 amicissimo
920 966 1003 992 facere
1025 981 1027 997 ,1

211 1004 359 1030 consucvit.
395 1006 434 1030 ⁴9.
451 1004 506 1035 Qua
522 1005 548 1030 in
563 1012 590 1029 re
605 1004 670 1029 milii
687 1003 798 1029 ridicule
812 1012 839 1029 cs
855 1004 931 1030 visus
944 1013 1004 1030 esse

213 1042 378 1071 inconstans.
403 1042 450 1076 qui
469 1041 592 1067 eunulcm
612 1045 637 1067 et
657 1040 772 1067 laederes
787 1045 811 1067 et
827 1040 962 1071 laudares,
979 1046 1004 1067 et
1025 1068 1027 1075 .

200 1079 299 1105 ‘virum
313 1079 444 1113 optimum
460 1083 485 1104 et
499 1079 632 1104 hominem
648 1078 879 1112 improbissimum
894 1087 953 1104 esse
963 1078 1004 1104 di-
1025 1079 1033 1107 Ἣ

334 1116 465 1142 Eumdem
485 1120 511 1141 tu
531 1120 555 1141 ct
575 1116 681 1141 honoris
699 1124 793 1141 caussa
811 1115 964 1150 appellabas
979 1120 1004 1141 ct
1025 1119 1033 1146 ,1

1025 1152 1033 1164 '¹
1054 1153 1234 1184 gniticcntiam
1254 1153 1419 1179 liberalitatis
1434 1154 1589 1188 repudiarit.

210 1124 293 1142 ceres.

213 1153 299 1179 virum
315 1153 471 1188 primarium
487 1162 545 1179 csse
559 1152 680 1182 dicebas,
701 1157 726 1179 et
744 1153 846 1179 socium
866 1152 1004 1179 fraudasse

211 1191 351 1225 arguebas.
380 1190 440 1221 Sed,
454 1195 483 1216 ut
496 1191 598 1224 opinor,
617 1190 721 1216 laudem
736 1190 840 1216 veritati
855 1190 1000 1220 tribuebas,
1024 1208 1027 1231 λ

210 1228 311 1254 crimen
329 1228 428 1261 gratiae
446 1227 623 1254 concedebas:
651 1227 684 1253 de
707 1227 755 1253 hoc
779 1232 807 1253 ut
829 1228 1003 1254 existimabas

212 1265 395 1299 praedicabas:
416 1265 547 1291 Chaereae
561 1265 688 1290 arbitratu
702 1273 824 1291 caussam
839 1265 946 1299 agebas.

266 1302 320 1329 vu.
342 1302 485 1328 Fraudavit
503 1303 624 1328 Roscius.

211 1340 262 1365 bus
276 1339 428 1374 animisque
442 1339 581 1365 bominum
595 1339 753 1365 absurdum.
781 1339 851 1371 Quid
862 1339 885 1365 si
897 1340 1002 1366 tandem

209 1418 288 1444 esset,
305 1414 352 1448 qui
367 1414 481 1448 experiri
498 1423 547 1439 non
562 1413 670 1448 posset?
688 1418 774 1440 tamen
790 1414 946 1440 incredibile
960 1422 1004 1440 es—

209 1456 258 1477 set.

209 1489 238 1515 C.
252 1489 383 1514 Fannium
398 1488 541 1515 Chaeream
555 1489 668 1514 Roscius
683 1488 825 1514 fraudavit.
858 1488 909 1515 Oro
923 1493 1003 1523 atque

208 1526 318 1551 obsecro
329 1534 385 1556 vos,
398 1526 446 1560 qui
458 1526 550 1556 nostis,
563 1526 645 1551 vitam
660 1526 729 1552 inter
741 1534 770 1552 se
784 1526 926 1560 utriusque
940 1534 1003 1552 con-

211 1563 288 1589 ferte:
309 1563 356 1597 qui
376 1572 426 1589 non
446 1563 543 1593 nostis,
561 1562 654 1589 faciem
669 1563 811 1598 utriusque
825 1563 1000 1590 considerate.

208 1601 300 1626 Nonne
318 1601 409 1634 ipsum
427 1605 507 1634 caput
524 1604 549 1626 et
567 1600 709 1635 supercilia
729 1600 773 1626 illa
788 1601 895 1635 penitus
909 1601 1001 1627 abrasa

208 1637 279 1663 olere
300 1637 427 1663 malitiam
452 1642 478 1663 et
502 1637 637 1664 clamitare
662 1637 833 1663 calliditatem
861 1637 1003 1664 videntur‘?

209 1675 301 1701 Nonne
315 1675 348 1700 ab
363 1675 425 1701 imis
435 1675 574 1710 unguibus
586 1683 673 1709 usque
682 1674 714 1700 ad
726 1675 851 1700 verticem
862 1683 1000 1701 summum

208 1712 242 1745 (si
255 1720 336 1746 quam
351 1712 528 1738 coniecturam
544 1711 617 1737 affert
630 1712 786 1738 hominibus
798 1712 873 1738 tacita
883 1713 1001 1746 corporis
1022 1719 1031 1750 ιι

210 1748 304 1784 figura)
318 1757 351 1775 ex
365 1748 470 1779 fraude,
488 1748 614 1779 fallaciis,
635 1749 782 1775 mendaciis
797 1754 916 1775 constare
931 1754 1000 1775 totus
1023 1751 1025 1775 ὲ

209 1785 334 1812 videtur‘?
355 1787 403 1820 qui
418 1786 516 1812 idcirco
529 1787 614 1820 capite
628 1791 652 1812 et
666 1786 819 1820 superciliis
838 1795 944 1821 semper
961 1791 1003 1813 est
1023 1805 1025 1808 ψ

210 1823 286 1853 rasis,
301 1823 429 1849 neullum
441 1823 526 1857 pilum
538 1823 588 1849 viri
603 1823 666 1849 boni
680 1823 776 1849 habere
790 1823 907 1850 dicatur:
923 1824 1000 1850 cuius
1030 1847 1031 1856 ,

210 1868 349 1895 personam
364 1860 496 1894 praeclare
507 1861 618 1886 Roscius
632 1861 660 1886 in
673 1869 752 1887 scena
767 1865 875 1886 tractare
889 1869 1002 1887 consue·
1022 1873 1024 1884 -,

209 1898 261 1929 vit:
282 1905 368 1932 neque
383 1902 469 1923 tamen
485 1906 532 1931 pro
546 1898 673 1924 beneficio
686 1898 710 1923 ei
721 1906 768 1932 par
780 1898 863 1933 gratia
878 1898 999 1924 refertur.
1022 1897 1031 1934 t}

209 1935 276 1960 Nam
290 1935 436 1961 Ballionem
455 1935 532 1961 illum
552 1935 784 1969 improbissimum
803 1940 829 1961 et
847 1935 1002 1969 periurissi—
1023 1935 1024 1948 ³

209 1980 284 1998 mum
300 1971 420 1998 lenonem
434 1980 519 2006 quum
538 1972 605 2007 agit,
625 1972 679 2008 agit
693 1972 847 1999 Chaeream.
888 1973 1001 1999 Persona

209 2009 254 2035 illa
269 2008 411 2040 lutulenta,
428 2010 545 2044 impura,
565 2009 652 2035 invisa
667 2009 694 2035 in
710 2009 790 2035 liuius
805 2010 938 2040 moribus,
956 2019 1003 2036 na-

209 2051 267 2072 tura
281 2047 389 2081 vitaque
403 2051 443 2073 est
457 2055 593 2081 expressa.
621 2046 673 2078 Qui
687 2047 861 2081 quamobrem
876 2047 1000 2073 Roscium
1023 2059 1031 2083 ,ᾗ

209 2083 325 2109 similem
340 2084 383 2109 sui
398 2084 424 2110 in
440 2083 531 2109 fraude
545 2088 570 2109 et
583 2083 683 2109 malitia
697 2084 865 2114 existimarit,
879 2084 946 2110 nibil
961 2085 1002 2110 vi—
1023 2086 1031 2117 J}

1023 2125 1025 2133 '
1053 2121 1202 2155 pactionem
1225 2120 1334 2152 fecisse,
1363 2125 1393 2147 ut
1415 2120 1605 2147 absolveretur.

1023 2160 1031 2174 ⁴=
1052 2158 1168 2190 Quaere,
1188 2166 1270 2192 quare
1289 2158 1325 2184 sit
1342 2157 1500 2184 absolutus?
1525 2157 1602 2190 Quod
1615 2162 1670 2184 erat
1683 2166 1788 2184 summa
1802 2158 1845 2184 in-

209 2120 299 2152 detur,
320 2121 373 2147 uisi
392 2120 470 2151 forte,
490 2121 562 2155 quod
581 2120 714 2155 praeclare
732 2121 804 2147 hunc
818 2121 916 2147 imitari
931 2130 960 2147 se
974 2122 1001 2147 in

209 2166 321 2192 persona
336 2157 438 2184 lenonis
453 2158 647 2184 animadvertit.
673 2160 714 2184 ΞΗ.
729 2157 906 2190 Quamobrem
922 2159 1001 2184 etiam

209 2199 288 2230 atque
301 2195 380 2221 etiam
394 2195 540 2226 considera,
558 2195 586 2221 C.
602 2195 676 2225 Piso,
692 2196 754 2230 quis
768 2204 849 2230 quem
864 2195 1002 2222 fraudasse
1023 2207 1024 2210 ¹

208 2232 321 2258 dicatur.
361 2232 474 2259 Roscius
489 2231 640 2259 Fannium?
663 2231 734 2264 Quid
753 2237 794 2258 est
811 2232 879 2258 hoc‘?
901 2233 1001 2267 probus

208 2270 375 2304 improbum,
397 2270 502 2304 pudens
520 2269 718 2303 impudentem,
743 2270 881 2304 periurum
900 2275 999 2300 castus,

208 2306 336 2333 callidum
358 2307 514 2341 imperitus,
540 2306 658 2333 liberalis
682 2307 802 2332 avidum.
842 2307 1001 2333 Incredibile

208 2348 261 2376 est,
285 2344 526 2379 quemadmodum,
547 2344 570 2370 si
586 2344 703 2370 Fannius
718 2344 843 2370 Roscium
863 2344 1001 2371 fraudasse

208 2381 348 2412 diceretur,
361 2386 507 2416 utrumque
517 2389 548 2408 ex
561 2381 702 2415 utriusque
715 2389 827 2415 persona
841 2381 898 2407 veri
912 2381 1001 2408 simile

209 2418 352 2449 videretur,
360 2423 385 2444 et
395 2419 526 2445 Fannium
536 2427 584 2453 per
594 2418 722 2444 malitiam
732 2417 829 2444 fecisse
838 2423 863 2444 et
873 2419 1000 2445 Roscium

209 2463 255 2489 per
269 2455 477 2490 imprudentiam
491 2456 633 2490 deceptum
643 2464 716 2482 esse:
731 2456 780 2486 sic,
792 2464 877 2490 quum
887 2456 1000 2482 Roscius

210 2492 340 2518 Fannium
360 2492 498 2519 fraudasse
516 2497 654 2528 arguatur,
679 2497 825 2527 utrumque
842 2492 1000 2519 incredibile

209 2533 258 2559 est,
274 2533 299 2555 et
312 2529 438 2556 Roscium
451 2530 600 2565 quidquam
614 2538 662 2564 per
674 2530 813 2555 avaritiam
826 2530 962 2564 appetisse
975 2534 1001 2556 et

210 2565 341 2592 Fannium
355 2566 503 2601 quidquam
518 2575 564 2601 per
577 2575 606 2592 se
620 2567 735 2593 bonitate
749 2567 882 2593 amisisse.

264 2603 330 2629 VIII.
352 2605 393 2629 ΞΕ.
415 2604 547 2638 Principia
562 2607 626 2630 sunt
638 2603 805 2629 huiusmodi.
841 2603 999 2638 Spectemus

209 2639 321 2674 reliqua.
363 2640 424 2666 H-S
443 2649 499 2666 mo.)
517 2640 549 2673 Q.
569 2641 681 2667 Roscius
703 2640 838 2666 fraudavit
854 2641 998 2667 Fannium.

208 2676 266 2709 Qua
279 2677 313 2703 de
325 2676 438 2704 caussa?
463 2677 590 2704 Subridet
603 2677 726 2704 Saturius
741 2682 882 2709 veterator,
903 2683 933 2704 ut
945 2677 1000 2704 sibi
1019 2661 1023 2704 l

1032 1235 1033 1261 ς
1055 1227 1203 1253 Fraudabat
1222 1232 1246 1254 te
1265 1228 1290 1254 in
1305 1228 1429 1254 societate
1444 1228 1565 1254 Roscius.

1032 1275 1033 1279 ¹
1055 1264 1183 1290 formulae
1197 1264 1230 1291 de
1243 1265 1370 1291 omnibus
1385 1266 1465 1291 rebus
1479 1266 1650 1295 constitutae,
1671 1274 1703 1292 ne
1721 1266 1783 1300 quis
1802 1271 1847 1292 aut

665 1302 712 1328 Est
731 1302 780 1328 hoc
797 1302 908 1336 quidem
931 1302 1003 1328 auri·
1024 1316 1032 1333 i,

1024 1357 1033 1375 ¹,
1054 1339 1203 1373 Expressae
1217 1344 1281 1365 sunt
1294 1340 1365 1365 enim
1380 1348 1413 1365 ex
1429 1340 1508 1365 unius
1522 1340 1655 1374 cuiusque
1669 1339 1779 1369 damno,
1799 1340 1846 1367 do-

210 1377 327 1411 aliquem
342 1376 453 1402 divitem
465 1376 599 1407 timidum,
612 1376 772 1407 dementem,
785 1377 897 1402 inertem
911 1382 1002 1403 nactus
1024 1383 1032 1407 :¹

299 1453 340 1477 ΞΟ.
363 1451 564 1481 Verumtamen,
584 1459 665 1486 quem
685 1450 824 1481 fraudarit,
849 1451 1000 1477 videamus.
1031 1454 1033 1466 ²

1031 1495 1032 1498 ¹
1054 1496 1100 1522 pro
1115 1488 1186 1514 socio
1204 1488 1325 1523 adegeris
1339 1488 1370 1520 Q.
1387 1489 1525 1519 Roscium,
1546 1497 1654 1523 quaero.

1056 742 1099 767 illa
1116 742 1233 773 honesta.
1251 743 1314 769 haec
1328 744 1446 770 sordida:
1464 744 1507 770 illa
1523 745 1646 774 iucunda,
1661 745 1724 771 haec
1737 745 1843 772 acerba:

1056 779 1100 805 illu
1120 781 1237 814 propria,
1264 781 1328 807 baec
1346 781 1372 807 in
1391 790 1486 807 caussa
1504 787 1530 808 et
1548 783 1573 808 in
1594 783 1693 809 iudicio
1710 782 1843 809 cottocata.

1056 817 1148 843 necem
1165 818 1207 843 bis
1221 818 1298 844 annis
1309 819 1438 853 proximis
1450 819 1512 845 tt-S
1524 820 1646 853 sexagies
1657 820 1845 846 honestissime

1447 856 1573 882 Laborem
1587 862 1716 891 quaestus
1731 857 1843 891 recepit:

1055 897 1196 926 quaestum
1214 891 1310 918 laboris
1325 893 1424 919 reiecit.
1453 893 1554 927 Populo
1565 894 1682 920 nomano
1691 894 1779 920 adhuc
1790 903 1846 920 ser-

1025 922 1033 942 ’Ῑ
1056 929 1111 955 vire
1133 938 1184 955 non
1208 929 1322 956 destitit:
1351 930 1403 956 sibi
1429 931 1530 956 servire
1553 931 1709 965 iampridem
1732 931 1843 958 destitit.

1055 967 1096 992 et.
1119 967 1172 992 lloc
1186 971 1213 992 tu
1225 975 1362 1001 umquam,
1379 967 1470 997 Fanni,
1488 967 1604 994 taceres?
1625 973 1650 994 et
1665 969 1686 995 si
1703 968 1751 995 lios
1764 976 1846 1003 quae-

1025 1006 1033 1024 ¹}
1055 1008 1113 1029 stus
1128 1004 1244 1038 recipcre
1258 1012 1365 1038 posses,
1386 1014 1437 1031 non
1456 1005 1547 1031 eodeni
1567 1010 1684 1040 tempore
1702 1010 1727 1031 et
1739 1011 1845 1041 gestum

1055 1045 1080 1067 et
1098 1041 1214 1067 animam
1233 1041 1342 1076 ageres‘?
1368 1042 1413 1068 Dic
1431 1051 1502 1068 nunc
1517 1047 1540 1068 te
1555 1043 1588 1069 ab
1603 1043 1696 1069 Roscio
1710 1042 1774 1069 tt-S
1789 1051 1846 1069 meo

1054 1079 1286 1113 circumscriptum
1305 1087 1378 1109 esse,
1398 1079 1445 1113 qui
1465 1084 1549 1105 tantas
1563 1085 1588 1106 et
1602 1085 1653 1106 tarn
1669 1079 1786 1106 infinitas
1800 1088 1847 1114 pe-

1054 1116 1147 1141 cunias
1163 1124 1214 1142 non
1230 1121 1336 1150 propter
1350 1117 1471 1143 inertiam
1487 1117 1593 1147 laboris,
1609 1117 1656 1143 sed
1672 1122 1777 1151 propter
1790 1125 1847 1143 ma-

1628 1154 1699 1186 Quid
1713 1163 1761 1189 ego
1775 1162 1847 1180 nunc

1055 1190 1099 1216 illa
1113 1190 1213 1221 dicam,
1234 1199 1302 1225 quae
1322 1191 1398 1216 vobis
1413 1191 1438 1217 in
1454 1196 1570 1217 mentem
1586 1191 1675 1217 venire
1689 1196 1759 1217 certo
1773 1190 1848 1217 scio?

1605 1228 1674 1254 Sunt
1693 1229 1762 1259 iura,
1783 1233 1846 1254 sunt

1054 1302 1081 1327 in
1099 1310 1196 1337 genere
1215 1302 1328 1328 iniuriae
1346 1307 1389 1328 aut
1409 1303 1508 1328 ratione
1527 1303 1637 1328 actionis
1651 1311 1737 1329 errare
1750 1303 1845 1337 possit.

1056 1376 1118 1406 lore,
1134 1376 1316 1406 incommodo,
1329 1376 1490 1407 calamitate,
1504 1377 1600 1403 iniuria
1612 1377 1735 1411 publicae
1744 1386 1758 1403 a
1770 1385 1847 1412 prae-

1055 1418 1108 1440 tore
1123 1413 1261 1444 formulae,
1278 1414 1309 1440 ad
1324 1422 1391 1448 quas
1406 1414 1506 1448 privata
1522 1414 1555 1440 lis
1569 1414 1790 1441 accommodatur.

1109 1451 1156 1477 IX.
1178 1452 1220 1477 25.
1242 1450 1315 1483 Quae
1333 1460 1417 1486 quum
1438 1452 1471 1477 ita
1490 1452 1556 1482 sint,
1581 1460 1629 1478 cur
1646 1460 1697 1478 non
1716 1452 1845 1514 arbitr'um

1694 1489 1791 1515 Formu
1803 1497 1845 1515 am

1054 1534 1106 1552 non
1129 1525 1226 1552 noras‘?
1251 1526 1395 1552 Notissima
1414 1531 1478 1552 erat.
1518 1526 1620 1552 Iudicio
1636 1527 1712 1561 gravi
1731 1526 1846 1561 experiri

1030 1567 1032 1588 ζ
1054 1562 1181 1589 nolebas?
1205 1562 1275 1595 Quid
1294 1562 1347 1589 ita?
1372 1563 1480 1598 Propter
1494 1562 1698 1590 familiaritatem
1713 1563 1848 1589 veterem?

1053 1608 1101 1626 cur
1113 1608 1176 1635 ergo
1190 1599 1292 1626 laedis?
1317 1601 1425 1634 Propter
1443 1601 1620 1635 integritatem
1639 1599 1775 1626 hominis?
1799 1609 1847 1627 cur

1054 1637 1136 1672 igitur
1154 1636 1315 1663 insimulas?
1347 1637 1455 1672 Propter
1477 1637 1689 1673 magnitudinem
1707 1637 1847 1664 criminis?

1053 1675 1124 1700 Itane
1147 1673 1226 1700 νει-οῗ)
1251 1682 1332 1709 quem
1355 1683 1402 1709 per
1423 1674 1551 1700 arbitrum
1573 1675 1768 1701 circumvenire
1794 1683 1846 1701 non

1053 1720 1156 1746 posses,
1173 1712 1250 1738 cuius
1265 1711 1298 1737 de
1312 1719 1340 1738 ea
1355 1720 1382 1737 re
1397 1712 1535 1746 proprium
1549 1717 1603 1738 erat
1617 1711 1757 1743 iudicium,
1774 1712 1847 1738 hunc

1053 1757 1100 1783 per
1113 1748 1230 1775 iudicem
1244 1749 1443 1775 condemnabis.
1463 1749 1541 1775 cuius
1555 1748 1588 1775 de
1601 1757 1630 1775 ea
1645 1757 1673 1775 re
1687 1749 1791 1776 nullum
1806 1753 1847 1775 est

1053 1785 1211 1812 arbitrium?
1236 1785 1306 1818 Quin
1321 1791 1349 1812 tu
1364 1785 1413 1812 boc
1425 1787 1526 1812 crimen
1541 1791 1586 1812 aut
1598 1786 1698 1817 obiice,
1720 1786 1766 1813 ubi
1786 1786 1847 1813 licet

1053 1831 1142 1858 agere:
1159 1828 1204 1849 aut
1218 1823 1302 1849 iacere
1316 1822 1379 1853 noli,
1397 1823 1442 1849 ubi
1457 1832 1508 1849 non
1523 1828 1634 1857 oportet.
1662 1824 1778 1850 Tametsi
1793 1824 1845 1849 iam

1052 1860 1102 1887 hoc.
1115 1865 1161 1886 tuo
1174 1861 1327 1887 testimonio
1339 1861 1441 1886 crimen
1454 1860 1591 1886 sublatum
1605 1865 1655 1887 est.
1696 1861 1776 1891 Nam,
1791 1869 1846 1895 quo

1053 1902 1081 1923 tu
1101 1902 1218 1932 tempore
1236 1897 1281 1924 illa
1301 1897 1414 1924 formula
1432 1897 1472 1923 uti
1490 1897 1615 1928 noluisti,
1640 1897 1708 1924 nibil
1727 1897 1800 1924 hunc
1818 1898 1845 1924 in

1052 1935 1203 1961 societatem
1223 1934 1324 1961 fraudis
1344 1934 1440 1961 fecisse
1461 1934 1612 1961 ostendisti.
1653 1935 1724 1961 Fecit
1747 1936 1846 1970 pactio-

1052 1980 1124 1998 nem.
1165 1972 1236 1998 Num
1255 1972 1358 1998 tabulas
1378 1972 1468 2002 habet,
1489 1980 1522 1998 an
1541 1971 1612 1998 non‘!
1637 1971 1666 1998 Si
1685 1981 1737 1999 non
1756 1972 1843 2003 habet,

1030 2022 1031 2039 ς
1053 2009 1281 2044 quemadmodum
1301 2010 1388 2044 pactio
1405 2008 1464 2035 est?
1480 2009 1504 2035 si
1520 2009 1610 2039 habet,
1631 2018 1679 2035 cur
1692 2017 1744 2036 non
1759 2010 1846 2036 nomi-

1053 2045 1119 2072 nas?
1152 2048 1194 2073 26.
1214 2047 1261 2072 Dic
1274 2055 1346 2072 nunc
1359 2046 1486 2073 Roscium
1499 2046 1547 2072 ahs
1561 2051 1586 2072 te
1600 2047 1708 2081 petisse,
1724 2051 1755 2073 ut
1767 2046 1847 2073 fami-

1054 2083 1145 2109 liarem
1168 2092 1249 2110 suum
1271 2092 1392 2110 sumeres
1415 2083 1554 2110 arbitrum.
1595 2084 1652 2110 Non
1675 2084 1759 2118 petiit.
1798 2084 1845 2110 Dic

1646 2121 1703 2147 Non
1729 2121 1843 2156 pepigit.

1053 2195 1172 2221 nocentia
1186 2200 1212 2221 et
1225 2195 1384 2231 integritate.
1415 2194 1486 2227 Quid
1500 2195 1572 2221 enim
1586 2194 1684 2222 factum
1697 2194 1756 2221 est?
1769 2195 1845 2221 veni-

1053 2233 1087 2258 sti
1109 2232 1220 2258 domum
1244 2232 1313 2259 ultro
1331 2233 1433 2259 Roscii:
1457 2231 1626 2258 satisfecisti:
1653 2232 1726 2267 quod
1747 2237 1845 2259 temere

1052 2270 1249 2299 commisisses,
1266 2270 1294 2295 in
1308 2269 1438 2296 iudicium
1453 2274 1483 2296 ut
1496 2269 1676 2300 denuntiaret,
1692 2270 1798 2305 rogasti,
1815 2274 1845 2296 ut

1053 2307 1214 2342 ignosceret:
1239 2311 1264 2332 te
1277 2306 1422 2333 affuturum
1440 2307 1556 2342 negasti:
1581 2305 1678 2332 debere
1692 2307 1741 2332 tibi
1754 2315 1788 2333 ex
1800 2315 1845 2334 so-

1052 2344 1145 2370 cietate
1159 2343 1236 2374 nihil,
1252 2343 1404 2370 clamitasti.
1446 2343 1529 2369 ludici
1543 2343 1587 2369 hic
1599 2342 1781 2370 denuntiavit:
1796 2343 1845 2370 ab·

1051 2381 1156 2407 solutus
1169 2385 1218 2407 est.
1246 2381 1345 2407 Tamen
1361 2380 1462 2407 fraudis
1471 2387 1501 2406 ac
1511 2379 1574 2406 furti
1585 2380 1747 2407 mentionem
1759 2380 1844 2407 faeere

1051 2417 1152 2444 audes?
1175 2418 1275 2444 Perstat
1287 2418 1315 2444 in
1329 2417 1505 2453 impudentia.
1540 2417 1690 2443 Pactionem
1705 2418 1785 2448 enim,
1801 2418 1845 2444 in—

1051 2455 1118 2490 quit,
1131 2463 1237 2482 mecum
1248 2454 1354 2482 fecerat.
1381 2454 1480 2481 Idcirco
1491 2453 1623 2485 videlicet,
1636 2462 1669 2481 ne
1682 2454 1844 2481 condemna—

1051 2497 1132 2518 retur.
1172 2491 1243 2524 Quid
1256 2497 1311 2519 erat
1323 2499 1447 2521 caussae,
1466 2498 1514 2517 cur
1532 2495 1674 2522 metueret,
1694 2499 1728 2518 ne
1745 2491 1844 2518 conde-

1051 2529 1205 2556 mnaretur?
1226 2529 1278 2556 Res
1291 2533 1347 2556 erat
1356 2527 1510 2555 manifesta:
1526 2527 1627 2554 furtum
1641 2533 1696 2555 erat
1709 2533 1840 2563 apertum.

1104 2567 1147 2593 27.
1163 2566 1247 2593 Cuius
1261 2566 1299 2593 rei
1312 2565 1414 2592 furtum
1428 2564 1527 2591 factum
1541 2564 1614 2592 erat?
1626 2565 1772 2592 Exorditur
1784 2574 1842 2592 ma-

1049 2611 1102 2638 gna
1124 2611 1186 2629 cum
1208 2603 1404 2638 exspectatione
1426 2602 1524 2628 veteris
1545 2602 1684 2629 histrionis
1709 2611 1842 2638 exponere

1050 2641 1211 2667 societatem.
1235 2640 1270 2666 X.
1285 2640 1435 2675 Panurgus,
1451 2639 1548 2674 inquit,
1565 2639 1615 2666 fuit
1627 2639 1737 2666 Fannii:
1752 2640 1777 2666 is
1789 2639 1842 2666 fuit

1050 2677 1075 2704 ei
1088 2685 1150 2704 cum
1163 2677 1259 2704 Roscio
1271 2677 1432 2704 eommunis.
1472 2676 1520 2703 Hic
1533 2677 1652 2711 primum
1669 2681 1784 2712 questus
1800 2681 1842 2703 est
