1941 3052
217 148 261 173 l9l
789 149 826 173 ⁴3.
862 147 895 172 M.
927 147 956 173 Τ.
988 147 1262 174 (ΣΙΕΕΙιΟΝΙΒ

214 222 241 243 ιιι
266 219 407 252 pertinacia
429 223 454 244 ot
470 219 677 252 perflat-ramim
705 218 731 244 in
751 217 832 244 altero
849 223 936 243 autern
955 217 1001 244 de-
1022 218 1031 256 ξ’,

213 256 322 290 scriptio
345 257 449 289 poneris
472 256 585 282 alicuius
609 261 633 281 et
652 256 728 289 quasi
748 256 836 286 inmun
849 255 1001 289 exprinien-
1022 257 1024 296 Ι

212 293 244 317 dn
267 298 314 323 ent,
342 299 378 323 ιιι,
399 292 487 328 qualis
506 294 539 318 sit
558 301 661 321 aviirua,
678 297 722 317 ιιιιι
735 293 801 326 quid
815 293 850 318 »it
864 292 998 326 snperbia.

212 332 253 355 tto.
279 331 364 356 Tertio
382 335 468 355 autem
489 331 513 355 in
528 338 631 362 genere,
653 330 678 355 iii
693 337 754 363 quo,
771 329 850 363 quale
864 330 906 358 sit,
919 337 1001 363 qnae·
1022 325 1023 331 ¹

213 368 285 397 ritur,
311 372 355 392 aut
373 367 405 392 d·-
425 367 558 392 lions-stau·
577 371 620 391 ant
634 366 666 391 (le
679 367 791 392 utilitate
805 370 849 392 aut
863 366 895 391 dc
909 367 1001 400 aequi-

213 409 263 430 tnw
290 404 431 430 ilict-nilum
459 409 506 428 est.
553 404 586 428 tic·
614 403 748 429 honestate
774 403 824 433 sic,
848 408 889 429 ut:
920 403 1001 429 linne—
1022 403 1023 441 j

211 446 317 467 ιιιιιιιιιιι·
332 442 365 466 sit
380 450 426 475 pro
440 441 523 466 amico
538 440 684 474 periculum
701 445 745 466 aut
760 440 886 466 invidiam
898 440 997 466 subire.
1022 454 1023 458 ι

212 479 246 504 lle
270 478 381 504 utilitato
400 483 486 503 auu-in
503 478 553 507 sic,
578 482 619 503 ut:
644 478 797 507 sitne-utile,
815 478 841 503 in
865 477 999 512 republica
1022 468 1023 520 l

211 515 416 541 administranda
441 515 546 540 versari.
601 515 634 540 Dc
652 515 784 550 aequitate
803 523 864 540 vero
882 516 932 544 sic.
956 520 997 541 ut:
1022 534 1023 551 ἢ

210 553 278 578 sitne
301 560 415 586 iii-quum
434 552 532 577 amicos
550 553 668 585 vognntis
686 552 823 578 anteferre.
865 553 950 586 Atque
973 553 998 579 in
1022 562 1023 580 l

211 590 258 615 boc
277 589 369 614 rodi-m
383 597 487 622 genere,
504 590 530 614 in
545 597 606 623 quio,
623 590 701 624 qualo
716 590 758 619 sit,
775 590 920 624 quaeritur,
937 597 999 615 exo-
1021 585 1023 622 ζ

210 627 275 652 ritur
298 626 370 651 aliud
389 626 523 660 quoddam
542 627 696 661 disputandi
715 636 808 660 ¹uenus.
854 627 909 653 Non
927 627 998 652 enirn

209 663 366 697 simplic-iter
379 663 466 689 solum
481 665 626 698 quaeritur.
643 664 708 698 quid
725 665 864 690 honestum
877 665 919 693 sit,
932 663 998 698 quid

209 700 280 727 utile,
297 700 362 734 quid
376 709 502 735 aequum,
518 701 564 727 sed
578 710 610 727 ex
624 702 817 736 comparatione
831 702 919 731 etiam,
932 701 997 735 quid

209 738 355 768 honestius,
379 738 444 772 quid
462 738 563 769 utilius,
583 738 649 773 quid
669 740 789 773 aequius,
810 743 889 773 atque
907 743 996 767 etiam,

207 775 273 809 quid
289 775 517 806 honestissimum,
534 777 599 810 quid
616 776 799 806 utilissimum,
811 776 877 810 quid
892 777 998 810 aequis-

208 813 321 842 sinium;
351 813 429 838 cuius
446 814 551 847 generis
569 813 614 839 illa
632 818 703 844 sunt,
719 822 788 848 quae
803 814 998 848 praestantissi-

208 858 249 875 ma
268 850 302 875 sit
320 849 436 882 dignitas
450 851 527 876 vitae.
568 850 655 884 Atque
669 859 697 876 ea
711 851 830 885 quidem,
847 859 915 885 quae
929 850 994 880 dixi,

207 887 365 922 cognitionis
383 892 447 913 sunt
463 888 561 913 omnia.
592 889 633 913 67.
654 889 760 914 Restant
774 889 897 914 actionis:
919 888 997 913 cuius

207 923 319 950 alterum
342 928 381 950 est
404 925 583 959 praecipiendi
601 934 696 959 genua,
717 925 788 960 quod
813 925 844 951 ad
869 925 996 951 rationem
1018 952 1019 958 ,

206 960 286 987 officii
311 962 432 996 pertinet,
458 967 494 992 ut,
516 963 742 997 qttemadmodum
761 962 864 989 colendi
883 963 936 988 sint
950 971 997 996 pa·
1018 991 1027 996 μ

207 1003 306 1030 rentes,
337 999 449 1025 alterum
469 1004 556 1025 autem
575 1000 607 1026 ad
626 1000 757 1026 sedandos
775 1000 878 1026 animos
896 1004 921 1026 et
938 1008 996 1026 ora-

207 1036 276 1061 tione
297 1036 437 1067 sanandOS,
459 1041 488 1062 ut
506 1038 532 1063 in
551 1037 718 1063 consolandis
737 1037 910 1067 maeroribus,
927 1038 996 1063 utin

196 1073 342 1099 ·iracundia
364 1074 561 1108 comprimenda
585 1079 630 1100 aut
653 1075 679 1101 in
704 1075 795 1101 timore
817 1074 933 1101 tollendo
952 1079 997 1100 aut

206 1110 233 1137 in
247 1110 392 1146 cupiditate
406 1111 560 1138 minuenda.
601 1112 649 1139 Cui
664 1112 773 1148 quidem
788 1113 878 1149 generi
892 1117 996 1140 contra-

206 1149 274 1175 rium
289 1154 328 1175 est
341 1149 494 1184 disputandi
509 1158 594 1185 genus
608 1150 640 1177 ad
654 1151 760 1177 eosdem
775 1150 835 1177 illos
846 1151 927 1177 animi
940 1159 997 1177 mo—

205 1190 257 1217 tus,
281 1187 353 1221 quod
376 1187 403 1213 in
423 1187 606 1222 amplificanda
625 1189 741 1215 oratione
751 1196 830 1223 saepe
844 1188 994 1214 faciendum

204 1228 252 1254 est¹
269 1223 310 1250 vel
325 1224 473 1259 gignendos
489 1224 528 1251 vel
543 1225 722 1252 concitandos.
763 1226 850 1260 Atque
864 1225 928 1251 haec
942 1225 995 1251 fere
1017 1234 1019 1261 ἦ

204 1265 244 1287 est
267 1262 371 1296 partitio
393 1262 625 1289 consultationum.
655 1263 717 1289 XX.
737 1265 778 1289 68.
799 1263 827 1289 C.
848 1263 877 1289 F.
893 1263 996 1298 Cogno·
1018 1272 1019 1275 ¹

205 1298 244 1324 vi:
267 1298 314 1324 sed
330 1307 398 1333 quae
417 1300 482 1325 ratio
499 1301 533 1326 sit
546 1301 573 1326 in
589 1300 630 1326 liis
645 1300 798 1327 inveniendi
813 1305 838 1326 et
851 1300 996 1335 disponen-
1017 1323 1019 1336 Ι,

203 1335 239 1365 di.
265 1336 380 1370 requiro.
415 1336 443 1363 C.
464 1337 492 1362 P.
512 1336 600 1369 Quid‘?
625 1342 653 1364 tu
671 1337 784 1364 aliamne
798 1346 891 1364 censes
904 1342 929 1364 et
943 1346 994 1363 non

203 1373 332 1404 eamdem,
357 1381 425 1408 quae
448 1377 488 1400 est
510 1375 638 1409 exposita,
664 1379 693 1401 ut
716 1383 750 1401 ex
767 1374 869 1401 eisdem
885 1374 948 1401 locis
962 1374 994 1400 ad
1016 1396 1018 1407 ,

203 1409 282 1436 fidem
296 1414 321 1436 et
335 1410 367 1437 ad
381 1411 572 1438 inveniendum
587 1412 719 1438 ducantur
731 1411 838 1438 omnia?
858 1412 995 1438 Collocan—
1016 1442 1018 1451 ‚

201 1446 228 1473 di
248 1452 336 1474 autem
355 1456 423 1483 quae
441 1453 481 1475 est
495 1450 614 1484 exposita
628 1450 656 1476 in
670 1449 730 1476 aliis
744 1450 818 1481 ratio,
834 1449 927 1476 eadem
941 1449 994 1475 huc

201 1484 383 1511 transferetur.

257 1521 366 1558 Cognita
388 1523 471 1558 igitur
492 1523 565 1549 omni
588 1523 776 1550 distributione
799 1523 993 1558 propositarum

200 1559 439 1591 consultationum,
468 1568 623 1587 caussarum
649 1569 746 1596 genera
770 1565 868 1587 restant
892 1559 994 1597 [admo-
1015 1579 1017 1592 Α

199 1595 286 1632 dnm].
313 1599 354 1623 69.
369 1597 403 1623 Et
416 1606 506 1623 earum
520 1598 629 1633 quidem
644 1598 727 1624 forma
741 1598 843 1633 duplex
851 1602 904 1624 est:
926 1606 994 1632 qua-

200 1642 259 1660 rum
283 1634 362 1660 altera
380 1634 579 1661 delectationem
599 1639 714 1661 sectatur
731 1636 850 1668 aurium;
873 1634 991 1666 alterius,

199 1675 229 1697 ut
251 1671 375 1702 obtineat,
402 1672 494 1706 probet
515 1676 541 1698 et
558 1672 655 1698 efficiat
676 1672 750 1707 quod
767 1673 830 1708 agit,
851 1673 939 1698 omnis
953 1676 993 1698 est

199 1713 322 1743 suscepta
341 1709 482 1735 contentio.
523 1710 613 1744 Itaque
631 1709 700 1735 illud
718 1710 844 1744 superius
857 1710 993 1736 exornatio

199 1745 310 1778 dicitur;
332 1745 404 1780 quod
418 1754 503 1781 quum
518 1745 600 1772 latum
614 1755 700 1782 genus
711 1755 770 1773 esse
779 1751 865 1781 potest
875 1755 992 1781 saneque

198 1783 313 1814 varium,
333 1791 418 1809 unum
436 1792 470 1809 ex
483 1791 514 1809 eo
527 1783 687 1819 delegimus,
707 1783 780 1819 quod
798 1783 832 1810 ad
846 1783 992 1810 laudandos

198 1819 283 1846 claros
298 1820 369 1846 viros
383 1821 549 1855 suscipimus
562 1825 587 1847 et
601 1821 632 1847 ad
643 1821 779 1856 improbos
791 1821 989 1856 vituperandos.

199 1857 290 1884 Genus
313 1858 384 1884 enim
402 1857 507 1884 nullum
529 1862 568 1884 est
586 1859 719 1889 orationis,
736 1858 808 1893 quod
822 1863 868 1885 aut
881 1859 991 1885 uberius

198 1894 230 1921 ad
253 1894 397 1921 dicendum
419 1899 464 1921 aut
483 1895 576 1922 utilius
589 1896 743 1922 civitatibus
765 1903 824 1922 esse
837 1897 930 1930 possit,
947 1901 992 1922 aut

198 1932 225 1958 in
239 1940 293 1966 quo
307 1933 391 1967 magis
405 1937 490 1959 orator
503 1933 529 1959 in
543 1933 693 1969 cognitione
707 1933 837 1959 virtutum
852 1934 992 1960 vitiorum-

197 1977 250 2004 que
264 1974 394 1996 versetur.
416 1969 560 2005 Reliquum
574 1975 662 1996 autem
676 1979 762 2006 genus
775 1979 931 1997 caussarum
946 1975 992 1997 aut

197 2007 225 2032 in
244 2007 395 2041 provisione
413 2008 511 2042 posteri
525 2008 660 2042 temporis,
685 2011 731 2034 aut
752 2008 779 2034 in
802 2009 935 2042 praeteriti
949 2007 992 2034 di-
1020 2013 1022 2038 j

197 2044 358 2078 sceptatione
372 2049 506 2077 versatur;
528 2053 643 2080 quorum
666 2044 778 2071 alterum
792 2045 990 2072 deliberationis

197 2085 244 2111 est,
271 2080 382 2108 alterum
405 2081 508 2108 iudicii.
540 2083 583 2108 70.
603 2082 645 2109 Ex
661 2090 714 2117 qua
728 2083 868 2117 partitione
882 2083 930 2109 tria
943 2091 991 2118 ge-

197 2126 259 2144 nera
277 2127 431 2145 caussarum
455 2120 627 2146 exstiterunt:
657 2128 752 2151 unum,
772 2119 845 2154 quod
859 2128 872 2146 a
886 2119 989 2147 meliori

196 2160 282 2190 parte,
308 2155 467 2182 laudationis
481 2161 521 2183 est
543 2156 715 2191 appellatum,
732 2156 932 2184 deliberationis
950 2157 991 2183 al—

196 2197 291 2224 terum,
316 2194 423 2219 tertium
446 2194 617 2220 iudiciorum.
656 2194 834 2226 Quamobrem
853 2194 886 2221 de
904 2195 990 2229 primo

196 2230 323 2264 primum,
335 2231 358 2257 si
369 2230 461 2265 placet,
474 2231 653 2266 disputemus.
669 2231 809 2258 C.F.Mihi
820 2240 883 2258 vero
892 2232 987 2267 placet.

251 2267 324 2294 XXI.
347 2268 375 2295 C.
391 2268 421 2294 P.
436 2268 474 2294 Ae
488 2268 612 2295 laudandi
628 2269 852 2304 vituperandique
862 2270 986 2300 rationes,

195 2312 264 2339 quae
278 2313 329 2331 non
343 2305 375 2331 ad
389 2305 456 2332 bene
470 2305 613 2332 dicendum
627 2306 724 2338 solum,
740 2306 787 2333 sed
801 2307 881 2333 etiam
894 2306 927 2333 ad
941 2306 990 2333 ho—

196 2346 269 2368 neste
291 2342 438 2369 vivendum
464 2342 565 2374 valent,
590 2352 721 2378 exponam
734 2344 860 2375 breviter,
876 2348 956 2379 atque
973 2352 988 2370 θ

195 2379 334 2414 principiis
358 2380 480 2406 exordiar
503 2385 528 2407 et
550 2380 677 2407 laudandi
695 2385 721 2408 et
738 2381 918 2415 vituperandi.
943 2381 986 2407 7⁴.

195 2414 290 2442 Omnia
308 2417 378 2443 enim
398 2422 461 2444 sunt
478 2417 595 2453 profecto
610 2417 750 2450 laudanda,
765 2426 834 2453 quae
847 2419 987 2445 coniuncta

195 2460 257 2478 cum
279 2454 376 2480 virtute
399 2459 470 2486 sunt,
495 2459 521 2481 et
538 2463 607 2490 quae
624 2463 686 2482 cum
700 2455 784 2487 vitiis.
799 2455 984 2490 vituperanda.

195 2488 371 2521 Quamobrem
394 2491 454 2518 finis
473 2491 582 2519 alterius
599 2497 640 2519 est
656 2492 790 2524 honestas,
806 2491 916 2519 alterius
929 2496 987 2519 tur-

196 2526 298 2561 pitudo.
339 2527 482 2555 Conficitur
503 2533 591 2556 autem
613 2538 699 2566 genus
720 2529 771 2556 hoc
787 2529 912 2556 dictionis
925 2538 987 2556 nar-

196 2563 284 2589 randis
305 2566 523 2601 exponendisque
545 2566 621 2593 factis
639 2567 697 2593 sine
722 2566 787 2593 ullis
815 2571 986 2603 argumenta—

195 2600 322 2632 tionibus,
347 2601 380 2628 ad
398 2603 479 2629 animi
502 2608 590 2630 motus
610 2604 704 2630 leniter
720 2603 870 2630 tractandos
888 2604 983 2640 magis,

194 2645 275 2672 quam
295 2637 328 2664 ad
345 2638 424 2665 fidem
442 2639 589 2667 faciendam
603 2645 648 2667 aut
660 2640 869 2668 confirmandam
882 2649 987 2668 accom-

195 2674 307 2702 modate.
348 2676 405 2702 Non
427 2676 498 2703 enim
521 2677 602 2704 dubia
621 2677 772 2709 firmantur,
792 2677 840 2704 sed
858 2686 896 2709 ea,
916 2686 986 2713 quae

1021 1965 1022 1978 ³
1042 1974 1113 1997 sunt.
1132 1969 1299 1996 abstinendo.

1051 223 1118 244 certa
1142 223 1186 244 ιιιιι
1205 227 1252 252 pro
1267 219 1346 245 certia
1365 221 1448 254 posita
1466 225 1537 251 tunt.
1557 227 1696 255 nugentur.
1740 222 1840 255 Quem—

1051 256 1141 281 olirem
1155 264 1188 281 ex
1203 257 1244 286 iis,
1259 264 1328 290 quae
1341 261 1400 283 ante
1413 256 1481 284 dicta
1495 264 1566 288 flunt.
1579 265 1604 285 et
1619 258 1740 286 narrandi
1754 266 1780 286 et
1792 269 1840 287 ιιι·

1052 292 1131 325 pendi
1156 297 1293 327 praecepta
1312 299 1471 327 repetentur.
1503 296 1546 322 72.
1566 296 1597 322 Et
1615 297 1741 331 quonium
1757 298 1783 324 in
1798 298 1840 324 hit

1051 330 1154 355 caussis
1176 331 1263 356 omni·
1287 331 1351 356 ratio
1375 330 1428 357 fere
1445 332 1479 359 nd
1498 333 1658 368 voluptatem
1674 334 1802 361 auditori·
1815 340 1841 361 et

1051 366 1083 391 ad
1105 366 1305 393 delectationem
1328 367 1452 399 refertur,
1473 370 1600 397 utendum
1619 372 1667 397 erit
1686 372 1719 397 iis
1738 371 1764 398 in
1783 380 1841 398 on-

1052 408 1121 429 tione
1139 404 1306 436 singulorum
1325 405 1464 432 verborum
1483 407 1644 441 insignitius,
1663 416 1732 442 quae
1744 408 1842 435 liabent

1052 440 1198 474 plurimum
1218 442 1370 473 aunuatim
1393 442 1419 468 id
1437 448 1485 472 eet.
1503 448 1532 470 ut
1546 444 1620 471 factio
1635 445 1722 471 verbis
1736 450 1782 472 tut
1796 454 1841 472 ve-

1052 478 1130 503 tustis
1152 482 1197 504 aut
1221 478 1320 504 tralatis
1345 478 1496 514 frequenter
1519 485 1636 511 utamur.
1671 487 1697 508 et
1727 483 1753 509 in
1782 483 1840 517 ipsa

1050 516 1244 541 construetione
1267 516 1418 548 verborum,
1444 522 1473 543 ut
1491 518 1562 552 paria
1580 519 1689 553 peribu·
1702 524 1728 546 et
1742 520 1840 546 simili·

1050 552 1186 578 similibus
1212 561 1290 587 saepe
1317 553 1475 584 referantur.
1497 560 1526 581 ιιι
1547 557 1688 586 contraria.
1708 561 1738 582 ut
1754 557 1840 591 gemi-

1051 594 1118 619 nata,
1139 595 1168 615 ut
1185 591 1384 625 circumscripta
1404 600 1552 622 numerose,
1573 601 1625 619 non
1639 592 1671 619 ad
1685 594 1840 621 similitudi-

1051 635 1109 652 nem
1134 636 1270 657 versuum,
1294 628 1341 654 sed
1363 628 1396 654 ad
1414 628 1577 663 explendum
1595 631 1700 657 aurium
1718 639 1837 662 sensum,

1049 668 1110 697 apto
1126 664 1241 699 quodam
1260 666 1336 700 quasi
1356 666 1497 692 verborum
1513 667 1600 693 modo.
1639 668 1681 694 7³.
1703 668 1840 695 Adhiben-

1049 701 1136 735 daque
1158 701 1324 736 frequentius
1341 703 1420 730 etiam
1439 703 1483 730 illa
1497 709 1649 731 ornamenta
1664 714 1752 731 rerum
1766 710 1837 735 sunt.

1050 738 1107 764 sive
1125 747 1193 773 quae
1212 739 1376 766 admirabilia
1395 745 1420 766 et
1434 749 1481 767 nec
1495 742 1609 776 opinata,
1625 743 1682 768 eive
1692 742 1838 777 significata

1050 777 1182 805 monstris,
1209 776 1346 811 prodigiis,
1371 778 1498 809 oraculis,
1518 780 1575 805 sive
1592 788 1661 814 quae
1678 779 1840 806 videbuntur

1049 813 1084 842 vi,
1110 813 1143 838 de
1160 822 1214 848 quo
1232 822 1355 849 agemuS.
1383 815 1511 842 accidisse
1533 816 1624 842 divina
1642 821 1722 851 atque
1740 816 1836 843 fatalia.

1049 850 1142 876 tunnis
1155 851 1226 876 enim
1241 852 1402 885 exspectatio
1414 853 1482 882 eius,
1502 854 1549 887 qui
1563 854 1645 883 audit.
1661 859 1686 880 et
1701 853 1839 881 admiratio

1049 892 1073 911 vt
1097 888 1234 922 improvisi
1253 889 1342 914 exitus
1362 889 1459 915 habent
1473 889 1590 924 aliquam
1605 891 1630 917 in
1645 890 1778 917 audiendo
1793 900 1838 917 vo-

1050 924 1185 958 luptatem.
1227 925 1310 951 XXII.
1327 927 1367 952 74.
1388 926 1440 952 Sed
1453 928 1579 961 quoniam
1594 928 1680 954 tribus
1693 929 1720 954 in
1733 929 1839 964 generi-

1049 962 1099 987 bus
1114 962 1180 988 bona
1196 962 1298 988 malave
1313 968 1459 994 versantur,
1475 965 1600 994 externis.
1615 966 1733 999 corporis
1742 970 1768 991 et
1781 966 1839 992 ani-

1049 999 1094 1029 mi,
1120 1000 1204 1033 prima
1227 1004 1290 1026 sunt
1311 1004 1432 1031 externa,
1456 1009 1525 1035 quae
1542 1001 1677 1028 ducuntur
1695 1011 1709 1028 a
1726 1010 1836 1037 genere:

1018 1042 1019 1046 ¹
1047 1044 1101 1070 quo
1124 1036 1239 1063 breviter
1262 1037 1419 1072 modiceque
1438 1037 1542 1065 laudato
1555 1044 1609 1069 aut.
1629 1040 1651 1065 si
1665 1040 1714 1065 erit
1728 1039 1835 1069 infame.

1048 1074 1246 1108 praetermisso,
1271 1075 1294 1100 si
1318 1074 1433 1106 humile,
1458 1075 1499 1102 vel
1523 1077 1663 1110 praeterito
1680 1076 1721 1103 vel
1739 1076 1773 1103 ad
1790 1085 1838 1103 au·

1045 1111 1159 1147 gendum
1186 1113 1253 1143 eius,
1281 1120 1363 1146 quem
1390 1111 1495 1143 laudes,
1519 1113 1630 1148 gloriam
1649 1118 1742 1144 tracto,
1761 1113 1838 1141 dein-

1046 1158 1117 1184 ceps,
1142 1151 1165 1176 si
1189 1158 1230 1176 res
1249 1150 1371 1185 patietur,
1391 1149 1424 1176 de
1439 1149 1551 1176 fortunis
1565 1151 1614 1177 erit
1627 1155 1652 1176 et
1666 1150 1836 1178 facultatibus

1046 1186 1204 1213 dicendum:
1227 1193 1316 1222 postea
1330 1188 1363 1214 de
1376 1188 1492 1223 corporis
1507 1188 1597 1215 bonis:
1620 1188 1647 1214 in
1661 1189 1762 1223 quibus
1775 1189 1837 1223 qui-

1047 1224 1117 1255 dem,
1137 1233 1205 1259 quae
1220 1225 1344 1251 virtutem
1359 1227 1474 1252 maxime
1488 1226 1628 1261 significat,
1644 1225 1770 1252 facillime
1785 1225 1838 1253 for-

1047 1270 1088 1287 ma
1113 1261 1244 1288 laudatur.
1284 1263 1326 1289 75.
1348 1263 1448 1289 Deinde
1469 1268 1509 1289 est
1526 1263 1559 1289 ad
1579 1263 1644 1289 facta
1663 1263 1834 1294 veniendum.

1047 1307 1162 1333 quorum
1183 1299 1320 1326 collocatio
1342 1299 1439 1335 triplex
1456 1305 1508 1326 est:
1534 1305 1581 1326 aut
1597 1301 1668 1326 enim
1687 1305 1836 1335 temporum

1017 1337 1019 1343 ⁸
1046 1336 1194 1362 servandus
1220 1341 1260 1362 est
1285 1336 1358 1368 ordo,
1386 1342 1432 1363 aut
1457 1338 1483 1363 in
1510 1338 1604 1372 primis
1622 1338 1836 1365 recentissimum

1045 1373 1172 1408 quodque
1189 1373 1342 1404 dicendum,
1362 1379 1408 1400 aut
1425 1374 1509 1400 multa
1527 1379 1553 1401 et
1566 1375 1637 1401 varia
1656 1374 1722 1401 facta
1736 1376 1763 1402 in
1776 1383 1837 1410 pm-

1016 1416 1018 1419 ’
1045 1411 1102 1445 pria
1128 1411 1259 1437 virtutum
1272 1419 1368 1447 genera
1382 1416 1445 1438 sunt
1458 1411 1611 1447 digerenda.
1637 1411 1690 1438 Sed
1704 1412 1748 1439 hic
1763 1411 1836 1439 locus

1045 1448 1175 1474 virtutum
1190 1453 1270 1482 atque
1284 1449 1419 1480 vitiorum,
1436 1448 1566 1475 latissime
1579 1453 1681 1484 patens.
1696 1458 1731 1476 ex
1743 1449 1836 1476 multia

1045 1490 1069 1511 et
1083 1486 1164 1511 variis
1177 1485 1406 1520 disputationibus
1422 1494 1494 1512 nunc
1507 1487 1535 1512 in
1544 1486 1688 1521 quamdam
1695 1491 1836 1523 angustam

1045 1527 1070 1548 et
1093 1522 1200 1549 brevem
1217 1522 1401 1550 concludetur.
1452 1524 1494 1550 76.
1513 1523 1561 1550 Est
1578 1524 1661 1560 igitur
1674 1524 1715 1550 vis
1729 1524 1836 1551 virtutis

1044 1559 1158 1594 duplex:
1180 1564 1227 1586 aut
1248 1561 1320 1586 enim
1338 1560 1448 1586 scientia
1465 1561 1582 1587 cernitur
1598 1561 1684 1587 virtus
1696 1566 1743 1588 aut
1755 1562 1837 1588 actio-

1045 1605 1086 1623 ne.
1109 1598 1184 1628 Nam,
1207 1605 1277 1632 quae
1295 1597 1444 1632 prudentia.
1464 1606 1534 1632 quae
1551 1597 1691 1629 calliditas,
1711 1607 1836 1634 quaeque

1043 1634 1203 1669 gravissimo
1220 1635 1327 1660 nomine
1343 1635 1472 1669 sapientia
1490 1634 1651 1669 appellatur,
1672 1635 1736 1662 haec
1749 1636 1836 1663 scien-

1045 1672 1078 1697 tia
1097 1671 1178 1706 pollet
1196 1679 1258 1697 una.
1297 1671 1371 1703 Quae
1385 1680 1447 1698 vero
1460 1672 1629 1698 moderandis
1642 1673 1835 1707 cupiditatibus

1043 1708 1221 1744 regendisque
1235 1708 1315 1735 animi
1330 1709 1448 1735 motibus
1463 1708 1593 1740 laudatur.
1609 1710 1668 1736 eius
1681 1714 1721 1736 est
1735 1718 1835 1737 munus

1044 1746 1070 1772 in
1089 1745 1206 1781 agendo:
1228 1746 1271 1772 cui
1290 1747 1479 1781 temperantiae
1497 1755 1592 1773 nomen
1606 1751 1655 1773 est.
1689 1747 1776 1782 Atque
1789 1747 1834 1774 illa

1042 1783 1182 1817 prudentia
1201 1783 1228 1809 in
1246 1783 1304 1809 suis
1321 1784 1402 1809 rebus
1415 1783 1568 1814 domestica,
1587 1785 1615 1810 in
1629 1783 1746 1819 publicis
1767 1784 1836 1812 civi-

1043 1820 1076 1846 lis
1099 1819 1227 1855 appellari
1246 1820 1322 1847 solet.
1367 1821 1410 1846 77.
1430 1821 1614 1855 Temperantia
1627 1826 1715 1848 autem
1730 1821 1757 1848 in
1770 1830 1834 1849 suas

1042 1856 1134 1883 itidem
1154 1865 1196 1884 res
1217 1863 1243 1884 et
1257 1857 1283 1884 in
1297 1866 1453 1884 communes
1466 1858 1608 1885 distributa
1620 1863 1661 1885 est
1673 1858 1834 1894 duobusque

1021 1907 1022 1910 =
1043 1895 1130 1921 modis
1153 1894 1180 1921 in
1203 1895 1284 1921 rebus
1305 1895 1453 1922 commodis
1475 1895 1644 1927 discernitur,
1663 1900 1689 1922 et
1706 1904 1745 1927 ea,
1764 1904 1834 1931 quae

1041 1932 1148 1962 absunt.
1165 1940 1216 1958 non
1234 1932 1391 1967 expetendo,
1411 1937 1437 1959 et
1453 1933 1487 1959 ab
1505 1933 1551 1964 iis,
1578 1941 1648 1968 quae
1664 1933 1693 1959 in
1706 1937 1834 1968 potestate

1339 1970 1368 1996 In
1386 1969 1467 1996 rebus
1488 1974 1578 1996 autem
1599 1970 1776 1997 incommodis
1793 1975 1834 1997 est

1041 2006 1134 2033 itidem
1151 2006 1266 2042 duplex:
1289 2007 1356 2033 Nam
1373 2015 1443 2042 quae
1461 2007 1631 2034 venientibus
1645 2007 1722 2034 malis
1735 2007 1830 2039 obstat,

1042 2043 1181 2075 fortitudo,
1206 2052 1289 2079 quae,
1308 2044 1381 2079 quod
1398 2044 1450 2070 iam
1469 2044 1552 2075 adest,
1572 2044 1664 2071 tolerat
1680 2049 1706 2071 et
1723 2044 1830 2080 perfert.

1041 2081 1167 2116 patientia
1190 2082 1351 2108 nominatur.
1390 2081 1463 2113 Quae
1481 2086 1569 2108 autem
1588 2081 1652 2108 haec
1669 2090 1724 2108 uno
1735 2090 1832 2118 genere

1039 2118 1233 2153 complectitur,
1253 2118 1409 2154 magnitudo
1426 2119 1508 2145 animi
1523 2118 1633 2151 dicitur3
1653 2119 1733 2146 cuius
1745 2123 1787 2146 est
1798 2119 1833 2145 ti-

1041 2156 1164 2182 beralitas
1187 2156 1215 2182 in
1234 2164 1285 2182 usu
1304 2156 1441 2190 pecuniae,
1461 2156 1598 2191 simulque
1619 2155 1733 2183 altitudo
1748 2156 1831 2183 animi

1040 2193 1068 2219 in
1081 2192 1219 2228 capiendis
1228 2193 1404 2220 incommodis
1414 2198 1439 2219 et
1449 2194 1565 2220 maxime
1576 2193 1697 2225 iniuriis;
1711 2197 1828 2225 etomne.

1039 2230 1112 2266 quod
1126 2234 1165 2256 est
1178 2230 1237 2256 eius
1245 2231 1359 2266 generis,
1372 2239 1462 2266 grave,
1474 2230 1605 2261 sedatum,
1619 2229 1681 2267 [non
1691 2229 1832 2257 turbulen-

1039 2265 1119 2303 tum.]
1157 2268 1200 2293 78.
1224 2268 1253 2294 In
1271 2268 1458 2294 communione
1475 2273 1563 2294 autem
1580 2275 1650 2302 quae
1666 2267 1752 2302 posita
1769 2275 1831 2302 pars

1039 2309 1088 2335 est,
1113 2305 1214 2331 iustitia
1236 2305 1343 2336 dicitur,
1367 2313 1453 2340 eaque
1475 2313 1538 2340 erga
1554 2304 1619 2331 deos
1637 2304 1743 2340 religio,
1768 2312 1830 2340 eiga

1039 2346 1162 2377 parentes
1187 2342 1281 2376 pietas.
1309 2341 1402 2378 [vulgo
1422 2347 1512 2368 autem
1533 2334 1658 2377 Bonitas]
1670 2341 1779 2368 creditis
1800 2342 1830 2368 in

1038 2379 1119 2405 rebus
1141 2378 1216 2410 fides,
1242 2380 1269 2405 in
1287 2379 1466 2406 moderatione
1482 2378 1710 2405 animadvertendi
1723 2378 1827 2409 lenitas,

1037 2416 1153 2442 amicitia
1175 2417 1204 2442 in
1230 2416 1414 2443 benevolentia
1430 2416 1591 2442 nominatur.
1624 2415 1722 2442 XXIII.
1740 2415 1829 2450 Atque

1037 2453 1088 2479 hae
1111 2453 1222 2488 quidem
1246 2454 1359 2480 virtutes
1382 2457 1528 2479 cernuntur
1551 2453 1579 2479 in
1603 2452 1715 2488 agendo.
1758 2451 1829 2479 Sunt

1037 2494 1126 2517 autem
1150 2490 1218 2516 aliae
1238 2491 1316 2526 quasi
1333 2490 1470 2517 ministrae
1487 2490 1651 2524 comitesque
1667 2489 1825 2524 sapientiae;

1036 2536 1151 2563 quarum
1174 2527 1263 2559 altera.
1287 2536 1358 2563 quae
1373 2527 1428 2553 sint
1444 2527 1472 2553 in
1489 2526 1652 2561 disputando
1669 2535 1730 2553 vera
1746 2531 1828 2562 atque

1036 2564 1112 2596 falsa,
1131 2565 1287 2600 quibusque
1303 2564 1398 2600 positis
1414 2563 1483 2599 quid
1495 2568 1631 2599 sequntur,
1646 2563 1789 2600 distinguit
1801 2568 1827 2591 et

1036 2601 1149 2634 iudicat;
1179 2610 1250 2637 quae
1274 2603 1360 2629 virtus
1380 2601 1468 2628 omnis
1489 2601 1518 2628 in
1540 2601 1640 2628 ratione
1660 2601 1826 2636 scientiaque

1035 2638 1191 2674 disputandi
1209 2639 1260 2666 sita
1277 2643 1330 2665 est:
1351 2637 1432 2665 altera
1449 2643 1538 2665 autem
1550 2638 1671 2665 oratoria.
1711 2639 1754 2665 79.
1777 2638 1826 2665 Ni-

1035 2675 1074 2702 hil
1097 2676 1168 2702 enim
1185 2680 1227 2702 est
1242 2675 1316 2703 aliud
1333 2674 1497 2710 eloquentia,
1521 2675 1574 2702 nisi
1590 2676 1696 2711 copiose
1712 2675 1825 2711 loquens
