1941 3052
376 153 431 179 AD
463 152 759 179 HERENNIUM
792 152 1284 179 LIB.1v.CAP.23.—30.
1618 154 1650 178 29

24 224 105 256 vidia,
122 232 190 259 quae
207 223 290 250 bonos
308 223 459 258 insequeris
478 224 637 259 plerumque
651 228 730 258 atque
745 223 809 250 adeo
860 231 928 258 quae
951 231 1002 249 non
1024 223 1123 249 iterans
1146 222 1218 249 idem
1240 222 1401 257 redintegrat
1419 221 1541 253 verbum,
1562 223 1608 249 sed
1623 224 1650 250 id

21 262 172 290 insectaris!
199 261 386 288 Commovetur
404 261 453 287 hoc
471 270 567 297 genere
585 262 691 287 animus
705 260 810 287 audito-
860 265 1012 291 commutat,
1029 260 1101 295 quod
1121 261 1238 295 positum
1257 264 1304 290 est,
1322 259 1373 285 3110
1387 260 1476 290 101110,
1493 260 1565 294 quod
1579 260 1651 286 idem

22 301 68 327 ris.
101 300 152 326 Res
174 298 244 325 enim
266 299 402 324 communi
424 299 506 325 verbo
528 298 602 328 elata,
627 298 809 324 tantummodo
831 291 833 331 Ι
861 298 953 328 valeat,
971 298 1019 324 hoc
1034 298 1125 324 modo:
1153 297 1355 331 Rempublicam
1375 296 1502 323 radicitus
1521 298 1649 325 evertisti

22 338 91 365 dicta
104 337 222 367 videtur·
244 334 293 371 [ast
307 334 357 371 ea,]
374 340 433 370 post
447 336 533 370 ipsius
547 336 656 361 oratoris
671 335 810 361 correctio-
860 336 994 361 cixitatem
1017 334 1138 361 funditus
1156 334 1286 360 deiecisti
1324 335 1403 360 Item:
1431 334 1534 360 Patrem
1553 334 1651 361 nefarie

21 383 92 406 nem,
108 374 193 409 magis
206 372 299 399 idonea
315 372 342 398 fit
356 374 578 407 pronuntiatione.
601 373 657 398 Non
672 373 753 408 igitur
767 381 810 398 sa-
838 348 840 403 l
861 373 1014 403 verberasti,
1031 373 1133 406 parenti
1147 380 1243 398 manus
1257 371 1383 397 scelerate
1397 371 1522 397 intulisti.
1538 372 1652 398 Necesse

22 413 76 439 tius
97 415 174 441 esset,
198 410 267 436 dicet
281 409 387 444 aliquis,
409 410 441 436 ab
455 411 538 441 initio,
555 411 710 444 praesertim
724 418 809 444 quum
838 404 840 417 '
861 414 900 435 est
919 410 976 435 eius
995 410 1042 444 qui
1057 409 1131 435 audit
1144 409 1264 435 animum
1278 409 1448 439 commoveri,
1464 418 1549 443 quum
1563 410 1653 445 gravi-

22 449 130 479 scribas,
151 447 183 474 ad
201 447 331 482 optimum
350 451 375 473 et
393 447 585 473 electissimum
599 447 711 473 verbum
730 447 811 472 deve·
838 422 840 471 l
862 451 899 472 tas
918 447 1014 481 prioris
1032 446 1095 472 dieti
1110 451 1251 472 renovatur
1268 446 1484 481 interpretatione
1498 447 1650 473 verborum.

22 485 95 514 nire‘7
108 486 162 516 Est,
183 493 268 519 quum
283 493 333 510 non
348 489 387 510 est
401 486 493 515 satius,
514 485 537 510 si
551 484 721 510 commutatio
736 484 809 509 verbi
838 487 840 502 ἰ
916 485 956 509 39.
968 483 1144 510 Commutatio
1154 488 1202 514 est,
1216 492 1300 526 quum
1312 483 1379 509 duae
1390 484 1535 509 sententiae
1546 485 1614 510 inter
1625 493 1653 510 se

21 523 50 550 id
66 523 114 549 erit
131 521 350 553 demonstratura
372 522 503 548 eiusmodi
517 530 572 547 rem
587 530 653 552 esse,
671 525 707 551 ut,
724 529 809 555 quum
831 506 840 563 11
861 520 1041 555 discrepantes
1060 530 1092 547 ex
1112 521 1262 547 traiectione
1276 521 1311 546 ita
1326 520 1479 552 efferuntur,
1496 525 1525 547 ut
1539 530 1552 547 a
1566 522 1653 556 priore

22 569 79 588 eam
96 559 231 586 communi
245 559 326 585 verbo
346 559 497 593 appellaris,
519 559 605 584 levius
620 542 720 584 dixisse
735 558 811 583 vide·
831 551 833 595 1
861 559 997 592 posterior,
1022 559 1150 584 contraria
1165 559 1256 592 priori,
1280 558 1470 593 proficiscatur,
1496 558 1545 585 hoc
1558 558 1649 585 modo:

22 599 82 629 aris,
101 605 186 632 quum
204 596 237 622 ad
251 596 360 622 electius
375 596 486 622 verbum
502 595 619 626 accedas,
635 595 809 630 insigniorem
832 598 840 631 1
860 596 926 621 Esse
940 600 1049 630 oportet,
1067 600 1096 621 ut
1110 596 1194 627 vivas,
1211 604 1263 621 non
1277 596 1376 626 vivere,
1394 600 1423 621 ut
1437 595 1508 621 edas.
1525 597 1603 622 Item:
1615 596 1652 622 Ea

21 644 77 662 rem
91 634 179 661 facias
209 632 310 665 Quodsi
324 634 449 660 continuo
463 633 583 660 venisses
598 633 630 658 ad
643 632 671 658 id
685 632 807 663 verbum,
831 639 840 695 11
861 642 887 658 re
902 637 1022 667 poemata
1037 641 1088 659 non
1103 632 1178 663 facio,
1194 633 1266 667 quia,
1283 633 1434 659 cuiusmodi
1446 633 1513 664 volo,
1528 642 1579 660 non
1591 642 1653 668 pos-

9 681 70 704 ,nec
83 673 118 698 rei
132 680 180 698 nec
193 671 267 697 verbi
281 671 364 706 gratia
378 670 502 697 animadv
505 679 562 696 ersa
576 674 655 696 esset.
832 703 833 707 1
861 679 935 703 sum,
952 670 1104 696 cuiusmodi
1118 678 1237 704 possum,
1255 669 1323 696 nolo.
1358 671 1436 696 Item:
1465 670 1537 703 Quae
1556 671 1588 697 de
1607 670 1653 697 1110

75 709 182 735 XXVII.
197 709 238 735 37.
262 708 430 735 Occultatio*
445 713 492 739 est,
508 716 593 742 quum
613 707 737 738 dicimus,
762 715 809 733 nos
831 690 839 723 l*
861 708 995 739 dicuntur,
1012 707 1065 733 dici
1087 716 1139 733 non
1158 711 1283 742 possunt;
1312 716 1380 742 quae
1395 707 1446 733 dici
1462 713 1583 742 possunt,
1600 717 1652 734 non

21 747 161 782 praeterire
183 750 228 772 aut
246 755 298 772 non
317 746 384 771 scire
406 750 451 772 aut
469 745 538 771 nolle
564 745 651 771 dicere
677 744 713 775 id,
737 744 809 778 quod
860 745 996 770 dicuntur.
1018 745 1097 770 Item:
1115 744 1143 770 Si
1157 752 1251 778 poema
1265 744 1377 778 loquens
1392 745 1493 779 pictura
1508 746 1653 780 cst,pictu-

21 789 85 811 tunc
106 784 221 810 maxime
239 783 363 814 dicimus,
380 783 429 809 hoc
449 783 539 809 modo:
568 783 634 808 Nam
649 782 681 808 de
696 782 809 816 pueritia
831 788 840 813 1,
861 791 888 808 ra
903 782 1012 808 tacitum
1027 790 1121 816 poema
1134 781 1214 807 debet
1228 790 1295 807 esse.
1322 782 1401 808 Item:
1417 782 1484 813 Quia
1499 783 1598 809 stultus
1613 792 1650 814 es,

21 821 130 857 quidem
144 825 197 852 tua,
214 829 295 855 quam
310 825 338 846 tu
352 821 424 846 omni
438 820 656 855 intemperantiae
671 819 806 849 addixisti,
831 838 833 853 1
861 828 889 845 03
908 828 935 845 re
950 824 1033 852 taces3
1062 828 1114 845 non
1129 823 1226 850 tamen,
1242 819 1304 853 quia
1320 823 1398 849 taces,
1415 828 1443 845 ea
1458 828 1484 845 re
1499 820 1598 846 stultus
1612 829 1651 847 es.

21 859 144 889 dicerem,
161 859 183 884 si
198 858 247 884 hoc
261 862 367 892 tempus
378 858 503 884 idoneum
514 862 648 892 putarem,
665 865 736 883 nune
747 865 809 882 con-
831 865 840 895 11
861 858 918 883 Non
932 861 1019 891 potest
1032 856 1094 887 dici,
1111 865 1192 891 quam
1203 856 1340 882 commode
1355 856 1406 887 ssat,
1424 865 1509 891 quum
1525 859 1653 884 contrari-

21 895 91 923 sulto
103 895 234 930 relinquo.
268 895 301 921 Et
322 895 391 921 illud
412 900 554 930 praetereo,
579 894 651 929 quod
671 898 694 920 te
708 893 809 920 tribuni
861 903 890 920 ae
908 894 1053 920 sententiae
1075 893 1211 920 tralatione
1234 894 1314 919 verba
1328 902 1436 928 quoque
1454 900 1651 921 convertantur.

19 934 58 960 rei
72 933 193 959 militaris
207 932 402 967 infrequentem
417 933 594 963 tradiderunt,
623 931 719 957 deinde
737 930 809 965 quod
831 940 839 957 i:
860 931 939 957 Plura
957 931 1123 957 subiecimus
1143 930 1273 965 exempla,
1295 936 1332 962 ut,
1349 932 1475 966 quoniam
1491 932 1599 958 difficile
1614 938 1653 959 est

19 971 179 998 iniuriarum
193 971 257 996 satis
271 970 357 996 fecisti
372 970 533 1001 L.Labeoni,
551 969 617 996 nihil
632 969 664 995 ad
679 977 734 994 rem
749 977 810 1003 per-
831 978 832 983 ¹
862 969 909 995 1100
923 978 1008 1004 genus
1023 969 1202 995 exornationis
1216 969 1336 999 inventu,
1353 968 1503 995 dilucidum
1518 974 1596 1000 esset,
1612 975 1650 1001 ut,

19 1008 103 1035 tinere
117 1012 190 1042 puto.
224 1008 323 1033 Horum
338 1007 404 1033 nihil
419 1007 491 1034 dico.-
508 1011 624 1033 revertor
637 1006 670 1032 ad
684 1005 760 1036 illud,
776 1005 809 1031 de
831 1011 832 1039 1
860 1015 945 1041 (1111131
964 1006 1032 1032 bene
1046 1011 1116 1032 esset
1132 1005 1307 1038 intellectum,
1325 1005 1430 1032 facilius
1444 1007 1471 1032 in
1485 1007 1598 1034 dicendo
1612 1008 1654 1033 in-

19 1054 74 1088 quo
87 1045 218 1072 iudicium
232 1049 280 1071 est.
302 1046 380 1071 Item:
405 1046 462 1071 Non
477 1045 536 1071 dico
549 1049 573 1071 te
588 1044 620 1070 ab
634 1044 713 1070 sociis
728 1051 810 1085 pecu-
831 1042 832 1055 ³
861 1044 1004 1070 veniretur.

19 1083 77 1109 11135
91 1083 238 1117 accepisse:
260 1091 312 1109 non
326 1091 387 1108 sum
401 1083 429 1108 in
443 1091 473 1108 eo
486 1086 639 1116 occupatus
656 1081 728 1116 quod
742 1080 810 1106 cixi-
831 1085 832 1095 ¹
915 1081 1016 1107 XXIX.
1040 1081 1184 1107 Permissio
1206 1085 1253 1112 est,
1278 1089 1363 1116 quum
1385 1081 1551 1108 ostendimus
1570 1082 1598 1109 in
1612 1082 1654 1108 di-

19 1124 95 1151 tates,
116 1129 204 1156 regna,
225 1120 317 1146 domos
335 1121 456 1146 omnium
470 1119 643 1154 depeculatus
657 1127 699 1151 es;
728 1117 806 1148 furta,
831 1126 832 1131 ¹
860 1119 952 1150 cendo,
977 1128 1024 1145 nos
1047 1118 1164 1153 aliquam
1183 1127 1239 1144 rem
1257 1123 1337 1144 totam
1356 1119 1457 1145 tradere
1472 1124 1497 1145 et
1510 1120 1654 1146 concedere

18 1158 125 1192 rapinas
139 1162 197 1184 tuas
211 1166 302 1184 omnes
317 1158 417 1184 omitto
440 1158 508 1183 Haec
522 1157 596 1183 utilis
610 1160 649 1182 est
663 1155 806 1186 exornatio,
831 1162 839 1195 ¹¹
860 1156 976 1182 alicuius
990 1156 1129 1187 voluntati,
1146 1156 1197 1182 sic:
1210 1156 1350 1188 Quoniam,
1363 1157 1490 1182 omnibus
1505 1157 1585 1183 rebus
1597 1166 1654 1183 ere-

18 1195 43 1221 si
61 1199 106 1221 aut
123 1203 187 1226 rem,
212 1203 293 1229 quam
312 1203 364 1221 non
378 1195 507 1237 pertineat
521 1194 580 1220 aliis
594 1193 740 1224 ostendere,
765 1201 810 1218 oc-
830 1206 832 1225 ,³
860 1194 921 1228 ptis,
938 1194 1012 1220 solus
1027 1198 1149 1228 superest
1162 1194 1268 1219 animus
1281 1198 1421 1228 etcorpus,
1435 1194 1499 1220 haec
1510 1195 1653 1230 ipsa,quae

19 1231 89 1258 culte
99 1232 269 1258 admonuisse
283 1232 390 1267 prodest
404 1236 450 1258 aut
462 1232 485 1258 si
501 1232 610 1267 longum
624 1235 664 1257 est
678 1235 722 1256 aut
732 1231 809 1265 igno-
860 1232 927 1257 mihi
941 1231 974 1257 de
987 1231 1081 1258 multis
1095 1231 1149 1257 sola
1165 1231 1253 1257 relicta
1268 1236 1339 1262 sunt,
1353 1232 1429 1257 vobis
1444 1236 1469 1258 et
1479 1237 1581 1258 vestrae
1591 1242 1654 1258 con-

17 1269 73 1296 hile
91 1274 135 1295 aut
154 1269 264 1304 planum
283 1278 334 1296 non
348 1274 435 1304 potest
449 1270 505 1295 fieri
519 1274 564 1295 aut
578 1268 654 1294 facile
668 1273 810 1303 110105110-
830 1287 839 1301 ,¹
859 1268 929 1295 dono
947 1269 1079 1304 potestati.
1114 1269 1166 1295 Vos
1186 1278 1236 1299 me,
1258 1274 1346 1295 vestro
1364 1278 1418 1303 quo
1432 1274 1507 1304 pacto
1522 1270 1598 1296 vobis
1613 1271 1654 1296 vi-

18 1307 162 1342 prehendi;
190 1311 220 1333 ut
236 1307 330 1333 utilius
345 1308 380 1333 sit
392 1307 494 1333 occulte
508 1306 602 1333 secisse
616 1306 806 1340 suspicionem,
860 1306 974 1338 debitur,
992 1306 1104 1332 utamini
1119 1311 1198 1341 atque
1212 1306 1359 1332 abutamini
1375 1307 1464 1332 licebit
1477 1307 1602 1342 impunc:
1626 1308 1653 1333 in

18 1352 100 1380 quam
108 1344 240 1371 0111513οᾱ1
250 1344 395 1371 intendisse
405 1345 615 1379 actionem,quae
624 1343 807 1378 redarguatur.
860 1353 911 1375 me,
927 1344 1061 1379 quidquid
1077 1343 1149 1374 libet,
1166 1344 1287 1373 statuite:
1315 1344 1403 1375 dicite,
1424 1349 1503 1379 atque
1517 1345 1655 1379 obtempe-

74 1382 221 1408 Disiunctio
239 1386 287 1413 est,
303 1390 389 1417 quum
403 1390 503 1413 eorum,
520 1382 552 1408 de
566 1381 667 1416 quibus
681 1380 806 1411 dicimuS‚
838 1377 839 1386 ¹
860 1382 932 1408 rabo.
964 1382 1017 1408 Hoc
1030 1390 1116 1417 genus
1132 1382 1235 1407 tametsi
1250 1381 1315 1407 alias
1329 1390 1436 1417 quoque
1452 1391 1654 1417 nonnumquam

18 1423 64 1446 aut
86 1423 230 1454 utrumque
252 1423 298 1445 aut
315 1428 400 1445 unum
419 1419 544 1454 quodque
558 1423 629 1445 certo
642 1417 810 1444 concluditur
860 1419 1026 1445 tractandum
1041 1423 1089 1450 est,
1111 1423 1199 1445 tamen
1213 1419 1244 1445 ad
1261 1419 1470 1445 misericordiam
1484 1428 1655 1446 commoven-

17 1456 108 1488 verbo,
133 1457 184 1482 sic:
218 1456 337 1491 Populus
356 1457 491 1483 Romanus
510 1456 680 1482 Numantiam
699 1454 806 1486 delevit,
838 1487 839 1492 1
860 1456 921 1482 dam
936 1457 1171 1483 vehementissime
1185 1460 1225 1482 cst
1238 1456 1476 1483 accommodatum.

18 1493 208 1529 Karthaginem
227 1493 345 1525 sustulit,
367 1493 523 1520 Corinthum
541 1493 654 1524 disiecit,
675 1491 809 1527 Fregellas
830 1509 832 1519 1
917 1495 957 1520 40.
980 1494 1115 1520 Dubitatio
1133 1498 1180 1524 est,
1198 1502 1283 1528 quum
1297 1503 1424 1529 quaerere
1439 1494 1545 1520 videtur
1558 1499 1652 1525 orator,

19 1531 122 1558 evertit.
156 1531 229 1557 Nihil
248 1531 420 1557 Numantinis
439 1532 508 1557 vires
527 1531 644 1565 corporis
667 1530 809 1556 auxiliatae
861 1535 950 1557 utrum
965 1531 998 1557 de
1011 1531 1118 1557 duobus
1132 1531 1230 1565 potiuS,
1247 1535 1291 1557 aut
1305 1531 1372 1566 quid
1386 1531 1418 1557 de
1432 1531 1557 1566 pluribus
1571 1532 1655 1566 potis-

18 1572 94 1601 sunt3
122 1568 190 1594 nihil
209 1568 478 1604 Karthaginiensibus
501 1568 610 1594 scientia
630 1568 666 1594 rei
686 1567 808 1593 militaris
838 1576 839 1583 ¹
860 1569 960 1595 simum
983 1568 1060 1599 dicat,
1086 1568 1135 1594 hoc
1157 1568 1248 1594 modo:
1277 1568 1370 1595 Obfuit
1388 1577 1418 1595 eo
1437 1574 1554 1604 tempore
1568 1569 1655 1604 pluri-

18 1605 171 1632 adiumento
193 1605 257 1639 suit3
291 1605 358 1632 nihil
382 1605 525 1633 Corinthiis
548 1605 651 1631 erudita
677 1604 808 1630 calliditas
830 1615 839 1631 ¹¹
861 1615 935 1632 nium
950 1606 1113 1641 reipublicae
1127 1605 1270 1632 consulum
1284 1607 1341 1632 sive
1356 1606 1497 1633 stultitiam
1509 1607 1566 1633 sive
1577 1606 1655 1632 mali-

17 1643 143 1679 praesidii
158 1642 232 1675 tulit;
257 1643 324 1670 nihil
342 1643 506 1680 Fregellanis
521 1651 625 1669 morum
640 1646 665 1668 et
678 1642 808 1668 sermonis
861 1644 923 1669 tiam
938 1643 1024 1670 dicere
1039 1647 1140 1678 oportet
1153 1643 1211 1669 sive
1230 1648 1384 1678 utrumque.
1418 1645 1498 1670 Item:
1524 1644 1563 1670 Tu
1582 1644 1654 1670 istud

18 1681 128 1708 societas
150 1664 277 1715 opitulata
299 1685 349 1707 est
386 1682 465 1707 Item:
494 1681 604 1707 Formae
625 1679 672 1715 dig
665 1680 742 1706 31135
764 1683 809 1705 aut
830 1687 839 1714 1,
860 1689 942 1707 ausus
956 1689 984 1707 es
999 1681 1094 1712 dicere,
1112 1680 1191 1707 homo
1204 1681 1324 1707 omnium
1341 1681 1510 1707 mortalium‘?
1527 1690 1586 1707 nam
1601 1690 1655 1716 quo

19 1717 111 1745 morbo
136 1717 283 1744 deflorescit
309 1722 354 1745 aut
376 1722 506 1745 vetustate
533 1718 723 1753 exstinguitur.
761 1716 809 1742 llic
860 1722 884 1744 te
907 1718 988 1754 digno
1010 1718 1130 1744 moribus
1145 1718 1199 1744 tuis
1213 1718 1345 1753 appellem
1364 1718 1488 1745 nomine?
1513 1719 1655 1754 Expeditio

18 1759 171 1791 utrumque,
196 1759 222 1782 et
243 1756 271 1782 in
293 1756 429 1791 superiore
443 1755 566 1790 exemplo
580 1764 659 1781 unam
673 1762 809 1789 quamque
859 1760 907 1787 est,
928 1764 1023 1791 quum,
1044 1755 1192 1782 rationibus
1205 1755 1392 1790 compluribus
1406 1757 1577 1787 enumeratis,
1593 1757 1655 1792 qui—

18 1800 74 1820 rem
95 1797 166 1819 certo
183 1792 265 1819 verbo
281 1792 405 1820 concludi
423 1793 557 1820 videmus.
592 1794 632 1819 38.
652 1792 809 1819 Coniunctio
859 1793 911 1819 bus
925 1793 1015 1828 aliqua
1029 1802 1071 1819 res
1086 1797 1131 1819 aut
1145 1792 1202 1819 sieri
1216 1798 1262 1819 aut
1275 1802 1327 1820 non
1342 1793 1398 1820 fieri
1413 1794 1537 1828 potuerit,
1553 1799 1654 1820 ceterae

19 1833 67 1862 est,
82 1838 167 1865 quum
181 1831 380 1866 interpositione
394 1830 468 1857 verbi
483 1835 508 1856 et
521 1831 672 1865 superiores
683 1829 808 1856 orationis
830 1844 831 1849 =
860 1830 997 1862 tolluntur,
1015 1839 1067 1857 una
1082 1830 1250 1865 relinquitur,
1264 1839 1345 1866 quam
1361 1840 1408 1857 nos
1418 1831 1592 1863 intendimus,
1605 1831 1654 1857 hoc

39 1871 106 1894 artes
127 1867 391 1903 comprehenduntur
416 1872 441 1894 et
466 1867 613 1900 inferiores,
638 1867 688 1894 hoc
714 1866 806 1893 modo:
860 1868 951 1895 modo:
973 1869 1086 1894 Necesse
1101 1872 1148 1899 est,
1165 1877 1250 1903 quum
1265 1873 1367 1895 constet
1381 1870 1462 1895 istum
1478 1869 1592 1896 fundum
1608 1878 1655 1895 no-

19 1875 128 1932 θοι-3130
145 1905 261 1941 dignitas
280 1909 325 1931 aut
340 1905 432 1932 morbo
445 1904 593 1932 deflorescit
606 1909 651 1932 aut
665 1908 806 1931 vetustate.
830 1919 832 1940 1
860 1910 945 1932 strum
960 1905 1052 1936 fuisse,
1069 1905 1202 1937 ostendas,
1219 1910 1243 1932 te
1258 1911 1303 1932 aut
1313 1915 1428 1933 vacuum
1444 1907 1595 1941 possedisse
1610 1911 1655 1932 aut

18 1941 161 1970 Adiunctio
178 1947 226 1973 est,
242 1951 328 1978 quum
343 1943 465 1974 verbum,
481 1951 536 1978 quo
549 1951 591 1969 res
605 1941 809 1978 comprehendi—
831 1946 832 1952 ¹
861 1952 912 1969 11511
935 1948 1011 1970 tuum
1036 1943 1130 1969 secisse
1148 1948 1193 1970 aut
1211 1944 1308 1970 emisse
1327 1949 1372 1970 aut
1387 1944 1530 1970 hereditate
1546 1945 1593 1970 tibi
1609 1953 1655 1970 ve-

18 1983 70 2012 tur,
95 1988 146 2006 non
161 1980 363 2015 interponimus,
388 1980 435 2006 sed
453 1985 499 2006 aut
517 1980 634 2015 primum
649 1985 693 2006 aut
708 1984 809 2014 postre-
861 1981 942 2007 nisse.
977 1981 1108 2013 Vacuum,
1128 1989 1213 2016 quum
1232 1989 1282 2017 ego
1299 1981 1429 2012 adessem,
1451 1982 1587 2016 possidere
1602 1991 1654 2008 non

18 2024 93 2044 mum
115 2016 285 2044 collocamus.
318 2017 448 2049 Primum,
472 2017 522 2044 hoc
540 2022 629 2052 pacto:
658 2017 809 2044 Dessorcscit
860 2018 984 2053 potuisti3
1010 2023 1087 2044 tuum
1110 2019 1189 2044 etiam
1213 2027 1284 2044 nunc
1306 2027 1358 2045 usu
1379 2019 1472 2045 fecisse
1492 2028 1543 2046 non
1562 2024 1653 2054 potcs;

19 2053 117 2081 formae
130 2054 246 2090 dignitas
260 2058 305 2081 aut
319 2055 411 2081 morbo
424 2059 470 2081 aut
483 2059 622 2082 vetustate.
642 2055 808 2081 Postremum
860 2056 960 2091 emptio
974 2055 1046 2082 nulla
1061 2055 1206 2091 profertur,
1223 2055 1367 2082 hereditate
1378 2057 1434 2087 tibi,
1452 2065 1494 2083 me
1509 2058 1579 2089 vivo,
1596 2065 1653 2083 nica

19 2091 71 2118 sic:
92 2091 146 2118 Aut
163 2092 255 2118 morbo
272 2096 317 2118 aut
335 2097 465 2119 vetustate
487 2092 585 2119 formae
599 2093 714 2129 dignitas
728 2092 810 2119 dello-
831 2115 832 2118 ,
860 2094 972 2128 pecunia
987 2093 1077 2119 venire
1093 2102 1143 2120 non
1159 2094 1253 2128 potuit.
1288 2093 1459 2129 Relinquitur
1477 2103 1547 2130 cffio,
1569 2099 1599 2121 ut
1612 2103 1654 2120 mo

19 2129 107 2156 rescit.
128 2128 168 2156 Ad
184 2128 354 2156 festivitatem
368 2129 513 2156 disiunctio
526 2135 566 2156 est
579 2131 713 2165 apposita3
726 2138 808 2165 quare
831 2140 832 2149 1
860 2131 886 2157 vi
900 2130 933 2157 de
947 2139 1006 2157 meo
1020 2130 1103 2157 fundo
1117 2131 1254 2157 deieceris.
1283 2132 1322 2157 Μ.
1339 2132 1407 2158 11300
1421 2133 1556 2158 exornatio
1569 2132 1654 2167 pluri-

18 2166 104 2193 ται-1115
118 2170 226 2193 utemur
238 2175 277 2198 ea,
303 2175 335 2193 ne
353 2167 498 2193 satietatem
517 2168 614 2202 pariat:
643 2167 675 2194 ad
694 2168 810 2193 brevita-
860 2177 934 2194 nium
949 2168 1053 2194 iuvabit
1066 2168 1258 2194 coniecturales
1272 2170 1525 2204 argumentationes.
1538 2169 1590 2195 Sed
1602 2178 1653 2195 non

18 2206 72 2230 tem
93 2204 257 2237 coniunctim
281 2212 363 2238 quare
381 2205 489 2239 saepius
507 2205 657 2231 adhibenda
672 2209 721 2231 est.
755 2205 808 2231 llae
859 2206 917 2237 erit,
943 2210 1078 2240 tamquam
1101 2206 1128 2231 in
1153 2206 1297 2241 plerisque,
1323 2211 1359 2237 ut,
1382 2215 1467 2241 quum
1483 2207 1607 2237 velimus,
1624 2215 1653 2232 03

19 2243 72 2268 tres
85 2241 269 2268 exornationes
283 2241 316 2267 de
330 2241 446 2276 simplici
460 2250 556 2277 genere
571 2247 687 2268 manant.
860 2243 996 2277 possimus
1011 2243 1059 2269 uti.
1082 2243 1148 2269 Nam
1164 2243 1248 2269 fucere
1264 2243 1289 2269 id
1305 2252 1356 2269 non
1372 2244 1526 2278 poterimus,
1545 2244 1595 2270 nisi
1607 2253 1654 2270 no—

73 2277 193 2306 xxvlll.
216 2278 418 2313 Conduplicatio
435 2284 483 2310 est,
503 2288 565 2306 cum
580 2280 678 2306 ratione
692 2279 809 2314 aniplili-
860 2280 901 2306 bis
916 2281 973 2315 ipsa
988 2280 1086 2316 negotii
1101 2285 1193 2306 natura
1207 2280 1281 2307 dabit
1296 2280 1457 2307 facultatem.

18 2315 128 2342 cationis
141 2319 187 2342 aut
199 2316 447 2347 commiserationis,
463 2317 584 2343 eiusdem
599 2317 680 2343 unius
690 2321 735 2343 aut
747 2317 809 2352 plu·
915 2317 1004 2344 XXX.
1029 2317 1174 2344 Dissolutio
1187 2322 1235 2349 est,
1252 2327 1329 2353 quac,
1346 2318 1580 2344 coniunctionibus
1595 2326 1654 2344 ver-

18 2352 89 2379 rium
110 2353 252 2380 verborum
276 2353 387 2384 iteratio,
412 2353 461 2379 hoc
483 2354 574 2380 modo:
609 2354 754 2381 Tumultus
777 2354 806 2381 C.
860 2354 954 2380 borum
978 2364 992 2381 e
1015 2354 1104 2381 medio
1127 2355 1251 2386 sublatis,
1276 2356 1405 2390 separatis
1433 2356 1555 2390 partibus
1578 2355 1654 2381 effer·

19 2388 163 2422 Gracchus,
184 2390 317 2417 tumultus
335 2390 494 2417 domesticos
508 2396 533 2417 et
548 2391 687 2418 intestinos
701 2400 808 2426 compa·
837 2410 839 2426 ,
860 2396 910 2422 tur,
928 2392 977 2418 hoc
991 2392 1083 2418 modo:
1108 2392 1176 2419 Gere
1191 2401 1291 2418 morem
1306 2393 1417 2427 parenti,
1442 2401 1504 2427 111110
1522 2393 1650 2428 cognatis,

17 2430 67 2454 rat.
82 2427 160 2454 Item.
180 2427 334 2455 Commotus
349 2437 400 2454 non
415 2436 451 2459 05,
467 2436 553 2463 (1111131
568 2429 615 2455 tibi
630 2433 713 2455 mater
726 2429 808 2464 pedes
859 2429 1006 2464 obsequere
1020 2429 1122 2460 31111015,
1139 2430 1291 2464 obtempera
1308 2430 1422 2464 legibus.
1444 2431 1522 2456 ltem:
1539 2430 1654 2456 Descen-

19 2463 221 2499 amplexaretur,
239 2474 290 2492 non
304 2474 332 2491 es
346 2464 513 2492 commotus-⁹
536 2466 613 2492 ltem:
638 2467 714 2492 Nunc
729 2467 807 2492 etiam
829 2470 831 2496 1
859 2467 891 2492 (10
906 2467 933 2492 111
947 2467 1076 2502 integram
1091 2466 1283 2497 defensionem,
1297 2467 1349 2493 noli
1359 2467 1508 2502 quidquam
1520 2476 1650 2498 recusare,

19 2501 121 2528 nudes
114 2510 141 2528 in
155 2501 251 2529 horum
264 2507 436 2537 conspectum
451 2503 550 2534 venire,
567 2503 685 2538 proditor
697 2504 805 2538 patriae,
858 2504 891 2529 du
905 2512 996 2530 servos
1011 2505 1037 2530 in
1052 2504 1245 2538 quaestionem,
1261 2504 1338 2530 stude
1354 2513 1446 2530 verum
1458 2505 1584 2531 invenire.
1601 2505 1654 2531 lloc

18 2537 144 2573 proditor,
167 2539 287 2575 inquam,
312 2540 420 2575 patriae,
445 2540 535 2566 venire
557 2540 640 2566 audes
661 2541 688 2567 in
712 2541 806 2567 horum
837 2555 838 2559 =
858 2550 944 2577 genus
958 2545 982 2567 et
997 2541 1168 2567 acrimoniam
1184 2541 1298 2567 1111110113
1311 2546 1373 2567 sect
1385 2542 1653 2568 vehementissimum

18 2576 208 2611 conspectum?
224 2577 400 2604 Vehementer
412 2577 559 2604 auditorem
573 2582 722 2604 commovet
735 2579 808 2604 eius·
829 2576 831 2610 1
859 2583 898 2604 cst
912 2582 937 2604 et
950 2578 983 2604 ad
998 2578 1153 2604 brevitatem
1168 2578 1406 2605 acconimmlntum.

19 2610 80 2639 dem
101 2613 288 2650 redintegratio
310 2614 393 2646 verbi,
417 2619 443 2641 et
462 2614 562 2641 vulnus
580 2615 666 2641 maius
685 2615 786 2642 eflicit
780 2625 807 2642 in
829 2625 831 2639 1
915 2615 1046 2642 vrum-isio
1059 2620 1107 2646 cst,
1124 2624 1209 2650 quum
1227 2616 1305 2642 dictis
1319 2616 1483 2651 quibusdam
1506 2616 1651 2651 reliquum,

19 2651 148 2677 contrario
165 2659 283 2683 caussae,
303 2652 382 2687 quasi
400 2651 509 2687 aliquod
528 2651 610 2678 telum
625 2653 733 2688 saepius
747 2662 808 2688 per·
858 2653 930 2688 quod
944 2658 1068 2688 coeptum
1087 2657 1127 2678 est
1141 2653 1202 2684 dici,
1220 2653 1381 2688 relinquitur
1396 2654 1548 2680 inchoatum
1564 2655 1590 2680 in
1605 2662 1654 2680 uu-

18 2687 107 2714 veniat
119 2687 147 2716 in
161 2688 280 2716 eamdem
294 2693 396 2725 partem
409 2690 536 2725 corporis.
561 2690 743 2725 interpretatio
757 2695 804 2722 est,
829 2693 831 2720 J
858 2690 990 2718 dientium
1014 2690 1124 2722 iudicio,
1143 2690 1195 2717 sic:
1224 2691 1289 2718 Mihi
1313 2696 1400 2718 tecum
1415 2692 1586 2727 praecertatio
1601 2700 1653 2718 non
