1941 3052
397 142 519 170 POST
552 143 773 170 REDITUM
808 144 854 171 IN
886 143 1091 171 SENATU.
1127 145 1224 172 CAP.
1250 147 1257 171 l
1283 148 1364 172 -o.
1657 149 1704 174 469

66 221 138 249 gere.
169 213 213 240 ΠΙ.
231 214 256 239 5.
277 212 371 240 Postea
381 222 535 249 veroquam
547 214 677 250 singulari
689 220 714 241 et
726 219 863 249 praestan-

67 251 170 277 tissima
184 251 284 276 virtute
294 251 322 277 P.
336 251 443 277 Lentuli
457 251 576 278 consulis
592 261 624 278 ex
640 253 786 287 superioris
797 252 862 278 cali-

65 288 128 324 gine
142 288 205 314 anni
219 292 246 314 et
261 288 376 314 tenebris
392 288 478 315 lucem
493 290 521 315 in
534 289 670 324 republica
682 289 740 316 Kal.
754 290 808 315 Ian.
820 289 862 316 ‹li-

66 325 169 360 spicere
179 325 318 360 coepistis:
336 334 422 360 quum
433 325 464 358 Q.
477 326 586 357 Metelli,
600 326 762 353 nobilissimi
775 327 862 353 homi·

65 363 108 388 nis
119 366 199 397 atque
213 363 308 397 optimi
320 363 379 393 viri,
397 371 503 390 summa
513 364 644 399 dignitas,
661 372 746 399 quum
759 368 862 398 praeto-

66 408 136 430 rum,
155 400 323 426 tribunorum
335 400 423 435 plebis
435 409 518 436 paene
529 402 650 427 omnium
662 401 747 427 virtus
759 406 784 427 et
795 401 860 427 lides

66 437 229 471 reipublicae
240 437 425 464 subvenisset:
442 447 528 473 quum
540 439 652 469 virtute,
669 438 766 474 gloria,
780 438 860 464 rebus

64 475 148 510 gestis
159 474 208 501 Cn.
220 475 377 510 Pompeius,
390 476 511 502 omnium
522 476 657 511 gentium,
670 476 791 502 omnium
803 484 861 501 sae-

64 511 201 543 culorum,
218 513 306 538 omnis
323 513 465 539 memoriae
481 512 557 539 facile
572 513 706 547 princeps,
726 517 781 539 tuto
793 513 860 539 sein

64 553 188 575 senatum
209 550 299 576 venire
320 550 504 576 arbitraretur:
532 554 621 576 tantus
642 554 729 576 vester
747 558 861 576 consen-

64 595 112 613 sus
123 586 157 613 de
168 586 253 613 salute
265 596 323 613 mea
340 587 403 618 fuit,
421 592 451 614 ut
465 596 562 621 corpus
577 587 683 613 abesset
697 595 801 617 meum,
819 586 861 612 di-

63 624 152 660 gnitas
167 624 220 650 iam
242 625 269 651 in
290 625 402 659 patriam
412 625 584 650 'revertisset.
626 626 650 650 6.
672 624 729 656 Quo
749 623 860 659 quidem

64 669 165 692 mense,
177 661 243 696 quid
254 662 322 688 inter
332 671 375 688 me
386 666 411 688 et
422 670 494 688 meos
505 662 628 688 inimicos
640 662 788 692 interesset,
803 662 861 687 exi·
881 658 882 667 ¹

63 699 172 725 stimare
184 699 318 734 potuistis.
340 699 396 734 Ego
407 707 493 725 meam
505 698 618 725 salutem
631 698 746 730 deserui,
756 707 788 724 ne
800 707 861 733 pro-

63 740 123 771 pter
140 745 183 763 me
198 736 299 763 civium
317 736 475 763 vulneribus
491 735 642 770 respublica
661 740 858 762 cruentaretur:

64 773 104 800 illi
115 782 207 800 meum
218 773 334 800 reditum
346 782 398 800 non
413 773 506 808 populi
519 774 629 799 Romani
645 773 794 809 suffragiis,
812 772 860 799 sed
880 779 882 795 ³

63 810 174 837 flumine
185 811 325 847 sanguinis
337 810 570 837 intercludendum
582 815 754 845 putaverunt.
767 811 860 845 ltaque

62 853 153 883 postea
166 848 232 875 nihil
245 857 291 874 vos
302 849 422 880 civibus,
437 848 503 874 nihil
514 849 603 879 sociis,
618 848 685 874 nihil
696 848 806 883 regibus
819 856 860 873 re-
881 882 882 887 Ἰ

62 885 224 921 spondistis:
237 886 304 912 nihil
315 885 418 912 iudices
429 886 578 917 sententiis,
592 885 659 911 nihil
672 885 789 920 populus
800 884 860 911 suf-

62 922 170 959 fragiis,
188 923 256 950 nihil
273 923 317 950 hic
332 923 396 950 ordo
406 923 560 950 auctoritate
571 922 729 949 declaravit:
752 926 859 948 mutum

62 960 160 992 forum,
175 960 312 996 elinguem
323 961 434 992 curiam,
448 961 553 987 tacitam
565 964 590 986 et
601 960 710 986 fractam
723 960 858 986 civitatem

62 998 204 1025 videbatis.
226 999 251 1024 7.
264 998 322 1030 Quo
333 998 443 1033 quidem
454 1002 580 1032 tempore,
593 1006 680 1033 quum
692 998 714 1024 is
726 997 859 1024 excessis-

61 1040 110 1067 set,
123 1036 171 1071 qui
181 1035 256 1062 caedi
267 1040 292 1062 et
303 1035 433 1067 flammae,
448 1036 524 1062 vobis
535 1035 699 1067 auctoribus,
715 1036 856 1066 restiterat,

61 1081 123 1100 cum
144 1073 213 1099 ferro
232 1077 258 1099 et
278 1072 382 1100 facibus
402 1073 525 1100 homines
546 1077 597 1099 tota
616 1073 686 1099 Urbe
706 1072 856 1103 volitantes,

61 1111 266 1147 magistratuum
287 1114 354 1137 tecta
373 1111 543 1146 impugnata,
565 1110 676 1136 deorum
697 1110 797 1145 templa
817 1110 859 1136 in-

61 1147 203 1178 flammata,
212 1149 312 1174 summi
325 1148 375 1174 viri
387 1152 412 1174 et
422 1147 566 1174 clarissimi
577 1147 697 1174 consulis
708 1147 794 1174 fasces
806 1146 859 1173 fra·-

60 1190 130 1217 ctos,
144 1185 283 1212 fortissimi
295 1189 374 1221 atque
384 1185 480 1220 optimi
492 1185 556 1215 viri,
569 1185 670 1211 tribuni
682 1184 782 1220 plebis,
796 1193 858 1211 san-

60 1223 212 1249 ctissimum
224 1231 335 1258 corpus,
350 1232 402 1250 non
414 1227 512 1249 tactum
524 1231 554 1249 ac
564 1222 694 1249 violatum
706 1231 797 1253 manu,
810 1222 857 1248 sed

61 1260 231 1287 vulneratum
248 1260 316 1287 ferro
326 1260 532 1295 confectumque
544 1259 660 1286 vidistis.
700 1260 758 1292 Qua
769 1264 857 1295 strage

60 1297 184 1325 nonnulli
205 1298 317 1332 permoti
337 1298 519 1333 magistratus,
541 1298 638 1332 partim
659 1301 733 1324 metu
752 1298 854 1328 mortis,

60 1336 157 1371 partim
178 1335 362 1370 desperatione
381 1334 558 1370 reipublicae,
589 1334 743 1369 paullulum
764 1343 778 1360 a
799 1342 857 1360 mea

59 1381 153 1400 caussa
166 1377 346 1399 recesserunt:
369 1372 467 1407 reliqui
483 1371 604 1403 fuerunt,
622 1380 690 1407 quos
706 1380 793 1407 neque
805 1376 858 1398 ter-

59 1420 110 1442 ror,
125 1419 212 1446 neque
223 1410 273 1441 vis,
287 1418 335 1436 nec
345 1418 416 1444 spes,
430 1418 477 1436 nec
488 1414 584 1440 metus,
597 1418 645 1435 nec
656 1410 796 1444 promissa,
809 1417 858 1435 nec

59 1448 156 1479 minae,
170 1456 219 1474 nec
229 1447 288 1478 tela,
302 1456 350 1474 nec
361 1447 430 1474 faces
441 1456 455 1473 a
468 1451 554 1473 vestra
565 1447 750 1478 auctoritate,a
763 1445 857 1482 populi

59 1485 172 1513 Romani
183 1485 321 1521 dignitate,
335 1493 349 1511 a
362 1493 419 1511 mea
431 1483 516 1510 salute
528 1484 702 1519 depellerent.

114 1523 158 1550 lv.
175 1524 200 1549 8.
223 1523 349 1557 Princeps
365 1523 393 1548 P.
410 1521 554 1553 Lentulus,
572 1530 668 1556 parens
683 1530 714 1548 ac
729 1521 797 1547 deus
809 1529 856 1547 no-

58 1564 128 1587 strae
140 1560 222 1591 vitae,
236 1559 369 1591 fortunae,
383 1559 539 1590 memoriae,
558 1559 689 1590 nominis,
709 1559 758 1585 hoc
768 1559 857 1593 speci-

58 1606 120 1624 men
131 1597 253 1629 virtutis,
272 1597 321 1623 hoc
333 1597 464 1623 indicium
475 1597 556 1623 animi
565 1617 571 1627 ,
590 1596 639 1623 boc
655 1596 745 1623 lumen
757 1605 855 1623 consu-

59 1634 128 1662 latus
139 1635 183 1661 sui
195 1634 249 1661 fore
260 1635 377 1669 putavit,
391 1635 414 1661 si
426 1642 468 1660 me
480 1634 556 1665 mihi,
570 1634 593 1659 si
606 1634 682 1665 meis,
696 1635 719 1660 si
732 1633 817 1664 vobis,
831 1634 855 1660 si

57 1672 221 1707 reipublicae
232 1671 402 1698 reddidisset.
443 1671 495 1704 Qui
507 1675 535 1698 ut
545 1675 586 1697 est
595 1671 762 1707 designatus,
776 1679 855 1697 num-

57 1718 138 1745 quam
149 1709 284 1736 dubitavit
293 1709 452 1736 sententiam
464 1709 497 1735 de
507 1708 594 1735 salute
610 1717 680 1740 mea,
697 1717 726 1735 se
737 1713 763 1735 et
774 1717 855 1743 repu-

58 1746 126 1773 blica
137 1747 256 1783 dignam,
269 1746 366 1773 dicere.
407 1746 496 1779 Quum
508 1755 521 1772 a
533 1746 641 1772 tribuno
653 1746 740 1781 plebis
752 1750 855 1772 vetare-

58 1788 113 1816 tur,
133 1792 219 1820 quum
231 1783 396 1820 praeclarum
407 1788 488 1819 caput
502 1784 669 1816 recitaretur,
690 1793 725 1810 κε
739 1792 805 1814 onis
819 1792 855 1809 An

57 1830 109 1849 vos
126 1830 296 1854 nsreanar,
321 1831 355 1848 ae
375 1831 441 1852 ours
460 1830 672 1853 DECERNERET,
697 1830 732 1848 ur.
751 1830 854 1848 Disru-

56 1867 162 1890 nasr,
179 1868 212 1885 ns
227 1867 432 1891 nocuerim-un,
447 1868 482 1885 ue
497 1867 760 1890 PEDIBUSIRET.N13
774 1867 855 1885 scni-

56 1905 150 1923 aenno
163 1905 307 1923 anesser:
333 1900 413 1923 totam
430 1896 518 1927 illam,
535 1900 564 1923 ut
579 1900 639 1922 ante
649 1896 720 1927 dixi,
739 1897 854 1931 proscri-

56 1933 184 1968 ptionem,
194 1941 245 1960 non
258 1932 343 1969 legem
355 1934 468 1968 putavit.
476 1942 529 1968 qua
539 1934 607 1960 civis
617 1934 717 1968 optime
728 1934 761 1960 do
773 1942 854 1968 repu-

56 1970 125 1997 blica
137 1970 249 1997 meritus
260 1971 416 1997 nominatim
425 1991 431 2002 ,
455 1971 513 1998 sine
524 1970 624 1997 iudicio
636 1979 688 1997 una
699 1979 762 1997 cum
774 1979 852 1997 sena-

56 2012 85 2034 tu
97 2007 259 2043 reipublicae
270 2012 341 2034 esset
356 2012 473 2042 ereptus.
514 2008 546 2035 Ut
561 2016 625 2034 vero
640 2009 700 2034 iniit
711 2009 853 2043 magistra-

56 2049 128 2072 tum:
151 2053 203 2071 non
219 2044 319 2076 dicam,
341 2045 407 2080 quid
424 2045 509 2080 prius,
531 2046 579 2072 sed
594 2045 660 2080 quid
675 2046 784 2072 omnino
798 2046 854 2081 egit

55 2082 144 2113 aliud,
162 2081 215 2108 nisi
232 2087 273 2113 ut,
291 2090 334 2108 me
348 2087 516 2113 conservato.
540 2087 655 2110 vestram
672 2084 697 2110 in
715 2087 851 2118 posterum

55 2119 213 2156 dignitatem
225 2119 461 2154 auctoritatemque
472 2120 605 2147 sanciret?
625 2122 650 2147 9.
664 2121 703 2147 Dii
715 2121 852 2147 immorta-

56 2156 104 2188 les,
117 2161 248 2192 quantum
259 2157 325 2183 mihi
337 2156 497 2184 beneficium
508 2157 616 2184 dedisse
628 2158 766 2189 videmini,
779 2157 852 2193 quod

55 2193 105 2222 hoc
120 2203 190 2221 anno
200 2194 228 2220 P.
242 2194 372 2221 Lentulus
387 2194 481 2221 consul
498 2194 561 2221 fuitl
583 2204 638 2230 quo
652 2201 752 2231 quanto
765 2195 851 2222 maius

55 2230 207 2263 dedissetis,
221 2232 244 2258 si
255 2232 393 2266 superiore
404 2240 473 2258 anno
485 2231 593 2259 fuissetl
617 2242 665 2259 nec
675 2233 747 2260 enim
758 2233 852 2269 eguis-

55 2276 111 2295 sem
123 2269 255 2296 medicina
266 2268 413 2300 consulari.
432 2269 482 2295 nisi
495 2269 628 2296 consulari
642 2270 752 2297 vulnere
763 2271 852 2297 conci-

55 2305 165 2333 dissem.
207 2306 351 2332 Audieram
371 2315 404 2332 ex
423 2307 623 2341 sapientissimo
643 2307 751 2334 homine
771 2313 851 2343 atquo

54 2342 155 2379 optimo
164 2343 217 2370 civi
229 2347 255 2370 et
266 2343 330 2374 viro.
343 2343 375 2376 Q.
388 2343 491 2374 Catulo,
504 2353 556 2370 non
567 2353 646 2379 saepe
658 2353 742 2371 unum
753 2354 852 2372 consu-

55 2378 107 2407 lem
118 2380 357 2416 improbum,duos
370 2389 432 2407 vero
442 2390 589 2416 numquam
602 2382 776 2416 postltomam
788 2391 852 2409 con-

55 2416 151 2450 ditum,
168 2423 279 2454 excepto
289 2417 336 2445 illo
346 2418 466 2445 Cinnano
481 2423 612 2453 tempore,
630 2418 723 2446 fuisse.
764 2420 851 2452 Quare

55 2462 140 2482 meam
155 2463 278 2482 caussam
295 2464 402 2491 semper
417 2455 471 2481 fore
487 2456 668 2482 firmissimam
682 2455 770 2483 dicere
781 2457 852 2483 sole-

54 2490 111 2524 bat,
128 2491 194 2519 dum
210 2492 251 2520 vel
269 2501 341 2520 unus
357 2494 383 2519 in
400 2492 536 2528 republica
548 2493 642 2519 consul
654 2499 733 2520 esset.
773 2494 851 2526 Quod

54 2536 116 2556 vere
126 2528 238 2562 dixerat,
252 2531 276 2557 si
286 2530 354 2557 illud
366 2530 399 2557 de
409 2530 516 2556 duobus
526 2530 694 2561 consulibus,
707 2531 780 2566 quod
791 2536 851 2558 ante

54 2565 81 2592 in
92 2567 228 2602 republica
239 2576 292 2594 non
305 2567 402 2598 fuerat,
420 2576 544 2602 peremne
556 2577 585 2594 ac
596 2568 733 2603 proprium
745 2577 851 2596 innuero

55 2604 194 2638 potuisset.
218 2606 258 2631 lo.
269 2604 346 2638 Quod
358 2605 379 2631 si
391 2605 422 2637 Q.
436 2605 558 2632 Metellus
570 2605 616 2631 illo
627 2609 745 2640 tempore
755 2606 850 2633 consul

54 2639 150 2668 fuisset
165 2641 306 2669 inimicus:
328 2642 472 2674 dubitatis,
494 2651 549 2678 quo
564 2643 654 2669 animo
669 2642 750 2670 fuerit
765 2644 791 2671 in
808 2653 850 2670 mo

53 2678 233 2706 conservando
249 2678 370 2712 futurus,
392 2688 478 2716 quum
494 2680 520 2707 in
537 2680 701 2707 restituendo
715 2686 849 2708 auctorem

914 214 999 242 fuisse
1008 216 1235 251 ascriptoremque
1247 215 1378 243 videatis?
1398 215 1451 242 Sed
1463 215 1571 243 fuerunt
1580 217 1634 244 duo
1644 226 1708 244 con-

913 252 996 284 sules,
1009 261 1124 288 quorum
1136 258 1239 280 mentes
1250 258 1387 289 angustae,
1401 253 1527 285 humiles,
1542 263 1646 289 parvae.
1659 264 1708 290 op-

913 289 999 324 pletae
1011 291 1127 316 tenebris
1137 299 1166 317 ac
1176 290 1302 317 sordibus
1310 311 1316 323 ,
1332 299 1428 317 nomen
1439 291 1530 325 ipsum
1541 292 1705 323 consulatus,

913 327 1083 361 splendorem
1094 327 1169 354 illius
1181 328 1288 354 honoris
1297 349 1303 359 ,
1319 329 1533 364 magnitudinem
1546 330 1610 355 tanti
1621 330 1709 364 impe·

913 365 945 390 rii
961 373 1009 390 nec
1024 365 1131 396 intueri,
1153 374 1201 391 nec
1215 366 1358 397 sustinere,
1380 374 1428 392 nec
1443 375 1538 401 capere
1548 371 1706 401 potuerunt:

914 410 965 427 non
975 402 1113 433 consules,
1132 402 1180 428 sed
1193 407 1350 429 mercatores
1363 403 1561 438 provinciarum
1573 412 1603 430 ac
1614 404 1709 430 vendi-

913 443 981 465 tores
992 444 1094 465 vestrae
1106 439 1254 475 dignitatis
1276 440 1395 472 Quorum
1407 440 1473 467 alter
1483 450 1496 467 a
1507 450 1548 467 me
1555 441 1706 472 Catilinam,

912 480 1055 502 amatorem
1066 485 1162 507 suum,
1176 477 1269 503 multis
1280 477 1466 509 audientibus,
1483 478 1549 504 alter
1560 478 1708 514 Cethegum

912 514 1102 540 consobrinum
1122 515 1290 548 reposcebat:
1312 515 1359 550 qui
1381 524 1423 541 me
1437 515 1492 542 duo
1507 515 1707 542 sceleratissimi

912 555 972 585 post
983 550 1122 577 hominum
1135 552 1299 582 memoriam,
1314 561 1366 578 non
1376 553 1509 584 consules,
1522 553 1570 579 sed
1582 553 1706 583 latrones,

912 596 964 614 non
976 588 1054 614 modo
1065 588 1254 620 deseruerunt,
1274 590 1301 615 in
1316 598 1412 616 caussa
1427 591 1583 625 praesertim
1599 590 1708 625 publica

912 629 937 651 et
947 625 1093 656 consulari,
1107 625 1155 651 sed
1165 626 1352 661 prodiderunt,
1365 632 1563 663 oppugnarunt,
1576 629 1648 654 omni
1660 636 1709 654 au-

911 662 989 693 xilio,
1008 671 1060 688 non
1071 662 1159 689 solum
1171 672 1234 694 suo,
1252 663 1299 689 sed
1311 664 1389 690 etiam
1402 670 1489 691 vestro
1504 670 1707 700 ceterorumque

911 699 1049 730 ordinum,
1062 700 1206 734 spoliatum
1218 709 1276 727 esse
1289 701 1443 728 voluerunt:
1466 711 1582 737 quorum
1593 702 1659 729 alter
1669 707 1708 729 ta-

910 745 973 762 men
985 745 1072 771 neque
1083 746 1134 767 me,
1148 746 1234 772 neque
1245 747 1410 773 quemquam
1422 738 1526 766 fefellit.
1548 740 1578 766 V.
1589 741 1597 766 4
1608 742 1628 766 i.
1640 739 1707 772 Quis

911 774 983 800 enim
994 774 1076 800 ullam
1091 774 1175 800 ullius
1187 775 1249 801 boni
1261 784 1336 810 spem
1349 776 1457 803 haberet
1467 777 1494 803 in
1506 785 1549 808 eo,
1562 778 1640 803 cuius
1653 778 1708 812 pri—

911 819 986 837 mum
1002 815 1108 846 tempus
1124 812 1216 838 aetatis
1232 813 1320 847 palam
1332 812 1428 839 fuisset
1439 814 1471 840 ad
1483 815 1603 840 omnium
1616 814 1708 841 libidi-

911 857 958 874 nes
969 848 1159 885 divulgatum‘?
1178 850 1226 884 qui
1242 858 1275 876 ne
1291 859 1304 876 a
1321 851 1488 877 sanctissima
1505 851 1616 886 quidem
1634 857 1707 886 parte

910 886 1028 920 corporis
1050 887 1182 921 potuisset
1204 887 1345 914 hominum
1367 888 1502 923 impuram
1526 889 1707 924 intemperan-

910 923 973 949 tiam
984 923 1154 958 propulsare:
1167 925 1215 959 qui
1226 933 1312 959 quum
1323 934 1400 951 suam
1411 934 1466 952 rem
1479 935 1531 953 non
1541 927 1633 953 minus
1640 931 1708 953 stre·

910 969 976 991 nue,
993 969 1075 996 quam
1087 966 1178 996 postea
1189 962 1324 997 publicam
1335 962 1506 994 confecisset.
1525 968 1670 1000 egestatem
1682 968 1708 990 et

911 997 1045 1024 luxuriam
1057 999 1203 1026 domestico
1215 999 1345 1026 lenocinio
1356 1001 1529 1028 sustentavit:
1544 1002 1601 1036 qui,
1617 1002 1667 1028 nisi
1679 1002 1706 1028 in

910 1044 982 1062 aram
994 1036 1145 1063 tribunatus
1156 1036 1330 1073 confugisset,
1344 1046 1431 1073 neque
1442 1039 1497 1065 vim
1509 1039 1646 1074 praetoris,
1659 1047 1707 1065 nec

911 1072 1112 1100 multitudinem
1131 1074 1293 1101 creditorum
1313 1084 1361 1102 nec
1382 1075 1512 1102 bonorum
1533 1077 1707 1112 proscriptio-

910 1119 971 1136 nem
982 1110 1098 1147 effugere
1109 1112 1250 1146 potuisset.
1291 1111 1349 1144 Quo
1360 1113 1387 1139 in
1398 1114 1555 1149 magistratu
1568 1114 1618 1140 nisi
1631 1123 1705 1149 roga-

910 1148 1009 1174 tionem
1024 1148 1057 1174 de
1073 1149 1183 1183 piratico
1198 1149 1269 1176 bello
1285 1150 1404 1182 tulisset,
1422 1151 1539 1186 profecto
1555 1156 1671 1187 egestate
1681 1156 1707 1178 et

910 1186 1078 1220 improbitate
1089 1191 1195 1213 coactus
1207 1187 1344 1221 piraticam
1356 1188 1414 1222 ipse
1427 1188 1546 1215 fecisset:
1563 1197 1593 1215 ac
1604 1190 1707 1216 minore

909 1223 1020 1258 quidem
1031 1232 1093 1250 cum
1105 1224 1268 1259 reipublicae
1278 1225 1447 1257 detrimento,
1461 1235 1542 1261 quam
1553 1226 1626 1261 quod
1638 1227 1706 1253 intra

910 1261 1013 1287 moenia
1034 1261 1152 1288 nefarius
1174 1262 1258 1288 hostis
1273 1262 1425 1298 praedoque
1440 1268 1562 1290 versatus
1576 1268 1629 1290 est:
1652 1272 1707 1299 quo

909 1298 1074 1332 inspectante
1085 1307 1115 1325 ac
1125 1299 1234 1325 sedente
1246 1299 1331 1335 legem
1345 1301 1468 1327 tribunus
1480 1301 1568 1336 plebis
1581 1301 1654 1332 tulit,
1673 1309 1706 1328 ne

909 1336 1037 1370 auspiciis
1048 1336 1290 1371 obtemperaretur:
1313 1346 1345 1363 ne
1359 1338 1518 1365 obnuntiare
1533 1338 1646 1365 concilio
1661 1344 1707 1366 aut

908 1373 1038 1404 comitiis,
1056 1381 1089 1399 ne
1105 1373 1157 1409 legi
1174 1374 1336 1401 intercedere
1357 1374 1460 1402 liceret:
1483 1380 1512 1402 ut
1533 1375 1576 1402 lex
1591 1375 1665 1402 Aelia
1681 1381 1706 1403 et

909 1410 983 1436 Fufia
995 1419 1028 1436 ne
1040 1410 1171 1437 valerent:
1185 1420 1254 1446 quae
1266 1412 1348 1438 nostri
1361 1413 1473 1439 maiores
1484 1414 1632 1440 certissima
1639 1413 1706 1440 sub-

908 1447 976 1473 sidia
987 1448 1151 1483 reipublicae
1162 1453 1251 1475 contra
1264 1449 1421 1476 tribunicios
1433 1450 1535 1477 furores
1547 1459 1605 1477 esse
1613 1451 1706 1477 volue-

908 1489 980 1511 runt.
1016 1487 1056 1512 ¹2.
1069 1485 1196 1520 Idemque
1207 1490 1306 1521 postea,
1320 1495 1405 1521 quum
1418 1488 1622 1514 innumerabilis
1634 1488 1705 1514 mul-

908 1522 994 1549 titudo
1005 1522 1135 1549 bonorum
1148 1523 1180 1549 de
1187 1523 1316 1558 Capitolio
1326 1524 1442 1559 supplex
1454 1525 1486 1552 ad
1497 1534 1559 1552 eum
1571 1525 1705 1552 sordidata

908 1560 1034 1591 venisset,
1042 1569 1183 1596 quumque
1194 1561 1376 1588 adolescentes
1388 1562 1549 1589 nobilissimi
1560 1563 1705 1598 cunctique

907 1597 1012 1632 equites
1024 1598 1136 1624 Romani
1147 1606 1175 1624 se
1187 1598 1219 1624 ad
1233 1598 1336 1625 lenonis
1348 1599 1526 1634 impurissimi
1538 1600 1620 1635 pedes
1631 1601 1705 1627 abie-

906 1635 1020 1661 cissent:
1041 1644 1096 1670 quo
1111 1635 1188 1662 vultu
1203 1636 1371 1662 cincinnatus
1387 1646 1471 1673 ganeo
1487 1646 1538 1664 non
1558 1638 1646 1664 solum
1666 1639 1706 1665 ei-

907 1672 982 1698 vium
999 1671 1134 1704 lacrimas,
1157 1681 1249 1699 verum
1266 1674 1344 1700 etiam
1360 1675 1460 1709 patriae
1476 1684 1568 1709 preces
1579 1675 1705 1710 repudia-

906 1709 959 1736 vit!
981 1710 1075 1745 Neque
1085 1718 1116 1737 eo
1126 1714 1266 1737 contentus
1279 1711 1341 1743 fuit,
1359 1711 1406 1738 sed
1419 1713 1498 1739 etiam
1511 1713 1537 1739 in
1549 1714 1704 1739 concionem

906 1747 1040 1778 ascendit,
1057 1756 1142 1783 eaque
1153 1747 1234 1779 dixit,
1252 1757 1335 1784 quae,
1352 1750 1375 1776 si
1387 1750 1446 1776 eius
1458 1751 1499 1776 vir
1509 1750 1621 1777 Catilina
1635 1751 1704 1777 reri-

906 1785 1004 1817 xisset,
1017 1784 1105 1812 dicere
1117 1794 1168 1812 non
1179 1790 1250 1812 esset
1261 1795 1358 1813 ausus:
1375 1796 1404 1813 se
1416 1788 1550 1814 Nonarum
1564 1788 1702 1814 Decembr.

905 1830 974 1857 quae
989 1831 1032 1849 me
1048 1823 1158 1849 consule
1174 1823 1302 1855 fuissent,
1319 1824 1437 1859 clivique
1447 1824 1589 1860 Capitolini
1605 1834 1704 1860 poenas

906 1860 939 1886 ab
950 1860 1089 1895 equitibus
1100 1861 1226 1888 Romanis
1237 1870 1296 1888 esse
1307 1862 1498 1897 repetiturum:
1517 1871 1604 1898 neque
1615 1863 1703 1889 solum

906 1897 933 1923 id
944 1897 1022 1929 dixit,
1035 1898 1082 1924 sed
1093 1907 1161 1934 quos
1172 1899 1196 1925 ei
1207 1899 1378 1926 commodum
1392 1899 1450 1931 fuit,
1463 1900 1649 1935 compellavit:
1672 1901 1701 1927 L.

906 1943 969 1961 vero
982 1935 1110 1967 Lamiam,
1123 1936 1242 1971 equitem
1254 1937 1402 1963 Romanum
1411 1958 1417 1968 ,
1431 1938 1575 1972 praestanti
1587 1938 1704 1973 dignita-

906 1976 930 1998 te
942 1972 1077 1999 hominem
1089 1978 1116 2000 et
1125 1973 1206 2000 saluti
1218 1983 1292 2001 meae
1303 1983 1352 2010 pro
1363 1974 1554 2006 familiaritate.
1572 1975 1704 2010 reipubli-

904 2018 950 2036 cae
965 2018 1013 2045 pro
1029 2010 1144 2038 fortunis
1162 2012 1221 2037 suis
1237 2012 1447 2044 amicissimum,
1465 2012 1559 2039 consul
1577 2013 1702 2048 imperio-

904 2056 952 2074 sus
963 2047 1035 2074 exire
1047 2048 1116 2075 Urbe
1130 2049 1224 2076 iussit:
1242 2053 1268 2076 et
1277 2058 1363 2085 quum
1376 2058 1423 2077 vos
1435 2054 1536 2076 vestem
1548 2050 1702 2076 mutandam

904 2085 1079 2112 censuissetis
1089 2087 1234 2122 cunctique
1246 2087 1413 2119 mutassetis,
1431 2092 1510 2122 atque
1527 2087 1597 2114 idem
1609 2096 1702 2114 omnes

904 2122 1031 2149 boniiam
1047 2127 1107 2150 ante
1123 2123 1262 2151 fecissent:
1285 2124 1332 2151 ille
1347 2126 1493 2161 unguentis
1508 2125 1622 2155 oblitus,
1640 2134 1701 2151 cum

904 2163 963 2195 toga
975 2165 1119 2195 praetexta,
1135 2169 1217 2195 quam
1228 2169 1322 2188 omnes
1334 2166 1466 2197 praetores
1478 2162 1633 2197 aedilesque
1644 2166 1701 2188 tum

904 2197 1067 2229 abiecerunt,
1085 2198 1169 2225 irrisit
1183 2198 1335 2234 squalorem
1352 2204 1471 2225 vestrum
1487 2204 1512 2226 et
1529 2199 1630 2225 luctum
1641 2208 1702 2235 gra-

904 2235 1024 2261 tissimae
1034 2235 1165 2262 civitatis:
1189 2235 1316 2270 fecitque,
1333 2236 1406 2271 quod
1422 2244 1500 2263 nemo
1516 2245 1644 2271 umquam
1661 2242 1702 2272 ty-

903 2280 1016 2302 rannus.
1030 2276 1073 2302 ut,
1089 2281 1143 2307 quo
1154 2273 1244 2299 minus
1254 2273 1357 2299 occulte
1369 2278 1486 2300 vestrum
1499 2273 1599 2299 malum
1610 2282 1702 2309 geme-

903 2309 977 2339 retis,
991 2309 1058 2335 nihil
1069 2309 1178 2340 diceret,
1191 2318 1224 2336 ne
1234 2314 1323 2344 aperto
1334 2310 1502 2337 incommoda
1515 2311 1613 2345 patriae
1626 2310 1702 2346 luge-

903 2346 976 2377 retis.
990 2346 1114 2372 ediceret.
1147 2347 1188 2373 Vl.
1204 2349 1244 2373 ⁴3.
1257 2348 1346 2379 Quum
1359 2356 1421 2374 vero
1432 2348 1458 2374 in
1471 2349 1546 2374 Circo
1559 2347 1698 2379 Flaminio,

903 2392 955 2410 non
967 2392 980 2409 a
994 2384 1101 2410 tribuno
1112 2383 1198 2418 plebis
1209 2384 1303 2410 consul
1317 2385 1343 2411 in
1355 2385 1524 2416 concionem,
1537 2385 1583 2411 scd
1595 2394 1608 2411 a
1622 2385 1701 2411 latro-

903 2429 935 2447 ne
946 2420 1103 2455 archipirata
1115 2421 1260 2455 productus
1271 2427 1354 2448 esset:
1368 2422 1485 2457 primum
1497 2422 1634 2457 processit.
1647 2431 1700 2458 qua

903 2458 1057 2484 auctoritate
1071 2458 1124 2484 virl
1148 2458 1218 2490 vini,
1238 2459 1339 2490 somni,
1356 2460 1442 2494 stupri
1455 2459 1565 2494 plenus,
1582 2459 1698 2487 madenti

902 2504 990 2526 coma,
1007 2496 1156 2530 composito
1168 2495 1279 2531 capillo,
1296 2496 1425 2532 gravibus
1436 2496 1535 2527 oculis,
1552 2496 1698 2524 fluentibus

903 2532 1008 2564 buccis,
1022 2541 1113 2568 pressa
1124 2541 1188 2559 voce
1198 2538 1223 2559 ct
1235 2533 1393 2560 temulenta:
1415 2534 1487 2569 quod
1501 2534 1526 2561 in
1538 2535 1611 2560 cives
1623 2534 1699 2561 inde-

902 2574 1006 2596 mnatos
1021 2574 1091 2597 esset
1106 2570 1337 2602 animadversum,
1355 2570 1382 2598 id
1397 2572 1449 2598 sibi
1465 2571 1534 2598 dixit
1548 2572 1639 2608 gravis
1650 2581 1699 2599 au-

901 2611 957 2633 ctor
969 2607 1206 2634 vehementissime
1217 2608 1369 2643 displicere.
1410 2609 1460 2636 Ubi
1477 2609 1553 2635 nobis
1570 2609 1634 2636 haec
1649 2618 1698 2636 au-

901 2644 1007 2671 ctoritas
1020 2645 1121 2672 tamdiu
1133 2650 1203 2671 tanta
1216 2645 1310 2672 latuit?
1319 2646 1404 2672 curin
1417 2646 1509 2673 lustris
1520 2651 1545 2673 et
1557 2646 1698 2673 helluatio-

901 2682 982 2709 nibus
998 2681 1081 2710 huius
1096 2682 1268 2710 calamistrati
1283 2683 1417 2711 saltatoris
1433 2689 1485 2711 tam
1501 2684 1599 2711 eximia
1613 2685 1696 2711 virtus
