1941 3052
306 93 636 120 EPISTOLARUM
666 93 722 119 AD
750 91 980 119 DIVERSOS
1010 92 1380 119 LIB.V11.EP.21—
1402 94 1441 118 28.

57 168 122 192 mio.-
152 165 191 191 sic
211 172 260 200 ego
280 173 332 190 non
347 164 483 194 omnibus,
502 165 540 190 mi
556 163 642 195 Galle,
659 163 757 190 servio.
792 163 851 190 Etsi

58 211 128 238 quae
144 206 184 229 est
198 201 263 228 haec
277 201 412 228 servitus?
436 201 517 232 Olim,
533 209 619 236 quum
635 209 745 236 regnare
756 201 851 227 existi-

59 240 207 269 mabamur,
221 247 273 265 non
284 243 338 265 tam
348 238 381 264 ab
394 238 466 269 ullis,
480 247 562 273 quam
574 238 623 264 hoc
634 238 852 273 temporeobser-

58 286 106 304 vor
119 285 133 303 a
144 275 364 303 familiarissimis
376 276 497 302 Caesaris
508 275 635 302 omnibus
647 276 849 310 praeteristum.

57 314 87 341 Id
101 322 152 350 ego
167 314 195 340 in
207 313 289 340 lucris
299 321 378 348 pono,
392 321 444 339 non
456 312 524 339 ferre
536 313 673 339 hominem
684 312 852 347 pestilentio-

58 360 115 378 rem
125 351 211 386 patria
221 359 283 383 sua3
306 359 424 385 eumque
434 350 573 376 addictum
583 350 637 376 iam
648 355 705 376 tum
717 355 781 384 puto
792 358 851 376 esse

57 388 427 422 CalviLiciniiHipponacteo
440 388 592 422 praeconio.
614 389 639 415 2.
654 388 688 414 At
699 387 770 419 vide,
784 387 851 422 quid

57 430 228 452 succenseat.
266 425 399 451 Phameae
424 433 548 451 caussam
576 433 738 459 receperam,
763 425 851 459 ipsius

57 462 170 498 quidem
189 471 294 489 caussa.
319 462 383 489 Erat
397 463 471 488 enim
488 462 558 488 mihi
573 470 636 488 sane
652 461 804 488 familiaris.
826 463 852 488 Is

57 500 92 527 ad
107 508 150 526 me
166 500 241 526 venit
255 499 380 534 dixitque
396 499 515 526 iudicem
531 499 585 525 sibi
595 507 703 534 operam
714 499 777 525 dare
788 508 852 525 con-

57 538 177 564 stituisse
188 546 220 564 eo
230 537 289 572 ipso
300 537 353 568 die,
367 545 421 572 quo
431 537 463 563 de
474 538 503 563 P.
520 536 611 563 Sextio
622 537 650 562 in
661 536 806 563 consilium
818 536 851 562 iri

58 583 168 601 necesse
179 579 244 600 erat.
266 574 411 609 Respondi,
425 573 500 600 nullo
513 573 592 600 modo
604 582 646 600 me
658 573 744 599 facere
755 582 848 608 posse:

57 620 139 647 quem
150 611 239 643 vellet,
253 611 337 638 alium
348 611 420 638 diem
431 611 455 637 si
466 611 637 646 sumpsisset,
651 619 693 637 me
704 611 729 636 ei
740 619 792 637 non
803 610 851 637 de·-

58 649 190 676 futurum.
212 649 259 675 Ille
270 653 368 680 autem,
381 649 429 683 qui
440 649 521 675 sciret
531 657 559 674 se
570 652 695 683 nepotem
706 647 809 674 bellum
816 648 851 674 ti-

58 687 176 713 bicinem
196 686 295 712 habere
315 691 340 713 et
358 690 399 712 sat
417 686 518 712 bonum
535 690 682 717 auctorem,
700 685 826 712 discessit
837 694 850 711 a

58 732 110 755 me,
124 729 153 750 ut
164 724 232 750 mihi
245 723 395 754 videbatur,
410 723 509 749 iratior.
531 723 618 749 Habes
625 722 723 749 Sardos
730 722 848 754 venales,

58 761 142 787 alium
162 760 214 787 alio
234 761 400 795 nequiorem.
431 760 558 796 Cognosti
580 769 667 786 meam
686 769 810 786 caussam
825 765 852 787 et

58 799 136 824 istius
161 797 297 824 Salaconis
323 797 503 832 iniquitatem.
537 798 663 824 Catonem
684 802 760 824 tuum
782 797 850 824 mihi

58 836 142 862 mitte.
165 835 250 870 Cupio
260 835 333 861 enim
345 834 443 870 legere.
464 835 507 862 Me
518 834 606 861 adhuc
617 843 669 862 non
677 834 784 871 legisse,
794 840 851 862 tur-

57 881 90 907 pe
101 873 208 908 utrique
218 877 339 899 nostrum
353 876 403 898 est.

98 950 173 970 XXV.
190 949 268 970 ARG.
287 949 410 976 Epistulam
424 949 561 970 conscissam
575 956 618 969 non
630 956 679 970 esse
689 949 788 970 nuntiat:
805 957 849 969 mo-

56 984 125 1009 nitus,
138 991 166 1004 ne
178 984 290 1005 incautius
305 985 331 1005 de
345 985 441 1005 Caesare
454 984 564 1011 loquatur,
580 984 664 1010 gratias
673 985 727 1010 agit,
738 984 849 1005 hortatur-

56 1027 105 1047 que,
115 1023 140 1041 ut
150 1019 227 1040 stilum
238 1026 341 1040 exercere
351 1022 435 1047 pergat.

213 1057 242 1078 (ln
253 1057 368 1078 Tusculano,
380 1057 458 1074 Caesare
465 1057 498 1075 lv.
511 1063 548 1074 cos.
558 1063 573 1074 s.
584 1057 628 1075 coll.
644 1059 699 1078 70⁹.)

162 1099 305 1127 CICERO
320 1099 348 1126 S.
363 1100 393 1126 D.
409 1100 444 1126 M.
461 1099 578 1126 FADIO
592 1099 734 1127 GALLO.

114 1143 136 1168 1.
159 1136 243 1173 Quod
254 1141 394 1176 epistolam
405 1141 570 1168 conscissam
581 1141 665 1172 doles,
679 1141 733 1168 noli
747 1140 851 1168 labora-

56 1188 94 1206 re.
125 1178 205 1206 Salva
221 1183 262 1206 est
277 1178 363 1212 domi,
390 1183 474 1215 petes,
487 1187 573 1214 quum
586 1178 691 1205 libebit.
714 1178 790 1211 Quod
801 1187 850 1205 au-

56 1220 109 1243 tem
130 1225 173 1243 me
188 1225 290 1247 mones,
307 1215 384 1242 valde
399 1221 507 1251 gratum
522 1221 574 1243 est:
602 1216 684 1252 idque
701 1221 730 1243 ut
744 1224 851 1251 semper

56 1253 148 1285 facias,
161 1262 233 1290 rogo.
255 1253 362 1280 Videris
373 1254 445 1279 enim
457 1253 526 1280 mihi
537 1253 632 1285 vereri,
646 1262 689 1285 ne,
703 1254 756 1279 nisi
768 1254 850 1280 istum

56 1291 242 1322 habuerimus,
256 1290 391 1317 rideamus
402 1290 655 1326 γέλωτασαρδόνιον.
677 1290 729 1317 Sed
737 1291 803 1318 heus
811 1295 848 1323 tu,
879 1294 880 1300 ¹

370 1329 498 1364 magister
512 1328 587 1354 adest
601 1328 691 1359 citius,
705 1337 787 1363 quam
798 1337 851 1363 pu-
879 1332 880 1341 ¹

219 1365 329 1397 Vereor,
348 1373 380 1391 ne
396 1366 424 1391 in
436 1365 577 1392 Catonium
588 1365 741 1392 Catoninos.
772 1368 798 1393 ⁶2.
813 1366 850 1392 Mi
879 1372 880 1376 ¹

55 1337 166 1355 manum
182 1328 215 1354 de
230 1327 333 1354 tabula:

55 1370 183 1393 taramus.

55 1402 141 1434 Galle,
159 1411 224 1429 cave
239 1407 317 1437 putes
333 1402 483 1437 quidquam
499 1402 606 1434 melius,
625 1411 707 1437 quam
721 1402 850 1438 epistolae

55 1445 116 1467 tuae
131 1445 233 1475 partem
249 1440 282 1466 ab
298 1448 328 1466 eo
340 1439 409 1466 Ioco:
433 1445 517 1466 cetera
528 1442 659 1466 labuntur.
682 1440 789 1467 Secreto
801 1440 850 1467 hoc

55 1477 132 1504 audi:
157 1482 244 1504 tecum
256 1476 365 1503 habeto:
388 1485 421 1503 ne
432 1476 541 1512 Apellae
553 1477 674 1512 quidem,
692 1477 847 1509 libertotuo,

54 1514 167 1541 dixeris.
198 1515 303 1541 Praeter
323 1514 377 1540 duo
397 1522 445 1541 nos
461 1514 580 1549 loquitur
595 1515 646 1541 isto
661 1515 739 1541 modo
755 1523 847 1542 nemo:

54 1552 123 1578 bene
135 1551 248 1583 malene,
261 1551 367 1584 vider03
393 1551 441 1578 sed
452 1551 588 1587 quidquid
600 1556 649 1583 est,
663 1556 784 1578 nostrum
798 1557 848 1579 est.

54 1589 124 1624 Urge
140 1589 236 1625 igitur:
258 1597 307 1615 nec
318 1593 500 1615 transversum
516 1597 636 1624 unguem
647 1588 730 1624 (quod
740 1590 824 1624 aiunt)
836 1598 850 1615 a

54 1626 125 1653 stilo.
147 1628 171 1653 Is
187 1626 259 1653 enim
270 1630 310 1653 est
321 1625 429 1652 dicendi
440 1626 541 1661 opifex.
562 1626 650 1661 Atque
660 1627 789 1662 equidem
801 1626 851 1653 ali-

54 1668 185 1700 quantum
197 1664 250 1690 iam
261 1664 341 1690 etiam
352 1664 438 1690 noctis
449 1672 568 1690 assumo.
590 1660 687 1700 [Vale.]

111 1737 194 1758 xxvt.
215 1737 290 1758 ARG.
310 1738 395 1758 neriam-1
410 1737 434 1758 in
448 1737 549 1763 augurali
559 1744 628 1759 caena
638 1737 737 1758 suaviter
747 1737 848 1759 conditas

54 1772 98 1793 nihi
117 1773 213 1793 morbum
233 1772 338 1792 attulisse
355 1774 436 1792 nari-nt.

223 1809 251 1831 (In
261 1809 376 1831 Tusculano,
386 1810 474 1830 Lentulo,
484 1810 563 1828 Metello
572 1816 618 1828 ctus.
635 1811 690 1833 (197.)

110 1845 133 1870 1.
155 1838 252 1876 Quum
268 1843 404 1870 decimum
416 1844 469 1870 iam
484 1844 556 1870 diem
568 1845 686 1880 graviter
696 1853 729 1872 ex
743 1846 850 1873 intesti-

55 1882 97 1908 nis
115 1880 270 1911 laborarem,
284 1889 371 1916 neque
384 1882 427 1912 iis,
440 1882 487 1916 qui
500 1890 557 1907 mea
568 1890 648 1916 opera
660 1883 699 1909 uti
712 1883 846 1914 volebant,

55 1926 98 1945 me
114 1918 254 1953 probarem
270 1926 322 1944 non
337 1918 434 1950 valere,
452 1919 516 1953 quia
532 1918 628 1945 febrim
645 1928 697 1946 non
710 1920 846 1952 haberem,

54 1955 114 1990 iugi
131 1955 158 1982 in
174 1954 367 1987 Tusculanum,
384 1963 470 1990 quum
481 1955 592 1990 quidem
604 1956 719 1983 biduum
732 1958 766 1984 ita
779 1959 848 1984 ieiu—

56 2001 106 2019 nus
119 1992 242 2024 fuissem,
256 1996 328 2019 utne
339 2001 436 2027 aquam
447 1993 558 2028 quidem
570 1997 717 2029 gustarem.
757 1996 848 2030 Itaque

54 2029 190 2057 confectus
207 2029 334 2065 languore
350 2034 375 2056 et
391 2029 469 2060 same,
483 2030 569 2065 magis
581 2035 657 2057 tuum
669 2031 787 2058 officium
800 2032 849 2059 de-

55 2067 182 2099 sideravi,
200 2075 281 2102 quam
297 2067 345 2093 abs
357 2071 380 2093 te
393 2068 494 2102 requiri
505 2069 597 2101 putavi
610 2077 710 2095 meum.
732 2070 788 2103 Ego
799 2078 848 2096 au-

54 2109 108 2132 tem
119 2113 204 2140 quum
219 2112 312 2130 omnes
323 2105 430 2131 morbos
441 2104 593 2136 reformido,
608 2109 674 2135 tum,
684 2106 710 2132 in
721 2103 775 2142 quo
782 2107 848 2142 Epi—

54 2150 150 2169 curum
170 2146 246 2169 tuum
257 2142 339 2168 Stoici
350 2142 418 2168 male
430 2142 574 2176 accipiunt,
588 2143 651 2178 quia
662 2143 741 2174 dicat,
756 2144 846 2175 ῦυςου-

55 2179 112 2216 pauni
130 2179 175 2207 καὶ
193 2179 355 2214 ὅυςεντερικά
369 2179 447 2213 πάθη
461 2180 514 2205 sibi
526 2180 636 2206 molesta
647 2189 716 2212 esse,
731 2190 846 2216 quorum

54 2216 181 2248 alterum,
211 2216 335 2243 morbum
359 2216 498 2243 edacitatis
521 2225 581 2244 esse
601 2222 709 2252 putant,
731 2218 845 2245 alterum

55 2254 134 2281 etiam
148 2254 276 2289 turpioris
289 2254 518 2289 intemperantiae.
541 2254 847 2291 Sanno-umreqcmper-

55 2290 206 2318 timueram.
238 2291 292 2317 Sed
314 2291 370 2317 visa
391 2296 432 2318 est
452 2291 519 2317 mihi
536 2291 578 2318 vel
596 2291 646 2318 loci
664 2293 784 2324 mutatio,
804 2293 845 2320 vel

55 2329 138 2355 animi
149 2329 229 2355 etiam
244 2328 381 2359 relaxatio,
396 2328 438 2355 vel
451 2329 509 2363 ipsa
521 2328 631 2355 sortasse
643 2329 696 2356 iam
703 2338 846 2357 senescen—

56 2365 89 2392 tis
104 2365 190 2392 morbi
205 2366 329 2392 remissio
341 2365 485 2401 profuisse.
507 2367 532 2392 2.
545 2367 678 2397 Attamen,
692 2375 725 2393 ne
737 2368 843 2398 mirere,

56 2401 125 2429 uude
149 2403 198 2430 hoc
218 2403 358 2434 acciderit,
385 2403 554 2438 quomodove
574 2404 770 2430 commiserim:
803 2403 845 2431 lex

55 2441 230 2474 sumptuaria,
248 2449 317 2476 quae
333 2440 441 2467 videtur
455 2440 572 2474 λιτότητα
588 2440 719 2471 attulisse,
736 2450 766 2467 ca
777 2441 845 2468 mihi

56 2475 142 2503 fraudi
163 2477 223 2504 fuit.
255 2479 321 2504 Nam
342 2477 408 2504 dum
429 2477 523 2504 volunt
544 2478 588 2504 isti
605 2477 668 2504 lauti
687 2483 755 2504 terra
774 2483 842 2509 nata,

55 2521 122 2549 quae
139 2513 162 2541 le
182 2523 196 2541 e
211 2519 321 2550 excepta
335 2519 407 2547 sunt,
424 2515 451 2541 in
471 2515 597 2541 honorem
614 2515 759 2542 adducere:
783 2515 845 2542 sun-

55 2557 111 2586 305,
132 2551 166 2578 he
179 2551 272 2584 uellas,
295 2552 392 2579 herbas
412 2561 507 2579 omnes
523 2553 559 2578 ita
574 2552 712 2583 condiunt,
732 2558 760 2580 ut
775 2553 842 2579 nihil

55 2589 139 2622 possit
148 2597 207 2615 esse
218 2590 340 2617 suavius.
382 2591 410 2616 In
421 2598 466 2616 eas
477 2598 563 2625 quum
576 2589 732 2616 incidissem
746 2591 772 2616 in
784 2599 844 2616 cae-

56 2632 89 2651 na
99 2626 221 2662 augurali
236 2627 308 2662 apud
324 2627 478 2658 Lentulum,
497 2631 566 2654 tanta
583 2635 625 2654 me
641 2627 761 2664 διιὶῥροια
777 2628 843 2654 arri·
872 2635 874 2650 l

1645 93 1694 119 715

902 164 970 197 puit,
991 168 1021 190 ut
1036 163 1115 190 hodie
1131 163 1250 198 primum
1265 162 1389 189 videatur
1403 163 1523 197 coepisse
1538 162 1693 189 consistere.

903 202 939 226 Ita
951 209 1008 236 ego,
1023 201 1071 235 qui
1082 209 1124 226 me
1135 201 1230 227 ostreis
1242 205 1267 226 et
1278 200 1414 226 muraenis
1426 199 1504 226 facile
1514 200 1693 231 abstinebam,

903 246 916 263 a
932 238 993 264 beta
1007 242 1033 264 et
1048 246 1061 263 a
1078 237 1165 264 malva
1180 237 1309 272 deceptus
1324 247 1395 264 sum.
1421 237 1533 264 Posthac
1549 238 1632 272 igitur
1643 238 1696 263 eri-

903 284 963 301 mus
975 275 1116 301 cautiores.
1148 276 1188 301 Tu
1205 280 1294 301 tamen
1309 284 1393 310 quum
1409 274 1533 301 audisses
1552 274 1586 301 ab
1601 274 1696 300 Anicio

902 312 982 346 (vidit
992 313 1065 338 enim
1076 321 1118 338 me
1129 312 1321 347 nauseantem),
1335 321 1386 338 non
1399 312 1476 338 modo
1488 311 1697 338 mittendicaus-

903 358 960 375 sam
976 350 1073 375 iustam
1089 349 1217 381 habuisti,
1237 349 1284 376 sed
1300 350 1380 376 etiam
1392 349 1508 376 visendi.
1530 349 1586 384 Ego
1596 349 1641 375 hic
1652 357 1697 375 co-

902 387 957 421 gito
972 387 1140 418 commorari,
1157 387 1246 422 quoad
1262 395 1304 413 me
1320 387 1447 413 reficiam.
1474 387 1541 413 Nam
1553 391 1578 413 et
1588 387 1660 412 vires
1672 391 1697 412 et

902 432 1000 458 corpus
1015 425 1104 450 amisi.
1137 424 1198 455 Sed,
1218 425 1242 450 si
1257 424 1383 451 morbum
1397 423 1540 459 depulero,
1558 423 1649 454 facile,
1668 428 1698 450 ut

903 469 989 495 spero,
1004 461 1048 487 illa
1061 461 1200 488 revocabo.

951 538 1048 559 xxvn.
1067 539 1085 559 Α
1093 538 1144 558 RG.
1160 537 1257 562 Gallum,
1271 545 1315 559 nou
1329 538 1429 562 Fabium,
1446 538 1484 558 sed
1494 538 1543 559 sine
1553 537 1619 558 dubio
1630 537 1695 559 Fadi-

903 580 946 598 um,
957 573 1055 594 vicissim
1067 573 1149 593 litteris
1159 573 1268 600 repungit.

1094 610 1180 633 (Romae,
1191 610 1268 627 Car-sare
1277 610 1309 627 ΙΙΙμ
1316 610 1389 632 Lepido
1396 616 1440 627 coss.
1449 610 1503 632 708.)

1000 660 1143 688 CICERO
1163 661 1192 687 S.
1213 661 1243 687 D.
1265 661 1301 688 M.
1323 660 1440 687 FADIO
1461 660 1602 687 GALLO.

961 705 983 729 l.
1005 698 1103 734 Miror,
1117 711 1165 728 cur
1176 711 1218 728 me
1229 711 1347 733 accuses.
1361 710 1446 737 quum
1457 702 1507 728 tibi
1519 702 1546 728 id
1553 702 1638 728 facere
1644 710 1696 728 non

904 740 991 767 liceat.
1017 740 1094 772 Quod
1105 740 1128 766 si
1142 739 1242 770 liceret,
1252 744 1340 766 tamen
1352 748 1404 765 non
1415 739 1544 765 debebas.
1566 740 1618 772 Eyo
1631 741 1698 765 enim

903 783 926 805 te
940 781 966 803 in
982 779 1115 803 consulatu
1129 779 1303 803 observat-am.
1328 777 1361 803 Et
1376 776 1425 807 ais,
1444 776 1508 807 fore,
1526 780 1556 802 ut
1566 781 1590 802 te
1601 776 1698 802 Caesar

903 815 1034 841 restituat.
1062 814 1145 841 Multa
1161 819 1190 841 tu
1205 814 1317 849 quidem
1333 814 1412 844 dicis,
1430 813 1477 839 sed
1490 813 1539 840 tibi
1551 821 1630 839 nemo
1639 821 1698 839 cre-

902 853 951 879 dit.
986 852 1164 878 Tribunatum
1180 851 1269 886 plebei
1285 851 1354 877 dicis
1369 856 1394 877 te
1410 859 1469 877 mea
1480 859 1575 877 caussa
1586 851 1695 885 petisse.

902 890 1009 917 Utinam
1030 897 1137 924 semper
1156 897 1229 915 esses
1247 889 1386 915 tribunus!
1418 889 1621 914 intercessorem
1645 896 1697 913 non

879 945 880 948 η
902 935 1055 962 quaereres.
1081 927 1169 961 Negas
1184 934 1228 952 me
1243 926 1351 957 audere,
1368 925 1441 960 quod
1456 927 1580 955 sentiam,
1597 925 1695 951 dicere.

902 965 985 997 Quasi
996 965 1055 995 tibi,
1069 973 1155 999 quum
1171 963 1343 998 impudenter
1353 971 1395 989 me
1407 971 1524 998 rogares,
1536 971 1632 997 parum
1644 961 1699 988 sor-

902 1003 964 1029 titer
974 1001 1170 1037 responderim.
1196 1002 1222 1028 2.
1235 1001 1304 1027 Haec
1316 1000 1365 1027 tibi
1376 1001 1483 1034 scripsi,
1496 1004 1525 1026 ut
1538 1001 1587 1026 isto
1599 1000 1657 1034 ipso
1670 1000 1695 1025 in

902 1048 1009 1076 genere,
1027 1040 1055 1065 in
1071 1047 1125 1074 quo
1136 1038 1241 1073 aliquid
1252 1046 1331 1073 posse
1345 1038 1397 1068 vis,
1411 1042 1436 1063 te
1448 1037 1516 1064 nibil
1528 1046 1587 1063 esse
1598 1045 1698 1072 cogno-

902 1086 1000 1104 sceres.
1027 1076 1104 1109 Quod
1116 1077 1139 1102 si
1151 1076 1304 1102 humaniter
1315 1083 1421 1101 mecum
1438 1080 1551 1112 questus
1567 1082 1650 1106 esses,
1666 1074 1698 1101 li-

879 1125 880 1144 :
902 1115 997 1141 henter
1014 1114 1064 1140 tibi
1080 1122 1123 1140 me
1134 1118 1160 1140 et
1171 1113 1249 1139 facile
1260 1121 1434 1150 purgassem:
1458 1123 1510 1140 non
1522 1114 1594 1140 enim
1608 1114 1698 1148 ingra-

902 1157 927 1179 ta
943 1152 1012 1178 mihi
1023 1156 1095 1182 sunt,
1108 1159 1178 1186 quae
1189 1150 1291 1178 fecisti:
1314 1152 1371 1182 sed,
1381 1160 1449 1186 quae
1460 1152 1604 1186 scripsisti,
1614 1150 1698 1176 mole-

902 1193 951 1216 sta.
976 1189 1018 1216 Me
1034 1193 1132 1220 autem,
1149 1194 1257 1224 propter
1272 1198 1354 1224 quem
1370 1189 1452 1215 ceteri
1468 1188 1546 1214 liberi
1562 1193 1633 1218 sunt,
1648 1187 1697 1214 tibi

902 1227 1018 1253 liberum
1040 1235 1092 1252 non
1109 1227 1199 1253 visum
1215 1226 1342 1253 demiror.
1374 1227 1441 1252 Nam
1457 1226 1480 1252 si
1496 1225 1561 1251 salsa
1577 1225 1695 1253 suerunt,

901 1273 970 1299 quae
981 1268 1009 1290 tu
1021 1263 1054 1290 ad
1067 1272 1118 1295 me,
1132 1268 1162 1290 ut
1175 1264 1224 1295 ais,
1238 1263 1373 1290 detulisti:
1396 1263 1462 1298 quid
1475 1263 1523 1289 tibi
1535 1272 1583 1298 ego
1595 1262 1698 1288 debeo?

902 1301 930 1327 Si
946 1310 1022 1328 vera:
1049 1305 1078 1327 tu
1090 1309 1118 1327 es
1129 1301 1249 1336 optimus
1261 1301 1346 1331 testis,
1359 1300 1426 1335 quid
1437 1300 1505 1326 mihi
1517 1299 1634 1335 populus
1646 1300 1698 1326 Ro-

902 1347 997 1365 manus
1008 1338 1113 1365 debeat.

956 1414 1065 1435 xxvnl.
1083 1414 1101 1433 A
1109 1414 1160 1434 RG.
1177 1415 1300 1440 Desperata
1311 1413 1431 1440 republica,
1443 1412 1532 1433 Curium
1543 1412 1565 1432 in
1574 1411 1695 1433 Graeciam.

903 1457 926 1470 se
935 1449 958 1470 in
970 1449 1125 1470 bibliothecam
1136 1452 1196 1469 recte
1205 1448 1333 1473 confugisse
1343 1447 1387 1468 sihi
1397 1447 1468 1468 sideri
1479 1447 1565 1468 scribit.

1129 1485 1219 1508 (Cat-saut>
1230 1486 1264 1503 111Α
1279 1485 1352 1508 lapi-lu
1362 1492 1408 1502 «uss.
1420 1486 1476 1508 του.)

1054 1541 1089 1567 Μ.
1111 1540 1278 1567 CICERO
1299 1540 1327 1567 S.
1349 1540 1379 1566 D.
1402 1538 1548 1567 CURIO.

958 1586 980 1612 l.
1003 1579 1131 1615 Memini,
1149 1593 1234 1619 quum
1249 1584 1317 1610 mihi
1334 1583 1456 1618 desipere
1472 1582 1607 1611 videbare,
1624 1582 1697 1617 quod

901 1631 963 1649 cum
980 1622 1040 1648 istis
1054 1622 1144 1657 potius
1156 1622 1271 1652 viveres,
1285 1630 1367 1656 quam
1379 1621 1534 1647 nobiscum:
1557 1620 1695 1646 eratenim

902 1659 986 1687 multo
1006 1659 1177 1686 domicilium
1198 1659 1280 1685 huius
1301 1658 1378 1685 urbis
1393 1658 1488 1693 (quum
1504 1657 1614 1693 quidem
1632 1657 1696 1683 hacc

902 1697 978 1733 urbs)
993 1697 1083 1732 aptius
1099 1696 1260 1723 humanitati
1276 1701 1301 1722 et
1316 1696 1443 1722 suavitati
1455 1701 1528 1725 tuae,
1551 1703 1632 1730 quam
1645 1699 1695 1720 tota

901 1734 1110 1769 Peloponnesus,
1128 1733 1228 1760 nedum
1240 1734 1344 1759 Patrae:
1372 1742 1443 1759 nunc
1455 1738 1545 1759 contra
1557 1737 1582 1758 et
1594 1731 1696 1758 vidisse

901 1772 970 1798 mihi
986 1771 1102 1798 multum
1119 1771 1230 1802 videris,
1248 1779 1333 1806 quum
1345 1779 1427 1805 prope
1439 1769 1587 1804 desperatis
1600 1769 1642 1795 his
1655 1777 1697 1795 re-

900 1809 953 1836 bus
969 1813 992 1836 te
1010 1809 1037 1835 in
1049 1808 1189 1836 Graeciam
1201 1808 1348 1839 contulisti,
1362 1812 1387 1834 et
1399 1808 1448 1833 hoc
1459 1812 1577 1842 tempore
1589 1815 1641 1833 non
1653 1814 1697 1832 so-

902 1846 958 1873 lum
970 1846 1088 1881 sapiens,
1101 1847 1149 1881 qui
1162 1846 1224 1873 binc
1236 1845 1318 1876 absis,
1327 1845 1374 1872 sed
1382 1844 1572 1871 etiambeatus.
1595 1843 1696 1876 Quam-

900 1893 982 1919 quam
998 1884 1074 1919 quiS,
1093 1884 1140 1919 qui
1157 1883 1262 1919 aliquid
1274 1883 1368 1917 sapiat,
1382 1890 1453 1909 nunc
1468 1890 1527 1908 csse
1539 1881 1633 1908 beatus
1648 1889 1696 1915 po-

901 1921 970 1948 test‘?
989 1921 1085 1953 ⁶2.Sed,
1099 1920 1171 1956 quod
1184 1925 1221 1952 tu,
1235 1921 1280 1948 cui
1292 1920 1397 1951 licebat,
1406 1919 1523 1955 pedibus
1530 1927 1696 1946 esconsecu-

901 1963 952 1991 tus,
966 1962 996 1986 ut
1006 1958 1044 1985 ibi
1056 1967 1139 1990 esses,

955 2011 991 2016 ——
1002 1998 1088 2022 —ubi‘
1098 2005 1143 2022 nec
1155 1996 1341 2028 Pelopidarum,
1354 2010 1390 2014 —

900 2034 969 2060 nosti
990 2037 1090 2060 cetera:
1123 2041 1171 2059 nos
1192 2032 1264 2059 idem
1286 2031 1481 2067 propemodum
1502 2030 1695 2065 consequimur

899 2070 951 2097 alia
977 2071 1087 2097 ratione.
1118 2069 1208 2102 Quum
1229 2070 1302 2096 enim
1323 2069 1477 2096 salutationi
1499 2077 1546 2094 nos
1567 2067 1694 2093 dedimus

900 2108 1061 2134 amicorum:
1089 2116 1158 2142 quae
1175 2107 1203 2133 iit
1214 2107 1263 2133 hoc
1275 2106 1354 2133 etiam
1368 2105 1544 2141 frequentius,
1557 2113 1638 2139 quam
1651 2113 1695 2129 so-

901 2145 979 2175 lebat,
1003 2143 1084 2179 quod,
1107 2145 1186 2179 quasi
1202 2152 1279 2170 avem
1295 2143 1393 2173 albam,
1412 2142 1538 2169 videntur
1553 2142 1621 2168 bene
1633 2150 1694 2167 seu-

900 2183 1009 2209 tientcm
1025 2182 1113 2208 civem
1130 2181 1235 2207 videre:
1259 2178 1620 2207 abdomeiubibliothecam.
1644 2179 1694 2204 lta-

899 2228 951 2254 que
971 2227 1050 2253 opera
1071 2217 1159 2245 efficio
1180 2222 1259 2248 tanta,
1283 2222 1381 2252 quanta
1403 2216 1513 2243 fortasse
1533 2221 1560 2242 tu
1581 2216 1691 2242 senties.

898 2255 1020 2283 Intellexi
1036 2255 1108 2282 cuim
1124 2263 1158 2282 cx
1173 2259 1218 2281 tuo
1233 2263 1356 2280 sermone
1367 2253 1494 2289 quodam,
1508 2261 1593 2288 quum
1606 2261 1692 2278 meam

898 2293 1058 2320 maestitiam
1074 2296 1100 2319 et
1115 2291 1329 2326 desperationem
1345 2299 1483 2317 accusares
1497 2290 1571 2316 domi
1586 2294 1655 2319 tuac,
1669 2294 1693 2315 te

897 2339 931 2357 cx
943 2330 1010 2356 meis
1023 2329 1099 2356 libris
1111 2329 1232 2355 animum
1245 2337 1334 2354 mcum
1347 2328 1509 2354 desiderare.
1532 2329 1556 2353 a.
1572 2326 1624 2352 Sed
1636 2334 1693 2352 mc-

897 2367 1007 2394 hercule
1023 2371 1049 2394 et
1067 2371 1123 2393 tum
1139 2365 1335 2401 rempublicam
1353 2365 1488 2400 lugebam,
1505 2373 1574 2399 quae
1587 2373 1637 2390 non
1649 2372 1692 2389 so-

899 2404 953 2431 lum
977 2405 1035 2430 suis
1049 2412 1111 2439 erga
1127 2412 1178 2434 mc,
1199 2403 1246 2429 sed
1261 2404 1341 2429 etiam
1357 2403 1424 2429 meis
1438 2411 1500 2437 erga
1511 2410 1540 2427 se
1553 2401 1692 2427 bcncliciis

896 2447 952 2468 crat
966 2441 1034 2468 mihi
1048 2442 1142 2472 carior,
1159 2445 1184 2467 et
1199 2440 1248 2467 lioc
1263 2446 1389 2475 tempore,
1406 2447 1572 2474 quamquam
1585 2447 1626 2464 me
1639 2447 1690 2465 non

897 2480 962 2505 ratio
978 2478 1065 2505 solum
1081 2477 1242 2509 consolatur,
1260 2486 1328 2512 quae
1340 2476 1488 2512 plurimum
1500 2475 1580 2502 debet
1591 2475 1688 2504 valere.

896 2516 943 2542 scd
958 2516 1039 2543 ctiam
1054 2515 1122 2546 dies,
1140 2524 1208 2551 quac
1225 2515 1315 2542 stultis
1330 2522 1438 2549 quoquc
1451 2513 1550 2539 mederi
1562 2512 1637 2541 solet,
1652 2517 1691 2539 tn-

897 2562 957 2580 men
973 2553 1064 2583 doleo,
1083 2553 1117 2580 ita
1134 2562 1188 2579 rem
1205 2560 1376 2579 communem
1392 2560 1450 2577 csse
1461 2550 1604 2586 dilapsam,
1618 2555 1645 2576 ut
1658 2558 1690 2576 ne

895 2599 957 2625 spes
968 2590 1089 2625 quidem,
1104 2589 1201 2616 melius
1213 2589 1358 2624 aliquando
1365 2588 1429 2619 sore,
1438 2587 1613 2623 relinquatur.
1637 2587 1690 2613 Nec

896 2637 958 2655 vcro
979 2637 1050 2654 nunc
1069 2627 1180 2663 quidem
1195 2627 1272 2662 culpa
1290 2628 1314 2653 iu
1330 2635 1360 2653 co
1374 2630 1422 2655 est,
1440 2626 1466 2652 iu
1481 2626 1559 2652 euius
1573 2629 1689 2660 potesta-

1425 2675 1458 2699 9u
1474 2673 1484 2683 ⁸
