1941 3052
338 151 525 179 ORATIO
557 153 589 179 11.
623 153 678 179 DE
712 153 839 180 LEGE
874 152 1109 180 AGRARIA.
1144 153 1243 180 CAP.

63 223 139 258 prius
150 222 248 254 dicam,
261 222 393 255 Quirites:
411 223 509 250 deinde
519 223 553 250 ad
564 223 771 259 amplitudinem
784 228 809 250 et
819 223 862 250 di-

63 261 193 296 gnitatem
205 265 335 287 revertar:
353 265 391 292 ut,
405 261 428 286 si
439 261 502 296 quis
514 261 571 297 agri
582 266 628 287 aut
639 261 732 296 oppidi
744 262 862 288 bonitate

63 298 222 330 delectetur,
241 306 274 324 ne
288 297 356 333 quid
371 303 519 332 exspectet:
542 299 565 324 si
581 307 663 334 quem
685 299 723 325 rei
743 299 861 335 dignitas

63 340 226 366 commovet,
243 340 273 362 ut
288 335 352 362 huic
366 335 508 362 simulatae
524 335 657 371 largitioni
668 336 784 363 resistat.
824 336 862 362 Ac

63 373 182 408 primum
193 373 226 399 de
237 373 336 408 oppido
348 373 448 404 dicam,
466 374 489 399 si
501 373 563 408 quis
575 379 615 400 est
627 373 701 405 forte,
719 382 801 409 quem
813 373 862 400 Ca-

63 419 116 446 pua
127 410 222 446 magis,
236 419 318 446 quam
330 411 412 437 Roma
423 410 545 437 delectet.
586 410 712 446 Quinque
724 411 808 437 millia
818 419 863 437 co-

64 447 186 474 lonorum
202 447 321 483 Capuam
341 448 424 474 scribi
445 448 529 474 iubet.
568 448 610 475 Ad
631 448 703 475 hunc
718 456 861 475 numerum

62 485 214 521 quingenos
230 486 284 512 sibi
299 485 401 521 singuli
417 490 534 512 sument.
574 486 618 512 77.
640 485 757 518 Quaeso,
781 485 862 512 nolite

63 523 243 557 vosmetipsos
254 522 400 549 consolari:
423 532 485 550 vere
496 527 522 549 et
532 522 675 558 diligenter
685 522 860 550 considerate.

63 560 135 588 Num
146 560 224 587 vobis
235 565 280 587 aut
292 561 374 587 vestri
385 560 522 587 similibus
534 560 658 596 integris,
672 561 782 595 quietis,
795 561 863 586 otio-

63 597 101 624 sis
117 597 275 624 bominibus
292 598 319 624 in
335 598 385 625 hoc
400 606 512 624 numero
528 597 616 624 locum
628 597 683 624 fore
694 597 813 633 putatis?
833 597 861 623 Si

63 639 104 661 est
119 635 246 662 omnibus
262 635 339 662 vobis
356 639 402 662 aut
416 636 510 662 maiori
526 640 645 661 vestrum
661 636 744 670 parti:
766 643 863 670 quam-

63 681 146 708 quam
162 681 205 700 me
220 678 309 699 vester
324 673 408 700 honos
424 672 537 708 vigilare
553 673 610 699 dies
626 677 706 707 atque
727 676 817 699 noctes
838 676 863 698 et

63 710 174 737 intentis
185 710 270 738 oculis
282 719 375 737 omnes
386 710 550 745 reipublicae
562 715 650 745 partes
661 710 761 736 intueri
772 709 860 736 iubet:

63 752 153 775 tamen
174 748 337 783 paullisper,
360 748 384 774 si
405 748 441 774 ita
461 747 634 774 commodum
650 752 770 774 vestrum
786 746 860 777 feret,

63 786 221 812 connivebo.
263 785 316 812 Sed
331 786 354 811 si
370 785 492 820 quinque
508 785 649 811 hominum
670 785 807 816 millibus,
830 784 863 811 ad

63 823 133 854 vim,
155 822 260 849 facinus
275 822 438 857 caedemque
453 822 576 854 delectis,
600 822 674 849 locus
690 827 770 858 atque
785 822 860 854 urbs,

63 868 133 895 quae
143 860 246 887 bellum
258 860 343 887 facere
355 864 435 895 atque
446 860 579 886 instruere
590 861 690 895 possit,
707 861 860 895 quaeritur:

63 901 187 925 tamenne
203 898 356 933 patiemini,
375 902 464 924 vestro
478 898 588 924 nomine
602 902 692 924 contra
703 907 751 924 vos
762 897 863 924 firmari

63 934 146 970 opes?
156 936 253 962 armari
264 934 416 971 praesidia?
427 935 516 966 urbes,
530 944 616 971 agros,
624 936 714 970 copias
726 944 864 970 compara-

63 972 104 1000 riâ€˜?
134 974 178 999 78.
191 974 258 1000 Nam
269 982 363 1009 agrum
375 972 485 1008 quidem
498 972 674 1008 Campanum,
691 982 774 1008 quem
786 973 863 999 vobis

62 1015 204 1042 ostentant,
212 1012 266 1046 ipsi
277 1011 502 1045 concupiverunt:
517 1010 650 1037 deducent
660 1020 734 1042 suos,
747 1019 862 1046 quorum

62 1049 171 1075 nomine
186 1049 240 1084 ipsi
256 1053 362 1075 teneant
377 1052 403 1075 et
418 1047 554 1074 fruantur:
576 1053 698 1075 coement
712 1053 860 1083 praeterea:

62 1085 113 1113 ista
124 1086 192 1113 dena
204 1087 296 1122 iugera
306 1085 511 1114 continuabunt.
542 1086 619 1117 Nam,
633 1087 656 1112 si
667 1086 756 1112 dicent
767 1095 815 1121 per
826 1085 864 1112 le-

62 1131 124 1159 gem
134 1123 163 1150 id
174 1133 226 1151 non
238 1124 331 1151 licere:
349 1132 383 1150 ne
393 1132 441 1158 per
452 1122 602 1150 Corneliam
614 1123 725 1158 quidem
738 1123 808 1150 lieet.
830 1124 864 1149 At

62 1161 189 1188 videmus
209 1161 249 1197 (ut
270 1161 416 1198 longinqua
438 1161 587 1196 mittamus)
603 1170 697 1197 agrum
713 1161 864 1187 Praenesti-

62 1207 128 1226 num
139 1208 154 1225 a
165 1200 257 1234 paucis
268 1198 414 1234 possideri:
427 1207 515 1234 neque
525 1199 637 1225 istorum
650 1199 772 1233 pecuniis
782 1198 864 1234 quid-

62 1245 145 1271 quam
156 1236 230 1263 aliud
241 1236 334 1264 deesse
347 1236 438 1268 video,
456 1237 508 1262 nisi
520 1236 653 1263 eiusmodi
665 1235 777 1268 fundos,
794 1245 864 1271 quo-

62 1282 124 1301 rum
139 1274 263 1301 subsidio
278 1274 440 1301 familiarum
457 1274 670 1310 magnitudines,
694 1278 719 1300 et
730 1274 864 1301 Cumano-

62 1320 124 1338 rum
136 1320 165 1338 ac
176 1311 382 1339 Puteolanorum
395 1311 564 1347 praediorum
576 1316 702 1346 sumptus
714 1316 864 1338 sustentare

62 1349 178 1384 possint.
200 1349 276 1382 Quod
288 1350 311 1377 si
322 1353 441 1377 vestrum
453 1349 624 1375 commodum
636 1354 750 1384 spectat:
764 1350 862 1380 veniat,

63 1391 89 1413 et
103 1395 192 1413 coram
208 1396 313 1414 mecum
329 1387 362 1414 de
377 1387 432 1422 agri
445 1386 573 1421 Campani
589 1386 722 1413 divisione
734 1387 862 1422 disputet.

62 1423 214 1450 XXIX.79.
223 1424 350 1457 Quaesivi
362 1433 395 1451 ex
406 1433 436 1451 eo
447 1424 575 1450 Kalendis
586 1425 652 1455 Ian.,
663 1424 765 1459 quibus
777 1424 864 1450 homi-

63 1462 145 1489 nibus
160 1466 186 1489 et
201 1462 430 1497 quemadmodum
447 1461 525 1488 illum
542 1470 636 1497 agrum
652 1466 723 1488 esset
733 1462 864 1488 distribu-

63 1503 151 1526 turus.
181 1500 337 1535 Respondit,
351 1509 365 1527 a
377 1499 499 1526 Romulia
512 1499 583 1525 tribu
595 1508 624 1525 se
635 1499 743 1526 initium
755 1507 813 1525 esse
825 1499 865 1526 fa-

63 1541 182 1564 cturum.
213 1537 343 1569 Primum,
356 1546 425 1573 quae
437 1541 477 1563 est
489 1537 538 1563 ista
550 1537 678 1572 superbia
689 1541 714 1563 et
725 1541 865 1563 contume-

63 1573 112 1606 lia,
131 1579 161 1601 ut
171 1574 265 1610 populi
278 1584 338 1610 pars
350 1579 516 1610 amputetur,
535 1574 599 1601 ordo
611 1574 731 1600 tribuum
744 1574 864 1610 negliga-

63 1611 125 1638 tur?
134 1612 202 1639 Ante
213 1613 322 1639 rusticis
333 1613 412 1639 detur
422 1621 493 1648 ager,
507 1612 555 1647 qui
568 1612 676 1643 habent,
689 1620 771 1646 quam
784 1612 864 1638 urba-

63 1649 121 1681 nis,
143 1650 245 1685 quibus
267 1650 317 1677 ista
332 1650 389 1686 agri
405 1658 468 1685 spes
485 1654 511 1676 et
526 1649 680 1676 iucunditas
695 1649 864 1676 ostenditur?

62 1687 125 1719 Aut,
139 1688 162 1714 si
174 1687 223 1714 hoc
234 1687 267 1714 ab
279 1696 308 1715 se
319 1687 421 1714 dictum
434 1691 521 1723 negat,
535 1691 561 1713 et
571 1686 724 1713 satisfacere
735 1687 863 1713 omnibus

62 1724 140 1751 vobis
160 1725 270 1761 cogitat,
293 1725 422 1760 proferat:
446 1725 473 1752 in
489 1725 581 1760 iugera
596 1724 664 1751 dena
680 1724 826 1751 describat:
849 1734 862 1751 a

63 1761 204 1789 Suburana
221 1771 308 1798 usque
324 1763 357 1789 ad
368 1763 526 1790 Arniensem
543 1763 651 1789 nomina
667 1766 755 1789 vestra
767 1771 863 1798 propo-

63 1804 117 1826 nat.
149 1799 178 1827 Si
190 1809 242 1827 non
253 1800 332 1828 modo
343 1800 410 1827 dena
423 1801 515 1836 iugera
526 1799 583 1826 dari
595 1800 681 1831 vobis,
695 1799 744 1826 sed
754 1809 788 1826 ne
799 1809 863 1827 con-

63 1837 156 1872 stipari
171 1838 282 1873 quidem
298 1842 401 1865 tantum
419 1846 562 1865 numerum
579 1838 719 1864 hominum
736 1846 814 1872 posse
835 1838 862 1864 in

62 1883 157 1911 agrum
169 1875 335 1911 Campanum
352 1875 522 1911 intelligetis:
546 1880 670 1902 tamenne
687 1876 777 1902 vexari
794 1884 864 1901 rem-

62 1912 208 1947 publicam,
221 1914 355 1940 contemni
368 1914 533 1940 maiestatem
545 1913 638 1947 populi
650 1913 771 1944 Romani,
785 1912 863 1939 delu-

61 1949 90 1976 di
101 1951 280 1985 vosmetipsos
291 1950 394 1977 diutius
406 1960 419 1977 a
433 1951 540 1978 tribuno
550 1950 638 1986 plebis
650 1950 809 1985 patiemini?
819 1952 861 1976 80.

62 1986 139 2020 Quod
150 1988 174 2014 si
186 1993 276 2023 posset
286 1997 348 2024 ager
359 1989 410 2015 iste
421 1989 454 2014 ad
466 1997 513 2015 vos
525 1989 678 2023 pervenire,
697 1997 785 2015 nonne
800 1997 862 2014 eum

62 2029 151 2051 tamen
161 2025 189 2051 in
200 2026 360 2060 patrimonio
370 2030 458 2052 vestro
469 2035 605 2052 remanere
616 2025 749 2053 malletis?
762 2026 864 2052 Unum-

62 2070 96 2089 ne
112 2061 228 2089 fundum
245 2062 457 2097 pulcherrimum
470 2063 563 2098 populi
575 2064 701 2094 Romani,
725 2068 806 2098 caput
817 2072 864 2090 ve-

62 2103 132 2126 strae
148 2099 290 2134 pecuniae,
312 2101 386 2134 pacis
401 2106 602 2132 ornamentum,
619 2101 775 2127 subsidium
787 2101 862 2133 belli,

63 2135 269 2164 fundamentum
281 2137 467 2173 vectigalium,
486 2138 611 2165 horreum
625 2138 775 2174 legionum,
793 2138 864 2165 sola-

63 2174 130 2201 tium
146 2183 279 2206 annonae,
302 2175 433 2210 disperire
449 2175 606 2210 patiemini?
626 2175 667 2202 An
688 2176 765 2203 obliti
786 2177 862 2208 estis,

63 2211 153 2239 Italico
164 2211 244 2244 bello,
258 2213 367 2239 amissis
378 2213 473 2239 ceteris
485 2213 671 2249 vectigalibus,
680 2218 795 2249 quantos
806 2214 863 2249 agri

64 2248 191 2284 Campani
209 2249 341 2276 fructibus
357 2251 491 2277 exercitus
507 2250 647 2277 alueritisâ€˜?
666 2251 706 2278 An
724 2252 862 2287 ignoratis,

63 2291 148 2314 cetera
160 2286 205 2314 illa
217 2287 356 2323 magnilica
369 2287 462 2323 populi
476 2288 585 2315 llomani
598 2289 748 2325 vectigalia,
761 2288 863 2324 perlevi

63 2332 142 2359 saepe
154 2330 289 2351 momento
301 2325 430 2356 fortunae,
439 2325 610 2352 inclinatione
623 2327 750 2361 temporis
762 2326 864 2361 pende-

64 2360 109 2388 re?
128 2361 199 2394 Quid
219 2371 267 2389 nos
283 2362 362 2389 Asiae
379 2367 485 2398 portus,
508 2363 575 2398 quid
591 2363 682 2399 Syriae
699 2373 773 2395 rura,
795 2363 863 2399 quid

63 2399 152 2426 omnia
173 2400 349 2427 transmarina
370 2400 510 2436 vectigalia
532 2401 681 2432 iuvabunt,
704 2402 863 2428 tenuissima

64 2436 217 2471 suspicione
229 2437 393 2472 praedonum
405 2443 451 2464 aut
463 2438 580 2464 hostium
593 2438 707 2465 iniecta?
717 2440 759 2465 8â´.
773 2439 806 2466 At
818 2448 864 2466 ve-

64 2481 93 2500 ro
103 2473 153 2501 hoc
167 2475 224 2510 agri
235 2474 365 2510 Campani
381 2475 494 2511 vectigal
510 2484 596 2510 quum
612 2476 746 2503 eiusmodi
761 2481 815 2508 est,
834 2481 864 2503 ut

64 2509 136 2538 domi
156 2511 191 2538 sit
211 2516 237 2539 et
256 2513 383 2540 omnibus
404 2512 546 2548 praesidiis
567 2513 727 2548 oppidorum
748 2518 861 2550 tegatur,

64 2551 121 2575 tum
132 2557 220 2584 neque
230 2549 310 2576 bellis
322 2550 460 2582 infestum,
474 2559 523 2577 nec
535 2550 667 2577 fructibus
679 2551 798 2583 varium,
816 2560 864 2578 nec

64 2584 136 2613 eaelo
150 2594 180 2613 ac
196 2586 253 2614 loco
266 2587 452 2615 calamitosum
468 2596 528 2615 esse
538 2588 615 2615 solet.
656 2589 769 2615 Maiores
781 2590 863 2616 nostri

65 2630 117 2650 non
127 2622 216 2651 solum
228 2624 264 2656 id,
277 2625 351 2660 quod
361 2625 395 2652 de
406 2625 551 2661 Campanis
562 2630 695 2660 ceperant,
709 2635 760 2653 non
773 2627 864 2654 immi-

65 2665 195 2693 nuerunt,
212 2669 307 2689 verum
317 2663 398 2690 etiam
410 2663 446 2695 id,
459 2663 532 2698 quod
545 2663 678 2695 tenebant,
691 2664 793 2699 quibus
805 2664 864 2691 adiâ€”

65 2697 103 2724 mi
117 2698 176 2726 iure
191 2707 244 2727 non
259 2704 374 2735 poterat,
390 2705 555 2728 coemeruntâ´
595 2700 652 2734 Qua
663 2701 697 2728 de
707 2710 803 2730 caussa
815 2710 864 2729 nec

1278 155 1310 180 âµ26
1330 169 1367 174 â€”
1388 156 1429 180 3â´.
1659 156 1707 182 407

912 223 966 250 duo
978 224 1105 256 Gracchi,
1122 225 1171 259 qui
1182 224 1215 251 de
1226 224 1312 260 plebis
1324 226 1456 251 Romanae
1467 225 1614 252 commodis
1626 226 1712 260 pluri-

913 270 988 287 mum
1000 262 1198 297 cogitaverunt,
1217 271 1265 288 nec
1275 263 1305 288 L.
1319 262 1408 294 Sulla,
1426 263 1474 297 qui
1486 264 1574 289 omnia
1586 264 1644 289 sine
1657 264 1711 290 ulla

913 298 1054 334 religione,
1072 300 1173 334 quibus
1185 299 1282 331 voluit,
1300 305 1340 326 est
1356 299 1510 336 dilargitus,
1527 310 1621 336 agrum
1633 301 1712 327 Cam-

914 345 1014 371 panum
1025 337 1155 372 attingere
1166 346 1249 363 ausus
1260 342 1310 364 est.
1341 337 1437 364 Rullus
1449 339 1560 369 exstitit,
1578 339 1626 374 qui
1638 347 1671 365 ex
1682 348 1711 365 ea

913 374 1085 408 possessione
1110 375 1305 409 rempublicam
1330 374 1496 406 demoveret,
1529 384 1562 402 ex
1586 385 1640 411 qua
1665 385 1713 403 nec

914 411 1096 437 Gracchorum
1108 412 1260 447 benignitas
1272 421 1339 443 eam,
1353 421 1401 439 nec
1408 413 1498 439 Sullae
1509 413 1655 440 dominatio
1665 414 1713 440 de-

914 449 1030 475 iecisset.
1070 449 1159 475 XXX.
1173 449 1257 481 Quem
1269 459 1364 485 agrum
1376 459 1447 476 nunc
1458 456 1656 485 praetereuntes
1667 460 1714 478 ve-

914 490 1000 512 strum
1012 494 1071 512 esse
1081 486 1181 517 dicitis,
1195 491 1220 513 et
1230 496 1312 522 quem
1324 496 1371 522 per
1382 488 1431 514 iter
1441 489 1489 523 qui
1501 488 1611 520 faciunt,
1625 494 1714 515 exterâ€”

915 523 941 549 ni
953 523 1085 555 homines,
1100 529 1220 550 vestrum
1232 533 1290 551 esse
1302 525 1429 552 audiunt:
1451 526 1474 551 is
1485 535 1570 560 quum
1582 528 1631 553 erit
1642 527 1714 552 divi-

914 569 971 592 sus,
985 570 1073 596 neque
1084 561 1133 587 erit
1145 570 1232 596 neque
1244 567 1332 588 vester
1343 571 1401 589 esse
1413 563 1525 589 dicetur.
1567 566 1608 590 82.
1621 566 1655 590 At
1665 564 1713 598 qui

915 598 1037 624 homines
1053 598 1250 633 possidebunt?
1269 600 1358 626 Primo
1372 600 1483 635 quidem
1499 610 1586 632 acres,
1609 602 1642 627 ad
1658 603 1713 628 vim

915 636 1040 670 prompti,
1054 636 1087 662 ad
1099 636 1258 663 seditionem
1271 638 1362 671 parati,
1372 638 1430 672 qui,
1442 639 1556 664 simulac
1568 639 1713 665 decemviri

914 674 1130 708 concrepuerint,
1148 675 1242 700 armati
1258 675 1285 700 in
1301 675 1374 700 cives
1390 680 1415 701 et
1430 676 1550 710 expediti
1561 676 1594 702 ad
1605 676 1713 702 caedem

915 718 973 736 esse
985 711 1099 745 possint.
1140 711 1241 738 Deinde
1252 712 1286 738 ad
1297 721 1409 746 paucos,
1427 713 1525 747 opibus
1542 718 1567 740 et
1577 715 1662 748 copiis
1674 714 1714 740 as-

915 746 1040 779 fluentes,
1059 753 1144 774 totum
1161 758 1255 784 agrum
1267 749 1434 784 Campanum
1451 750 1562 784 perferri
1575 751 1711 778 videbitis.

915 785 996 811 Vobis
1008 786 1122 817 interea,
1140 787 1188 821 qui
1204 786 1264 812 illas
1276 796 1289 813 a
1301 787 1448 813 maioribus
1461 788 1656 822 pulcherrimas
1668 798 1715 815 ve-

915 822 1053 858 ctigalium
1065 823 1142 849 sedes
1154 824 1235 850 armis
1247 829 1337 859 captas
1349 826 1585 860 accepistis-â€šgleba
1597 826 1669 852 nulla
1681 827 1713 853 de

915 861 1033 894 paternis
1049 865 1130 896 atque
1145 862 1225 888 avitis
1241 863 1460 897 possessionibus
1481 860 1661 898 relinquetur:
1685 873 1714 890 ae

916 903 1018 924 tantum
1034 898 1154 925 intererit
1169 899 1238 925 inter
1254 905 1369 926 vestram
1385 905 1410 926 et
1422 901 1586 935 privatorum
1599 901 1715 937 diligen-

915 935 994 962 tiam:
1017 936 1103 971 quod,
1125 945 1212 971 quum
1228 946 1242 963 a
1258 938 1404 964 maioribus
1421 939 1518 964 nostris
1531 939 1559 965 P.
1574 939 1712 970 Lentulus,

914 974 961 1008 qui
973 973 1099 1008 princeps
1111 979 1234 1006 senatuS,
1251 976 1278 1001 in
1291 984 1319 1001 ea
1333 975 1387 1002 loca
1400 976 1500 1002 missus
1512 981 1595 1007 esset,
1619 982 1648 1002 ut
1660 977 1716 1011 pri-

916 1016 989 1037 vatos
1001 1020 1087 1047 agros,
1102 1012 1150 1046 qui
1162 1013 1188 1038 in
1200 1013 1341 1047 publicum
1354 1013 1520 1048 Campanum
1533 1014 1712 1046 incurrebant,

915 1049 1028 1083 pecunia
1041 1049 1149 1083 publica
1165 1055 1309 1082 coemeret,
1326 1051 1425 1077 dicitur
1441 1052 1623 1083 renuntiasse,
1641 1052 1715 1078 nulla

915 1094 944 1112 se
959 1087 1073 1121 pecunia
1090 1087 1205 1113 fundum
1221 1088 1362 1114 cuiusdam
1379 1097 1466 1115 emere
1482 1090 1616 1124 potuisse:
1639 1098 1716 1116 eum-

915 1132 976 1158 que,
990 1124 1039 1159 qui
1051 1124 1133 1151 nollet
1144 1125 1268 1157 vendere,
1282 1126 1342 1152 ideo
1353 1135 1465 1162 negasse
1476 1136 1504 1152 se
1516 1127 1614 1153 adduci
1626 1136 1713 1162 posse,

915 1162 954 1187 uti
966 1161 1105 1193 venderet,
1122 1162 1209 1197 quod,
1227 1172 1313 1198 quum
1325 1163 1416 1199 plures
1428 1164 1526 1190 fundos
1539 1164 1660 1196 haberet,
1683 1174 1716 1191 ex

915 1198 961 1225 illo
977 1199 1034 1226 solo
1050 1199 1134 1226 fundo
1149 1209 1297 1236 numquam
1320 1201 1422 1228 malum
1443 1203 1569 1228 nuntium
1585 1202 1713 1229 audisset.

916 1238 956 1263 83.
973 1237 1045 1263 Itane
1057 1237 1137 1264 vero'?
1156 1239 1292 1273 privatum
1305 1239 1369 1265 haec
1381 1248 1475 1266 caussa
1487 1241 1645 1266 commovit:
1668 1249 1716 1275 po-

915 1274 1011 1309 pulum
1024 1275 1187 1307 Romanum,
1202 1285 1234 1303 ne
1246 1285 1340 1312 agrum
1353 1277 1519 1312 Campanum
1531 1278 1644 1312 privatis
1655 1287 1717 1313 gra-

916 1313 964 1343 tis,
987 1312 1066 1339 Rullo
1082 1318 1203 1349 rogante,
1227 1314 1320 1345 tradat,
1344 1324 1396 1341 non
1412 1315 1610 1342 commovebit?
1629 1316 1716 1350 Atque

916 1349 987 1376 idem
1000 1350 1117 1385 populus
1130 1352 1264 1378 Romanus
1276 1352 1308 1378 de
1322 1352 1370 1378 boc
1382 1352 1506 1388 vectigali
1518 1357 1605 1387 potest
1615 1353 1713 1382 dicere,

915 1387 988 1422 quod
1005 1387 1050 1414 ille
1065 1387 1098 1414 de
1114 1397 1163 1415 suo
1179 1388 1262 1415 fundo
1278 1390 1381 1415 dixisse
1392 1390 1500 1416 dicitur.
1541 1391 1604 1416 Asia
1617 1390 1715 1417 multos

916 1434 999 1451 annos
1016 1425 1093 1452 vobis
1105 1425 1222 1452 fructum
1234 1427 1415 1453 Mithridatico
1426 1428 1496 1453 bello
1508 1437 1559 1454 non
1572 1427 1646 1454 tulit:
1670 1429 1717 1454 lli-

916 1463 1072 1497 spaniarum
1094 1463 1207 1499 vectigal
1235 1465 1402 1499 temporibus
1423 1465 1582 1492 Sertorianis
1608 1465 1715 1492 nullum

916 1499 980 1526 suit:
1005 1499 1112 1527 Siciliae
1127 1502 1283 1528 civitatibus
1295 1502 1366 1528 bello
1378 1502 1553 1537 fugitivorum
1566 1503 1607 1529 Îœâ€™.
1621 1503 1717 1538 Aquil-

916 1537 969 1564 lius
981 1537 1060 1564 etiam
1072 1543 1198 1565 mutuum
1211 1538 1376 1566 frumentum
1393 1540 1476 1566 dedit.
1516 1540 1549 1567 At
1565 1550 1597 1566 ex
1611 1540 1658 1566 boc
1671 1550 1717 1567 ve-

915 1575 1005 1611 ctigali
1022 1584 1172 1610 numquam
1190 1577 1277 1603 malus
1290 1578 1401 1603 nuntius
1413 1577 1522 1604 auditus
1534 1583 1583 1604 est.
1625 1578 1716 1604 Cetera

916 1612 1056 1648 vectigalia
1073 1613 1136 1640 belli
1152 1614 1359 1642 difficultatibus
1375 1614 1544 1651 affliguntur:
1569 1616 1617 1642 hoc
1633 1617 1716 1642 vecti-

915 1650 969 1686 gali
981 1651 1060 1677 etiam
1072 1651 1136 1677 belli
1150 1651 1288 1678 facultates
1300 1657 1495 1679 sustentantur.
1522 1654 1563 1679 Sl.
1578 1653 1676 1680 Deinde
1689 1654 1715 1680 in

916 1688 966 1714 bac
976 1689 1158 1724 assignatione
1169 1698 1294 1725 agrorum
1308 1699 1339 1716 ne
1351 1690 1419 1716 illud
1431 1690 1542 1725 quidem
1554 1690 1606 1717 dici
1618 1696 1714 1725 potest,

914 1726 988 1761 quod
1000 1727 1027 1752 in
1038 1726 1133 1753 ceteris
1142 1747 1148 1757 ,
1161 1736 1238 1762 agros
1249 1727 1368 1754 desertos
1381 1737 1394 1754 a
1406 1727 1484 1762 plebe
1496 1733 1575 1763 atque
1587 1737 1599 1754 a
1611 1728 1716 1755 cultura

916 1763 1057 1790 hominum
1075 1764 1221 1791 liberorum
1238 1774 1297 1791 esse
1314 1775 1365 1792 non
1381 1770 1511 1800 oportere.
1553 1766 1654 1792 XXXI.
1673 1766 1716 1793 Sic

915 1802 987 1828 enim
998 1801 1071 1828 dico:
1089 1802 1113 1828 si
1124 1802 1277 1837 Campanus
1294 1812 1357 1839 ager
1372 1803 1521 1834 dividatur,
1540 1803 1676 1830 exturbari
1693 1809 1717 1830 et

915 1839 1014 1874 expelli
1036 1839 1143 1874 plebem
1165 1849 1199 1867 ex
1219 1841 1305 1876 agris,
1329 1850 1380 1867 non
1397 1841 1523 1867 constitui
1540 1846 1565 1867 ct
1580 1841 1714 1868 collocari.

915 1877 997 1904 Totus
1009 1878 1080 1904 enim
1093 1878 1315 1913 agerCampauus
1327 1878 1423 1905 colitur
1433 1883 1459 1904 et
1471 1879 1624 1913 possidetur
1634 1888 1648 1905 a
1661 1879 1717 1914 ple-

916 1914 961 1946 be,
979 1919 1005 1941 et
1020 1924 1034 1941 a
1050 1915 1129 1950 plebe
1144 1916 1244 1950 optima
1261 1921 1286 1942 et
1302 1916 1516 1943 modestissima:
1537 1916 1609 1951 quod
1630 1926 1716 1952 genus

916 1953 1056 1979 hominum
1068 1954 1168 1987 optime
1181 1958 1322 1985 moratum,
1335 1955 1498 1989 optimorum
1510 1959 1535 1980 et
1547 1959 1680 1980 aratorum
1692 1960 1717 1980 et

916 1990 1050 2021 militum,
1072 1991 1104 2017 ab
1127 1991 1175 2017 lioc
1191 1991 1321 2026 plebicola
1338 1992 1446 2018 tribuno
1462 1991 1584 2018 funditus
1600 1993 1714 2018 eiicitur.

915 2029 1002 2063 Atque
1014 2028 1053 2055 illi
1066 2029 1171 2059 miseri,
1190 2029 1242 2055 nati
1256 2030 1282 2055 in
1295 2029 1349 2055 illis
1364 2030 1436 2063 agris
1452 2034 1477 2055 et
1493 2030 1612 2060 educati,
1629 2029 1716 2065 glebis

915 2065 1075 2101 subigendis
1087 2066 1233 2097 exercitati,
1246 2076 1300 2101 quo
1311 2076 1339 2093 se
1351 2067 1441 2093 subito
1452 2067 1596 2096 conferant.
1606 2076 1657 2093 non
1671 2067 1717 2093 lia-

916 2104 1031 2130 bebunt:
1056 2104 1098 2130 his
1119 2104 1237 2130 robustis
1257 2109 1282 2130 et
1298 2104 1450 2130 valentibus
1466 2109 1492 2131 et
1507 2105 1655 2131 audacibus
1670 2104 1717 2130 de-

915 2142 1064 2168 cemvirum
1086 2141 1250 2168 satellitibus
1271 2142 1327 2177 agri
1349 2142 1477 2176 Campani
1504 2143 1640 2176 possessio
1665 2147 1717 2168 tota

916 2179 1048 2206 tradetur:
1066 2183 1100 2210 et,
1116 2184 1144 2205 ut
1156 2188 1202 2205 vos
1215 2188 1286 2205 nunc
1298 2179 1330 2205 de
1343 2180 1439 2205 vestris
1452 2180 1600 2206 maioribus
1612 2180 1717 2214 praedi-

892 2237 894 2240 .
915 2217 995 2243 catis:
1020 2216 1091 2243 hunc
1107 2225 1201 2251 agrum
1219 2217 1296 2243 nobis
1312 2217 1425 2242 maiores
1438 2217 1520 2243 nostri
1533 2217 1714 2252 reliquerunt:

915 2254 955 2280 sic
967 2254 1048 2280 vestri
1061 2254 1160 2288 posteri
1171 2254 1203 2280 de
1215 2254 1292 2280 vobis
1304 2254 1510 2288 praedicabunt:
1535 2254 1606 2280 bunc
1622 2263 1715 2289 agrum

916 2295 1005 2325 patres
1017 2292 1109 2322 nostri,
1128 2296 1267 2325 acceptum
1280 2300 1293 2317 a
1311 2292 1431 2326 patribus
1447 2293 1514 2321 suis,
1533 2291 1715 2326 perdiderunt.

916 2330 958 2355 â¸5.
971 2328 1103 2363 Equidem
1116 2329 1250 2359 existimo,
1264 2329 1288 2354 si
1300 2329 1351 2355 iam
1363 2338 1476 2363 caiiipus
1489 2329 1599 2355 Martius
1611 2329 1717 2355 â€¹livida-

917 2370 972 2396 tur,
989 2370 1015 2392 et
1027 2366 1073 2392 uni
1084 2367 1184 2400 cuique
1195 2371 1329 2396 vestrum,
1348 2366 1394 2392 ubi
1406 2367 1547 2395 consistat,
1566 2367 1621 2392 bini
1635 2366 1716 2401 pedes

915 2403 1096 2437 assignentur,
1110 2408 1197 2429 tamen
1210 2404 1362 2438 promiscue
1375 2408 1525 2438 numquam
1538 2405 1644 2439 proprie
1656 2413 1716 2439 par-

917 2450 947 2466 va
961 2440 1012 2467 frui
1026 2445 1098 2475 parte
1110 2440 1226 2467 maletis.
1247 2442 1344 2472 Quare,
1357 2442 1462 2467 etiamsi
1474 2441 1506 2467 ad
1520 2450 1566 2467 vos
1577 2446 1647 2467 esset
1659 2442 1716 2468 sin-

914 2477 993 2513 gulos
1014 2478 1118 2513 aliquid
1139 2487 1173 2504 ex
1194 2478 1242 2504 lioc
1263 2487 1326 2512 agro
1346 2483 1552 2513 perventurum.
1574 2479 1621 2514 qui
1639 2480 1715 2506 vobis

915 2515 1078 2546 ostenditur,
1100 2515 1161 2542 aliis
1181 2520 1364 2550 comparatur:
1388 2521 1475 2542 tamen
1498 2516 1637 2543 honestius
1652 2525 1713 2543 eum

916 2562 962 2579 vos
975 2553 1105 2584 universi,
1118 2562 1200 2588 quam
1211 2553 1313 2587 singuli
1326 2553 1510 2588 possideretis.
1552 2554 1628 2581 Nunc
1641 2563 1712 2584 vero,

914 2599 1000 2625 quum
1011 2590 1044 2617 ad
1058 2600 1104 2617 vos
1116 2590 1183 2617 nillil
1196 2591 1339 2626 pertineat,
1353 2591 1399 2617 sed
1411 2596 1518 2626 paretur
1529 2591 1603 2623 aliis,
1617 2592 1714 2627 eripia-

914 2632 958 2654 tur
970 2627 1059 2655 vobis:
1074 2637 1161 2655 nonne
1172 2628 1308 2659 acerrime,
1323 2633 1459 2663 tamquam
1471 2634 1572 2655 armato
1583 2629 1662 2659 hosti,
1676 2630 1714 2655 sic

915 2665 978 2692 huic
991 2665 1042 2701 legi
1054 2674 1101 2700 pro
1114 2667 1209 2692 vestris
1221 2666 1292 2701 agris
1309 2665 1458 2693 resistetis?
1477 2666 1607 2701 Adiungit
1619 2667 1712 2693 Stella-

915 2707 968 2730 tem
979 2711 1105 2739 campum
1117 2712 1180 2740 agro
1191 2703 1339 2739 Campano,
1357 2709 1383 2731 et
1399 2704 1424 2731 in
1437 2712 1468 2731 eo
1478 2703 1600 2731 duodena
1612 2704 1714 2731 descri-
