1941 3052
627 131 827 158 BRCTL‘S.
863 132 960 158 CAP.

62 209 135 231 antea
159 204 293 230 neminem
316 203 424 230 solitum
448 204 489 229 via
513 212 561 229 nec
581 207 644 234 arte,
669 202 716 229 sed
735 207 855 229 accurate

62 248 149 268 tamen
171 246 197 268 et
219 241 252 267 de
275 241 374 276 scripto
396 240 540 275 plerosque
561 240 661 273 dicere3
689 241 855 275 scriptasque

62 279 146 306 fuisse
159 284 185 306 et
198 282 302 314 paratas
316 287 330 304 a
343 279 485 313 Protagora
500 286 588 304 rerum
602 277 748 304 illustrium
761 277 856 312 dispu—

62 318 185 348 tationes,
217 325 286 352 quae
317 324 388 342 nunc
413 324 569 342 communes
595 315 763 349 appellantur
789 314 854 341 loci:

63 356 103 381 47.
127 354 199 389 quod
221 355 294 381 idem
313 352 407 379 fecisse
426 353 564 388 Gorgiam,
585 361 670 387 quum
688 352 856 387 singularum

62 401 150 418 rerum
166 392 258 418 laudes
272 391 534 425 vituperationesque
548 390 764 424 conscripsisset,
784 388 857 424 quod

62 429 192 456 iudicaret
205 429 254 455 hoc
265 429 374 454 oratoris
385 436 444 454 esse
455 428 569 454 maxime
579 428 726 462 proprium,
740 435 795 452 rem
809 435 858 452 au-

62 475 123 503 gere
142 475 220 501 posse
238 465 383 495 laudando,
405 464 634 500 vituperandoque
649 473 742 490 rursus
756 463 858 498 afflige—

64 513 104 530 re:
134 504 198 530 huic
219 503 411 537 Antiphontem
433 502 630 529 Rhamnusium
652 501 751 528 similia
775 509 859 535 quae-

62 541 122 568 dam
137 541 264 567 habuisse
276 540 436 574 conscripta;
453 548 506 575 quo
517 539 650 565 neminem
661 547 790 573 umquam
802 546 859 564 me-

64 579 116 605 lius
140 578 222 604 ullam
244 578 363 605 oravisse
380 578 475 612 capitis
493 585 624 607 caussam,
649 584 735 610 quum
754 584 781 600 se
800 576 858 609 ipse

63 615 228 647 defenderet,
261 624 289 642 se
320 615 456 645 audiente,
490 613 609 648 locuples
635 617 725 639 auctor
751 612 859 646 scripsit

63 653 249 689 Thucydides:
276 654 317 679 48.
338 661 398 678 nam
421 652 527 687 Lysiam
551 651 637 685 primo
659 650 776 684 profiteri
794 649 859 675 soli-

63 695 120 717 tum
143 695 225 717 artem
249 699 307 716 esse
329 688 448 721 dicendi,
471 688 580 719 deinde,
605 687 677 722 quod
702 686 858 713 Theodorus

63 732 134 754 esset
147 729 175 754 in
189 732 244 754 arte
257 726 393 757 subtilior,
410 726 436 752 in
451 725 615 752 orationibus
630 729 718 751 autem
732 725 855 755 ieiunior,

63 766 193 792 orationes
217 773 278 791 eum
300 763 415 790 scrihere
436 762 495 789 aliis
517 763 650 797 coepisse,
671 766 754 788 artem
772 770 859 787 remo-

64 803 148 829 visse:
175 802 299 828 similiter
315 802 455 827 Isocratem
475 801 561 835 primo
578 804 660 826 artem
679 799 786 825 dicendi
800 807 858 825 esse
880 814 881 824 l

64 840 217 875 negavisse,
244 839 360 865 scribere
386 842 474 864 autem
502 837 561 864 aliis
585 837 693 863 solitum
716 837 855 867 orationes,
879 855 881 874 ἱ,

63 877 162 912 quibus
180 877 209 903 in
226 876 334 903 iudiciis
348 879 498 902 uterentur:
521 875 578 906 sed,
594 883 679 909 quum
693 882 727 900 ex
740 882 778 904 eo,
795 874 859 908 quia
879 875 881 903 l

63 915 140 950 quasi
162 914 337 940 committeret
360 917 448 939 contra
472 912 571 948 legem,
596 920 651 947 quo
672 912 734 946 quis
760 911 859 937 iudicio

63 951 314 982 circumveniretur,
341 958 419 985 saepe
435 950 492 985 ipse
510 951 538 976 in
558 949 689 976 iudicium
708 953 855 979 vocaretur,

63 990 193 1016 orationes
219 988 278 1015 aliis
304 988 440 1014 destitisse
466 988 581 1014 scribere
608 991 748 1021 totumque
774 995 802 1012 se
825 985 858 1012 ad

64 1031 132 1053 artes
146 1025 342 1061 componendas
357 1025 536 1051 transtulisse.
571 1025 642 1050 XIII.
671 1025 712 1050 49.
728 1024 760 1049 Et
776 1024 858 1050 Grae-

63 1065 119 1091 ciae
137 1064 246 1099 quidem
265 1068 398 1090 oratorum
417 1067 509 1097 partus
527 1067 606 1097 atque
622 1061 706 1087 sontes
722 1061 808 1092 vides,
826 1060 858 1086 ad

64 1106 213 1128 nostrorum
236 1101 371 1127 annalium
395 1101 523 1126 rationem
541 1104 656 1129 veteres,
686 1098 719 1125 ad
738 1099 858 1133 ipsorum

64 1148 126 1166 sane
145 1143 272 1165 recentes.
306 1139 372 1164 Nam
390 1142 533 1172 antequam
548 1137 675 1163 delectata
694 1140 733 1162 est
747 1136 859 1162 Atheni-

64 1177 168 1203 ensium
182 1177 276 1203 civitas
290 1175 339 1202 hac
354 1175 431 1201 laude
441 1174 556 1205 dicendi,
569 1174 652 1200 multa
663 1174 715 1200 iam
728 1182 859 1199 memora—

64 1214 128 1241 bilia
150 1218 175 1240 et
197 1214 225 1240 in
244 1213 397 1240 domesticis
415 1217 440 1239 et
459 1213 486 1239 in
504 1211 608 1238 bellicis
627 1211 708 1238 rebus
726 1210 856 1237 effecerat.

64 1252 117 1278 Hoc
131 1256 220 1278 autem
234 1251 355 1278 studium
370 1259 422 1276 non
436 1254 491 1276 erat
504 1257 645 1276 commune
660 1249 794 1279 Graeciae,
811 1248 859 1274 sed

63 1289 201 1324 proprium
219 1288 393 1315 Athenarum.
427 1289 469 1314 50.
489 1287 556 1319 Quis
574 1287 644 1313 enim
664 1290 710 1312 aut
727 1286 857 1321 Argivum

63 1331 193 1353 oratorem
216 1330 261 1352 aut
279 1325 446 1352 Corinthium
466 1329 511 1351 aut
529 1324 686 1350 Thebanum
706 1324 757 1350 scit
775 1323 859 1349 fuisse

64 1364 230 1399 temporibus
254 1362 326 1389 illisi>
352 1363 403 1388 nisi
426 1362 491 1397 quid
514 1362 547 1388 de
564 1361 762 1396 Epaminonda,
782 1360 859 1387 docto

63 1401 180 1433 homine,
196 1401 326 1435 suspicari
342 1400 414 1426 libet.
442 1400 681 1426 Lacedaemonium
697 1407 758 1424 vero
772 1407 859 1432 usque
880 1405 881 1408 ’

64 1439 96 1465 ad
119 1439 168 1465 hoc
190 1443 296 1472 tempus
315 1437 405 1464 audivi
427 1436 510 1463 fuisse
529 1437 673 1463 neminem.
708 1435 858 1462 Menelaum

63 1477 168 1511 ipsum,
193 1476 300 1502 dulcem
319 1475 397 1502 illum
415 1474 526 1510 quidem
549 1474 628 1500 tradit
646 1474 790 1504 Homerus,
811 1473 858 1499 sed

64 1522 147 1549 pauca
161 1513 303 1539 dicentem.
324 1512 442 1539 Brevitas
457 1517 545 1538 autem
560 1512 618 1537 laus
632 1516 672 1537 est
687 1511 820 1537 interdum
832 1511 859 1537 in

65 1551 153 1586 aliqua
171 1555 245 1585 parte
264 1550 383 1581 dicendi,
404 1550 431 1576 in
446 1550 571 1576 universa
585 1549 735 1583 eloquentia
752 1548 858 1574 laudem

65 1597 116 1615 non
138 1588 225 1615 habet.
260 1589 302 1614 54.
322 1587 355 1614 At
376 1596 439 1614 vero
457 1591 529 1613 extra
548 1587 684 1613 Graeciam
706 1594 800 1621 magna
818 1586 860 1611 di-

64 1625 140 1652 cendi
164 1626 252 1652 studia
276 1625 392 1656 fuerunt,
415 1625 580 1659 maximique
603 1623 666 1650 huic
682 1623 752 1649 laudi
774 1623 858 1649 habiti

65 1663 176 1690 honores
195 1663 299 1689 illustre
317 1667 449 1689 oratorum
465 1671 560 1688 nomen
574 1661 757 1687 reddiderunt.
792 1661 858 1686 Nam

64 1705 94 1727 ut
107 1700 188 1727 semel
203 1709 217 1727 e
230 1701 336 1726 Piraeeo
350 1700 499 1735 eloquentia
514 1703 603 1725 evecta
618 1703 666 1729 est,
680 1706 772 1724 omnes
783 1706 859 1732 pera-

64 1739 151 1774 gravit
168 1737 270 1764 insulas
289 1742 368 1772 atque
386 1738 420 1763 ita
439 1737 604 1772 peregrinata
619 1740 669 1762 tota
683 1736 746 1762 Asia
760 1740 813 1766 est,
831 1740 860 1761 ut

65 1784 93 1802 se
104 1776 220 1802 externis
234 1775 363 1801 oblineret
377 1775 506 1805 moribus,
523 1782 683 1808 omnemque
698 1773 771 1801 illam
786 1772 860 1799 salu—

65 1813 187 1839 britatem
201 1813 302 1839 Atticae
315 1812 439 1838 dictionis
453 1816 478 1838 et
491 1812 568 1846 quasi
584 1812 722 1837 sanitatem
739 1810 860 1845 perderet

65 1859 94 1876 ac
109 1850 181 1885 loqui
196 1858 279 1885 paene
293 1849 449 1876 dedisceret.
477 1850 543 1875 Hinc
556 1849 665 1875 Asiatici
679 1853 795 1875 oratores
807 1857 859 1874 non

64 1887 250 1914 contemnendi
272 1887 382 1922 quidem
406 1896 453 1913 nec
475 1886 608 1913 celeritate
627 1894 675 1912 nec
698 1886 786 1920 copia,
812 1885 860 1912 sed

65 1933 159 1960 parum
178 1925 263 1960 pressi
282 1929 307 1951 et
321 1925 400 1951 nimis
415 1924 607 1955 redundantem
631 1923 727 1949 Rhodii
741 1923 860 1950 saniores

65 1967 90 1989 et
100 1962 246 1989 Atticorum
257 1962 408 1989 similiores.
432 1963 473 1988 52.
489 1961 542 1987 Sed
553 1961 586 1987 de
597 1961 705 1987 Graecis
716 1960 858 1994 hactenus3

66 2001 162 2026 etenim
178 2000 241 2026 haec
254 2001 313 2034 ipsa
327 1999 436 2025 forsitan
451 1998 549 2025 suerint
563 2007 614 2024 non
629 1998 787 2024 necessaria.

119 2038 187 2063 Tum
205 2038 317 2068 Brutus,
338 2037 389 2063 Ista
408 2044 481 2067 vero,
504 2036 600 2070 inquit,
616 2044 697 2070 quam
712 2035 860 2062 necessaria

66 2074 177 2106 suerint,
198 2083 250 2101 non
270 2073 346 2100 facile
357 2074 484 2100 dixerim:
508 2072 624 2099 iucunda
637 2077 706 2099 certe
721 2073 787 2099 mibi
803 2072 862 2099 fue·
889 2095 890 2098 ,

66 2116 136 2143 runt,
161 2120 248 2147 neque
270 2111 357 2138 solum
381 2119 433 2138 non
452 2110 542 2146 longa,
563 2109 611 2137 sed
629 2110 709 2136 etiam
728 2110 858 2141 breviora,

66 2158 147 2185 quam
168 2149 275 2176 vellem.
309 2148 429 2183 Optime,
449 2148 573 2183 inquam;
602 2148 649 2174 sed
668 2148 808 2174 veniamus
827 2147 861 2175 ad

67 2191 178 2218 nostros,
194 2186 227 2213 de
241 2186 342 2221 quibus
356 2185 465 2212 difficile
479 2190 519 2212 est
533 2185 594 2220 plus
605 2184 761 2219 intelligere,
778 2194 860 2220 quam

66 2228 196 2259 quantum
203 2232 236 2250 ex
246 2223 427 2250 monumentis
437 2223 568 2257 suspicari
582 2223 650 2249 licet.
666 2222 735 2248 XIV.
744 2224 785 2249 53.
793 2222 860 2254 Quis

67 2261 137 2288 enim
151 2265 226 2297 putet
240 2265 285 2288 aut
298 2260 459 2287 celeritatem
473 2260 574 2295 ingenii
590 2261 619 2286 L.
635 2261 715 2286 Bruto
729 2260 769 2286 illi
784 2260 861 2287 nobi-

68 2297 148 2325 litatis
166 2303 269 2326 vestrae
287 2298 401 2333 principi
417 2297 554 2324 defuisse?
579 2298 627 2333 qui
645 2297 678 2324 de
697 2302 779 2324 matre
798 2306 860 2324 sua-

69 2335 163 2363 vianda
189 2345 223 2363 ex
247 2335 354 2363 oraculo
381 2334 513 2370 Apollinis
538 2339 590 2361 tam
614 2339 689 2361 acute
713 2339 860 2371 arguteque

67 2373 218 2407 coniecerit3
254 2374 302 2409 qui
332 2381 466 2399 summam
494 2372 662 2407 prudentiam
690 2372 860 2398 simulatione

68 2410 194 2437 stultitiae
212 2411 319 2443 texerit,
341 2411 389 2445 qui
409 2410 624 2444 potentissimum
643 2417 747 2445 regem,
767 2409 861 2435 claris-

67 2447 129 2474 simi
147 2449 217 2484 regis
237 2448 336 2479 filium,
357 2447 504 2482 expulerit,
524 2447 714 2481 civitatemque
732 2451 860 2481 perpetuo

68 2484 204 2512 dominatu
219 2485 355 2512 liberatam
370 2484 571 2521 magistratibus
581 2484 686 2514 annuis,
702 2483 807 2519 legibus
817 2484 861 2510 iu-

68 2521 199 2557 diciisque
229 2522 391 2554 devinxerit3
425 2522 471 2557 qui
499 2521 615 2557 collegae
641 2529 691 2547 suo
716 2521 860 2555 imperium

68 2558 246 2596 abrogaverit,
267 2564 297 2586 ut
314 2568 328 2586 e
345 2560 452 2586 civitate
467 2558 562 2595 regalis
575 2559 690 2585 nominis
705 2558 859 2584 memoriam

70 2595 182 2624 tolleret:
204 2597 277 2632 quod
298 2601 368 2624 certe
391 2596 460 2623 effici
485 2605 536 2623 non
556 2596 699 2631 potuisset,
721 2596 771 2622 nisi
790 2599 861 2622 esset

68 2634 183 2661 oratione
201 2642 370 2670 persuasum.
404 2634 446 2660 51».
462 2634 589 2660 Videmus
604 2634 665 2660 item
681 2633 773 2668 paucis
784 2633 861 2659 annis

70 2675 127 2706 post
140 2679 215 2708 reges
229 2676 343 2703 exactos,
356 2679 441 2707 quum
456 2670 547 2706 plebes
562 2679 643 2707 prope
655 2671 739 2705 ripam
752 2670 860 2697 Anienis

996 133 1010 157 9
1031 147 1066 150 -
1090 132 1128 157 15.
1654 133 1699 157 4:39

907 202 939 228 ad
959 202 1065 228 tertium
1085 201 1240 227 milliarium
1255 201 1426 232 consedisset,
1443 209 1558 235 eumque
1574 206 1698 233 montem,

907 240 953 273 qui
973 239 1051 265 Sacer
1069 238 1218 273 appellatus
1237 243 1289 270 est,
1305 238 1498 273 occupavisset,
1515 238 1550 264 M.
1566 238 1700 265 Valerium

907 277 1060 303 dictatorem
1087 276 1200 302 dicendo
1222 275 1359 302 sedavisse
1382 275 1542 306 discordias,
1567 276 1646 310 eique
1669 277 1702 302 ob

908 323 965 339 eam
980 322 1035 339 rem
1047 314 1160 340 honores
1170 313 1350 348 amplissimos
1362 313 1466 339 habitos
1477 317 1502 338 et
1513 321 1574 338 eum
1585 313 1702 347 primum

908 352 941 377 ob
960 360 1017 377 eam
1036 352 1122 385 ipsam
1142 359 1265 377 caussam
1284 351 1430 376 Maximum
1450 358 1508 376 esse
1527 350 1701 384 appellatum.

908 389 946 414 Ne
962 389 990 414 L.
1007 388 1139 414 Valerium
1154 388 1264 423 quidem
1278 388 1393 414 Potitum
1409 387 1520 414 arbitror
1534 396 1586 414 non
1601 387 1702 422 aliquid

909 427 1028 460 potuisse
1051 425 1171 456 dicendo,
1197 425 1245 460 qui
1267 430 1326 459 post
1349 424 1554 451 decemviralem
1573 425 1703 451 invidiam

909 462 1014 497 plebem
1042 464 1068 488 in
1092 468 1180 497 patres
1202 463 1335 489 incitatam
1361 462 1468 497 legibus
1487 466 1511 488 et
1529 463 1703 488 concionibus

909 501 966 526 suis
989 501 1159 535 mitigaverit.
1194 501 1235 526 55.
1257 500 1405 526 Possumus
1423 499 1541 534 Appium
1561 499 1703 526 Claudium

910 538 1041 572 suspicari
1055 537 1194 568 disertum,
1211 538 1274 572 quia
1287 542 1409 563 senatum
1424 537 1531 564 iamiam
1546 537 1703 563 inclinatum

910 584 922 600 a
941 575 1035 610 Pyrrhi
1055 583 1118 609 pace
1136 575 1310 600 revocaverit:
1335 583 1480 609 possumus
1495 574 1523 601 C.
1540 575 1701 605 Fabricium,

910 613 973 646 quia
987 612 1022 638 sit
1037 612 1069 637 ad
1084 612 1215 647 Pyrrhum
1230 612 1263 637 de
1277 613 1389 646 captivis
1404 612 1592 646 recuperandis
1603 613 1704 638 missus

910 654 1008 676 orator:
1032 650 1071 675 Ti.
1092 649 1302 679 Coruncanium,
1324 649 1394 684 quod
1414 658 1447 675 ex
1461 649 1617 683 pontificum
1631 658 1704 675 com—

910 687 1046 712 mentariis
1064 686 1139 721 longe
1154 686 1301 720 plurimum
1314 687 1420 721 ingenio
1435 687 1552 713 valuisse
1567 687 1701 713 videatur:

910 725 942 749 M*
962 724 1086 754 Curium,
1103 723 1176 758 quod
1189 724 1211 749 is
1223 724 1346 749 tribunus
1362 723 1457 758 plebis,
1474 725 1604 760 interrege
1618 724 1704 759 Appio

911 761 1006 791 Caeco,
1027 761 1126 787 diserto
1144 761 1260 791 homine,
1273 762 1378 787 comitia
1392 766 1482 787 contra
1493 761 1565 797 leges
1580 762 1701 793 habente,

910 807 995 833 quum
1009 798 1041 824 de
1057 798 1134 832 plebe
1147 798 1285 824 consulem
1300 807 1351 824 non
1367 799 1525 833 accipiebat,
1543 804 1630 833 patres
1645 804 1704 825 ante

910 841 1030 862 auctores
1049 835 1104 861 lieri
1124 836 1251 871 coegerit,
1274 836 1346 870 quod
1365 835 1415 861 suit
1433 844 1622 871 permagnum,
1639 846 1705 863 non·

910 874 975 900 dum
991 873 1049 908 lege
1064 873 1165 899 Maenia
1181 873 1240 898 lata.
1276 875 1318 899 56.
1334 874 1406 899 Licet
1420 873 1521 908 aliquid
1533 874 1612 899 etiam
1624 874 1656 899 de
1668 874 1703 900 M.

909 911 1015 945 Popillii
1039 911 1147 945 ingenio
1169 911 1312 945 suspicari,
1339 911 1385 945 qui
1409 919 1495 945 quum
1518 910 1612 937 consul
1636 916 1705 937 esset

910 949 1057 983 eodemque
1076 953 1193 982 tempore
1212 948 1372 974 sacrificium
1392 948 1532 982 publicum
1550 957 1612 974 cum
1631 948 1705 974 laena

911 986 1020 1017 faceret,
1046 985 1119 1020 quod
1138 990 1191 1011 erat
1210 984 1304 1011 flamen
1323 985 1510 1016 Carmentalis,
1529 985 1601 1020 plebi
1616 990 1705 1012 contra

910 1028 998 1058 patres
1012 1023 1185 1049 concitatione
1200 1027 1225 1049 et
1238 1023 1367 1049 seditione
1382 1024 1513 1054 nuntiata,
1527 1027 1556 1049 ut
1566 1027 1620 1049 erat
1632 1022 1705 1049 laena

910 1061 1032 1091 amictus,
1050 1061 1084 1086 ita
1099 1060 1171 1086 venit
1184 1061 1211 1086 in
1225 1061 1378 1086 concionem
1393 1060 1606 1095 seditionemque
1620 1069 1705 1095 quum

910 1098 1064 1125 auctoritate
1087 1102 1144 1124 tum
1167 1098 1284 1124 oratione
1303 1098 1415 1124 sedavit.
1451 1098 1501 1124 Sed
1525 1106 1568 1124 eos
1591 1103 1706 1124 oratores

910 1136 1015 1162 habitos
1029 1144 1088 1161 esse
1101 1140 1146 1162 aut
1160 1135 1268 1161 omnino
1283 1139 1339 1161 tum
1354 1135 1440 1161 ullum
1452 1135 1618 1170 eloquentiae
1630 1144 1706 1170 prue-

910 1174 995 1200 mium
1025 1172 1122 1204 fuisse,
1144 1172 1210 1199 nihil
1230 1181 1294 1199 sane
1313 1173 1380 1199 mihi
1400 1172 1496 1208 legisse
1516 1173 1620 1199 videor:
1649 1178 1707 1199 tan-

910 1210 1047 1237 tummodo
1061 1211 1212 1237 coniectura
1226 1210 1309 1236 ducor
1322 1211 1354 1236 ad
1369 1210 1572 1245 suspicandum.
1605 1211 1646 1237 57.
1662 1212 1707 1237 Di—

909 1249 979 1275 citur
998 1249 1077 1274 etiam
1096 1248 1125 1274 C.
1147 1248 1309 1279 Flaminius,
1326 1249 1348 1274 is
1363 1249 1409 1283 qui
1425 1248 1551 1274 tribunus
1563 1247 1650 1282 plebis
1670 1248 1706 1274 le-

909 1295 970 1321 gem
988 1286 1021 1312 de
1040 1294 1102 1321 agro
1117 1285 1219 1312 Gallico
1238 1290 1262 1312 et
1280 1286 1376 1312 Piceno
1391 1286 1491 1312 viritim
1505 1285 1651 1312 dividendo
1666 1290 1707 1311 tu-

911 1324 982 1354 lerit,
1003 1324 1050 1358 qui
1069 1322 1162 1350 consul
1181 1323 1254 1357 apud
1271 1323 1477 1349 Tbrasimenum
1491 1323 1526 1349 sit
1540 1322 1703 1354 interfectus,

910 1361 942 1387 ad
963 1360 1093 1396 populum
1118 1360 1235 1386 valuisse
1260 1360 1380 1387 dicendo.
1423 1360 1454 1393 Q.
1471 1361 1549 1386 etiam
1573 1361 1706 1387 Maximus

910 1399 1074 1425 Verrucosus
1092 1402 1177 1424 orator
1195 1398 1302 1424 habitus
1322 1403 1361 1424 est
1375 1398 1540 1432 temporibus
1556 1397 1619 1428 illis,
1636 1403 1660 1424 et
1674 1398 1704 1430 Q.

910 1435 1033 1462 Metellus
1048 1436 1079 1466 is,
1096 1436 1142 1470 qui
1158 1434 1227 1461 bello
1242 1435 1341 1461 Punico
1352 1435 1470 1462 secundo
1483 1436 1706 1462 ci1n1L.Yeturio

909 1473 1020 1500 Philone
1043 1472 1135 1499 consul
1159 1472 1216 1498 fuit.
1250 1472 1309 1499 XV.
1329 1472 1414 1505 Quem
1434 1481 1494 1499 vero
1517 1477 1602 1499 exstet
1628 1478 1653 1499 et
1674 1473 1706 1498 de

910 1520 964 1546 quo
982 1512 1017 1536 sit
1035 1511 1178 1537 memoriae
1196 1510 1332 1544 proditum
1351 1510 1520 1545 eloquentem
1536 1509 1619 1536 fuisse
1633 1515 1657 1536 et
1672 1511 1707 1536 ita

910 1557 969 1574 esse
992 1548 1127 1578 habitum,
1149 1548 1253 1582 primus
1271 1552 1311 1574 est
1339 1548 1373 1573 M.
1404 1547 1543 1574 Cornelius
1562 1547 1704 1583 Cethegus,

910 1586 988 1612 cuius
1003 1585 1169 1620 eloquentiae
1188 1590 1228 1610 est
1241 1589 1340 1615 auctor,
1357 1590 1381 1611 et
1396 1585 1508 1612 idoneus
1522 1584 1633 1619 quidem
1649 1593 1706 1610 mea

910 1623 1049 1653 sententia,
1070 1622 1100 1654 Q.
1120 1623 1238 1654 Ennius,
1262 1623 1415 1657 praesertim
1435 1631 1520 1657 quum
1535 1627 1559 1648 et
1573 1623 1631 1657 ipse
1645 1630 1706 1648 eum

910 1661 1055 1691 audiverit,
1081 1664 1107 1686 et
1124 1660 1223 1686 scribat
1241 1659 1273 1685 de
1296 1664 1413 1692 mortuo,
1436 1669 1469 1686 ex
1492 1668 1546 1694 quo
1564 1660 1637 1686 nulla
1661 1668 1703 1685 su—

911 1699 994 1733 spicio
1013 1702 1065 1728 est,
1081 1697 1214 1723 amicitiae
1232 1706 1326 1723 caussa
1341 1706 1399 1723 esse
1414 1698 1564 1724 mentitum.
1600 1699 1640 1723 58.
1661 1697 1707 1723 Est

910 1736 992 1772 igitur
1006 1735 1044 1761 sic
1059 1734 1130 1769 apud
1145 1734 1222 1760 illum
1236 1735 1264 1761 in
1279 1743 1356 1766 nono,
1373 1739 1403 1761 ut
1416 1735 1518 1769 opinor,
1535 1734 1636 1761 annali:

948 1774 1060 1799 Additur
1074 1777 1164 1799 orator
1180 1771 1306 1798 Corneliu'
1320 1774 1509 1806 suaviloquenti

949 1820 991 1837 ore
1008 1810 1128 1843 Cethcqus
1142 1810 1242 1837 Μαι-ου’
1271 1811 1398 1836 Tuditano
1412 1811 1517 1843 calleyo,

948 1848 1034 1874 Marci
1047 1849 1116 1881 filius
1127 1862 1163 1866 ——
1175 1862 1212 1866 --

911 1885 944 1912 Et
957 1889 1084 1912 oratorem
1099 1884 1216 1919 appellat
1229 1888 1253 1910 et
1263 1884 1505 1919 suaviloquentiam
1517 1884 1623 1910 tribuit:
1639 1893 1707 1918 quae

913 1931 983 1949 nunc
1001 1922 1112 1957 quidem
1127 1930 1178 1948 nou
1193 1926 1245 1948 tam
1261 1926 1301 1948 est
1314 1922 1340 1948 in
1355 1922 1505 1957 plerisque,
1529 1921 1622 1948 latrant
1636 1923 1706 1947 enim

911 1961 964 1987 iam
978 1960 1088 1995 quidam
1104 1964 1228 1990 oratores,
1245 1968 1296 1985 non
1313 1958 1468 1995 loquuntur.
1489 1959 1542 1986 Sed
1557 1964 1596 1986 est
1610 1968 1638 1985 ca
1651 1959 1707 1985 laus

912 1998 1078 2033 eloquentiae
1092 2002 1161 2023 certe
1176 1997 1301 2028 maxima,

949 2050 985 2055 -—
998 2050 1035 2054 —
1048 2038 1070 2061 is
1084 2037 1168 2061 dictus
1190 2036 1249 2061 ollis
1256 2036 1427 2067 popularibus
1440 2036 1509 2064 olim,

949 2075 995 2106 qui
1005 2077 1057 2099 tum
1067 2074 1184 2099 vivebant
1198 2073 1309 2098 homines
1322 2077 1399 2105 alque
1409 2081 1499 2098 aeuum
1513 2074 1655 2105 ayitabant.

949 2112 996 2143 llos
1009 2111 1136 2136 delibatus
1147 2110 1236 2143 populi
1244 2119 1252 2134 .-

912 2147 994 2182 probe
1017 2155 1092 2179 vero,
1118 2148 1160 2173 59.
1185 2151 1213 2173 ut
1231 2147 1302 2173 euim
1322 2146 1438 2172 hominis
1456 2145 1538 2172 decus
1557 2146 1705 2181 ingenium,

911 2185 950 2211 sic
974 2185 1076 2219 ingenii
1101 2184 1186 2219 ipsius
1206 2183 1296 2210 lumen
1312 2188 1351 2210 est
1370 2183 1534 2218 eloquentia,
1551 2192 1604 2218 qua
1620 2184 1706 2209 virum

912 2222 1086 2249 excellentem
1102 2220 1234 2256 praeclare
1248 2225 1304 2248 tum
1320 2221 1359 2247 illi
1375 2221 1496 2247 homines
1511 2220 1600 2247 llorem
1615 2220 1707 2255 populi

912 2268 971 2286 esse
997 2259 1136 2290 dixerunt;
1169 2273 1206 2278 —
1219 2273 1256 2278 —
1274 2260 1427 2292 Suadaeque
1454 2260 1574 2284 medulla.
1612 2258 1708 2284 Πειθώ

912 2305 994 2331 quam
1014 2301 1108 2323 vocant
1125 2296 1233 2326 Graeci,
1253 2296 1332 2322 cuius
1351 2295 1456 2322 effector
1473 2299 1512 2321 cst
1525 2300 1623 2323 orator,
1641 2295 1707 2321 lianc

912 2334 1028 2360 Suadam
1056 2333 1200 2368 appellavit
1222 2333 1340 2365 Ennius;
1367 2333 1426 2359 eius
1448 2337 1536 2358 autem
1560 2332 1707 2367 Cethegum

912 2371 1058 2398 medullam
1078 2370 1162 2397 fuisse
1181 2370 1251 2401 vult,
1273 2375 1315 2401 ut,
1335 2378 1416 2405 quam
1431 2369 1508 2395 deam
1524 2370 1549 2395 in
1564 2370 1657 2396 Pericli
1672 2370 1708 2396 la-

912 2409 967 2435 bris
981 2408 1088 2443 scripsit
1102 2407 1213 2442 Eupolis
1227 2408 1404 2438 sessitavisse,
1418 2407 1499 2433 huius
1509 2406 1552 2433 hic.
1563 2406 1707 2433 medullam

912 2450 1032 2472 nostrum
1047 2450 1176 2471 oratorem
1188 2444 1272 2471 fuisse
1281 2445 1388 2471 dixerit.
1419 2446 1460 2470 60.
1478 2444 1509 2470 At
1521 2444 1563 2470 hic
1574 2444 1707 2479 Cethegus

911 2482 1004 2510 consul
1028 2491 1090 2509 cum
1107 2483 1133 2508 P.
1151 2481 1282 2508 Tuditano
1301 2481 1350 2508 [uit
1369 2481 1439 2508 bello
1456 2482 1556 2508 Punico
1574 2482 1705 2508 secundo:

911 2525 1090 2555 quaestorque
1121 2519 1164 2546 his
1186 2519 1344 2545 consulibus
1367 2519 1402 2546 M.
1427 2519 1502 2549 Cato,
1529 2519 1608 2546 modo
1631 2519 1708 2554 plane

912 2558 989 2584 annis
1007 2565 1068 2583 cxi.
1086 2561 1145 2583 ante
1159 2565 1201 2583 me
1215 2556 1366 2588 consulem,
1379 2561 1402 2583 et
1414 2556 1441 2583 id
1455 2557 1545 2591 ipsum
1560 2557 1611 2583 nisi
1627 2557 1708 2584 tritius

912 2599 982 2622 esset
1000 2595 1080 2621 Ennii
1098 2594 1249 2621 testimonio
1266 2595 1418 2629 cognitum,
1439 2593 1511 2620 hunc
1530 2599 1662 2624 vetustas,
1679 2600 1707 2620 ut

912 2632 977 2659 alios
1008 2631 1118 2659 fortasse
1145 2631 1256 2662 multos,
1284 2631 1419 2658 oblivione
1445 2631 1587 2658 obruisset.
1633 2631 1707 2658 Illius

912 2674 1000 2696 autem
1019 2670 1110 2696 aetatis
1129 2669 1176 2705 qui
1195 2677 1282 2696 sermo
1297 2668 1384 2700 interit,
1400 2677 1433 2695 ex
1447 2669 1588 2696 Naevianis
1600 2670 1707 2704 scriptis

1444 2715 1499 2741 ts·
