1941 3052
13 2603 15 2608 ·
35 2618 50 2624 ,,
83 2600 137 2628 quo
161 2594 239 2620 etiam
266 2594 334 2621 illud
360 2603 467 2630 quaero,
492 2594 636 2621 Phalereus
661 2594 705 2621 ille
727 2595 876 2622 Demetrius

650 135 851 161 BRUTUS.
887 135 982 161 CAP.

92 209 213 230 naturam
235 203 330 230 habuit
352 203 536 231 admirabilem
558 204 592 231 ad
615 205 769 232 dicendum.

92 242 184 268 striam
203 249 254 268 non
272 250 333 268 sum
349 246 490 276 expertus:
512 242 633 268 studium
651 247 720 269 certe
739 242 798 269 fuit.
833 242 884 274 Qui

91 279 115 305 si
133 287 175 305 me
194 278 286 305 audire
304 278 446 309 voluisset,
468 284 498 305 ut
515 284 644 314 coeperat,
661 280 785 311 honores,
802 288 884 314 quam

91 325 168 351 opes,
201 316 329 351 consequi
358 315 506 343 maluisset.
546 316 679 349 Quidnam
706 322 758 348 est,
786 317 882 352 inquit,

91 353 178 379 istuc‘?
191 357 216 379 et
227 353 454 388 quemadmodum
466 354 629 390 distinguis?
655 356 713 381 28⁴.
729 355 781 381 Hoc
795 354 882 385 modo,

93 391 212 425 inquam.
243 390 332 422 Quum
347 390 431 417 1101105
445 392 479 417 511
493 392 641 426 praemium
656 392 772 421 virtutis,
785 391 885 417 iudicio

92 427 235 462 studioque
249 428 350 453 civium
364 427 481 454 delatum
496 429 529 454 ad
543 428 668 463 aliquem,
685 429 732 463 qui
746 438 808 455 eum
823 438 885 454 sen-

91 465 190 495 tentiis,
207 466 254 500 qui
269 465 402 500 suffragiis
417 466 529 500 adeptus
543 470 591 497 est,
607 466 631 491 is
642 466 708 492 mihi
719 471 745 492 et
755 466 884 492 honestus

91 506 118 528 et
141 502 284 529 honoratus
303 502 418 529 videtur.
452 503 503 535 Qui
522 508 610 529 autem
628 504 765 529 occasione
783 503 881 538 aliqua,

92 540 170 566 etiam
189 540 282 566 invitis
300 540 357 566 suis
375 540 494 571 civibus,
515 545 608 566 nactus
626 544 667 566 est
684 540 837 574 imperium,
855 544 884 566 ut

93 576 137 603 ille
151 577 287 612 cupiebat,
304 577 377 603 hunc
390 586 486 604 nomen
500 578 607 604 honoris
621 577 756 612 adeptum,
771 586 822 603 non
837 577 884 603 ho-

93 622 183 641 norem
202 619 275 649 puto.
316 613 389 646 Quae
407 616 429 641 si
444 614 489 640 ille
503 615 595 640 audire
609 614 750 645 voluisset,
768 615 883 640 maxima

91 660 153 678 cum
172 652 255 687 gratia
274 656 299 678 et
312 651 395 687 gloria
409 652 442 678 ad
456 661 589 678 summam
604 652 807 686 amplitudinem
824 660 884 686 per-
911 675 913 678 ⁴

93 689 217 720 venisset,
234 689 379 715 ascendens
393 689 521 724 gradibus
536 689 750 724 magistratuum,
768 694 797 715 ut
810 694 884 723 pater

91 726 150 752 eius
169 725 276 757 fecerat,
296 730 326 752 ut
344 725 440 761 reliqui
455 726 578 752 clariores
592 727 652 752 viri.
686 726 758 758 Quae
773 726 882 761 quidem
904 754 905 759 ,

91 764 170 790 etiam
188 772 250 789 cum
267 763 296 789 P.
317 763 412 789 Crasso
430 764 465 789 M.
485 764 530 795 F.‚
551 772 636 798 quum
655 764 731 790 initio
745 764 836 789 aetatis
851 763 883 789 ad
904 766 913 799 '¹

912 803 913 810 ¹
936 806 1032 827 tamur.

91 800 233 826 amicitiam
251 809 280 826 se
297 809 384 826 meam
402 801 571 832 contulisset,
592 810 670 836 saepe
684 801 772 836 egisse
787 810 828 827 me
843 810 884 826 ar—

90 838 185 869 bitror,
206 846 292 872 quum
307 846 369 864 eum
383 838 554 864 vehementer
568 839 693 869 hortarer,
711 843 739 864 ut
753 847 811 864 eam
827 839 884 864 lau-

90 875 132 901 dis
155 875 227 901 viam
249 875 425 901 rectissimam
448 884 507 902 esse
529 876 650 906 duceret,
671 885 752 911 quam
771 877 883 902 maiores

90 913 148 938 eius
171 913 195 938 ei
218 912 306 938 tritam
328 912 509 948 reliquissent.
544 915 602 940 282.
627 914 689 939 Erat
707 914 777 939 enim
797 922 882 948 quum

90 950 230 976 institutus
248 950 360 984 optime,
382 955 439 976 tum
453 951 532 977 etiam
546 950 661 985 perfecte
675 950 808 985 planeque
822 959 883 976 eru-

89 987 176 1018 ditus,
200 988 338 1022 ineratque
356 992 381 1014 et
398 988 537 1024 ingenium
555 989 619 1014 satis
638 997 695 1014 acre
714 993 739 1014 et
756 989 882 1014 orationis
903 1014 905 1018 ,

90 1033 142 1050 1100
169 1024 306 1060 inelegans
328 1026 416 1060 copia,
442 1030 631 1060 praetereaque
653 1026 712 1052 sine
735 1026 882 1061 arrogantia

89 1062 178 1097 gravis
201 1070 260 1088 esse
282 1062 423 1089 videbatur
446 1067 471 1089 et
493 1064 550 1089 sine
568 1063 682 1099 segnitia
701 1063 880 1089 verecundus.

90 1099 143 1126 Sed
160 1099 233 1126 hunc
250 1108 358 1135 quoque
376 1101 514 1126 absorbuit
532 1105 621 1127 aestus
635 1101 745 1136 quidam
760 1100 883 1127 insolitae

89 1136 302 1163 adolescentibus
312 1137 424 1173 gloriae,
440 1139 487 1173 qui
499 1138 561 1173 quia
572 1142 678 1164 navarat
688 1138 765 1164 miles
776 1147 882 1173 operam
904 1158 906 1166 ,

89 1175 250 1209 imperatori,
266 1175 452 1210 imperatorem
462 1184 491 1201 se
505 1176 594 1202 statim
606 1184 664 1202 esse
677 1176 814 1210 cupiebat;
839 1175 883 1201 cui
903 1168 906 1217 ξ

90 1220 193 1238 muneri
213 1220 270 1238 mos
289 1213 419 1239 maiorum
434 1217 546 1239 aetatem
560 1218 667 1244 certam,
684 1218 781 1239 sortem
796 1214 883 1239 111001·-
903 1226 906 1239 ι

89 1253 143 1275 13111
162 1249 279 1284 reliquit.
321 1250 356 1276 Ita
374 1251 535 1286 gravissimo
549 1259 599 1277 suo
612 1259 685 1282 casu,
702 1251 766 1277 dum
782 1251 842 1286 Cyri
857 1254 882 1276 et

89 1286 232 1312 Alexandri
258 1287 355 1313 similis
380 1296 439 1314 esse
464 1287 561 1320 voluit,
590 1289 637 1323 qui
664 1297 745 1314 suum
771 1296 881 1314 cursum

90 1328 311 1355 transcurrerant,
334 1329 359 1351 et
377 1325 406 1351 L.
423 1325 511 1351 Crassi
526 1330 551 1352 et
565 1325 710 1352 multorum
725 1325 881 1352 Crassorum

87 1361 213 1388 inventus
237 1366 278 1388 est
300 1361 509 1388 dissimillimus.
548 1363 680 1389 LXXXII.
699 1365 758 1389 ⁶283.
778 1363 830 1389 Sed
849 1362 882 1388 ad

88 1398 199 1425 Calvum
218 1399 250 1434 (is
269 1400 340 1425 enim
360 1400 436 1426 nobis
456 1404 511 1426 erat
527 1400 688 1435 propositus)
702 1404 879 1426 revertamur:

87 1436 134 1471 qui
160 1441 245 1463 orator
271 1445 356 1471 quum
380 1436 498 1464 fuisset*
513 1437 611 1464 litteris
634 1438 774 1468 eruditior,
799 1446 880 1472 quam
902 1435 904 1456 i

88 1473 180 1504 Curio,
201 1478 258 1500 tum
273 1475 352 1500 etiam
366 1475 515 1501 accuratius
529 1475 664 1510 quoddam
678 1475 784 1501 dicendi
799 1479 825 1501 et
835 1483 882 1501 ex-

87 1511 214 1546 quisitius
233 1511 356 1538 afferebat
374 1520 473 1547 genus:
495 1512 568 1547 quod
586 1521 750 1548 quamquam
769 1513 881 1538 scienter

87 1548 273 1584 eleganterque
294 1549 432 1580 tractabat,
457 1549 572 1576 nimium
591 1554 678 1576 tamen
697 1550 836 1585 inquirens
854 1550 881 1576 in

87 1594 116 1612 se
129 1590 209 1621 atque
223 1586 281 1620 ipse
291 1594 349 1612 sese
363 1587 508 1613 observans
522 1591 699 1622 metuensque
710 1596 742 1613 ne
753 1588 879 1613 vitiosum

86 1623 233 1659 colligeret,
270 1624 349 1650 etiam
385 1632 480 1651 verum
515 1625 674 1660 sanguinem
709 1624 878 1659 deperdebat.

87 1661 178 1696 Itaque
195 1661 254 1687 eius
271 1661 354 1688 oratio
372 1662 453 1688 nimia
467 1662 595 1697 religione
609 1666 742 1688 attenuata
757 1662 840 1688 doctis
856 1666 881 1688 et

87 1702 183 1724 attente
201 1697 373 1725 audientibus
392 1703 446 1725 erat
464 1699 592 1726 illustris:
614 1708 628 1725 a
646 1699 818 1726 multitudine
832 1708 881 1725 au-

87 1739 139 1761 tem
154 1739 180 1761 et
193 1744 207 1761 a
222 1734 286 1767 foro,
303 1736 347 1762 cui
362 1740 422 1762 nata
436 1736 587 1771 eloquentia
601 1741 650 1767 est,
664 1737 848 1763 devorabatur.

142 1773 201 1800 284.
217 1773 284 1799 Tum
299 1774 405 1805 Brutus,
421 1774 540 1800 Atticum
554 1783 592 1805 se,
608 1774 706 1809 inquit,
723 1774 821 1801 Calvus
833 1783 881 1801 no-

87 1814 140 1836 ster
160 1810 213 1836 dici
234 1815 363 1837 oratorem
386 1811 504 1838 volebat:
526 1811 588 1838 inde
612 1817 666 1838 erat
688 1812 739 1838 ista
763 1811 877 1843 exilitas,

85 1855 166 1882 quam
184 1847 230 1874 ille
247 1847 280 1874 de
298 1848 429 1875 industria
448 1849 668 1884 consequebatur.
701 1849 822 1881 Dicebat,
838 1850 880 1875 111-

85 1893 180 1920 quam,
200 1885 249 1912 ita:
271 1885 319 1912 sed
337 1890 362 1912 et
379 1887 438 1920 ipse
456 1887 559 1912 errabat
577 1891 602 1913 et
620 1886 686 1912 alios
699 1887 779 1913 etiam
794 1895 880 1913 errare

86 1922 204 1958 cogebat.
238 1923 304 1949 Nam
319 1923 341 1950 si
355 1924 417 1958 quis
432 1932 485 1955 eos,
502 1924 549 1958 qui
564 1932 611 1950 nec
625 1925 714 1958 inepte
728 1924 821 1950 dicunt
832 1932 880 1950 nec

85 1959 175 1986 odiose
194 1968 241 1986 nec
261 1960 366 1995 putide,
385 1960 470 1987 Attice
487 1965 562 1995 putat
575 1961 671 1992 dicere,
689 1961 711 1987 is
729 1966 811 1993 reete,
826 1962 878 1987 nisi

85 1996 211 2028 Atticum,
228 1997 321 2032 probat
335 1998 479 2024 neminem.
520 1998 699 2024 insulsitatem
714 1999 785 2025 enim
800 2003 826 2025 et
838 1999 880 2025 in-

85 2033 223 2060 solentiam
254 2039 390 2070 tamquam
420 2035 552 2062 insaniam
583 2035 727 2070 quamdam
753 2036 879 2062 orationis

84 2071 153 2098 odit:
176 2072 313 2098 sanitatem
333 2076 421 2098 autem
438 2077 465 2099 et
481 2073 659 2108 integritatem
678 2073 755 2107 quasi
771 2073 880 2108 religio—

85 2116 145 2135 nem
163 2113 189 2135 et
207 2109 394 2136 verecundiam
408 2111 517 2136 oratoris
532 2110 633 2144 probat.
675 2111 743 2136 Haec
757 2111 877 2137 omnium

85 2145 164 2172 debet
181 2150 313 2173 oratorum
332 2147 424 2173 eadem
443 2155 501 2173 esse
520 2148 659 2174 sententia.
694 2149 752 2174 285.
769 2148 816 2174 Sin
831 2157 878 2174 au-

86 2187 137 2210 tem
154 2184 320 2210 ieiunitatem
335 2188 360 2210 et
378 2184 523 2210 siccitatem
542 2189 567 2211 et
584 2185 715 2219 inopiam,
732 2185 878 2211 dummodo

84 2220 119 2247 sit
131 2220 220 2255 polita,
237 2221 302 2247 dum
317 2221 426 2252 urbana,
442 2221 507 2248 dum
521 2222 637 2257 elegans,
650 2222 676 2248 in
687 2222 772 2249 Attico
781 2231 877 2258 genere

86 2258 171 2292 ponit,
192 2258 241 2285 hoc
259 2263 327 2285 recte
345 2259 497 2285 dumtaxat:
519 2259 566 2285 sed
584 2260 647 2294 quia
665 2260 769 2286 suntin
784 2260 878 2286 Atticis
899 2273 900 2278 =

85 2294 134 2321 alia
153 2295 273 2327 meliora,
290 2296 390 2327 videat,
407 2305 439 2322 ne
452 2297 555 2331 ignoret
568 2302 593 2322 et
606 2297 705 2332 gradus
719 2301 745 2323 et
758 2297 878 2323 dissimi-

86 2332 211 2360 titudines
233 2338 259 2360 et
281 2334 335 2360 vim
354 2338 379 2360 et
397 2334 549 2360 varietatem
569 2334 725 2360 Atticorum.
766 2334 874 2365 Atticos,

85 2369 179 2406 inquit,
196 2370 256 2398 volo
269 2371 377 2397 imitari.
417 2370 508 2403 Quos‘?
528 2372 580 2397 Nec
594 2371 665 2397 enim
679 2375 720 2397 est
733 2380 816 2398 unum
830 2380 878 2407 ge-

85 2415 145 2434 nus.
179 2408 244 2434 Nam
264 2408 330 2443 quid
350 2413 390 2434 est
404 2413 456 2435 tam
470 2408 611 2439 dissimile,
627 2417 707 2443 quam
722 2409 877 2435 Demosthe-

85 2451 132 2471 nes
158 2449 184 2472 et
210 2445 322 2481 Lysias?
345 2454 426 2481 quam
455 2446 525 2471 idem
553 2450 578 2471 et
600 2446 767 2481 Hyperides?
794 2454 875 2481 qnam

85 2482 205 2509 omnium
232 2476 326 2509 horum
350 2482 515 2510 Aeschines?
534 2482 618 2515 Quem
642 2483 724 2518 igitur
746 2483 877 2509 imitaris?

84 2517 113 2545 Si
125 2518 251 2555 aliquem,
263 2521 343 2547 ceteri
354 2528 417 2556 ergo
426 2521 511 2546 Attice
522 2529 573 2546 non
587 2520 722 2546 dicebant:
739 2520 761 2546 si
771 2528 874 2551 omnes,

83 2556 131 2591 qui
148 2561 235 2591 potes,
255 2565 340 2592 quum
354 2558 409 2584 sint
426 2558 478 2592 ipsi
496 2557 671 2584 dissimillimi
691 2558 758 2583 inter
775 2557 822 2583 se?
847 2558 875 2584 ln

83 2629 201 2658 Atticene
219 2631 325 2658 dixerit.

83 2667 200 2696 redolere
223 2669 296 2705 ipsae
318 2668 436 2696 Athenae
457 2669 591 2696 videntur.

366 2632 432 2658 Mihi
450 2632 560 2667 quidem
575 2640 609 2658 ex
622 2631 696 2658 illius
710 2633 875 2658 orationibus

632 2669 665 2696 At
686 2674 726 2696 est
749 2669 873 2700 floridior,

1017 135 1050 160 78
1070 150 1105 154 —-
1125 136 1166 161 84.
1678 140 1726 164 ⁴57

803 205 885 231 Indu-
904 206 912 241 ζ’
936 211 965 232 01
978 206 1013 232 113
1027 206 1122 236 dicam
1138 215 1219 240 quam
1232 206 1388 242 Hyperides,
1405 215 1485 241 quam
1501 208 1604 243 Lysias.
1630 209 1727 235 Natura

935 243 1065 278 quaedam
1081 248 1126 269 aut
1138 243 1261 269 voluntas
1275 244 1310 269 ita
1324 244 1429 269 dicendi
1444 243 1503 270 fuit.

990 280 1135 306 LXXXIII.
1158 282 1216 306 286.
1235 281 1268 306 Et
1284 281 1394 316 quidem
1408 281 1461 307 duo
1476 281 1583 308 fuerunt
1597 291 1644 317 per
1656 283 1727 308 idem

904 322 913 348 Ἀ
937 322 1043 351 tempus
1057 317 1203 343 dissimiles
1218 318 1285 344 inter
1296 326 1333 349 se,
1347 318 1393 344 sed
1404 318 1483 344 Attici
1495 324 1596 345 tamen:
1612 328 1726 354 quorum

912 353 913 362 ¹
936 355 954 380 t]
958 355 1073 380 1131151115
1093 355 1238 381 multarum
1252 356 1413 386 orationum,
1429 364 1497 390 quas
1511 357 1644 382 scribebat
1657 357 1725 384 aliis

912 393 913 401 ¹
936 400 1021 425 quum
1039 400 1136 426 cupere
1150 392 1285 418 videretur
1298 393 1396 418 imitari
1410 393 1531 428 Lysiam:
1554 394 1728 420 Demochares

936 433 1033 459 autem,
1047 429 1095 463 qui
1110 429 1159 455 fuit
1173 430 1342 456 Demostheni
1357 431 1454 456 sororis
1465 430 1546 461 filius,
1559 436 1584 457 et
1597 432 1728 457 orationes

936 467 1042 500 scripsit
1073 466 1174 501 aliquot
1199 471 1225 492 et
1250 476 1340 493 earum
1367 476 1455 493 rerum
1482 468 1631 499 historiam,
1660 478 1729 503 quae

936 508 1009 529 erant
1027 503 1138 529 Athenis
1156 504 1243 537 ipsius
1258 509 1340 530 aetate
1357 509 1459 540 gestae,
1482 514 1533 532 non
1554 510 1607 532 tam
1621 506 1729 532 histori-

936 549 978 571 co,
1007 549 1089 575 quam
1115 541 1225 567 oratorio
1244 550 1339 576 genere
1362 543 1525 577 perscripsit.
1559 543 1591 569 At
1614 543 1727 570 Charisii

936 577 994 603 vult
1008 578 1132 613 Hegesias
1147 586 1205 603 esse
1219 579 1324 604 similis.
1341 579 1418 613 isque
1432 588 1460 605 se
1470 581 1504 606 ita
1516 585 1589 614 putat
1600 580 1726 611 Atticum,

936 619 965 641 ut
984 624 1059 641 veros
1077 615 1137 640 illos
1156 624 1217 649 prae
1236 624 1264 641 se
1278 625 1361 650 paene
1375 622 1489 651 agrestes
1505 622 1587 652 putet.
1622 619 1680 644 287.
1695 619 1729 644 At

936 652 1002 687 quid
1026 656 1065 678 est
1087 656 1140 678 tam
1159 652 1285 683 fractum
1306 658 1358 679 tam
1378 655 1525 686 minutum,
1542 660 1594 681 tam
1613 656 1640 681 in
1658 656 1726 690 ipsa,

936 698 1017 731 quam
1036 693 1123 715 tamen
1141 690 1327 724 consequitur
1348 692 1524 718 concinnitate
1543 692 1662 727 puerile⁰
1682 693 1729 719 At-

936 727 1049 752 ticorum
1063 726 1166 752 similes
1180 736 1238 752 esse
1252 727 1387 753 1010111115.
1429 728 1544 763 Optime.
1560 730 1660 756 Suntne
1675 731 1728 765 igi-

936 768 979 790 tur
996 764 1023 789 hi
1038 763 1117 789 Attici
1131 764 1264 790 oratores?
1283 764 1348 806 Quis
1363 774 1458 801 negare
1473 767 1576 800 potest?
1600 768 1673 793 1105
1667 768 1729 794 11111-

1067 801 1124 833 Quo
1139 801 1230 832 modo,
1251 802 1298 836 qui
1318 808 1379 828 sunt
1398 808 1423 828 et
1440 804 1508 829 inter
1530 812 1558 829 se
1581 804 1728 830 dissimiles

936 843 961 865 et
975 838 1106 864 aliorum?
1125 839 1318 874 Thucydidem
1334 840 1430 882 inquit,
1444 841 1589 867 imitamur.
1611 842 1725 876 Optime

912 882 913 888 ¹
936 877 959 902 si
978 876 1115 902 historiam
1130 877 1254 907 scribere,
1271 886 1322 903 non
1337 878 1359 903 si
1373 886 1481 903 caussas
1495 878 1582 904 dicere
1595 880 1726 914 cogitatis.

936 914 1028 940 Thucv
1031 913 1106 939 dides
1126 915 1197 940 enim
1216 922 1304 940 rerum
1322 919 1456 947 gestarum
1477 917 1660 949 pronuntiator
1673 917 1729 942 sin-

935 959 1012 977 cerus
1034 955 1059 977 et
1080 951 1190 986 grandis
1208 952 1286 977 etiam
1305 943 1369 978 fuit
1393 952 1441 978 hoc
1460 952 1575 984 forense,
1595 959 1729 980 concerta-

936 989 1046 1018 torium,
1074 988 1199 1015 iudiciale
1233 998 1285 1015 non
1312 991 1430 1016 trictavit
1455 999 1550 1025 g.enus
1591 990 1728 1017 Orationes

935 1030 1037 1057 autem,
1053 1034 1120 1060 quas
1134 1027 1301 1068 interposuit
1318 1027 1426 1053 (multae
1440 1028 1511 1053 enim
1526 1033 1596 1057 sunt
1602 1028 1609 1062 )
1623 1037 1666 1054 eas
1680 1038 1729 1064 ego

936 1063 1043 1089 laudare
1061 1063 1148 1096 soleo,
1174 1064 1271 1090 imitari
1290 1073 1377 1099 neque
1397 1066 1511 1107 possim,
1532 1066 1553 1091 si
1569 1065 1663 1096 velim,
1681 1075 1728 1092 nec

936 1100 1016 1126 velim
1038 1085 1162 1131 fortasse,
1182 1102 1205 1127 si
1220 1102 1330 1135 possim.
1372 1102 1412 1133 Ut,
1429 1104 1451 1128 si
1465 1103 1527 1137 quis
1542 1102 1652 1129 lalerno
1667 1105 1728 1129 11110

936 1138 1093 1169 delectetur,
1114 1139 1162 1164 sed
1176 1147 1206 1165 eo
1220 1148 1267 1165 nec
1280 1140 1316 1165 ita
1331 1148 1407 1170 novo,
1426 1145 1454 1166 ut
1468 1141 1596 1174 proximis
1610 1141 1728 1166 consuli—

936 1176 987 1201 l»us
1006 1180 1097 1201 natum
1113 1176 1189 1207 velit,
1206 1185 1253 1202 nec
1272 1186 1366 1202 rursus
1384 1177 1419 1203 ita
1434 1182 1530 1208 vetere,
1548 1182 1576 1203 ut
1589 1177 1728 1212 Opimium

936 1217 981 1239 aut
1010 1213 1135 1239 Anicium
1165 1214 1302 1240 consulem
1322 1219 1444 1249 quaerat:
1467 1215 1550 1250 (atqui
1578 1215 1626 1241 hae
1653 1221 1728 1242 notae

935 1255 998 1276 sunt
1016 1251 1144 1285 optimae;
1166 1251 1257 1277 credo:
1284 1252 1332 1278 sed
1351 1253 1432 1278 nimia
1451 1257 1568 1278 vetustas
1588 1261 1635 1279 nec
1650 1253 1728 1279 hahet

935 1296 1005 1318 eam,
1026 1297 1107 1322 quam
1121 1289 1285 1323 quaerimuS,
1302 1290 1469 1321 suavitatem,
1487 1298 1533 1316 nec
1548 1294 1586 1316 est
1600 1291 1652 1316 iam
1664 1298 1727 1316 sane

935 1325 1090 1351 tolerabilis.
1125 1327 1183 1352 288.
1205 1327 1274 1352 Num
1294 1327 1388 1359 igitur,
1408 1328 1455 1362 qui
1474 1327 1523 1353 hoc
1542 1328 1649 1358 sentiat,
1667 1328 1726 1354 siis

935 1367 1024 1397 potare
1043 1362 1119 1394 velit,
1135 1363 1167 1389 de
1186 1363 1257 1390 dolio
1270 1364 1321 1390 sibi
1337 1364 1514 1390 hauriendum
1530 1364 1622 1399 putet?
1648 1365 1728 1391 Mini-

934 1409 989 1432 111ος
1012 1400 1058 1426 sed
1083 1400 1227 1435 quamdam
1250 1407 1378 1444 sequatur
1391 1402 1525 1437 aetatem).·
1554 1402 1592 1428 sic
1606 1411 1655 1438 ego
1669 1403 1726 1429 istis

934 1438 1085 1463 censuerim
1108 1442 1133 1463 01
1153 1447 1248 1464 novam
1271 1439 1348 1464 istam
1371 1440 1448 1474 quasi
1467 1439 1499 1465 de
1518 1445 1606 1465 musto
1624 1448 1653 1465 ac
1669 1440 1726 1466 lacu

935 1474 1063 1501 fervidam
1083 1476 1227 1501 orationem
1246 1475 1400 1511 fugiendam
1416 1485 1462 1502 nec
1476 1476 1549 1502 illam
1565 1477 1726 1511 praeclaram

910 1512 911 1518 ¹
934 1512 1100 1548 Thucydidis
1119 1513 1198 1539 nimis
1217 1518 1331 1539 veterem
1352 1518 1486 1548 tamquam
1505 1515 1659 1541 Anicianam
1680 1523 1727 1540 no-

934 1554 986 1576 tam
1010 1550 1232 1584 persequendam.
1273 1551 1332 1585 Ipse
1354 1551 1425 1576 enim
1448 1551 1618 1586 Thucydides
1637 1553 1659 1578 si
1679 1560 1727 1586 po-

933 1587 1032 1613 sterius
1046 1586 1154 1618 suisset,
1170 1587 1255 1614 multo
1269 1589 1395 1614 maturior
1410 1588 1503 1614 suisset
1518 1594 1542 1614 et
1557 1590 1654 1615 mitior.
1677 1590 1727 1615 Dc*

935 1624 1100 1650 mosthenem
1119 1625 1202 1660 igitur
1216 1626 1361 1651 imitemur.
1397 1626 1541 1652 Lxxxtv.
1557 1626 1579 1653 O
1594 1627 1632 1652 Dii
1648 1627 1724 1653 boni!

933 1662 1008 1697 quid,
1029 1670 1142 1696 quaeso,
1159 1671 1206 1688 nos
1220 1662 1293 1688 aliud
1307 1663 1412 1698 agimus
1427 1668 1470 1689 aut
1485 1663 1550 1698 qnid
1565 1664 1638 1690 aliud
1652 1669 1726 1698 opta-

934 1699 1013 1725 mus?
1032 1700 1065 1725 At
1075 1708 1126 1725 non
1138 1700 1314 1734 assequimur.
1326 1716 1362 1720 -
1377 1701 1420 1726 Isti
1431 1701 1501 1726 enim
1514 1701 1635 1727 videlicet
1647 1702 1726 1727 Attici

934 1737 1030 1768 nostri,
1058 1737 1131 1771 quod
1160 1737 1265 1768 volunt,
1291 1743 1480 1772 assequuntur.
1516 1740 1573 1764 289.
1598 1739 1635 1764 Ne
1658 1739 1725 1764 illud

932 1774 1042 1809 quidem
1066 1774 1231 1807 intelligunt,
1257 1784 1308 1801 non
1327 1775 1405 1801 modo
1423 1776 1457 1801 ita
1477 1777 1618 1802 memoriae
1637 1776 1727 1810 prodi-

933 1816 989 1838 tum
1009 1820 1079 1843 esse,
1096 1812 1143 1838 sed
1157 1813 1191 1838 ita
1207 1821 1313 1838 necesse
1329 1812 1420 1843 fuisse,
1437 1822 1521 1848 quum
1536 1814 1725 1839 Demosthenes

932 1849 1054 1875 dicturus
1068 1854 1150 1880 esset,
1166 1854 1364 1881 0100110015115,
1381 1850 1506 1876 311(11011(11
1521 1860 1623 1878 caussa.
1640 1860 1672 1877 ex
1687 1856 1726 1877 to-

933 1891 957 1913 ta
977 1887 1086 1913 Graecia
1105 1887 1206 1913 fierent.
1241 1888 1275 1913 Α1
1292 1896 1377 1922 quum
1396 1888 1439 1913 isti
1459 1888 1537 1914 Attici
1552 1888 1656 1917 dicunt,
1674 1897 1725 1915 non

933 1924 1010 1950 modo
1024 1933 1038 1950 a
1052 1932 1154 1955 corona,
1171 1924 1243 1959 quod
1258 1929 1297 1951 est
1312 1925 1400 1959 ipsum
1416 1925 1574 1968 misci-abile,
1589 1925 1724 1952 5011011101

932 1962 965 1987 ab
984 1961 1116 1988 3111003115
1135 1961 1333 1996 relinquuntur.
1367 1962 1453 1994 Quare
1467 1963 1489 1988 51
1505 1968 1616 1992 31100510
1630 1968 1655 1989 01
1668 1973 1682 1988 0
1686 1964 1726 1990 xi-

934 1999 992 2025 liter
1014 1999 1102 2025 dicere
1124 2003 1163 2025 est
1186 1999 1346 2027 Atticorum
1367 2001 1419 2026 sint
1438 2008 1500 2026 sane
1517 1991 1609 2028 Attici:
1632 2001 1678 2026 sed
1698 2001 1724 2027 in

931 2036 1069 2063 comitium
1084 2037 1204 2068 1011111111,
1220 2036 1253 2062 3(1
1267 2042 1379 2063 stantem
1395 2036 1509 2063 iudicem
1525 2037 1726 2064 (1101’111.51111-

931 2073 1006 2100 scllia
1034 2057 1204 2109 grandiorem
1230 2079 1255 2100 ct
1279 2074 1423 2109 pleniorem
1450 2084 1539 2101 vocem
1563 2075 1722 2101 desiderant.

931 2112 989 2138 ⁶290.
1014 2111 1079 2138 Volo
1098 2111 1147 2137 hoc
1165 2112 1259 2137 oratori
1279 2113 1426 2146 contingat,
1446 2117 1486 2143 111,
1503 2121 1588 2146 quum
1603 2113 1723 2138 auditum

930 2149 965 2174 sit
983 2157 1044 2174 eum
1059 2157 1117 2174 esse
1131 2148 1275 2179 dicturum,
1291 2149 1362 2175 locus
1377 2150 1403 2175 in
1418 2149 1556 2175 subselliis
1570 2155 1721 2184 occupetur.

930 2186 1094 2220 compleatur
1117 2186 1246 2217 tribunal,
1270 2187 1376 2221 gratiosi
1401 2187 1502 2213 scribae
1520 2188 1574 2213 sint
1593 2188 1618 2213 in
1638 2187 1725 2213 dando

930 2227 955 2249 et
977 2223 1095 2249 cedendo
1119 2223 1186 2254 loco,
1213 2232 1306 2250 corona
1331 2224 1484 2258 multiplex,
1506 2224 1587 2250 iudex
1605 2230 1721 2252 01·0οι115;

929 2269 1014 2295 quum
1029 2261 1115 2296 surgit
1131 2261 1162 2291 is,
1178 2261 1224 2295 qui
1239 2261 1361 2287 (licturus
1375 2262 1418 2290 sit.
1431 2262 1596 2296 significetur
1606 2270 1619 2287 a
1629 2270 1722 2288 corona

929 2297 1080 2327 silentium,
1101 2297 1197 2324 deinde
1210 2298 1317 2324 crebrae
1331 2299 1508 2325 assensiones,
1525 2298 1623 2324 multae
1638 2298 1723 2324 admi-

931 2335 1056 2366 rationes,
1080 2335 1164 2364 risus,
1180 2343 1265 2369 quum
1282 2335 1358 2367 velit;
1379 2344 1464 2370 quum
1481 2335 1552 2364 velit,
1570 2335 1659 2362 fletus:
1684 2341 1720 2364 111,

929 2372 975 2406 qni
1001 2372 1064 2397 haec
1079 2372 1169 2406 procul
1185 2372 1280 2403 videat,
1297 2373 1401 2398 etiamsi
1423 2373 1489 2407 qnid
1504 2378 1598 2405 agutur
1613 2374 1720 2401 nesciat.

929 2414 953 2435 at
969 2408 1070 2443 placere
1085 2413 1181 2438 tamen.
1195 2414 1220 2435 et
1234 2410 1260 2435 in
1275 2418 1352 2435 scena
1367 2418 1425 2435 esse
1441 2410 1565 2436 Roscium
1580 2410 1720 2446 intelligat.

930 2447 996 2472 11300
1014 2446 1057 2472 0111
1080 2447 1247 2481 contingant,
1268 2455 1329 2473 eum
1349 2448 1416 2472 50110
1430 2447 1513 2473 Attice
1527 2447 1630 2477 dicere,
1648 2453 1676 2474 ut
1689 2448 1722 2474 (10

929 2483 1027 2509 Pericle
1050 2483 1189 2513 audimus,
1215 2488 1243 2509 ut
1265 2484 1298 2509 de
1321 2484 1461 2520 Hyperide,
1483 2489 1511 2510 ut
1528 2485 1561 2510 de
1581 2485 1719 2512 Aeschine.

927 2520 960 2546 de
978 2521 1035 2555 ipso
1052 2520 1162 2555 quidem
1183 2521 1356 2547 Demosthene
1375 2522 1500 2548 maxime.
1534 2523 1593 2548 2⁹¹.
1613 2522 1660 2549 Sin
1675 2531 1721 2549 au—

929 2563 980 2584 tem
995 2562 1112 2588 acutum,
1130 2557 1256 2592 prndcnS,
1273 2563 1298 2584 et
1312 2559 1381 2585 idem
1395 2559 1539 2588 sincerum.
1555 2564 1580 2585 et
1593 2559 1720 2589 solidum.

928 2600 952 2621 et
971 2595 1133 2621 exsiccatum
1152 2604 1237 2630 genus
1256 2596 1382 2622 orationis
1402 2596 1513 2631 probant
1532 2605 1580 2622 nee
1598 2597 1644 2623 illo
1661 2605 1720 2632 grn—

929 2633 1000 2658 viore
1023 2637 1116 2658 ornatu
1135 2633 1247 2659 oratorio
1265 2638 1377 2659 utuntur
1395 2638 1420 2659 et
1440 2633 1488 2660 hoc
1507 2635 1644 2668 proprium
1663 2643 1722 2660 0550

928 2670 1074 2697 Α1110010111
1094 2669 1199 2698 volunt:
1223 2675 1291 2697 recte
1311 2670 1428 2697 laudant.
1469 2671 1515 2698 Est
1533 2672 1603 2698 enim
1623 2673 1648 2698 in
1668 2677 1721 2698 arte
