1941 3052
201 143 250 168 858

202 210 225 232 ln
241 210 305 231 titut-
319 210 346 230 ὼ·
356 211 408 237 Ιῑεψ.
420 208 543 230 ‹utamini-
555 212 580 228 tt.
591 208 618 228 de
628 207 714 229 atetetti
725 207 850 233 ignor-nd·
861 211 876 232 Ι,
888 209 920 228 17.
931 212 952 228 et
962 209 989 229 ila

202 248 340 267 monumento
351 243 443 265 Atheni·
455 250 466 263 ι
477 250 500 263 ιο
511 243 626 262 auim-mtu
639 246 654 262 1.

257 313 274 335 Ι,
302 313 506 335 (1,·11-t=.r·.·,t‘·=·u¹·,
520 313 608 329 muru„
618 320 656 328 .....

382 354 546 382 eteritis)
579 355 745 382 ATTtCO
774 355 803 382 S.

260 396 281 419 l.
304 388 406 427 Accepi
423 397 480 418 tuas
497 392 595 418 litteras
611 402 635 419 a.
649 392 675 418 d.
693 393 817 427 quintum
829 392 989 419 Terminalia

202 430 359 462 l.ao‹liceae;
376 438 443 464 quas
459 429 510 463 legi
523 429 713 459 libentissime,
731 430 903 464 plenissimas
917 439 990 456 amo-

202 468 251 497 ris,
270 467 455 496 humanitatis,
472 466 568 497 officii,
586 467 751 501 diligentiae.
792 468 838 493 llis
854 468 936 502 igitur
949 476 991 493 re-

201 503 351 539 spondebo:
374 505 412 530 sie
428 505 498 530 enim
516 504 647 538 postulas:
672 513 719 530 nec
735 504 882 539 οἰκονομίαν
904 513 990 530 meam

202 542 353 572 instituani;
376 541 423 567 sed
442 541 562 567 ordinem
579 541 742 567 conservabo
763 547 849 568 tuum.
890 542 991 567 liecen-

201 579 319 605 tissimas
330 587 343 604 a
355 578 487 613 Cybistris
499 583 522 604 te
536 587 608 604 meas
625 578 724 604 litteras
741 578 838 605 habere
854 579 907 609 ais,
924 587 948 605 a.
961 579 988 604 d.

200 624 228 641 x.
244 615 302 641 Kal.
315 615 408 642 Octob.
421 615 509 641 datas:
523 620 549 642 et
559 616 627 641 scire
640 616 690 646 vis,
708 621 765 641 tuas
776 625 825 651 ego
836 625 904 651 quas
915 624 991 642 acce-

201 653 296 687 perim.
336 652 436 678 Omnes
448 652 511 682 fere,
526 661 594 687 quas
605 661 807 683 commemoras,
821 658 924 688 praeter
933 662 988 683 eati.

200 698 267 724 quas
278 689 376 715 scribis
389 690 492 716 Lentuli
505 690 595 724 pueris
607 695 631 716 et
643 690 802 724 Equotutico
812 696 837 716 et
848 690 990 716 Brundisio

200 726 285 753 datas.
316 726 403 758 Quare
414 736 464 753 non
477 729 573 760 υἱχειηι
585 731 627 753 tua
642 727 780 757 industria.
794 727 865 762 quod
879 728 988 757 vereris,

199 763 249 790 sed
260 763 393 798 praeclare
406 765 525 798 ponitur;
542 764 565 790 si
575 764 685 799 quidem
699 764 724 790 id
736 766 828 799 egisti,
843 770 871 791 ut
883 773 931 800 ego
943 765 990 791 de-

201 800 319 827 lectarer.
361 801 427 827 Nam
449 801 521 827 nulla
542 810 568 827 re
588 810 648 827 sum
664 799 810 828 dolectatus
827 802 922 838 magis.
964 803 988 828 Ξ.

199 837 276 870 Quod
289 847 374 864 meam
386 838 523 872 βηθύιιμιι
535 839 561 864 in
573 839 659 873 Appio
671 839 732 869 tibi,
750 839 897 866 libertatem
909 840 989 865 etiam

662 314 730 332 ,7111)

1009 210 1013 355 ἱ

200 876 227 902 in
239 876 318 902 Bruto
332 875 428 910 probo,
447 875 618 902 vehementer
631 876 749 911 gaudeo:
766 885 795 902 ac
812 882 931 911 putaram
947 886 990 902 se—
1011 877 1019 906 ',

199 921 257 939 cus.
289 913 393 947 Appius
403 914 474 938 enim
487 912 518 938 ad
534 921 575 938 me
586 922 619 939 ex
632 914 724 939 itinere
737 913 778 940 bis
790 919 861 940 terve
873 914 988 949 ὑπομεμ-

189 951 337 985 Ιψιμοίρους
349 950 446 976 litteras
458 950 578 979 miserat,
600 950 672 985 quod
684 951 815 985 quaedam
827 960 840 977 a
853 960 880 977 se
890 951 990 977 consti-

199 991 254 1013 tuta
270 987 460 1013 rescintlerem.
501 987 546 1018 Ut,
568 988 591 1013 si
609 987 743 1019 medicus,
765 997 850 1023 quum
866 993 989 1024 aegrotus

199 1023 245 1050 alii
257 1024 360 1050 medico
373 1024 484 1051 traditus
497 1025 540 1054 sit,
550 1025 628 1051 irasci
641 1025 704 1051 velit
715 1026 739 1051 ei
752 1026 864 1055 medico,
878 1026 925 1060 qui
936 1025 989 1051 sibi
1011 1045 1012 1049 ,

197 1062 367 1092 successerit,
381 1062 413 1092 si,
426 1070 494 1097 quae
506 1062 564 1097 ipse
576 1062 602 1088 in
614 1062 730 1090 curando
741 1063 917 1093 constituerit,
930 1071 990 1088 mu·-
1011 1081 1012 1084 η

198 1102 236 1125 tet
249 1098 307 1125 ille:
323 1099 362 1125 sic
378 1100 494 1134 Appius,
512 1109 596 1134 quum
611 1103 637 1129 ἐξ
648 1100 811 1135 ammplam:
823 1100 988 1135 provinciam

198 1137 306 1166 curarit,
320 1137 479 1171 sanguinem
493 1138 747 1172 niiserit,quidquid
759 1139 853 1173 potuit,
867 1137 990 1165 deu-axe-

199 1173 246 1204 rit,
264 1173 331 1199 mihi
344 1174 481 1200 tradiderit
491 1179 610 1201 enectam
619 1195 624 1205 ,
642 1186 821 1211 προςανατρεᾳ
827 1177 919 1210 operm·
930 1184 988 1201 eam

198 1219 212 1236 a
227 1219 269 1236 me
285 1220 336 1237 non
354 1210 466 1237 libenter
479 1211 564 1240 videt:
583 1211 629 1237 sed
646 1212 724 1239 modo
739 1218 891 1243 succenset,
910 1213 988 1240 modo

197 1248 296 1283 gratias
308 1248 371 1283 agit.
412 1248 484 1274 Nihil
497 1250 568 1274 enim
580 1257 593 1274 a
609 1258 650 1275 me
663 1249 690 1275 lit
701 1258 762 1276 cum
774 1249 828 1276 ulla
840 1250 914 1276 illius
924 1259 988 1277 con-

197 1284 321 1311 tumelia:
340 1285 522 1312 tantummodo
538 1286 732 1313 dissimilitudo
743 1296 816 1313 meae
828 1288 936 1314 rationis
947 1287 988 1314 of-

197 1321 282 1348 fendit
294 1321 439 1349 hominem.
470 1322 541 1355 Quid
552 1324 623 1349 enim
636 1329 720 1358 potest
731 1333 790 1350 esse
802 1329 855 1350 tam
865 1324 988 1351 dissimi-

198 1358 235 1389 le,
251 1367 332 1393 quam
345 1359 390 1385 illo
402 1360 547 1394 imperante
558 1361 715 1387 exhaustam
727 1370 786 1387 esse
796 1362 952 1396 sumptibus
963 1366 987 1388 et

197 1396 306 1422 iacturis
322 1397 501 1430 provinciam3
524 1398 602 1424 nobis
617 1406 675 1424 eam
690 1398 889 1430 obtinentibus,
908 1408 988 1425 num—

196 1442 270 1459 mum
283 1433 387 1459 nullum
398 1442 456 1460 esse
471 1439 607 1469 erogatum
620 1444 667 1461 nec
679 1436 818 1470 privatim,
835 1445 884 1462 nec
895 1436 987 1471 publi-

195 1469 243 1496 ce‘?
262 1469 333 1502 Quid
345 1470 432 1497 dicam
444 1471 476 1497 de
491 1471 564 1498 illius
576 1472 726 1506 praefectis,
743 1474 898 1504 comitibus,
915 1473 987 1509 lega-

194 1506 247 1534 tis‘?
257 1508 337 1534 etiam
349 1507 381 1534 de
392 1508 511 1543 rapinis‘?
522 1509 554 1535 de
566 1509 746 1536 libidinibus?
756 1510 789 1536 de
799 1510 988 1537 contumetiis?

194 1545 272 1571 Nunc
283 1549 372 1571 autem
383 1545 479 1572 domus
491 1546 643 1573 mehercule
655 1547 728 1573 nulla
741 1551 811 1574 tanto
822 1548 935 1575 consilio
941 1553 987 1574 aut

194 1586 266 1608 tanta
286 1582 430 1617 disciplina
451 1583 628 1619 gubernatur,
654 1589 699 1610 aut
720 1589 772 1611 tam
794 1585 912 1611 modesta
935 1590 983 1616 est,

194 1627 275 1654 quam
287 1624 374 1646 nostra
386 1625 437 1646 tota
449 1621 597 1654 provincia.
628 1621 695 1647 llaec
707 1621 828 1648 nonnulli
840 1623 920 1648 amici
931 1623 986 1657 Ap—
1006 1618 1008 1651 s

193 1656 233 1692 pii
244 1656 356 1682 ridicule
373 1657 591 1692 interpretantur:
608 1659 656 1692 qui
671 1667 712 1684 me
724 1659 824 1685 idcirco
833 1665 927 1694 putent
938 1659 987 1685 be-

194 1702 227 1720 ne
243 1693 335 1720 audire
352 1694 435 1725 velle,
457 1699 486 1721 ut
506 1694 552 1720 ille
570 1695 638 1721 male
654 1695 758 1727 audiat,
776 1701 801 1723 et
815 1701 884 1723 recte
900 1696 985 1723 facere

193 1739 246 1757 non
257 1739 332 1757 meae
347 1730 448 1761 laudis,
465 1731 512 1758 sed
524 1731 599 1758 illius
609 1733 787 1759 contumeliae
798 1742 902 1760 caussa.
937 1733 984 1760 Sin

193 1767 312 1802 Appius,
330 1773 359 1794 ut
369 1769 442 1795 Bruti
456 1769 569 1800 litterae,
587 1778 654 1804 quas
666 1769 698 1796 ad
710 1775 734 1796 te
747 1771 832 1801 misit,
846 1770 985 1806 significa-

193 1804 266 1836 bant,
281 1806 380 1840 gratias
392 1806 470 1832 nobis
481 1807 548 1842 agit,
563 1815 614 1833 non
627 1806 737 1833 moleste
750 1807 817 1833 fero:
835 1807 883 1834 sed
895 1812 983 1834 tamen

193 1850 224 1868 eo
236 1843 293 1876 ipse
306 1842 364 1874 die,
386 1851 439 1877 quo
451 1843 516 1869 haec
526 1848 585 1870 ante
601 1843 687 1870 lucem
702 1844 868 1874 scribebam,
883 1846 985 1880 cogita-

193 1878 255 1905 bam
270 1880 329 1905 eius
345 1880 428 1906 multa
446 1881 538 1915 inique
554 1881 696 1907 constituta
712 1886 737 1907 et
752 1886 808 1908 acta
825 1881 926 1908 tollere.
957 1884 982 1909 3.

192 1915 270 1942 Nunc
281 1917 360 1942 venio
371 1916 403 1942 ad
415 1917 535 1948 Brutum,
548 1926 628 1952 quem
640 1926 689 1953 ego
699 1919 773 1944 omni
784 1918 882 1949 studio,
901 1924 924 1945 te
935 1928 984 1945 au-

192 1957 272 1984 ctore,
285 1961 346 1979 sum
358 1954 528 1988 complexus:
542 1963 623 1989 quem
637 1956 716 1981 etiam
728 1964 816 1982 amare
828 1965 980 1991 coeperam:

192 1990 249 2021 sed,
263 1989 332 2021 dico,
347 1992 469 2017 revocavi
482 2000 537 2022 me,
550 2000 582 2018 ne
594 1997 617 2018 te
629 1992 800 2019 offenderem.
841 1993 900 2020 Noli
911 1994 983 2020 enim

191 2032 294 2062 putare,
308 2036 350 2054 me
361 2028 510 2063 quidquam
522 2028 749 2064 maluisse,quam
760 2035 789 2056 ut
799 2030 936 2057 mandarat
949 2032 980 2062 is,

192 2064 292 2091 facere:
313 2073 362 2091 nec
377 2064 432 2091 ulla
445 2065 478 2092 de
494 2075 520 2092 re
536 2065 598 2100 plus
614 2066 758 2094 laborasse.
797 2067 982 2094 Mandatorum

192 2106 282 2128 autem
302 2102 369 2128 mihi
391 2102 514 2129 libellum
530 2103 617 2130 dedit:
641 2104 793 2139 iisdemque
808 2105 841 2131 de
857 2105 938 2131 rebus
954 2110 982 2132 tu

192 2147 297 2165 mecum
309 2148 411 2175 egeras.

192 2181 244 2203 tus.
284 2177 415 2208 Primum,
429 2177 461 2203 ab
471 2178 649 2205 Ariobarzane
660 2180 699 2205 sic
710 2179 844 2210 contendi,
859 2185 887 2206 ut
898 2179 982 2206 talen-

191 2218 226 2245 ta,
238 2222 307 2248 quae
318 2214 385 2240 mihi
397 2214 580 2249 pollicebatur,
598 2216 637 2242 illi
648 2216 732 2243 daret.
772 2216 864 2249 Quoad
876 2226 982 2243 mecum

190 2259 238 2277 rex
249 2250 311 2282 fuit,
325 2251 443 2286 perbono
454 2251 510 2279 loco
521 2262 563 2279 res
573 2258 641 2280 erat:
659 2259 718 2288 post
729 2262 743 2280 a
755 2254 874 2288 Pompeii
885 2262 983 2289 procu-

191 2288 324 2314 ratoribus
334 2289 468 2315 sexcentis
482 2291 568 2324 premi
578 2295 688 2325 coeptus
699 2296 748 2317 cst.
779 2291 923 2326 Pompeius
934 2300 983 2318 au-

191 2330 244 2351 tem
255 2333 340 2360 quum
351 2326 385 2352 ob
396 2331 496 2353 ceteras
507 2335 616 2354 caussas
627 2328 689 2362 plus
700 2333 787 2363 potest
797 2337 868 2354 unus
876 2350 882 2360 ,
899 2337 981 2364 quarn

190 2363 271 2388 ceteri
281 2371 383 2394 omnes,
396 2368 453 2390 tum
465 2364 537 2399 quod
548 2369 657 2399 putatur
666 2365 699 2391 ad
711 2365 813 2391 bellum
827 2366 981 2392 Parthicum

190 2407 248 2425 esse
261 2405 402 2427 venturus.
432 2401 463 2427 Ei
475 2406 563 2428 tamen
573 2402 613 2428 sic
625 2411 696 2428 nunc
706 2402 832 2429 solvitur:
846 2404 981 2430 tricesimo

190 2444 297 2471 quoque
312 2437 356 2463 die
371 2437 467 2464 talenta
480 2439 566 2465 Attica
582 2447 684 2470 xxmn,
702 2444 728 2466 et
743 2439 793 2466 hoc
807 2447 842 2466 ex
856 2440 978 2467 tributis:

190 2480 239 2498 nec
259 2473 287 2499 id
306 2475 371 2500 satis
395 2474 511 2502 efficitur
535 2477 563 2502 in
582 2484 692 2502 usuram
712 2481 887 2504 menstruam.
927 2477 981 2504 Sed

190 2509 294 2536 Cnaeus
301 2511 570 2539 nosterclementerid
577 2512 638 2545 fert:
652 2518 721 2540 sorte
732 2518 815 2546 caret3
839 2523 920 2541 usura
932 2522 981 2541 nec

190 2553 221 2571 ea
237 2546 322 2573 solida
338 2553 477 2576 contentus
492 2555 542 2576 est.
582 2549 636 2576 Alii
650 2559 737 2585 neque
754 2550 834 2577 solvit
851 2552 980 2587 cuiquam

191 2590 239 2608 nec
248 2587 334 2617 potest
344 2585 457 2612 solvere.
497 2586 608 2613 Nullum
623 2588 695 2613 enim
710 2588 856 2620 aerarium,
873 2588 979 2615 nullum

191 2619 304 2660 vectigal
317 2620 405 2647 habet.
445 2624 657 2658 Appiia'ustituto
669 2624 768 2651 tributa
779 2625 901 2659 imperat.
941 2626 980 2652 Ea

191 2664 246 2687 vtx,
260 2657 287 2682 in
299 2656 392 2684 foenus
403 2659 523 2694 Pompeii
535 2661 608 2696 quod
618 2662 683 2688 satis
693 2662 737 2694 sit,
750 2661 880 2689 efficiunt.
902 2662 980 2690 Ami-

1010 957 1019 976 '.
1040 956 1062 977 et
1074 952 1101 978 P.
1114 952 1236 981 Matinio,
1251 954 1424 985 familiaribus
1435 955 1504 979 mei-5.

1006 1632 1009 1643 r

450 2141 546 2167 Omnia
561 2150 622 2167 sum
636 2141 845 2177 diligentissime
856 2151 984 2177 persecu·
1010 2171 1013 2179 ,

775 141 818 166 95.
850 138 884 165 M.
917 138 948 165 Τ.
978 137 1250 165 thtiuoNtS

1039 211 1064 235 ci
1081 210 1151 241 regis
1166 209 1220 235 duo
1235 214 1322 236 tresve
1337 210 1482 245 perdivites
1498 217 1573 238 sunt:
1591 212 1638 238 ned
1654 213 1672 239 ii
1685 220 1765 239 suum
1776 219 1829 240 um

1040 246 1183 278 diligenter
1203 251 1305 277 tenent,
1327 256 1408 282 quam
1423 256 1473 283 ego
1487 254 1532 275 aut
1551 255 1590 275 tu.
1630 250 1762 284 Equidem
1779 259 1830 277 non

1040 283 1134 309 «lesina
1150 288 1236 309 tamen
1252 292 1299 317 per
1314 283 1415 310 litteras
1430 294 1534 319 rogare,
1557 286 1684 316 sundere,
1706 295 1831 313 accusare

1041 329 1140 352 regem.
1182 321 1206 346 4.
1228 320 1364 347 Deiotarus
1375 322 1454 347 etiam
1467 322 1533 348 mitn
1546 325 1669 351 narravit.
1683 333 1711 349 se
1723 324 1755 349 ad
1767 332 1829 350 eum

1043 357 1141 389 legatos
1154 358 1260 383 misisse
1270 357 1304 383 de
1315 366 1342 384 re
1354 359 1441 384 Bruti:
1459 367 1504 385 eos
1519 359 1571 385 sibi
1586 369 1743 395 responsum
1759 366 1832 387 retu-

1043 394 1114 423 lisse,
1130 394 1205 419 illum
1219 403 1269 420 non
1283 395 1391 421 babere.
1417 395 1449 422 Et
1460 396 1611 422 mehercule
1622 406 1671 430 ego
1683 399 1717 423 ita
1731 398 1830 427 iudico,

1042 431 1109 456 nihil
1122 430 1167 456 illo
1179 440 1260 465 regno
1270 432 1420 466 spoliatius,
1434 432 1501 458 nihil
1514 442 1575 468 rege
1585 435 1718 468 egentius.
1741 435 1832 469 tuque

1041 472 1086 493 aut
1098 467 1178 494 tutela
1194 469 1281 502 cogito
1297 478 1339 495 me
1355 469 1493 500 abdicare,
1511 475 1569 500 aut,
1588 476 1616 497 ut
1629 479 1676 505 pro
1686 471 1832 498 Glabrione

1040 504 1175 535 Scaevola,
1192 505 1286 531 foenus
1295 511 1320 532 et
1333 506 1500 541 impendium
1512 515 1644 533 recusare.
1666 508 1722 543 Ego
1732 513 1830 539 umen,

1041 551 1108 576 quim
1124 551 1171 576 per
1186 547 1210 568 te
1222 543 1301 568 Bruto
1316 544 1490 577 promiseram
1505 543 1698 578 praefecturas,
1716 546 1750 572 tt.
1768 546 1832 572 Sca-

1041 580 1109 613 ptio,
1127 580 1155 605 L.
1168 580 1267 610 Gavio,
1284 581 1332 614 qui
1349 589 1374 607 in
1390 589 1472 616 regno
1487 590 1541 607 rem
1556 581 1629 607 Bruti
1644 583 1829 616 procurabant,

1041 616 1136 642 detuli.
1178 617 1230 642 Nec
1246 618 1318 643 enim
1336 618 1363 644 in
1379 619 1516 652 provincia
1538 627 1595 644 mea
1617 619 1830 654 negotiabantur.

1041 654 1080 679 Tu
1092 658 1180 679 autem
1197 655 1358 685 meministi,
1377 664 1424 681 nos
1441 656 1480 681 sic
1495 664 1587 690 agere,
1605 660 1646 685 ut,
1664 661 1729 691 quot
1741 655 1829 687 vellet,

1042 690 1221 725 praefecturas
1243 697 1374 722 sumeret,
1396 692 1461 718 dum
1481 701 1513 718 ne
1535 693 1700 728 negotiatori.
1741 694 1832 728 ltaque

1041 728 1108 754 duas
1119 729 1143 754 ei
1155 733 1287 762 praeterea
1299 729 1436 755 dederam.
1476 730 1528 756 Sed
1544 731 1576 760 ii,
1594 730 1695 765 quibus
1710 731 1830 765 petierat,

1041 765 1073 791 de
1090 766 1226 800 provincia
1237 765 1416 792 decesserant.
1456 768 1482 793 5.
1505 767 1581 793 Nunc
1594 776 1724 802 cognosce
1737 767 1772 793 de
1782 766 1832 793 Su·

1042 802 1173 828 laminiis:
1190 803 1261 837 quod
1274 803 1352 829 video
1364 804 1412 830 tibi
1423 805 1502 830 etiam
1509 813 1609 830 novum
1616 804 1832 836 accidisse-,tem-

1040 848 1121 874 quam
1138 840 1214 866 milii.
1256 841 1409 875 Numquam
1424 842 1497 867 enim
1516 850 1550 868 ex
1566 841 1612 867 illo
1626 841 1733 871 audivi,
1757 841 1831 868 itt-m

1041 877 1183 911 pecuniam
1194 885 1253 903 esse
1264 886 1351 904 suam.
1377 878 1447 910 Quin
1458 879 1538 904 etiam
1550 878 1672 904 libellum
1686 879 1772 913 ipsius
1783 878 1831 905 ha-

1041 914 1103 945 beo,
1119 915 1145 940 in
1155 923 1209 949 quo
1220 920 1272 945 est,
1290 916 1429 941 Salaminii·
1436 919 1571 948 pecuniam
1581 918 1668 942 debent
1678 916 1714 942 M.
1727 918 1832 949 scopata

1545 953 1596 979 Eos
1612 953 1680 979 mibi
1693 961 1831 979 commen-

1040 988 1098 1014 dat:
1116 989 1226 1015 ascribit
1236 990 1316 1015 etiam
1327 995 1353 1016 et
1363 990 1440 1024 quasi
1451 989 1538 1016 calcar
1548 990 1684 1020 admovet,
1703 990 1832 1016 interces-

1040 1026 1108 1051 sisse
1119 1034 1147 1052 se
1159 1034 1206 1061 pro
1219 1027 1251 1052 iis
1268 1035 1390 1062 magnam
1407 1028 1558 1061 pecuniam.
1599 1027 1784 1058 Confeceram,
1802 1032 1832 1053 ut

1040 1062 1474 1093 solverent,centesimissexennii
1488 1064 1576 1090 ductis
1586 1073 1648 1090 cum
1661 1064 1832 1090 renovatione

1040 1100 1210 1135 singulorum
1222 1109 1362 1127 annorum.
1403 1102 1435 1127 At
1446 1101 1570 1136 Scaptius
1584 1106 1727 1136 quaternas
1738 1105 1831 1135 postu-

1041 1137 1121 1163 labat.
1147 1138 1239 1168 Metui,
1253 1139 1276 1164 si
1289 1139 1464 1172 impetrasset,
1479 1147 1511 1164 ne
1524 1143 1551 1164 tu
1563 1139 1620 1173 ipse
1632 1147 1673 1164 me
1685 1147 1772 1164 amare
1783 1137 1831 1164 de-

1039 1175 1151 1202 sineres
1193 1175 1259 1200 Nam
1275 1175 1308 1201 ab
1324 1175 1410 1201 edicto
1426 1184 1484 1202 meo
1496 1177 1680 1205 recessissem,
1699 1180 1724 1201 et
1734 1176 1831 1201 civita-

1040 1218 1106 1243 tem,
1123 1214 1149 1239 in
1165 1211 1272 1240 Catonis
1287 1217 1312 1238 et
1327 1213 1354 1238 in
1371 1213 1458 1247 ipsius
1470 1213 1542 1239 Bruti
1559 1213 1610 1238 fide
1627 1212 1736 1239 locatam
1748 1212 1831 1238 meis-

1039 1259 1091 1285 que
1103 1250 1242 1277 beneficiis
1254 1255 1382 1281 ornatam,
1397 1249 1521 1277 funditus
1532 1249 1721 1285 perdidissem.
1742 1251 1767 1276 6.
1783 1250 1831 1276 Ai—

1038 1296 1091 1322 que
1107 1287 1156 1314 hoc
1170 1292 1288 1322 tempore
1303 1289 1362 1322 ipso
1377 1288 1504 1323 impingit
1524 1288 1592 1314 mihi
1611 1287 1752 1322 epistolam
1766 1286 1830 1313 Sca-

1039 1325 1112 1359 ptius
1126 1325 1213 1355 Bruti‚
1233 1334 1287 1352 rem
1303 1326 1376 1352 illam
1391 1333 1441 1351 suo
1456 1325 1576 1360 periculo
1590 1333 1662 1351 esse:
1680 1323 1762 1359 (quod
1780 1331 1831 1350 nec

1039 1362 1106 1388 mihi
1127 1370 1256 1397 umquam
1273 1363 1370 1389 Brutus
1385 1362 1502 1393 dixerat,
1525 1371 1573 1389 nec
1589 1362 1664 1396 tibi:)
1684 1362 1778 1392 etiam,
1800 1365 1830 1387 ut

1037 1398 1231 1434 praefecturam
1243 1400 1349 1434 Scaptio
1359 1399 1501 1426 deferrem.
1541 1400 1570 1426 ld
1586 1407 1648 1426 vem
1659 1407 1706 1434 per
1716 1404 1740 1425 te
1750 1405 1831 1424 exce-

1014 1438 1016 1477 'j
1037 1445 1173 1471 peramus,
1193 1445 1226 1463 ne
1242 1437 1412 1472 negotiatori;
1429 1437 1502 1472 quod
1518 1438 1541 1463 si
1556 1437 1697 1472 cuiquam,
1715 1436 1779 1462 huic
1790 1440 1830 1461 ta-

1038 1482 1099 1500 men
1111 1482 1173 1500 non.
1215 1474 1310 1500 Fuerat
1320 1475 1392 1500 enirn
1403 1474 1554 1509 praefectus
1563 1474 1663 1508 Appio3
1681 1478 1707 1499 et
1717 1472 1830 1508 quidem

1038 1511 1168 1538 habuerat
1179 1516 1280 1537 turmas
1291 1512 1427 1546 equitum,
1448 1512 1550 1547 quibus
1565 1511 1700 1537 inclusum
1716 1511 1744 1536 in
1754 1509 1830 1536 curia

1037 1553 1160 1574 senatum
1171 1548 1305 1575 Salamine
1315 1548 1467 1580 obsederat,
1484 1554 1513 1575 ut
1523 1548 1592 1574 fame
1602 1553 1737 1574 senatores
1747 1547 1830 1582 quin-

1037 1594 1090 1620 que
1101 1591 1276 1612 morerentur.
1316 1587 1408 1620 ltaque
1417 1594 1479 1622 ego,
1493 1594 1547 1621 quo
1557 1585 1601 1612 die
1612 1585 1779 1620 provinciam
1789 1588 1829 1610 te-

1037 1623 1096 1658 tigi,
1109 1631 1194 1657 quum
1206 1623 1371 1659 mihiCyprii
1379 1623 1458 1659 legati
1470 1623 1607 1657 Ephesum
1617 1622 1726 1648 obviam
1737 1621 1828 1647 venis‘

1036 1664 1104 1690 sent,
1119 1660 1218 1686 litteras
1230 1661 1301 1690 misi,
1317 1666 1346 1686 ut
1357 1662 1461 1695 equites
1471 1668 1505 1686 ex
1516 1659 1603 1686 insula
1614 1659 1703 1685 statim
1714 1657 1829 1684 decede-

1037 1702 1104 1723 rent.
1144 1697 1190 1723 }lis
1205 1697 1238 1723 de
1252 1698 1356 1724 caussis
1366 1697 1445 1723 credo
1459 1697 1596 1731 Scaptium
1607 1696 1730 1730 iniquius
1740 1695 1774 1721 de
1785 1703 1828 1721 me

1035 1733 1140 1768 aliquid
1155 1734 1188 1760 ad
1203 1735 1314 1760 Brutum
1328 1735 1479 1768 scripsisse.
1519 1733 1572 1760 Sed
1588 1738 1675 1760 tamen
1696 1733 1746 1759 hoc
1765 1741 1827 1758 sum

1036 1771 1138 1797 animo:
1161 1772 1184 1797 si
1199 1772 1296 1798 Brutus
1316 1772 1422 1806 putabit
1442 1779 1484 1797 me
1504 1775 1647 1805 quaternas
1666 1770 1827 1796 centesimas

1035 1808 1185 1843 oportuisse
1200 1808 1356 1839 decernere,
1378 1809 1426 1843 qui
1443 1810 1469 1835 in
1484 1813 1535 1834 tota
1551 1808 1689 1842 provincia
1704 1806 1827 1842 singulas

1035 1846 1215 1876 observarem,
1229 1847 1319 1880 itaque
1329 1845 1485 1876 edixissem,
1499 1845 1581 1880 idque
1592 1845 1671 1871 etiam
1683 1844 1828 1870 acerbissi-

1035 1883 1088 1908 mis
1099 1882 1310 1909 foeneratoribus
1321 1882 1490 1917 probaretur,
1504 1883 1527 1908 si
1539 1881 1733 1917 praefecturam
1745 1889 1828 1917 nego-

1035 1920 1122 1946 tiatori
1132 1919 1291 1956 denegatam
1302 1925 1438 1955 queretur,
1452 1919 1524 1954 quod
1535 1927 1584 1955 ego
1595 1919 1727 1953 Torquato
1737 1923 1827 1945 nostro

1035 1958 1062 1984 in
1074 1962 1118 1984 tuo
1130 1957 1240 1988 Laenio,
1258 1958 1384 1992 Pompeio
1395 1958 1448 1991 ipsi
1460 1958 1486 1983 in
1498 1956 1572 1983 Sext.
1585 1955 1668 1982 Statio
1678 1956 1788 1991 negavi,
1800 1960 1828 1982 et

1034 1995 1068 2020 iis
1083 1994 1208 2029 probavi;
1226 1995 1250 2020 si
1265 1995 1370 2029 equites
1385 1994 1514 2020 deductos
1530 1993 1640 2020 moleste
1656 1992 1734 2024 feret,
1755 1993 1827 2019 aoei-

1034 2032 1106 2066 piam
1118 2031 1244 2067 equidem
1255 2031 1373 2058 dolorem
1381 2052 1387 2063 ,
1405 2032 1473 2057 mihi
1484 2031 1562 2057 illum
1573 2031 1666 2061 irasci,
1682 2029 1730 2056 sed
1741 2029 1826 2056 multo

1035 2069 1175 2099 maiorem,
1188 2078 1240 2095 non
1252 2077 1310 2095 esse
1321 2077 1383 2095 eum
1395 2068 1488 2099 talem,
1501 2067 1609 2104 qualem
1619 2072 1766 2102 putassem.
1797 2067 1823 2092 ’7.

1034 2106 1103 2132 Illud
1114 2106 1223 2141 quidem
1236 2106 1362 2133 fatebitur
1372 2106 1510 2140 Scaptius,
1528 2113 1570 2131 me
1582 2106 1625 2131 ius
1635 2104 1753 2134 dicente,
1769 2103 1825 2130 sibi

1033 2152 1139 2170 omnem
1151 2144 1294 2179 pecuniam
1304 2151 1339 2170 ex
1348 2143 1436 2170 edicto
1447 2151 1506 2169 meo
1515 2141 1654 2169 auferendi
1667 2145 1824 2176 potestatem

1034 2181 1128 2207 tuisse.
1167 2180 1244 2207 Addo
1258 2181 1339 2207 etiam
1355 2180 1436 2211 illud,
1453 2179 1526 2215 quod
1539 2187 1645 2209 vereor,
1663 2178 1711 2204 tibi
1726 2178 1779 2219 ipsi
1794 2182 1824 2204 ut

1032 2218 1158 2252 probem:
1173 2218 1319 2245 consistere
1331 2226 1412 2244 usura
1427 2217 1533 2247 debuit,
1550 2224 1620 2251 quae
1633 2216 1725 2242 eratin
1736 2214 1824 2241 edicto

1033 2263 1102 2281 meo.
1141 2256 1278 2290 Deponere
1293 2254 1432 2281 volebant:
1450 2254 1593 2289 impetravi
1607 2252 1642 2279 ab
1655 2251 1820 2282 Salaminiis,

1032 2297 1061 2318 ut
1072 2292 1190 2319 silerent.
1230 2292 1343 2320 Veniam
1354 2291 1395 2318 illi
1405 2291 1516 2326 quidem
1530 2290 1599 2316 mihi
1613 2289 1756 2320 dederunt:
1774 2288 1823 2315 sed

1032 2329 1099 2364 quid
1115 2330 1148 2356 iis
1165 2329 1220 2361 fiet,
1239 2331 1262 2356 si
1279 2329 1332 2356 huc
1347 2328 1457 2355 Paullus
1472 2326 1592 2354 venerit?
1610 2326 1663 2353 Sed
1677 2330 1760 2352 totum
1772 2326 1823 2352 hoc

1031 2367 1111 2393 Bruto
1131 2366 1207 2397 dedi,
1229 2367 1278 2402 qui
1296 2366 1330 2392 de
1349 2374 1392 2392 me
1407 2366 1440 2392 ad
1455 2370 1480 2392 te
1496 2364 1705 2391 humanissimas
1721 2362 1822 2390 litteras

1032 2404 1154 2438 scripsit:
1166 2403 1200 2430 ad
1212 2412 1254 2430 me
1263 2409 1362 2434 autem,
1370 2403 1450 2430 etiam
1461 2410 1545 2437 quum
1557 2399 1749 2436 rogataliquid,
1757 2408 1822 2427 con-

1032 2441 1182 2472 tumaciter,
1195 2446 1356 2476 arroganter,
1369 2439 1545 2473 ἀκοινωι-ήιως
1553 2438 1620 2464 solet
1630 2438 1758 2464 scribere.
1780 2437 1821 2464 Tu

1031 2484 1120 2504 autem
1132 2477 1214 2504 velim
1229 2478 1262 2504 ad
1277 2487 1339 2504 eum
1354 2477 1457 2504 scribas
1471 2475 1504 2502 de
1519 2475 1562 2501 his
1573 2474 1667 2505 rebuS,
1685 2480 1714 2501 ut
1724 2475 1818 2506 seiam,

1030 2523 1084 2550 quo
1099 2515 1178 2542 modo
1194 2515 1260 2542 haec
1269 2515 1392 2550 accipiat.
1431 2513 1522 2540 Facies
1533 2512 1605 2538 enim
1617 2520 1659 2538 me
1668 2512 1818 2538 certiorem.

1030 2553 1117 2587 Atque
1133 2552 1182 2579 hoc
1197 2552 1383 2587 superioribus
1402 2550 1497 2577 litteris
1512 2549 1546 2575 ad
1561 2554 1586 2576 te
1600 2549 1744 2584 diligenter
1757 2557 1820 2584 per-

1030 2590 1204 2624 scripseram:
1220 2589 1268 2616 sed
1282 2589 1362 2624 plane
1376 2592 1401 2614 te
1416 2587 1565 2622 intelligere
1580 2586 1668 2617 volui,
1686 2586 1755 2612 mihi
1765 2594 1819 2612 non

1029 2625 1247 2657 excidisseillud,
1255 2626 1328 2661 quod
1333 2630 1361 2652 tu
1372 2624 1405 2651 ad
1416 2633 1460 2651 me
1469 2623 1634 2659 quibusdam
1646 2623 1740 2650 litteris
1750 2623 1819 2649 scri-

1028 2663 1145 2698 psisses3
1158 2663 1182 2689 si
1191 2663 1261 2690 nihil
1271 2662 1345 2689 aliud
1355 2661 1389 2689 de
1399 2661 1449 2688 hac
1458 2661 1606 2697 provincia,
1619 2661 1673 2687 nisi
1683 2660 1759 2687 illius
1769 2659 1818 2686 bt.b
