1941 3052
326 142 415 169 PRO
447 142 577 170 DOMO
611 143 700 170 SUA
732 144 788 169 AD
822 143 1139 171 PONTIFICES.
1175 144 1271 171 CAP.

70 213 117 240 des
128 213 267 247 Caepionis
278 217 366 240 essent
377 213 530 240 dedicatae?
560 216 617 241 ⁴2¹.
639 214 711 241 Nihil
727 214 820 249 loquor
831 214 863 240 de

70 250 206 286 pontificio
216 251 286 282 iure,
300 251 366 277 nihil
378 251 411 277 de
422 252 508 285 ipsius
520 251 610 278 verbis
621 251 805 283 dedicationis,
823 253 864 278 ni-

71 288 108 314 hil
120 288 154 314 de
165 288 492 323 religione,caerimoniis:
506 298 557 315 non
569 289 712 315 dissimulo
724 298 765 316 me
777 290 865 315 nesci-

70 334 98 352 re
109 334 151 356 ea,
173 334 257 361 quae,
280 326 384 352 etiamsi
395 327 504 357 scirem,
526 326 735 357 dissimularem,
761 335 793 352 ne
805 326 864 352 aliis

71 363 213 395 molestus,
231 363 308 390 vobis
323 364 402 389 etiam
416 364 539 390 curiosus
551 364 668 390 viderer:
691 365 740 390 etsi
752 363 865 390 effluunt

70 400 154 426 multa
166 409 199 427 ex
209 405 296 427 vestra
307 401 461 436 disciplina,
481 410 549 436 quae
565 402 642 428 etiam
658 401 691 427 ad
703 406 805 427 nostras
817 410 865 427 au-

70 446 112 464 res
131 446 211 473 saepe
230 443 395 473 permanant.
437 439 540 465 Postem
558 439 639 465 teneri
655 439 682 464 in
699 438 864 464 dedicatione

70 479 191 510 oportere
206 476 298 502 videor
312 476 420 502 audisse
436 476 540 511 templi.
581 476 619 502 Ibi
635 476 705 502 enim
718 477 801 510 postis
813 480 862 506 est,

70 513 118 539 ubi
134 513 226 548 templi
238 513 326 539 aditus
338 518 413 539 estet
425 513 526 539 valvae.
566 513 763 539 Ambulationis
776 518 864 547 postes

70 558 148 577 nemo
163 559 291 586 umquam
309 551 394 577 tenuit
408 551 435 577 in
447 550 607 577 dedicando:
631 550 805 576 simulacrum
817 559 865 576 au-

70 592 123 613 tem
135 593 180 614 aut
190 597 261 614 aram
273 590 295 614 si
311 588 452 618 dedicasti,
475 588 533 614 sine
549 588 676 623 religione
693 587 748 613 loco
763 588 864 613 moveri

70 629 165 659 potest.
207 625 259 652 Sed
271 627 323 652 iam
337 626 385 652 hoc
396 625 483 651 dicere
495 625 541 651 tibi
554 634 606 651 non
619 624 721 656 licebit,
737 625 864 660 quoniam

70 663 221 698 pontificem
234 668 336 698 postem
348 663 467 689 tenuisse
477 662 579 689 dixisti.

127 703 185 727 ⁴2⁵2.
207 701 374 735 Quamquam
391 699 457 735 quid
473 708 521 735 ego
535 699 567 726 de
578 699 742 725 dedicatione
755 698 866 734 loquor‘?

69 743 116 765 aut
126 738 193 773 quid
204 738 237 764 de
248 742 336 764 vestro
346 738 405 763 iure
416 741 441 763 et
452 737 580 773 religione
590 741 692 767 eontra,
710 745 791 771 quam
804 745 865 771 pro-

70 784 220 810 posueram,
233 774 360 809 disputo‘?
397 774 501 800 XLVII.
523 775 579 810 Ego
590 782 664 805 vero,
679 774 701 800 si
712 774 800 800 omnia
812 773 866 800 sol-
886 778 888 784 ‘

71 813 205 839 lemnibus
217 813 316 843 verbis,
325 812 461 838 veteribus
472 816 497 838 et
508 812 603 846 priscis
614 811 745 837 institutis
756 816 810 837 acta
823 820 865 837 es-

69 859 98 876 se
112 850 243 876 dicerem:
265 853 353 876 tamen
369 858 411 875 me
426 849 589 883 reipublicae
603 849 662 875 iure
681 848 863 875 defenderem.

68 888 123 918 An,
146 896 231 922 quum
248 891 276 913 tu
291 887 350 913 eius
364 887 432 913 civis
445 886 580 917 discessu,
602 887 681 912 cuius
693 886 774 912 unius
786 895 864 920 opera

69 928 178 951 senatus
194 929 272 959 atque
288 932 380 951 omnes
396 924 459 950 boni
474 924 608 950 civitatem
624 932 683 950 esse
703 923 864 950 incolumem

69 1041 186 1063 teneres:
201 1037 310 1063 domum
322 1037 390 1067 eius,
404 1037 451 1071 qui
463 1037 575 1072 patriam
587 1045 600 1062 a
611 1045 639 1062 se
651 1042 781 1063 servatam
796 1037 865 1071 peri-

68 1082 96 1101 re
106 1083 156 1101 suo
167 1075 274 1101 nomine
287 1074 428 1105 noluisset,
441 1082 488 1109 per
499 1073 650 1109 pontificem
662 1074 778 1108 aliquem
790 1074 866 1100 dedi-

68 1120 171 1138 casses:
184 1116 274 1146 posset
285 1116 399 1138 recreata
412 1111 563 1146 respublica
574 1111 725 1138 sustinere‘?
750 1114 803 1138 1023.
816 1113 866 1138 Da-

69 1153 94 1175 te
105 1149 169 1176 huic
179 1149 301 1185 religioni
313 1149 429 1179 aditum,
448 1149 601 1185 pontifices:
624 1150 675 1175 iam
694 1149 798 1175 nullum
813 1149 866 1175 for—
886 1142 888 1186 s

68 1187 142 1213 tunis
153 1187 344 1213 communibus
356 1187 458 1212 exitum
470 1187 617 1222 reperietis.
658 1187 712 1217 An,
726 1188 749 1213 si
762 1192 864 1221 postem

68 1224 184 1250 tenuerit
195 1224 329 1259 pontifex,
346 1228 371 1250 et
388 1224 467 1250 verba
480 1224 512 1250 ad
524 1223 679 1259 religionem
691 1224 801 1250 deorum
814 1225 865 1250 im-

69 1261 222 1288 mortalium
242 1262 388 1296 composita
414 1261 447 1287 ad
467 1261 612 1296 perniciem
633 1262 734 1288 civium
755 1262 865 1288 tratule-

69 1299 114 1330 rit,
133 1298 232 1325 valebit
247 1298 280 1325 ad
295 1299 421 1325 iniuriam
437 1307 533 1325 nornen
545 1299 745 1325 sanctissimum
758 1299 866 1335 religio·
886 1293 888 1318 ἶ

69 1336 125 1362 nis:
147 1336 170 1362 si
187 1336 311 1362 tribunus
327 1335 414 1370 plebis
431 1336 519 1362 verbis
540 1344 590 1362 non
613 1337 702 1362 minus
724 1337 820 1371 priscis
841 1341 866 1363 et

68 1381 152 1408 paene
168 1373 346 1399 sollemnibus
361 1373 429 1399 bona
445 1374 512 1399 civis
528 1373 680 1408 cuiuspiam
696 1374 862 1405 consecrarit,

68 1447 100 1480 Q.
114 1448 227 1479 Metelli,
240 1449 287 1483 qui
299 1457 361 1474 eum
374 1456 406 1474 ex
417 1453 510 1474 senatu
522 1456 616 1474 censor
627 1449 746 1479 eiecerat,
760 1449 802 1474 avi
816 1450 862 1480 tui,

68 1484 101 1518 Q.
114 1485 230 1516 Metelle,
244 1490 270 1512 et
281 1486 333 1516 tui,
347 1486 375 1511 P.
389 1485 499 1516 Servili,
515 1491 540 1512 et
552 1486 642 1520 proavi
656 1486 707 1516 tui,
725 1486 751 1512 P.
764 1486 862 1520 Scipio,
887 1499 889 1508 ι

68 1524 246 1554 consecravit,
265 1522 353 1549 foculo
368 1523 455 1557 posito
470 1523 496 1549 in
514 1524 606 1549 rostris
617 1523 791 1558 adhibitoque
803 1524 866 1550 tibi-
887 1546 889 1555 ,

68 1561 136 1586 cine.
159 1559 230 1592 Quid
242 1559 318 1586 tum?
328 1561 399 1586 Num
410 1560 455 1586 ille
468 1559 540 1587 Iuror
550 1560 650 1586 tribuni
662 1560 865 1595 plebis‚ductus

68 1605 102 1624 ex
114 1597 250 1624 nonnullis
262 1601 432 1633 perveterum
447 1602 597 1632 temporum
613 1598 759 1633 exemplis,
778 1598 865 1624 fraudi

68 1634 175 1661 Metello
187 1634 250 1665 suit,
266 1644 374 1661 summo
386 1634 424 1661 illi
437 1640 462 1661 et
472 1635 621 1661 clarissimo
634 1635 708 1661 viro‘?
727 1636 802 1662 Certe
814 1645 865 1662 non

69 1671 128 1699 suit.
162 1673 217 1699 ⁴24.
229 1672 362 1704 Vidimus,
377 1672 425 1699 hoc
436 1672 507 1698 idem
519 1673 567 1699 Cn.
581 1673 694 1699 Lentulo
704 1674 807 1699 censori
820 1675 866 1700 tri-

68 1709 172 1736 bunum
185 1709 271 1744 plebis
284 1709 376 1736 facere.
400 1710 538 1745 Numquid
551 1710 633 1746 igitur
645 1711 667 1736 is
680 1710 747 1736 bona
761 1711 865 1737 Lentuli

69 1746 244 1783 religionibus
255 1746 402 1783 obligavit?
422 1746 474 1773 Sed
485 1747 551 1783 quid
562 1756 611 1783 ego
621 1747 740 1774 ceteros?
759 1749 808 1779 Tu,
825 1753 862 1779 tu,

67 1784 188 1820 inquam,
201 1785 286 1819 capite
298 1784 396 1816 velato,
409 1786 534 1811 concione
546 1785 679 1815 advocata,
695 1785 781 1812 foculo
793 1787 866 1821 posi-

68 1826 107 1853 to,
126 1822 194 1848 bona
207 1823 245 1848 tui
257 1822 380 1854 Gabinii,
397 1823 441 1848 cui
454 1831 532 1858 regna
545 1823 632 1848 omnia
645 1822 786 1858 Syrorum,
801 1824 866 1850 Ara-

68 1859 134 1886 bum
146 1860 342 1895 Persarumque
352 1859 474 1890 donaras.
487 1861 656 1886 consecrasti.
684 1860 759 1892 Quod
772 1862 794 1887 si
808 1865 863 1887 tum

68 1896 136 1923 nihil
148 1901 188 1923 est
198 1901 301 1923 actum:
314 1897 380 1932 quid
393 1897 419 1923 in
432 1897 498 1923 meis
510 1897 587 1924 bonis
598 1898 639 1933 agi
652 1898 755 1932 potuit‘?
766 1898 812 1925 Sin
825 1903 865 1924 est

69 1938 169 1960 ratum:
187 1934 290 1960 curille
300 1943 413 1970 gurges,
431 1934 567 1961 helluatus
579 1939 666 1960 tecum
681 1935 761 1961 simul
776 1936 866 1970 reipu-

68 1971 154 1997 blicae
164 1971 338 2007 sanguinem,
351 1971 383 1998 ad
395 1971 498 1997 caelum
511 1976 597 1998 tamen
609 1973 723 1998 exstruit
735 1973 825 1999 villam
839 1974 865 1999 in

68 2007 221 2034 Tusculano
233 2008 383 2034 visceribus
394 2009 500 2041 aerarii;
523 2009 589 2035 mihi
602 2018 673 2035 meas
685 2010 785 2041 ruinas,
798 2019 866 2045 qua-

68 2054 129 2072 rum
145 2054 196 2081 ego
210 2045 327 2071 similem
344 2050 423 2072 totam
438 2046 534 2072 Urbem
550 2055 608 2072 esse
621 2056 717 2081 passus
730 2056 779 2074 non
792 2057 862 2079 sum,

69 2083 187 2118 aspicere
199 2091 250 2109 non
268 2082 360 2109 licuit?
388 2083 502 2109 XLVIII.
519 2085 574 2110 ⁴⁶25.
591 2083 691 2110 Omitto
703 2084 862 2112 Gabinium:

68 2119 155 2156 quid‘?
175 2119 299 2154 exemplo
314 2124 360 2146 tuo
375 2120 442 2146 bona
459 2124 501 2146 tua
518 2129 605 2147 nonne
621 2121 650 2147 L.
665 2122 807 2154 Niunius‘,
825 2123 866 2149 vir

68 2158 189 2184 omnium
202 2157 365 2184 fortissimus
376 2162 455 2192 atque
465 2158 592 2192 optimus,
600 2159 783 2185 consecravit?
793 2160 865 2195 quod

68 2195 106 2226 si,
120 2195 183 2230 quia
194 2195 226 2221 ad
239 2199 263 2221 te
275 2195 400 2229 pertinet,
419 2199 505 2221 ratum
517 2204 576 2222 esse
588 2205 668 2232 negas
680 2201 813 2231 oportere:
836 2206 865 2223 ea
887 2193 889 2199 ⁴

67 2233 126 2259 iura
137 2233 298 2259 constituisti
311 2233 337 2258 in
351 2231 484 2267 praeclaro
498 2233 636 2259 tribunatu
651 2238 709 2265 tuo,
726 2234 827 2269 quilms
838 2235 864 2261 in

69 2273 94 2296 te
104 2270 254 2300 conversis,
268 2278 416 2300 recusares,
433 2269 499 2295 alios
511 2270 661 2297 everteres?
681 2271 728 2298 Sin
741 2272 790 2298 ista
802 2281 865 2298 con·
895 2267 896 2276 ¹

69 2307 179 2334 sect-atio
191 2307 308 2343 legitima
321 2311 373 2333 est:
391 2306 456 2342 quid
469 2311 522 2338 est,
535 2308 606 2342 quod
619 2307 759 2343 profanum
772 2310 798 2335 in
812 2310 865 2335 tuis

69 2343 146 2371 bonis
162 2353 220 2371 esse
237 2344 339 2379 possit?
359 2344 398 2370 An
414 2346 575 2371 consecratio
591 2345 696 2372 nullum
713 2346 792 2372 babet
811 2347 863 2377 ius,

69 2381 200 2409 dedicatio
211 2387 250 2408 est
262 2381 404 2417 religiosa?
413 2381 483 2413 Quid
495 2390 556 2417 ergo
569 2381 612 2408 itta
625 2387 667 2408 tua
681 2387 737 2409 tum
749 2383 866 2410 obtesta-

69 2418 106 2445 tio
115 2418 251 2446 tibicinis?
270 2419 337 2454 quid
351 2418 474 2445 foculus?
493 2419 558 2454 quid
571 2419 681 2454 preces?
699 2421 764 2455 quid
779 2421 864 2455 prisca

70 2455 149 2483 verba
162 2456 321 2483 voluerunt?
339 2457 476 2486 ementiri,
491 2455 594 2487 fallere,
607 2456 680 2483 abuti
692 2457 801 2483 deorum
815 2459 866 2484 itu-

70 2493 222 2520 mortalium
238 2494 349 2520 numine
364 2493 396 2520 ad
413 2494 552 2520 hominum
569 2494 690 2520 timorem
709 2493 795 2531 [quid]
819 2504 865 2521 vo-

71 2528 163 2557 luisti?
182 2531 248 2557 Nam
260 2531 282 2557 si
294 2535 334 2558 est
345 2531 412 2557 illud
425 2535 525 2557 ratum:
549 2531 624 2557 mitto
636 2531 797 2558 Gabinium:
821 2537 864 2558 tua

70 2566 166 2594 domus
176 2573 255 2600 certe,
269 2572 303 2599 et,
315 2568 450 2603 quidquid
464 2568 545 2594 babes
556 2568 638 2599 aliud,
652 2573 692 2594 cst
703 2569 790 2595 Cereri
801 2578 865 2595 con-

69 2609 212 2631 sect-atum.
252 2605 299 2632 Sin
311 2605 356 2632 ille
369 2606 416 2632 tibi
429 2605 509 2632 ludus
522 2605 584 2637 fuit,
603 2606 668 2641 quid
684 2610 708 2632 te
719 2606 862 2641 impurius,

69 2641 117 2676 qui
133 2641 275 2678 religiones
289 2651 382 2669 omnes
403 2642 532 2678 pollueris
552 2648 597 2669 aut
617 2644 798 2674 ementiendo,
820 2649 865 2670 aut

70 2679 235 2714 stuprando?
250 2681 306 2707 ⁴26.
319 2681 373 2707 Iam
386 2679 475 2712 fateor,
491 2681 587 2715 inquit,
601 2681 628 2707 in
640 2680 755 2708 Gabinio
766 2690 808 2707 me
820 2690 866 2708 ne—

894 2699 896 2706 l
917 2680 998 2716 idque
1015 2682 1040 2708 iu
1057 2682 1166 2717 publico
1181 2682 1329 2709 collocarat.

1305 146 1335 171 43
1356 161 1391 165 —
1412 147 1453 172 50.
1659 148 1707 174 489

916 214 1011 241 sarium
1034 215 1127 241 fuisse.
1166 215 1271 250 Quippe
1287 216 1376 247 vides,
1400 225 1512 250 poenam
1528 216 1601 243 illam
1617 226 1631 243 a
1646 221 1670 243 te
1681 218 1708 244 in

916 252 998 278 alium
1011 253 1173 283 institutam,
1192 254 1219 279 in
1236 258 1260 279 te
1275 254 1364 287 ipsum
1379 262 1438 280 esse
1449 262 1615 280 conversam.
1656 254 1710 281 Sed

916 289 994 316 homo
1005 291 1126 316 omnium
1138 290 1269 316 scelerum
1281 291 1495 326 flagitiorumque
1506 291 1708 322 documentum,

916 327 986 361 quod
1001 327 1148 354 inGabinio
1160 327 1258 359 fateris,
1272 329 1350 354 cuius
1362 328 1557 363 impudicitiam
1569 329 1708 364 pueritiae,

918 364 1044 390 libidines
1056 365 1257 396 adolescentiae,
1273 366 1390 392 dedecus
1401 370 1426 392 et
1436 371 1580 401 egestatem
1592 366 1710 401 reliquae

918 402 998 432 vitae,
1022 401 1188 428 latrocinium
1210 403 1366 429 consulatus
1389 403 1520 435 vidimus,
1543 404 1587 430 cui
1608 412 1640 430 ne
1660 404 1710 430 ista

916 439 1025 473 quidem
1042 440 1099 474 ipsa
1115 440 1249 466 calamitas
1265 441 1362 466 iniuria
1379 441 1464 474 potuit
1478 440 1610 467 accidere:
1635 441 1662 467 id
1683 441 1711 468 in

917 485 958 501 me
973 476 1110 502 infirmas?
1129 482 1154 502 et
1168 478 1278 512 gravius
1293 486 1351 504 esse
1366 477 1448 509 dicis,
1471 478 1543 513 quod
1558 487 1612 505 uno
1622 478 1712 505 adole-

916 518 1018 543 scente,
1036 522 1116 548 quam
1134 514 1206 549 quod
1220 516 1345 541 concione
1357 520 1407 541 tota
1420 520 1499 546 teste,
1518 515 1623 542 fecisti‘?
1654 516 1710 542 ⁴27.

916 550 1050 577 Dedicatio
1062 560 1194 586 magnam,
1207 552 1304 586 inquit,
1319 552 1398 578 habet
1409 552 1574 588 religionem.

972 588 1067 614 XLIX.
1089 589 1182 614 Nonne
1198 589 1274 615 vobis
1290 590 1375 615 Numa
1387 590 1535 624 Pompilius
1552 590 1657 616 videtur
1673 590 1712 617 lo-

916 625 982 660 qui?
1001 626 1099 651 Discite
1114 627 1273 657 orationem,
1295 627 1447 661 pontifices,
1470 632 1495 653 et
1511 636 1557 654 vos
1575 627 1708 654 flamines:

916 663 994 688 etiam
1008 667 1045 693 tu,
1059 671 1115 693 rex,
1128 663 1201 689 disce
1212 672 1225 689 a
1236 664 1330 699 gentili
1343 669 1401 690 tuo:
1415 673 1578 700 quamquam
1591 665 1635 691 ille
1646 674 1712 700 gen-

917 704 968 725 tem
980 700 1058 725 istam
1069 700 1191 735 reliquit:
1204 701 1250 727 sed
1263 706 1348 727 tamen
1360 701 1432 727 disce
1442 702 1475 727 ab
1488 702 1594 728 homine
1605 702 1712 738 religio-

917 737 996 762 nibus
1007 737 1110 767 dedito,
1130 738 1213 769 iusto,
1230 743 1287 764 tum
1303 740 1425 764 omnium
1442 739 1600 774 religionum
1616 741 1709 774 perito.

917 774 1007 806 Quid‘?
1027 775 1053 800 in
1066 774 1231 801 dedicatione
1248 784 1348 806 nonne,
1363 781 1387 802 et
1398 776 1460 811 quis
1472 776 1550 807 dicit,
1563 782 1587 802 et
1598 777 1673 811 quid,
1687 782 1712 803 et

916 811 1063 846 quomodo,
1076 812 1231 847 quaeritur?
1250 814 1290 839 An
1303 818 1329 839 tu
1343 813 1406 839 haec
1416 814 1451 839 ita
1463 813 1605 840 contundis
1616 819 1641 840 et
1652 823 1712 848 per-

917 849 1017 880 turbas,
1031 854 1068 880 ut,
1082 850 1248 885 quicumque
1261 850 1333 881 velit,
1347 850 1419 885 quod
1432 850 1504 880 velit,
1521 851 1655 886 quomodo
1667 860 1712 877 ve-

917 886 954 917 lit,
970 888 1055 921 possit
1065 887 1206 914 dedicare?
1225 887 1290 920 Quis
1303 897 1360 914 eras
1372 893 1409 918 tu,
1424 889 1471 923 qui
1483 888 1643 914 dedicabas‘?
1658 896 1712 923 quo

886 953 888 963 ἱ
917 923 993 950 iure‘?
1012 933 1064 959 qua
1078 924 1152 960 lege‘?
1172 934 1226 960 quo
1237 925 1379 960 exemplo?
1398 934 1451 960 qua
1464 925 1609 960 potestate?
1630 926 1675 952 ubi
1688 931 1712 952 te

70 962 146 989 toties
169 962 345 993 iudicassent,
375 970 531 996 oppressam
555 962 705 988 taeterrimo
729 961 865 987 latrocinio
887 966 888 971 ¹

68 1008 130 1026 cum
146 999 253 1026 duobus
269 999 483 1026 sceleratissimis
498 998 656 1025 consulibus
670 999 864 1034 rempublicam
887 1013 888 1016 =

916 962 961 987 isti
973 962 1009 987 rei
1021 962 1138 996 populus
1149 963 1284 989 Romanus
1297 962 1473 997 praefecerat?
1493 963 1575 990 Video
1587 964 1658 990 enim
1671 971 1714 989 es-

916 1008 944 1025 se
966 999 1051 1035 legent
1073 1004 1188 1026 veterem
1207 1000 1377 1026 tribuniciam
1386 1021 1392 1032 ‚
1415 1009 1484 1035 quae
1499 1006 1582 1031 vetet,
1604 1001 1712 1027 iniussu

917 1036 1004 1071 plebis
1019 1036 1110 1067 aedes,
1128 1041 1238 1068 terram,
1256 1046 1327 1064 aram
1343 1047 1505 1064 consecrare.
1546 1039 1639 1073 Neque
1655 1043 1712 1065 tum

918 1074 1141 1109 hocQPapirius,
1154 1075 1201 1109 qui
1214 1075 1281 1101 hanc
1294 1075 1379 1111 legem
1392 1076 1503 1111 rogavit,
1517 1077 1611 1106 sensit,
1626 1084 1712 1111 neque

917 1112 1070 1146 suspicatus
1082 1117 1134 1142 est,
1153 1112 1207 1138 fore
1219 1113 1383 1147 periculum,
1402 1122 1434 1139 ne
1449 1113 1584 1139 domicilia
1595 1118 1640 1140 aut
1651 1122 1714 1149 pos-

916 1149 1050 1175 sessiones
1063 1149 1276 1176 indemnatorum
1289 1151 1390 1176 civium
1402 1156 1630 1177 consecrarentur.
1662 1152 1714 1177 Ne-

916 1195 969 1222 que
982 1187 1053 1212 enim
1066 1187 1093 1213 id
1106 1187 1160 1213 [ieri
1174 1187 1212 1213 fas
1224 1192 1287 1217 erat,
1298 1197 1384 1223 neque
1396 1188 1541 1223 quisquam
1554 1188 1658 1219 fecerat,
1667 1197 1714 1214 ne-

916 1233 969 1259 que
981 1229 1035 1250 erat
1045 1233 1152 1256 caussa,
1166 1234 1214 1251 cur
1224 1225 1390 1260 prohibendo
1402 1234 1452 1252 non
1466 1231 1517 1252 tam
1529 1226 1661 1252 deterrere
1674 1227 1714 1252 vi—

916 1262 1031 1291 deretur,
1045 1270 1125 1297 quam
1138 1262 1289 1289 admonere.
1314 1264 1370 1289 ⁴28.
1384 1262 1435 1289 Sed
1448 1264 1511 1298 quia
1522 1263 1714 1290 consecraban-

917 1304 959 1325 tur
970 1299 1062 1330 aedes,
1081 1308 1132 1326 non
1145 1300 1308 1334 privatorum
1320 1300 1468 1331 domicilia,
1487 1301 1532 1327 sed
1544 1310 1613 1336 quae
1624 1309 1714 1327 sacrae

917 1337 1100 1363 nominantur:
1123 1337 1345 1363 consecrabantur
1360 1339 1430 1373 agri,
1454 1347 1505 1364 non
1522 1339 1556 1364 ita
1576 1343 1604 1364 ut
1626 1344 1713 1364 nostra

888 1402 889 1405 Ἴ
917 1374 1036 1408 praedia,
1055 1374 1077 1400 si
1092 1375 1154 1409 quis
1172 1374 1265 1406 vellet,
1283 1375 1329 1401 sed
1342 1376 1523 1410 utimperator
1533 1385 1610 1411 agros
1621 1376 1654 1402 de
1665 1376 1712 1402 bo-

70 1419 122 1437 non
134 1410 252 1437 valebit?
270 1411 351 1446 Atqui
367 1410 396 1437 C.
409 1411 515 1437 Atinius
532 1415 637 1445 patrum
653 1412 780 1437 memoria
797 1411 865 1438 bona
887 1438 888 1446 ἵ

916 1411 1004 1437 sthus
1015 1416 1105 1446 captos
1117 1417 1293 1438 consecraret:
1312 1413 1496 1439 statuebantur
1507 1422 1579 1444 arae,
1593 1422 1662 1448 quae
1673 1422 1714 1439 re-

918 1448 1043 1484 ligionem
1060 1448 1195 1480 afferrent,
1220 1447 1298 1486 [ipso]
1316 1450 1338 1476 si
1356 1450 1411 1476 loco
1427 1455 1516 1476 essent
1531 1455 1711 1477 consecratae:

917 1486 995 1516 haec,
1010 1487 1060 1512 nisi
1074 1486 1149 1521 plebs
1161 1487 1298 1517 iussisset,
1314 1487 1368 1513 lieri
1382 1488 1474 1513 vetuit.
1515 1487 1587 1520 Quae
1599 1489 1621 1514 si
1634 1493 1661 1514 tu
1672 1489 1714 1514 in-

918 1524 1068 1558 terpretaris
1085 1523 1117 1549 de
1129 1525 1226 1550 nostris
1237 1524 1350 1550 aedibus
1360 1529 1439 1559 atque
1450 1526 1521 1560 agris
1533 1527 1631 1560 scripta
1643 1534 1711 1556 esse,

918 1569 968 1586 non
981 1569 1114 1596 repugno:
1137 1561 1184 1587 sed
1195 1570 1307 1596 quaero,
1326 1571 1394 1597 quae
1407 1562 1448 1588 lex
1460 1562 1508 1588 lata
1524 1564 1570 1594 sit,
1591 1568 1619 1589 ut
1632 1568 1658 1589 tu
1671 1571 1714 1589 ae-

917 1598 964 1624 des
977 1607 1048 1624 meas
1059 1607 1240 1625 consecrares:
1265 1600 1309 1625 ubi
1327 1600 1374 1625 tibi
1392 1600 1455 1625 haec
1468 1605 1583 1634 potestas
1594 1600 1652 1626 data
1664 1601 1711 1627 sit:

917 1644 971 1670 quo
983 1636 1040 1662 iure
1053 1635 1155 1662 seceris.
1182 1637 1274 1671 Neque
1286 1646 1335 1673 ego
1347 1646 1416 1663 nunc
1427 1637 1460 1663 de
1473 1637 1609 1673 religione.
1623 1638 1669 1664 sed
1681 1637 1714 1664 de

918 1673 995 1699 bonis
1006 1674 1126 1699 omnium
1139 1678 1273 1705 nostrum,
1288 1683 1334 1700 nee
1345 1675 1378 1700 de
1390 1675 1537 1709 pontificio,
1554 1675 1601 1701 sed
1612 1675 1644 1701 de
1656 1675 1714 1701 iure

918 1710 1026 1745 publico
1037 1710 1155 1745 disputo.
1198 1712 1226 1738 L.
1240 1713 1293 1738 Lex
1306 1713 1407 1747 Papiria
1422 1717 1503 1743 vetat,
1517 1713 1594 1739 aedes
1607 1713 1713 1739 iniussu

918 1748 1005 1782 plebis
1016 1749 1173 1775 consecrari.
1209 1749 1250 1775 Sit
1260 1759 1323 1776 sane
1336 1750 1384 1776 hoc
1395 1750 1428 1775 de
1441 1751 1538 1776 nostris
1550 1751 1670 1781 aedibus,
1685 1759 1714 1776 ae

918 1794 968 1812 uon
981 1785 1014 1811 de
1026 1785 1142 1820 publicis
1154 1787 1272 1822 templis.
1307 1787 1394 1814 Unum
1407 1787 1515 1813 ostende
1527 1788 1639 1814 verbum
1651 1796 1714 1814 con-

917 1823 1072 1849 secrationis
1084 1824 1110 1849 in
1122 1824 1179 1858 ipsa
1193 1829 1235 1850 tua
1249 1824 1319 1860 lege:
1342 1825 1363 1851 si
1379 1825 1421 1850 illa
1436 1825 1475 1851 lex
1489 1829 1540 1855 est,
1559 1834 1588 1851 ac
1599 1834 1650 1852 non
1664 1834 1715 1852 vox

917 1861 1026 1886 sceleris
1037 1865 1063 1886 et
1073 1861 1239 1888 crudelitatis
1251 1867 1320 1888 tuae.
1364 1864 1420 1888 ⁴29.
1433 1862 1509 1895 Quod
1521 1863 1543 1888 si
1557 1863 1602 1889 tibi
1616 1868 1672 1889 tum
1687 1863 1713 1889 in

917 1897 962 1924 illo
975 1898 1137 1933 reipublicae
1149 1899 1288 1935 naufragio
1299 1901 1387 1926 omnia
1399 1900 1424 1926 in
1438 1905 1553 1926 mentem
1567 1901 1656 1926 venire
1668 1909 1715 1935 po·

918 1936 1045 1966 tuissent,
1063 1940 1109 1962 aut
1126 1937 1148 1962 si
1166 1941 1228 1963 tuus
1245 1938 1395 1972 scriptorin
1408 1937 1453 1963 illo
1465 1937 1588 1964 incendio
1598 1938 1714 1964 civitatis

918 1981 968 1999 non
980 1974 1148 2008 syngraphas
1160 1982 1221 2000 cum
1234 1975 1369 2011 Byzantiis
1380 1975 1521 2001 exsulibus
1534 1980 1629 2001 etcum
1644 1975 1714 2011 lega-

917 2011 951 2036 tis
962 2011 1043 2046 regiis
1055 2010 1163 2042 faceret,
1181 2012 1228 2038 scd
1245 2021 1328 2039 vacuo
1343 2013 1432 2038 animo
1450 2013 1496 2038 tibi
1513 2013 1562 2038 ista
1575 2021 1625 2039 non
1638 2014 1711 2041 scita.

917 2047 964 2074 scd
975 2053 1094 2083 portenta
1106 2050 1298 2076 conscriberet:
1322 2059 1395 2076 esses
1410 2050 1512 2080 omnin,
1530 2051 1553 2076 si
1570 2051 1659 2076 minus
1677 2059 1711 2080 re,

917 2089 943 2111 at
955 2085 1044 2111 verbis
1057 2085 1184 2122 legitimis
1195 2092 1366 2113 consecutus.
1393 2087 1445 2113 Sed
1459 2096 1511 2113 uuo
1523 2092 1640 2122 tempore
1651 2096 1714 2113 cau-

917 2123 1002 2148 tiones
1013 2123 1109 2149 {iebant
1121 2125 1305 2158 pecuniarum,
1316 2124 1418 2151 foedera
1432 2124 1594 2151 set-iebantur
1606 2125 1714 2160 provin-

916 2160 1017 2186 ciarum
1026 2181 1032 2191 ,
1046 2169 1139 2196 regum
1152 2162 1343 2196 appellationes
1355 2162 1462 2188 venales
1473 2167 1560 2192 erant,
1574 2171 1712 2188 servorum

916 2198 1037 2223 omnium
1060 2199 1166 2225 vicatim
1187 2199 1371 2225 celebrabatur
1395 2204 1446 2225 tota
1467 2199 1535 2226 Urbe
1559 2199 1711 2234 descriptio,

918 2235 1019 2260 inimici
1033 2235 1058 2260 in
1070 2236 1182 2270 gratiam
1198 2236 1450 2266 reconciliabantur,
1469 2237 1580 2271 imperia
1596 2237 1712 2263 ascribe-

918 2271 1014 2297 bantur
1026 2281 1091 2297 nova
1105 2273 1252 2304 iuventuti,
1265 2274 1296 2305 Q.
1310 2273 1371 2299 Seio
1384 2282 1516 2300 vencnum
1529 2275 1626 2300 misero
1638 2283 1713 2308 para-

918 2308 1008 2339 batur,
1025 2309 1058 2334 (le
1070 2309 1117 2335 Cu.
1131 2310 1269 2345 Pompeio,
1288 2315 1483 2345 propugnatore
1499 2316 1524 2336 et
1540 2311 1650 2336 custode
1662 2312 1713 2337 im-

917 2346 993 2380 perii,
1009 2346 1192 2373 interficiendo
1202 2347 1312 2373 consilia
1325 2348 1468 2378 inibantur,
1482 2353 1590 2374 senatus
1604 2357 1635 2374 ue
1646 2349 1712 2383 quid

917 2387 999 2412 esset,
1023 2388 1051 2409 ut
1069 2383 1189 2419 lugerent
1205 2384 1266 2411 boui
1283 2393 1402 2419 semper,
1426 2390 1453 2411 ut
1470 2390 1544 2419 capta
1562 2385 1711 2420 respublica

915 2419 1057 2446 consulum
1076 2421 1236 2455 proditioue,
1262 2422 1286 2447 vi
1304 2422 1444 2448 tribunicia
1461 2427 1603 2448 teneretur.
1645 2423 1712 2449 llaec

915 2466 1000 2491 quum
1014 2462 1050 2483 tot
1061 2462 1185 2493 tantaque
1196 2464 1350 2493 agerentur:
1365 2468 1415 2485 nou
1429 2461 1525 2485 nurum
1536 2465 1583 2488 est.
1593 2469 1712 2495 praescr—

917 2495 963 2520 tim
976 2494 1002 2520 in
1016 2494 1103 2521 surore
1113 2496 1196 2523 animi
1206 2501 1232 2522 et
1245 2497 1382 2527 caecitate,
1401 2497 1484 2523 muita
1500 2496 1576 2523 illum
1592 2502 1617 2524 et
1633 2503 1657 2524 te
1675 2497 1711 2525 [ο-

917 2531 1027 2557 sellisse.

974 2570 1031 2595 ⁴30.
1047 2569 1080 2596 At
1092 2570 1192 2600 videte,
1209 2575 1308 2605 quanta
1321 2571 1362 2596 vis
1373 2571 1408 2597 sit
1419 2570 1500 2597 huius
1511 2571 1631 2607 Papiriae
1644 2572 1710 2607 legis

918 2607 943 2632 in
956 2614 982 2632 re
995 2607 1053 2639 tali;
1073 2616 1123 2633 nou
1135 2607 1241 2643 qualem
1256 2613 1282 2634 tu
1295 2608 1380 2638 affers.
1394 2608 1502 2634 sceleris
1514 2608 1618 2644 plenam
1631 2614 1656 2636 et
1667 2600 1710 2636 Iu-

917 2643 992 2670 roris.
1033 2644 1063 2676 Q.
1079 2645 1192 2671 Marcius
1208 2654 1301 2671 censor
1312 2646 1420 2681 siguum
1432 2646 1592 2673 Concordiae
1605 2646 1708 2675 sect-rat.

1370 2683 1423 2710 Iioc
1438 2684 1546 2719 signum
1558 2684 1586 2711 C.
1600 2684 1709 2711 Cassius

1471 2732 1503 2757 62
