1941 3052
411 153 596 181 ORATIO
629 154 718 181 PRO
751 155 780 181 L.
815 154 1018 182 FLACCO.
1052 154 1152 181 CAP.

54 223 106 251 bus
117 223 238 251 collatam
250 224 277 251 in
287 233 368 251 usum
380 233 470 251 suum.
498 225 583 260 Cupio
593 225 695 252 audire.
727 226 793 257 Non,
807 227 850 252 in-

54 262 121 297 quit,
134 261 261 288 dicimus.
287 261 358 294 Quid
370 262 470 298 igitur‘?
480 262 594 289 delatam
607 263 639 289 ad
651 272 708 294 nos,
721 263 848 289 creditam

55 299 132 326 nobis
144 299 172 325 L.
184 298 270 325 Flacci
283 299 365 334 patris
376 300 496 331 nomine,
510 300 542 327 ad
555 300 637 326 huius
647 300 706 327 dies
719 300 800 327 festos
811 305 850 327 at-

53 345 107 372 que
119 336 206 363 ludos.
237 336 307 368 Quid
319 336 395 363 tum‘?
407 337 480 364 Hanc
490 342 523 369 te,
538 338 635 372 inquit,
650 346 742 372 capere
754 347 805 364 non
818 338 851 364 li-

54 374 118 400 cuit.
158 375 201 400 56.
223 374 277 400 lam
292 374 320 400 id
336 374 442 401 videro:
465 375 513 401 sed
529 375 647 410 primum
660 375 727 401 illud
740 375 847 402 tenebo:

53 411 176 446 queritur
186 412 285 447 gravis,
300 411 429 447 locuples,
443 417 533 439 ornata
543 413 648 443 civitas,
661 413 734 448 quod
746 422 797 439 non
809 421 850 439 re-

54 449 120 475 tinet
131 448 263 475 alienum:
285 449 426 483 spoliatam
438 458 466 476 se
477 450 554 480 dicit,
572 450 683 485 quodid
696 459 746 476 non
760 450 848 481 habet,

53 486 126 521 quod
140 486 199 513 eius
216 495 267 513 non
284 485 343 513 fuit.
385 487 455 520 Quid
472 487 520 514 hoc
536 487 722 522 impudentius
737 488 790 514 dici
806 491 851 513 aut

54 523 118 560 fingi
130 524 233 559 potest?
243 524 379 551 Delectum
391 529 432 551 est
441 525 581 559 oppidum,
589 525 676 560 quoin
688 525 787 560 oppido
798 533 852 551 uno

53 562 167 596 pecunia
187 570 200 588 a
221 566 274 588 tota
288 561 351 588 Asia
371 562 404 588 ad
421 562 533 589 honores
549 563 578 588 L.
594 563 681 589 Flacci
697 566 849 597 poneretur.

53 599 122 625 Haec
133 600 246 634 pecunia
257 603 310 626 tota
320 600 354 626 ab
365 599 511 626 honoribus
523 599 613 626 tralata
625 600 700 626 estin
708 604 850 634 quaestum

54 640 78 663 et
94 636 314 664 foenerationem:
337 641 490 672 recuperata
512 641 552 663 est
572 637 665 663 multis
686 641 746 672 post
761 637 848 663 annis.

53 673 150 700 XXIV.
168 675 211 700 57.
233 673 307 706 Quae
318 674 417 701 civitati
430 674 495 700 facta
508 679 548 701 est
558 674 675 701 iniuria‘?
694 675 727 700 At
739 674 850 700 moleste

54 710 104 737 fert
114 712 219 738 civitas.
246 711 339 739 Credo.
365 711 499 738 Avulsum
512 716 552 738 est
563 713 634 738 enim
646 716 750 747 praeter
761 720 847 746 spem,

53 748 126 783 quod
137 753 192 775 erat
202 757 250 783 spe
263 749 419 775 devoratum
433 749 548 775 lucrum.
586 749 620 775 At
630 749 762 784 queritur.
797 750 851 775 Im—

53 786 185 821 pudenter
196 785 267 813 facit.
308 787 365 812 Non
378 787 449 812 enim
461 787 562 818 omnia,
576 795 645 821 quae
655 786 792 817 dolemus,
806 795 850 812 ea-

53 823 114 850 dem
125 823 184 849 iure
194 824 270 858 queri
282 832 437 858 possumus.
459 824 492 850 At
503 828 609 850 accusat
620 824 709 851 verbis
720 824 850 860 gravissi-

53 861 112 887 mis.
144 861 201 887 Non
213 861 321 892 civitas,
339 860 387 887 sed
397 861 515 896 imperiti
528 861 658 893 homines,
671 870 686 887 a
697 861 850 888 Maeandrio

52 898 184 925 concitati.
210 897 269 931 Quo
282 898 337 925 loco
348 899 428 924 etiam
440 903 519 934 atque
530 899 610 925 etiam
622 899 708 930 facite,
722 904 751 926 ut
763 907 850 926 recor-

53 935 166 967 demini,
184 943 253 970 quae
264 936 299 962 sit
310 936 444 962 temeritas
456 936 651 967 multitudinis,
669 945 738 971 quae
754 936 849 963 levitas

53 973 159 1008 propria
170 973 345 1005 Graecorum,
363 973 431 1009 quid
446 974 473 1000 in
489 974 615 1000 concione
626 974 752 1000 seditiosa
765 974 850 1000 valeat

52 1011 143 1037 oratio.
177 1011 238 1042 Hic,
252 1011 279 1037 in
291 1011 340 1037 hac
351 1011 510 1047 gravissima
521 1015 547 1038 et
558 1011 770 1038 moderatissima
781 1012 850 1038 civi-

53 1052 112 1079 tate,
121 1056 206 1083 quum
217 1052 257 1075 est
268 1048 355 1075 forum
368 1048 477 1083 plenum
489 1049 660 1080 iudiciorum,
670 1049 780 1084 plenum
793 1058 850 1075 ma-

52 1085 228 1121 gistratuum,
251 1085 361 1120 plenum
377 1087 540 1121 optimorum
556 1087 674 1113 virorum
691 1091 716 1113 et
735 1087 846 1117 civium,

52 1131 137 1158 quum
154 1122 309 1157 speculatur
323 1128 403 1158 atque
418 1124 524 1150 obsidet
535 1129 618 1151 rostra
631 1124 730 1151 vindex
742 1124 849 1150 temeri-

52 1161 112 1186 tatis
124 1164 149 1187 et
160 1160 322 1188 moderatrix
331 1161 517 1192 oflicii,curia:
531 1166 619 1188 tamen
631 1166 745 1197 quantos
752 1160 848 1188 fluctus

52 1197 161 1224 excitari
181 1198 340 1225 concionum
361 1198 477 1225 videtis?
496 1198 567 1231 Quid
589 1208 635 1225 vos
657 1200 713 1226 lieri
734 1199 848 1226 censetis

52 1234 205 1261 Trallibus?
224 1234 265 1262 An
277 1235 318 1267 id,
331 1236 404 1271 quod
416 1236 555 1271 Pergami?
575 1237 633 1263 Nisi
645 1236 710 1263 forte
722 1237 771 1263 hae
782 1237 849 1263 civi—

52 1276 118 1298 tates
129 1272 276 1299 existimari
288 1273 390 1305 volunt,
404 1273 510 1300 facilius
522 1283 573 1300 una
585 1283 614 1300 se
625 1274 736 1309 epistola
744 1274 849 1300 Mithri-

51 1309 121 1336 datis
132 1310 235 1336 moveri
245 1310 404 1345 impellique
415 1312 544 1346 potuisse,
559 1316 588 1338 ut
598 1312 743 1338 amicitiam
755 1311 848 1346 populi

51 1347 177 1378 Romani,
195 1347 275 1374 {idem
290 1356 366 1374 suam
375 1369 381 1380 ,
397 1349 455 1374 iura
467 1349 555 1375 omnia
566 1349 646 1375 officii
659 1349 850 1375 humanitatis-

52 1393 104 1420 que
120 1384 263 1416 violarent,
285 1393 367 1420 quam
383 1390 413 1412 ut
429 1386 513 1412 filium
530 1387 682 1413 testimonio
703 1386 846 1417 laederent,

51 1422 129 1449 cuius
145 1426 247 1457 patrem
263 1423 344 1449 armis
359 1422 515 1458 pellendum
531 1432 544 1450 a
560 1424 617 1450 suis
634 1424 775 1450 moenibus
786 1432 849 1450 cen-

52 1460 181 1486 suissent.
204 1461 246 1486 58.
259 1459 346 1492 Quare
357 1460 438 1487 nolite
450 1461 516 1488 mihi
529 1461 578 1488 ista
590 1462 697 1488 nomina
709 1462 848 1488 civitatum

52 1496 184 1524 nobilium
203 1505 347 1532 opponere.
387 1497 459 1530 Quos
474 1499 545 1525 enim
561 1499 650 1525 hostes
667 1499 731 1525 haec
747 1498 848 1525 familia

51 1535 220 1569 contempsit,
234 1543 382 1570 numquam
395 1535 501 1562 eosdem
514 1540 593 1562 testes
606 1537 783 1571 pertimescet.
796 1537 848 1563 Vo-

50 1572 93 1598 bis
105 1576 195 1598 autem
206 1576 247 1598 est
257 1572 452 1604 confitendum,
470 1574 492 1599 si
504 1574 624 1600 consiliis
637 1574 789 1609 principum
802 1582 848 1600 ve-

51 1614 120 1636 strae
131 1609 253 1636 civitates
264 1614 409 1646 reguntur,
428 1619 478 1637 non
495 1611 678 1637 multitudinis
691 1612 845 1642 temeritate,

50 1646 98 1673 sed
118 1647 276 1682 optimatum
297 1647 409 1674 consilio
429 1647 531 1675 bellum
553 1648 585 1675 ab
611 1649 669 1675 istis
692 1649 847 1675 civitatibus

50 1693 112 1711 cum
125 1684 347 1720 populoRomano
357 1693 416 1712 esse
427 1690 597 1721 susceptum:
611 1687 653 1712 sin
665 1686 710 1712 ille
723 1691 778 1713 tum
791 1695 847 1713 mo-

51 1726 94 1748 tus
105 1726 146 1748 est
156 1723 302 1749 temeritate
313 1723 498 1758 imperitorum
510 1724 791 1758 excitatus,patim1ni,
806 1733 847 1750 me

51 1759 147 1786 delicta
158 1759 233 1795 vulgi
245 1768 259 1786 a
270 1760 378 1795 publica
390 1769 485 1787 caussa
496 1770 629 1796 separare.
660 1761 745 1789 XXV.
759 1763 801 1788 59.
815 1761 847 1788 At

51 1797 122 1823 enim
138 1797 215 1823 istam
228 1798 369 1832 pecuniam
381 1798 444 1824 huic
455 1807 549 1833 capere
561 1808 612 1825 non
626 1799 711 1825 licuit.
751 1799 846 1826 Utrum

51 1833 133 1861 vultis
155 1835 222 1869 patri
238 1835 331 1862 Flacco
348 1835 470 1867 licuisse,
493 1836 594 1863 necne‘?
615 1836 642 1863 Si
660 1836 743 1868 licuit,
767 1837 846 1863 sicuti

51 1875 120 1898 certe
132 1871 219 1904 licuit,
237 1872 270 1898 ad
281 1873 340 1899 eius
352 1872 464 1900 honores
475 1873 612 1905 collatam,
630 1882 664 1900 ex
674 1874 776 1909 quibus
788 1875 846 1909 ipse

51 1908 118 1935 nihil
130 1909 259 1944 capiebat,
273 1910 355 1944 patris
367 1911 508 1945 pecuniam
521 1916 589 1938 recte
601 1911 712 1938 abstulit
723 1912 809 1939 filius:
823 1913 847 1938 si

50 1954 103 1973 non
120 1945 208 1978 licuit,
231 1951 319 1974 tamen
335 1947 381 1974 illo
395 1952 512 1979 mortuo,
537 1957 587 1975 non
600 1948 678 1975 modo
690 1949 776 1980 iilius,
799 1949 847 1976 sed

50 1984 142 2018 quivis
154 1983 230 2009 heres
242 1984 391 2010 rectissime
402 1986 488 2020 potuit
503 1985 617 2012 auferre.
658 1986 696 2013 Ac
712 1991 768 2013 tum
784 1988 847 2022 qui-

50 2021 110 2047 dem
127 2020 266 2052 Tralliani,
289 2029 373 2056 quum
389 2022 442 2057 ipsi
457 2023 532 2058 gravi
550 2022 655 2050 foenore
670 2024 748 2050 istam
765 2032 847 2059 pecu-

18 2070 19 2073 =
50 2058 122 2084 niam
144 2057 243 2084 multos
264 2067 347 2085 annos
368 2059 586 2094 occupavissent,
609 2069 623 2087 a
645 2060 737 2087 Flacco
758 2066 846 2089 tamen

50 2095 149 2126 omnia,
171 2103 241 2130 quae
262 2095 413 2127 voluerunt,
437 2097 661 2131 impetraverunt:
685 2107 772 2133 neque
793 2104 845 2125 tam

51 2132 160 2159 fuerunt
170 2132 355 2167 impudentes,
369 2138 399 2160 ut
409 2133 449 2165 id,
462 2134 534 2169 quod
547 2135 653 2161 Laelius
664 2135 745 2167 dixit,
759 2136 846 2163 dicero

50 2169 192 2202 auderent,
215 2169 283 2196 hanc
297 2170 331 2196 ab
346 2179 374 2196 se
391 2172 530 2206 pecuniam
547 2172 691 2199 abstulisse
707 2173 847 2200 Mithrida-

51 2211 114 2234 tem.
149 2206 216 2240 Quis
228 2208 299 2234 enim
311 2212 374 2239 erat,
388 2209 436 2243 qui
448 2217 499 2235 non
511 2209 598 2240 sciret.
612 2210 639 2236 in
650 2211 776 2237 ornandis
788 2216 847 2238 stu-

51 2244 192 2272 diosiorem
205 2245 399 2276 Mithridatem,
412 2254 494 2281 quam
506 2247 532 2273 in
545 2246 693 2282 spoliandis
705 2248 846 2275 Trallianis

52 2281 154 2309 fuisse?
168 2284 210 2309 60.
223 2282 296 2315 Quae
307 2282 418 2318 quidem
430 2291 443 2309 a
456 2291 498 2309 me
508 2284 541 2315 si,
556 2289 584 2311 ut
595 2284 706 2312 dicenda
719 2290 791 2317 sunt,
804 2286 846 2313 di-

51 2324 185 2352 cerentur,
202 2320 312 2356 gravius
324 2328 444 2356 agerem,
462 2320 578 2353 iudices,
595 2330 677 2357 quam
689 2322 777 2350 adhuc
792 2323 843 2359 egi,

51 2361 177 2392 quantam
189 2356 313 2384 Asiaticis
330 2358 444 2384 testibus
461 2358 539 2384 [idem
552 2358 649 2385 hahere
661 2368 708 2386 vos
719 2361 846 2387 conveni-

51 2397 103 2421 ret:
126 2402 276 2421 revocarem
297 2395 400 2422 animos
422 2399 523 2422 vestros
544 2395 577 2422 ad
594 2396 763 2424 Mithridatici
782 2398 846 2424 belli

52 2432 215 2464 memoriam,
229 2432 261 2458 ad
273 2432 346 2458 illam
359 2433 547 2459 universorum
558 2433 659 2460 civium
667 2434 844 2461 Romanorum

51 2475 98 2504 per
108 2472 145 2495 tot
155 2469 236 2496 urbes
247 2478 301 2496 uno
312 2474 411 2505 puncto
422 2471 548 2505 temporis
561 2471 683 2497 miseram
695 2471 847 2498 crudelem-

51 2512 104 2541 que
114 2506 235 2533 caedem:
249 2512 382 2542 praetores
393 2512 497 2534 nostros
508 2507 621 2539 deditos,
635 2507 735 2544 legatos
747 2509 773 2535 in
786 2510 847 2535 vin-

51 2541 111 2569 cula
121 2544 262 2575 coniectos,
277 2545 392 2572 nominis
405 2545 603 2580 propeltomani
616 2546 770 2572 memoriam
783 2555 844 2573 cum

51 2580 164 2617 vestigio
183 2581 299 2616 imperii,
323 2591 374 2609 non
395 2582 474 2609 modo
495 2591 527 2609 ex
542 2582 655 2609 aedibus
671 2583 842 2615 Graecorum,

51 2624 145 2644 verum
166 2618 245 2645 etiam
266 2627 299 2646 ex
315 2619 409 2646 litteris
424 2628 483 2646 esse
499 2619 623 2646 deletam.
665 2620 844 2647 Mithridatem

52 2652 227 2686 deum,illum
239 2656 436 2691 patrem,illum
447 2662 659 2684 conservatorem
666 2657 753 2689 Asiae,
766 2658 843 2685 illum

51 2689 158 2725 Evium,
171 2692 295 2729 Nysiam,
308 2694 452 2727 Bacchum,
465 2694 592 2721 Liberum
604 2695 784 2723 nominabant.
800 2697 842 2723 at.

1188 157 1215 182 21
1239 171 1275 175 —
1298 156 1338 182 27.
1645 159 1692 184 4615

900 226 988 252 Unum
1000 230 1079 261 atque
1090 226 1161 252 idem
1177 231 1231 252 erat
1247 231 1366 260 tempus,
1383 234 1467 262 quum
1481 227 1510 252 L.
1523 226 1616 254 Flacco
1632 236 1694 254 con-

901 263 954 289 suli
976 268 1064 298 portas
1085 268 1136 289 tota
1153 264 1215 290 Asia
1231 263 1384 295 claudebat,
1407 264 1590 299 Cappadocem
1605 270 1693 292 autem

901 301 978 326 illum
992 309 1043 327 non
1055 301 1132 327 modo
1144 301 1288 336 recipiebat
1298 302 1356 327 suis
1368 301 1494 333 urbibus,
1511 310 1603 328 verum
1616 303 1694 329 etiam

902 338 972 364 ultro
983 338 1102 364 vocabat.
1128 339 1217 365 Liceat
1228 338 1292 364 haec
1304 339 1388 369 nobis,
1403 339 1425 365 si
1437 339 1560 366 oblivisci
1572 348 1623 366 non
1635 349 1696 374 pos-

901 384 1011 406 sumus,
1029 380 1054 401 at
1066 380 1164 402 tacere:
1188 376 1263 402 liceat
1275 376 1341 402 mihi
1354 377 1442 411 potius
1454 376 1486 402 de
1498 376 1603 403 levitate
1614 378 1697 404 Grae—

902 421 992 438 corum
1005 414 1095 448 queri,
1109 422 1191 448 quam
1203 413 1235 439 de
1246 413 1411 440 crudelitate.
1452 414 1641 441 Auctoritatem
1652 416 1695 441 isti

903 450 1016 476 habeant
1027 450 1099 485 apud
1110 459 1164 481 eos,
1177 459 1246 485 quos
1258 459 1316 477 esse
1327 451 1436 478 omnino
1448 451 1608 478 noluerunt?
1619 453 1695 482 Nam,

901 496 1088 522 quoscumque
1101 492 1257 522 potuerunt,
1271 493 1371 524 togatos
1382 489 1586 516 interemerunt:
1601 498 1696 516 numen

901 525 1002 550 civium
1015 526 1208 556 Romanorum,
1227 531 1357 560 quantum
1375 527 1401 552 in
1413 527 1481 561 ipsis
1497 526 1561 558 fuit,
1579 527 1698 553 sustule-

902 566 973 588 runt.
1007 562 1101 588 xxvi.
1115 563 1143 588 ln
1156 563 1203 588 hac
1215 563 1297 598 igitur
1309 564 1373 589 urbe
1385 572 1413 589 se
1425 564 1529 595 iactent,
1542 573 1623 599 quam
1635 564 1697 591 ode-

902 599 982 625 runt?
994 600 1064 634 apud
1077 608 1207 634 eos,quos
1219 601 1296 626 inviti
1310 600 1419 627 vident?
1429 602 1456 627 in
1469 610 1498 627 ea
1509 601 1697 636 republica‚ad

901 645 982 671 quam
994 637 1196 671 opprimendam
1209 646 1260 664 non
1272 638 1378 664 animus
1390 639 1441 669 eis,
1460 639 1506 665 sed
1523 640 1592 665 vires
1604 639 1698 665 defue-

902 674 981 700 runt‘?
1001 674 1137 708 Aspiciant
1153 675 1225 700 hunc
1242 674 1330 701 llorem
1348 675 1495 711 legatorum
1516 676 1697 703 laudatorum-

901 719 954 746 que
970 711 1066 742 Flacci,
1085 719 1118 737 ex
1135 720 1195 737 vera
1210 716 1290 746 atque
1306 713 1407 748 integra
1425 713 1543 740 Graecia.
1585 714 1652 740 Tum
1668 722 1698 740 se

901 749 953 783 ipsi
965 749 1130 783 expendant,
1148 753 1205 775 tum
1221 758 1283 775 cum
1303 750 1345 776 his
1361 759 1388 776 se
1400 755 1566 785 comparent,
1585 755 1655 782 tum,
1674 751 1694 777 si

902 786 1048 817 audebunt,
1061 786 1185 821 dignitati
1198 786 1293 812 horum
1307 792 1467 822 anteponant
1478 797 1563 814 suam.

956 825 996 849 62.
1015 823 1120 849 Adsunt
1134 824 1323 855 Athenienses,
1342 825 1413 851 unde
1425 825 1586 856 humanitas,
1600 826 1697 852 doctri-

902 869 947 891 na,
966 860 1073 896 religio,
1093 860 1196 896 frugeS,
1215 862 1286 893 iura,
1306 861 1377 898 leges
1393 867 1464 888 ortae
1475 863 1593 898 atquein
1605 872 1697 889 omncs

901 903 983 924 terras
994 898 1153 924 distributae
1166 903 1306 933 putantur:
1325 900 1357 926 de
1372 909 1488 935 quorum
1504 900 1578 926 urbis
1590 909 1698 935 posses—

901 937 984 967 sione,
998 940 1105 971 propter
1116 935 1356 970 pulchritudinem,
1370 938 1449 964 etiam
1461 938 1530 964 inter
1540 938 1603 964 deos
1615 942 1698 964 certa-

901 982 962 999 men
984 973 1068 999 fuisse
1089 973 1224 1008 proditum
1245 979 1298 1001 est:
1321 983 1390 1010 quae
1407 979 1537 1001 vetustate
1553 984 1581 1001 ea
1593 980 1645 1007 est,
1669 980 1698 1001 ut

901 1011 959 1045 ipsa
975 1019 1009 1037 ex
1024 1019 1083 1037 sese
1098 1019 1162 1037 suos
1178 1012 1251 1038 cives
1262 1013 1389 1048 genuisse
1401 1013 1504 1039 dicatur
1515 1017 1641 1039 eteorum
1654 1021 1697 1038 ea—

901 1049 962 1074 dem
979 1053 1045 1075 terra
1063 1057 1171 1083 parens,
1189 1049 1281 1080 altrix,
1304 1051 1387 1085 patria
1404 1050 1520 1076 dicatur:
1543 1051 1697 1077 auctoritate

901 1090 989 1112 autem
1001 1090 1072 1112 tanta
1084 1090 1135 1117 est,
1154 1090 1184 1113 ut
1199 1087 1252 1113 iam
1269 1086 1381 1114 fractum
1395 1096 1476 1122 prope
1487 1097 1517 1114 ac
1527 1087 1696 1114 debilitatum

901 1123 1027 1150 Graeciae
1039 1132 1135 1150 nomen
1147 1124 1230 1150 huius
1242 1125 1317 1151 urbis
1335 1125 1412 1152 laude
1429 1126 1537 1152 nitatur.
1579 1127 1620 1152 63.
1644 1125 1698 1152 Ad-

900 1165 964 1187 sunt
975 1161 1190 1193 Lacedaemonii,
1208 1163 1287 1188 cuius
1303 1163 1417 1190 civitatis
1430 1167 1546 1198 spectata
1558 1172 1588 1189 ac
1600 1163 1697 1189 nobili-

900 1202 952 1224 tata
973 1199 1073 1230 virtus,
1102 1207 1153 1225 non
1174 1199 1262 1226 solum
1284 1204 1376 1226 natura
1397 1201 1575 1231 corroborata,
1604 1209 1696 1227 verum

900 1237 979 1262 etiam
991 1236 1134 1271 disciplina
1147 1241 1269 1271 putatur:
1292 1239 1339 1272 qui
1355 1237 1404 1264 soli
1421 1242 1474 1265 toto
1489 1238 1552 1264 orbe
1568 1242 1696 1264 terrarum

900 1274 1083 1310 septingentos
1094 1275 1147 1300 iam
1159 1283 1242 1301 annos
1254 1275 1370 1310 amplius
1382 1276 1443 1302 unis
1456 1276 1576 1302 moribus
1587 1280 1698 1302 etnam-

900 1319 981 1345 quam
994 1312 1103 1337 mutatis
1117 1311 1221 1347 legibus
1234 1312 1338 1338 vivunt.
1361 1312 1466 1339 Adsunt
1478 1322 1511 1339 ex
1521 1312 1619 1339 Achaia
1631 1321 1697 1339 cun—

899 1352 940 1374 cta
952 1348 1030 1374 multi
1044 1348 1137 1384 legati,
1150 1350 1268 1381 Boeotia,
1282 1350 1434 1376 Thessalia:
1457 1351 1558 1385 quibus
1571 1350 1635 1377 locis
1647 1359 1698 1376 nu-

899 1394 947 1420 per
963 1385 1065 1421 legatus
1078 1387 1107 1412 L.
1121 1386 1246 1418 Flaccus,
1264 1388 1422 1422 imperatore
1434 1388 1552 1418 Metello,
1571 1387 1694 1422 praefuit.

900 1424 991 1458 Neque
1004 1432 1066 1450 vero
1077 1428 1114 1454 te,
1133 1424 1265 1456 Massilia,
1283 1429 1431 1459 praetereo,
1449 1433 1518 1460 quae
1529 1426 1558 1451 L.
1572 1425 1695 1451 Flaccum

900 1460 1013 1486 militem
1024 1465 1249 1496 quaestoremque
1264 1463 1398 1497 cognosti:
1421 1463 1499 1488 cuius
1516 1471 1565 1498 ego
1580 1463 1696 1488 civitatis

899 1498 1070 1533 disciplinam
1083 1503 1162 1533 atque
1173 1499 1332 1534 gravitatem
1346 1508 1396 1526 non
1409 1500 1495 1526 solum
1508 1500 1641 1530 Graeciae,
1650 1500 1697 1526 sed

901 1535 972 1562 haud
987 1537 1043 1562 scio
1059 1544 1090 1562 an
1107 1537 1211 1563 cunctis
1226 1537 1353 1572 gentibus
1369 1537 1581 1572 anteponendam
1593 1537 1693 1564 dicam:

898 1581 967 1607 quae
979 1577 1031 1599 tam
1044 1573 1135 1608 procul
1147 1583 1161 1600 a
1173 1574 1334 1601 Graecorum
1346 1576 1466 1601 omnium
1479 1575 1642 1611 regionibus,
1656 1575 1697 1601 di-

899 1610 1022 1645 sciplinis
1035 1611 1180 1647 linguaque
1191 1612 1287 1643 divisa,
1301 1621 1385 1647 quum
1398 1612 1424 1639 in
1437 1612 1541 1639 ultimis
1551 1613 1629 1638 terris
1640 1613 1698 1639 cin-

899 1652 940 1674 cta
956 1648 1094 1675 Gallorum
1110 1649 1250 1684 gentibus,
1275 1650 1411 1676 barbariae
1427 1649 1554 1676 fluctibus
1569 1649 1694 1679 alluatur.

899 1686 938 1712 sic
949 1687 1108 1720 optimatum
1120 1686 1233 1713 consilio
1243 1687 1422 1723 gubernatur,
1440 1692 1469 1714 ut
1480 1696 1573 1713 omnes
1585 1688 1644 1714 eius
1656 1688 1697 1714 in-

899 1724 991 1750 stituta
1005 1723 1112 1750 laudare
1124 1723 1230 1750 facilius
1246 1725 1362 1759 possint,
1380 1733 1461 1760 quam
1473 1724 1612 1751 aemulari.
1654 1726 1694 1752 fit.

899 1761 977 1787 llisce
989 1762 1073 1787 utitur
1085 1761 1268 1788 laudatoribus
1281 1762 1405 1793 Flaccus,
1424 1762 1466 1788 his
1481 1763 1647 1789 innocentiae
1659 1768 1697 1789 te-

898 1799 995 1830 stibus,
1010 1799 1171 1826 Graecorum
1183 1800 1323 1835 cupiditati
1336 1800 1532 1826 utGraecorum
1544 1800 1644 1827 auxilio
1657 1809 1697 1826 re-

898 1837 1037 1862 sistamus.

955 1874 1063 1900 XXVlI.
1087 1874 1257 1909 Quamquam
1272 1875 1335 1909 quis
1349 1875 1466 1910 ignorat,
1483 1875 1531 1910 qui
1547 1875 1626 1901 modo
1637 1884 1697 1901 um-

898 1919 979 1946 quam
1001 1912 1170 1938 mediocriter
1190 1921 1232 1938 res
1252 1912 1317 1938 istas
1338 1913 1405 1938 scire
1426 1913 1543 1943 curavit,
1565 1913 1631 1948 quin
1649 1913 1696 1939 tria

899 1950 1060 1976 Graecorum
1075 1958 1171 1985 genera
1187 1950 1241 1976 sint
1253 1949 1332 1976 vore?
1351 1958 1466 1985 quorum
1479 1950 1525 1976 uni
1540 1955 1604 1977 sunt
1616 1950 1697 1976 Athe—

899 1987 1019 2018 nienses,
1036 1995 1106 2022 quae
1121 1995 1188 2023 gens
1205 1988 1298 2013 Ionum
1315 1987 1476 2014 habebatur:
1500 1988 1594 2014 Aeoles
1609 1987 1693 2017 alteri,

898 2025 978 2051 Dores
991 2025 1060 2051 tertii
1072 2025 1287 2051 nominabantur.
1329 2025 1416 2060 Atque
1428 2025 1492 2051 haec
1507 2030 1602 2052 cuncta
1615 2025 1696 2052 Grae-

897 2063 951 2094 cia,
963 2071 1033 2097 quae
1045 2061 1112 2088 fama
1121 2083 1127 2094 ,
1140 2071 1209 2097 quae
1219 2062 1317 2098 gloria,
1330 2070 1399 2097 quae
1409 2063 1542 2094 doctrina,
1555 2071 1624 2098 quae
1636 2063 1696 2098 plu—

898 2100 974 2126 rimis
989 2099 1105 2131 artibus,
1122 2108 1191 2135 quae
1205 2100 1283 2126 etiam
1295 2100 1409 2135 imperio
1420 2105 1445 2126 ct
1456 2100 1550 2126 bellica
1563 2100 1639 2127 laude
1651 2099 1696 2126 llo-

898 2137 964 2168 ruit,
982 2146 1095 2172 parvum
1107 2137 1252 2172 quemdam
1266 2137 1367 2169 locum,
1386 2142 1413 2164 ut
1425 2138 1498 2164 scitis
1507 2159 1513 2168 ,
1526 2138 1646 2173 Europae
1659 2143 1695 2164 te—

898 2179 943 2201 aet
956 2183 1117 2210 semperque
1133 2175 1227 2201 tenuit.
1269 2174 1347 2201 Asiae
1364 2175 1525 2202 maritimam
1541 2184 1613 2202 oram
1627 2175 1696 2201 hello

898 2217 1050 2246 superatam
1065 2212 1150 2238 cinxit
1166 2212 1294 2242 urbibus,
1318 2221 1369 2238 non
1391 2217 1419 2238 ut
1439 2213 1569 2238 munitam
1583 2212 1695 2239 coloniis

898 2249 971 2275 illam
983 2253 1100 2284 augeret,
1113 2249 1161 2275 sed
1173 2253 1202 2275 ut
1212 2249 1348 2275 obsessam
1361 2254 1470 2276 teneret.
1502 2251 1543 2276 65.
1560 2249 1688 2282 Quamob

898 2295 953 2312 rem
964 2294 1065 2321 quaeso
1076 2295 1089 2312 a
1102 2286 1191 2316 vobis,
1205 2286 1313 2312 Asiatici
1325 2291 1420 2317 testes,
1434 2291 1471 2317 ut,
1485 2295 1569 2321 quum
1583 2296 1642 2313 νοη-
1655 2295 1694 2313 rc-

897 2323 999 2349 cordari
1016 2323 1124 2354 voletis,
1146 2328 1277 2358 quantum
1294 2324 1457 2350 auctoritatis
1474 2325 1500 2350 in
1513 2324 1643 2350 iudicium
1656 2323 1695 2349 af—

899 2360 997 2392 feratis,
1012 2361 1168 2395 vosmetipsi
1180 2360 1337 2386 describatis
1349 2361 1454 2387 Asiam:
1478 2370 1539 2391 nec,
1552 2361 1618 2397 quid
1631 2362 1694 2387 alie-

898 2398 1010 2434 nigenae
1020 2397 1053 2423 dc
1065 2398 1141 2424 vobis
1154 2397 1225 2432 loqui
1236 2397 1346 2427 soleant,
1359 2397 1405 2424 scd
1417 2398 1483 2433 quid
1495 2398 1649 2433 vosmetipsi
1661 2399 1694 2425 de

897 2443 995 2471 genere
1007 2440 1094 2461 vestro
1107 2435 1238 2465 statuatis,
1247 2435 1433 2461 memineritis.
1457 2436 1586 2471 Namque,
1598 2441 1626 2462 ut
1637 2437 1693 2471 opi-

898 2482 954 2503 nor,
968 2472 1029 2499 Asia
1043 2476 1128 2498 vestra
1139 2477 1241 2499 constat
1252 2481 1286 2499 ex
1297 2472 1421 2508 Phrygia,
1435 2473 1529 2509 Mysia,
1543 2473 1627 2504 Caria,
1643 2474 1693 2510 Ly-

897 2509 949 2536 dia.
991 2510 1084 2536 Utrum
1097 2510 1179 2545 igitur
1191 2514 1310 2536 nostrum
1323 2515 1370 2540 est,
1384 2519 1416 2536 an
1429 2515 1557 2542 vestrum,
1573 2511 1621 2537 hoc
1633 2520 1693 2546 pro-

898 2547 1031 2578 verbium,
1045 2547 1176 2583 Phrygem
1189 2547 1276 2582 plagis
1288 2546 1343 2573 lieri
1355 2547 1439 2574 solere
1451 2547 1608 2575 meliorem?
1621 2549 1691 2581 Quid

896 2584 929 2610 dc
940 2589 990 2610 tota
1003 2584 1097 2611 Caria?
1117 2585 1208 2611 Nonne
1221 2585 1269 2611 hoc
1282 2589 1368 2611 vestra
1381 2594 1445 2611 voco
1456 2584 1596 2621 vulgatum
1607 2591 1656 2615 cst,
1669 2587 1692 2613 si

895 2622 962 2657 quid
973 2631 1035 2649 cum
1053 2622 1172 2658 periculo
1187 2622 1302 2657 experiri
1319 2622 1400 2653 velis,
1422 2623 1447 2649 in
1460 2622 1525 2650 Care
1541 2622 1568 2650 id
1585 2624 1691 2659 potissi-

897 2668 971 2686 mum
981 2668 1040 2686 esso
1051 2659 1222 2686 faciendum?
1241 2659 1312 2691 Quid
1327 2668 1404 2695 porro
1420 2660 1446 2686 in
1459 2660 1559 2687 Graeco
1570 2669 1692 2687 sermone

895 2701 948 2724 tam
960 2697 1052 2724 tritum
1063 2702 1144 2733 atquo
1155 2696 1316 2724 celebratum
1327 2702 1375 2730 est,
1389 2706 1480 2734 quam,
1493 2698 1515 2725 si
1527 2699 1589 2734 quis
1601 2698 1692 2733 despi-
