1941 3052
442 138 488 164 IN
519 137 719 164 VERREM
750 137 1035 165 ACT.II.L1B.

84 208 156 234 iitate
175 207 294 241 fecisset;
314 208 348 234 de
366 209 404 235 tui
422 209 527 235 comitis
545 209 642 235 iniuria
656 212 782 244 questum
797 208 829 234 ad
845 213 868 235 te

77 247 173 282 potius,
189 254 270 280 quam
284 250 309 272 te
322 250 507 281 oppugnatum
521 247 650 272 venirent.
672 246 762 278 Quum
776 247 866 281 igitur,

76 292 145 318 quae
158 292 251 309 caussa
265 283 340 309 illius
354 283 487 309 tumultus
502 283 590 314 fuerit,
607 288 687 310 testes
697 292 710 309 a
722 283 798 309 nobis
809 292 870 318 pro-

76 320 149 346 ducti
155 320 279 351 dixerint,
288 321 346 355 ipse
356 320 460 346 celarit:
474 329 560 347 nonne
570 329 692 347 caussam
704 321 779 351 hanc,
788 329 868 355 quam

77 366 124 384 nos
138 358 337 392 proposuimus,
354 362 411 384 tum
426 357 533 384 illorum
547 359 707 389 testimonia,
723 362 779 384 tum
790 359 869 384 istius

76 395 241 421 taciturnitas
265 400 393 430 perpetua
415 395 570 422 confirmat?
600 395 713 421 XXXII.
738 397 779 421 81.
803 395 870 421 Huic

76 432 179 458 homini
197 433 309 467 parcetis
327 433 423 468 igitur,
444 433 560 463 iudices,
580 434 658 459 cuius
677 437 747 459 tanta
766 437 870 467 peccata

77 474 153 501 sunt,
169 474 199 496 ut
212 470 244 501 ii,
260 470 360 504 quibus
374 470 485 496 iniurias
499 470 602 501 fecerit,
619 479 705 505 neque
720 470 869 505 legitimum

76 511 183 542 tempus
197 511 349 542 exspectare
364 507 396 533 ad
410 507 595 533 ulciscendum
610 516 696 542 neque
707 508 760 533 vim
772 511 869 533 tantam

77 544 176 571 doloris
191 545 217 570 in
233 549 369 579 posterum
383 544 487 571 differre
501 544 652 579 potuerint?
671 544 870 571 Circumsessus

77 590 115 608 es.
146 581 168 608 A
182 581 300 616 quibus‘?
317 582 339 608 A
354 582 554 616 Lampsacenis:
570 582 689 607 barbaris
703 581 867 612 hominibus,

76 618 168 650 credo,
189 623 235 645 aut
248 620 294 650 iis,
315 619 362 654 qui
376 619 469 654 populi
482 619 593 645 Romani
609 627 704 645 nomen
718 623 871 644 contemne—

77 656 153 682 rent?
172 657 257 682 Immo
274 665 337 683 vero
355 657 387 682 ab
406 656 561 683 hominibus
575 660 600 682 et
614 661 705 682 natura
720 660 745 682 et
758 664 871 682 consue-

77 693 171 720 tudine
189 698 214 720 et
231 693 372 728 disciplina
392 693 550 725 lenissimis,
574 701 652 727 porro
669 697 758 719 autem
778 692 869 727 populi

77 731 188 757 Romani
202 731 352 757 conditione
371 731 463 761 sociis,
488 730 593 756 fortuna
611 731 709 761 servis,
735 730 870 756 voluntate

78 768 261 803 supplicibus:
282 772 312 794 ut
329 768 502 802 perspicuum
521 768 556 793 sit
573 767 712 799 omnihus,
733 768 785 793 nisi
800 772 870 793 tanta

78 806 206 832 acerbitas
220 805 345 836 iniuriae,
362 809 432 831 tanta
447 805 488 831 vis
502 804 609 831 sceleris
624 804 732 836 fuisset,
748 809 778 831 ut
792 805 871 830 Lam—

77 843 185 878 psaceni
199 842 367 869 moriendum
381 842 433 868 sibi
448 842 550 877 potius,
571 851 652 877 quam
666 841 869 877 perpetiendum

78 884 213 916 putarent;
230 888 378 914 numquam
392 879 453 905 illos
468 880 495 905 in
509 888 570 905 eum
585 879 672 906 Iocum
683 888 870 915 progressuros

79 917 170 948 fuisse,
187 921 216 943 ut
230 917 416 943 vehementius
429 916 490 943 odio
504 916 625 943 libidinis
636 921 705 948 tuae,
721 926 803 952 quam
815 925 871 942 me-

78 958 106 981 tu
122 954 260 990 legationis
275 958 454 980 moverentur.
495 956 536 981 82.
557 954 656 985 Nolite,
677 963 724 989 per
742 954 805 980 deos
820 954 871 980 im-

76 991 214 1023 mortales,
235 1000 328 1027 cogere
346 992 431 1018 socios
454 996 534 1026 atque
556 996 659 1018 exteras
683 992 803 1018 nationes
822 991 871 1018 hoc

77 1029 116 1055 uti
131 1028 267 1065 perfugio:
283 1037 345 1064 quo,
363 1029 415 1055 nisi
429 1037 477 1055 vos
491 1029 641 1060 vindicatis,
658 1034 766 1055 utentur
779 1038 871 1055 neces-

77 1067 155 1092 sario.
183 1067 378 1101 Lampsacenos
392 1067 420 1092 in
433 1067 517 1092 istum
531 1075 679 1101 numquam
694 1066 748 1093 ulla
763 1075 805 1092 res
819 1067 871 1092 mi-

77 1104 195 1139 tigasset,
205 1104 324 1130 nisieum
335 1112 433 1138 poenas
439 1104 536 1130 Romae
546 1103 671 1130 daturum
683 1104 868 1130 credidissent.

76 1141 132 1167 Etsi
148 1140 226 1167 talem
241 1145 395 1176 acceperant
412 1141 552 1172 iniuriam,
572 1150 654 1176 quam
669 1141 741 1168 nulla
757 1141 814 1177 lege
828 1150 871 1168 sa—

76 1179 110 1205 tis
132 1178 212 1214 digne
234 1179 358 1214 persequi
380 1183 501 1213 possent:
527 1182 615 1205 tamen
637 1179 804 1206 incommoda
823 1187 871 1205 sua

77 1216 174 1242 nostris
192 1216 355 1242 committere
374 1215 479 1252 legibus
498 1220 523 1242 et
540 1216 661 1248 iudiciis,
686 1225 768 1252 quam
787 1216 870 1242 dolori

77 1262 126 1280 suo
139 1253 291 1288 permittere
305 1253 467 1280 maluerunt.
507 1254 547 1280 Tu
561 1254 641 1285 mihi,
657 1262 742 1289 quum
756 1254 872 1280 circum-

77 1299 169 1317 sessus
187 1299 201 1317 a
220 1294 273 1317 tam
287 1290 385 1317 illustri
399 1291 505 1317 civitate
519 1291 556 1317 sis
570 1295 678 1326 propter
691 1295 768 1318 tuum
782 1291 871 1317 scelus

77 1332 156 1363 atque
174 1326 318 1363 flagitium;
342 1336 427 1363 quum
445 1329 562 1363 coegeris
581 1329 703 1355 homines
721 1329 832 1355 miseros
847 1332 872 1354 et

76 1365 257 1396 calamitosos,
277 1366 355 1400 quasi
369 1365 515 1400 desperatis
531 1366 627 1392 nostris
642 1365 747 1401 legibus
761 1370 787 1392 et
800 1366 872 1392 iudi-

76 1403 134 1434 ciis,
151 1402 183 1428 ad
197 1403 262 1433 vim,
279 1402 311 1428 ad
325 1411 429 1434 manus,
446 1403 478 1429 ad
492 1411 563 1429 arma
578 1402 734 1438 confugere3
750 1412 835 1438 quum
847 1407 871 1430 te

76 1440 104 1466 in
121 1439 229 1474 oppidis
247 1444 273 1466 et
289 1440 443 1466 civitatibus
462 1441 607 1466 amicorum
626 1449 677 1466 non
693 1440 809 1476 legatum
824 1448 872 1475 po-

76 1476 134 1512 puli
145 1478 265 1508 Romani,
283 1477 330 1503 sed
341 1481 481 1513 tyrannum
495 1477 669 1504 libidinosum
681 1477 871 1513 crudelemque

76 1514 246 1550 praebueris;
266 1523 353 1550 quum
367 1514 439 1549 apud
453 1519 556 1541 exteras
571 1515 690 1541 nationes
704 1516 809 1550 imperii
825 1523 872 1541 no-

77 1552 213 1587 minisque
232 1552 315 1578 nostri
333 1551 431 1578 famam
450 1553 503 1578 tuis
519 1552 623 1587 probris
637 1551 799 1587 flagitiisque
814 1553 871 1578 vio-

77 1588 154 1622 laris;
169 1597 255 1624 quum
269 1593 294 1615 te
307 1597 340 1615 ex
355 1588 423 1615 ferro
437 1589 582 1615 amicorum
594 1589 687 1624 populi
697 1590 808 1616 Romani
819 1590 871 1616 eri-

76 1626 167 1661 pueris
181 1630 261 1661 atque
272 1635 286 1652 e
295 1625 401 1652 flamma
411 1627 543 1653 sociorum
553 1627 680 1653 evolaris:
697 1627 740 1653 hic
752 1627 799 1653 tibi
810 1635 871 1662 per-

76 1663 183 1699 fugium
201 1672 292 1698 speras
311 1663 452 1690 suturum?
470 1664 558 1690 Erras.
599 1665 632 1691 Ut
653 1664 706 1691 huc
727 1664 867 1695 incideres.

76 1709 129 1728 non
148 1705 178 1727 ut
195 1701 239 1727 hic
257 1701 472 1736 conquiesceres,
493 1701 533 1728 illi
553 1706 577 1728 te
595 1702 689 1728 vivum
707 1702 779 1728 exire
798 1702 870 1737 passi

75 1742 149 1765 sunt.
189 1738 314 1765 XXXIII.
334 1740 375 1764 83.
395 1738 428 1765 Et
442 1739 480 1765 ais
493 1739 625 1766 iudicium
639 1747 698 1766 esse
711 1739 824 1771 factum,
846 1744 870 1767 te

76 1776 174 1803 iniuria
187 1776 396 1802 circumsessum
415 1784 473 1802 esse
487 1776 639 1812 Lampsaci,
659 1776 732 1811 quod
746 1777 870 1804 Philoda-

76 1822 139 1840 mus
152 1821 213 1840 cum
228 1812 283 1840 filio
295 1812 487 1840 condemnatus
502 1814 545 1840 sit.
585 1813 675 1846 Quid?
696 1815 719 1841 si
733 1813 826 1846 doceo,
846 1815 870 1842 si

77 1851 188 1886 planum
202 1850 269 1877 facio
283 1854 348 1877 teste
362 1850 470 1877 homine
488 1859 617 1886 nequam,
638 1860 732 1878 verum
751 1851 784 1878 ad
803 1852 870 1879 hanc

76 1896 132 1915 rem
147 1892 235 1915 tamen
248 1887 356 1919 idoneo,
377 1891 402 1914 te
416 1888 487 1923 ipso,
507 1889 631 1923 inquam⁷
651 1893 717 1916 teste
731 1889 825 1921 doceo,
846 1894 870 1916 te

77 1925 159 1953 huius
182 1925 413 1952 circumsessionis
437 1929 496 1952 tuae
519 1934 641 1952 caussam
665 1930 691 1952 et
711 1926 818 1961 culpam
842 1927 870 1954 in

76 1962 143 1990 alios
157 1961 343 1990 transtulisse?
357 1970 442 1997 neque
456 1963 483 1989 in
498 1971 551 1994 θος,
567 1971 635 1997 quos
648 1968 675 1989 tu
687 1963 867 1996 insimularas,

76 2008 136 2027 esse
154 1998 389 2026 animadversum?
414 2000 468 2025 lam
487 1999 554 2026 nihil
573 2004 598 2026 te
611 2000 743 2027 iudicium
757 2001 870 2029 Neronis

77 2037 196 2064 adiuvat.
236 2037 337 2068 Recita,
363 2044 430 2071 quas
452 2036 484 2063 ad
508 2037 640 2064 Neronem
662 2037 763 2065 litteras
785 2039 868 2066 misit.

76 2082 221 2101 arisi-ona
235 2082 258 2100 c.
274 2082 383 2100 vannis
396 2082 432 2100 Λο
446 2083 594 2101 annosam.
625 2084 870 2103 ramum-aconas

77 2121 112 2138 Er
128 2119 276 2138 τιιεεεΛιυ
284 2119 307 2137 s.
347 2110 575 2147 Themistagoram
593 2116 619 2138 et
632 2112 790 2140 Thessalum
804 2115 871 2140 scri-

76 2149 120 2176 bis
134 2147 264 2184 populum
278 2148 432 2174 concitasse.
458 2148 543 2181 Quem
557 2149 707 2184 populum?
719 2150 766 2186 qui
782 2155 806 2177 te
819 2151 871 2178 cir-

79 2185 225 2217 cumsedit,
241 2185 289 2221 qui
304 2189 328 2212 te
343 2185 434 2211 vivum
449 2186 604 2213 comburere
618 2192 728 2214 conatus
742 2192 790 2214 est.
819 2188 869 2216 Ubi

78 2223 126 2251 hos
144 2222 332 2259 persequeris?
354 2222 401 2249 ubi
419 2223 547 2249 accusas?
569 2223 616 2250 ubi
630 2224 752 2252 defendis
767 2226 808 2252 ius
823 2235 870 2253 no-

77 2269 193 2296 menque
211 2259 311 2296 legati?
349 2261 390 2286 84.
414 2261 443 2287 In
461 2260 609 2288 Philodami
631 2261 731 2289 iudicio
749 2262 822 2290 dices
842 2263 870 2290 id

77 2297 185 2325 actum?
210 2297 280 2325 Cedo
298 2297 364 2324 mihi
383 2298 469 2332 ipsius
482 2297 572 2325 Verris
592 2299 783 2326 testimonium.
824 2300 870 2327 Vi-

77 2334 198 2367 deamus,
216 2334 282 2370 quid
297 2335 367 2361 idem
382 2335 432 2361 iste
446 2335 549 2362 iuratus
563 2335 670 2362 dixerit.
703 2337 802 2364 Recita.
837 2346 869 2364 An

78 2381 267 2400 accusamur:
285 2381 418 2399 nocuus
436 2381 611 2404 aasaonmr,
635 2382 663 2399 in
681 2383 735 2401 noc
754 2383 870 2402 numero

78 2418 132 2436 aon
149 2418 307 2440 rsasnour:
331 2418 387 2436 sun
407 2418 434 2436 ia
449 2419 538 2436 Auiuo
552 2418 634 2441 assa,
654 2419 722 2438 Λιιο
735 2420 868 2438 raucone

79 2455 233 2478 raasaoni.
272 2446 343 2479 Quid
361 2447 443 2482 igitur
462 2451 486 2474 te
504 2447 579 2473 iuvat
592 2447 703 2474 Neronis
720 2448 870 2476 iudicium?

78 2483 145 2519 quid
158 2483 307 2511 Philodami
321 2483 473 2511 damnatio?
495 2485 610 2520 Legatus
623 2493 708 2519 quum
727 2493 800 2512 esses
818 2486 870 2512 cir-

77 2529 246 2553 cumsessuS,
262 2529 416 2556 quumque,
432 2521 659 2556 quemadmodum
674 2526 728 2549 tute
742 2522 774 2549 ad
789 2523 871 2550 Nero-

79 2566 140 2585 nem
153 2559 295 2594 scripsisti,
311 2558 411 2594 populo
424 2559 542 2586 Romano
555 2559 746 2595 communique
760 2568 870 2587 caussae

80 2594 225 2631 legatorum
240 2595 306 2622 sacta
320 2600 390 2622 esset
407 2596 504 2623 iniuria
523 2596 651 2632 insignia,
672 2605 723 2623 non
737 2606 765 2624 es
780 2606 871 2632 perse-

78 2636 169 2659 cutus:
185 2633 253 2660 dicis
267 2633 314 2660 tibi
329 2633 356 2659 in
371 2633 459 2659 animo
473 2642 531 2660 esse
543 2634 594 2660 alio
605 2637 722 2669 tempore
734 2635 868 2669 persequi.

78 2668 155 2702 Quod
169 2669 219 2697 fuit
232 2670 260 2697 id
274 2669 399 2706 tempus?
411 2671 518 2706 quando
529 2679 557 2698 es
568 2671 743 2706 persecutus?
756 2672 810 2699 Cur
819 2672 870 2699 im-

1070 139 1089 164 1.
1120 139 1139 166 C
1154 139 1174 166 A
1189 139 1217 166 P.
1240 140 1271 166 29
1292 155 1328 159 —
1349 142 1390 166 35.
1656 144 1706 169 ⁵255

921 209 1042 235 minuisti
1056 210 1099 236 ius
1114 209 1271 245 legationis?
1292 219 1340 238 cur
1357 220 1479 238 caussam
1494 212 1587 247 populi
1600 212 1713 240 Romani

921 246 1063 273 deseruisti
1077 256 1106 273 ac
1120 248 1279 282 prodidisti?
1292 257 1339 275 cur
1352 249 1463 275 iniurias
1474 254 1541 280 tuas,
1558 250 1713 277 coniunctas

921 293 983 310 cum
998 284 1123 318 publicis,
1141 285 1291 320 reliquisti?
1303 287 1361 312 Non
1376 291 1400 312 te
1413 287 1445 312 ad
1457 291 1579 313 senatum
1590 296 1713 314 caussam

921 321 1035 352 deferre,
1053 330 1104 348 non
1119 322 1151 348 de
1165 327 1218 348 tam
1233 324 1365 350 atrocibus
1379 325 1485 350 iniuriis
1499 325 1640 359 conqueri,
1661 333 1713 351 non

921 367 966 384 eos
981 358 1110 389 homines,
1127 360 1174 394 qui
1189 360 1318 395 populum
1329 362 1498 393 concitarant,
1513 361 1655 388 consulum
1672 362 1715 388 lit—

922 397 984 422 teris
998 396 1146 422 evocandos
1160 406 1251 423 curare
1265 398 1399 433 oportuit?
1431 401 1472 425 85.
1488 400 1591 434 Nuper,
1608 399 1643 426 M.
1659 399 1715 425 Au-

922 433 986 459 relio
1000 433 1098 460 Scauro
1116 434 1279 468 postulante,
1299 436 1371 470 quod
1385 437 1408 462 is
1425 436 1525 471 Ephesi
1544 445 1572 462 se
1590 440 1715 471 quaesto-

922 479 977 496 rem
997 471 1023 496 vi
1041 471 1207 505 prohibitum
1226 481 1285 499 esse
1302 473 1419 504 dicebat,
1440 482 1494 508 quo
1512 474 1602 500 minus
1621 482 1635 500 e
1654 473 1714 500 sano

921 508 1017 533 Dianae
1031 517 1139 534 servum
1154 518 1248 540 suum,
1269 511 1316 544 qui
1335 510 1361 536 in
1376 510 1444 537 illud
1458 511 1563 547 asylum
1577 510 1715 547 confugis-

922 549 969 575 set,
982 545 1133 577 abduceret,
1147 546 1259 573 Pericles
1269 547 1413 582 Ephesius,
1427 548 1505 575 homo
1517 548 1713 579 nobilissimus,

921 582 1031 608 Romam
1046 588 1170 609 evocatus
1185 588 1232 614 est.
1249 585 1321 619 quod
1335 590 1424 611 auctor
1439 586 1550 612 iniuriae
1562 585 1636 612 illius
1647 585 1715 612 fuis-

922 628 950 645 se
964 620 1137 655 arguebatur:
1153 625 1196 651 tu,
1213 621 1235 647 si
1250 626 1274 647 te
1289 621 1405 658 legatum
1419 623 1454 648 ita
1468 623 1607 658 Lampsaci
1622 627 1715 649 tracta-

922 660 979 682 tum
993 665 1051 682 csse
1065 661 1187 683 senatum
1202 658 1353 690 docuisses,
1370 664 1399 685 ut
1413 661 1451 686 tui
1466 661 1575 686 comites
1590 660 1715 686 vulnera-

922 698 1024 724 rentur.
1050 693 1125 720 lictor
1142 695 1317 727 occideretur,
1343 697 1400 731 ipse
1419 698 1613 724 circumsessus
1631 706 1715 732 paene

922 731 1104 764 incenderere3
1120 732 1179 758 eius
1193 737 1281 759 autem
1296 734 1333 759 rei
1347 734 1429 760 duces
1444 739 1468 760 et
1482 740 1601 761 auctores
1616 735 1715 769 princi-

922 776 969 802 pes
988 767 1084 799 fuisse,
1105 777 1172 803 quos
1191 770 1300 801 scribis,
1321 770 1547 807 Themistagoram
1562 776 1588 798 et
1601 773 1715 798 Thessa-

923 805 994 831 lum:
1019 806 1081 840 quis
1096 815 1148 832 non
1163 807 1392 834 commoveretur?
1417 810 1479 843 quis
1494 818 1544 835 non
1559 818 1592 835 ex
1606 810 1712 841 iniuria,

922 851 991 877 quae
1005 843 1053 868 tibi
1068 848 1137 869 esset
1152 843 1226 875 sacta,
1243 845 1295 871 sibi
1310 845 1478 880 provideret?
1501 847 1563 881 quis
1577 855 1629 872 non
1643 847 1671 872 in
1685 855 1714 872 ea

922 888 950 906 re
963 889 1085 906 caussam
1101 885 1182 912 tuam,
1198 882 1350 916 periculum
1363 891 1504 909 commune
1519 884 1561 919 agi
1576 884 1717 910 arbitrare-

922 917 984 943 tur?
996 918 1102 944 Etenim
1117 927 1212 945 nomen
1227 919 1306 955 legati
1320 920 1453 947 eiusmodi
1467 929 1526 947 esse
1539 921 1626 951 debet,
1643 920 1715 956 quod

922 963 974 981 non
993 955 1071 981 modo
1089 956 1157 982 inter
1174 957 1307 983 sociorum
1325 958 1397 989 iura,
1418 957 1466 984 sed
1484 959 1562 984 etiam
1581 958 1650 985 inter
1668 958 1716 984 ho-

922 993 1004 1018 stium
1019 992 1068 1018 tela
1083 993 1216 1019 incolume
1231 999 1360 1021 versetur.

977 1029 1101 1057 XXXIV.
1118 1032 1159 1056 86.
1181 1031 1308 1067 Magnum
1327 1032 1376 1058 hoc
1390 1032 1601 1067 Lampsacenum
1615 1033 1715 1060 crimen

923 1071 962 1093 est
977 1066 1098 1093 libidinis
1117 1072 1196 1103 atque
1215 1069 1431 1103 improbissimae
1449 1070 1617 1104 cupiditatis:
1647 1071 1716 1097 acci-

922 1105 976 1139 pite
995 1113 1067 1131 nunc
1085 1106 1210 1132 avaritiae
1228 1106 1421 1141 propemodum
1441 1108 1468 1133 in
1486 1116 1536 1134 suo
1553 1116 1649 1143 genere
1664 1116 1715 1134 non

923 1142 1019 1168 levius.
1042 1142 1160 1169 Milesios
1175 1152 1270 1170 navem
1286 1145 1415 1179 poposcit,
1431 1153 1500 1179 quae
1514 1153 1575 1171 cum
1590 1145 1715 1180 praesidii

921 1187 1016 1205 caussa
1034 1180 1164 1215 Myndum
1183 1186 1398 1216 prosequeretur.
1439 1181 1480 1208 Illi
1498 1183 1586 1208 statim
1606 1191 1717 1218 myopa-

921 1225 1012 1243 ronem
1031 1218 1169 1253 egregium
1187 1218 1220 1245 de
1238 1227 1287 1245 sua
1304 1219 1389 1246 classe
1402 1224 1524 1246 ornatum
1538 1224 1617 1254 atque
1631 1228 1717 1246 arma-

922 1258 979 1280 tum
993 1254 1133 1281 dederunt.
1159 1256 1213 1282 Hoc
1226 1256 1359 1291 praesidio
1373 1257 1502 1292 Myndum
1517 1256 1651 1292 profectus
1665 1262 1714 1284 est.

923 1291 999 1322 Nam,
1016 1292 1082 1327 quid
1094 1292 1206 1319 Milesiis
1217 1293 1292 1320 lanae
1307 1293 1431 1329 publicae
1445 1294 1593 1326 abstulerit,
1609 1295 1672 1321 item
1683 1295 1716 1322 de

923 1333 1033 1363 sumptu
1052 1330 1080 1356 in
1099 1330 1257 1362 adventum,
1282 1330 1314 1357 de
1332 1331 1502 1358 contumeliis
1521 1336 1546 1358 et
1563 1332 1670 1358 iniuriis
1688 1333 1715 1358 in

922 1367 1107 1401 magistratum
1127 1367 1277 1400 Milesium,
1303 1369 1407 1395 tametsi
1430 1368 1482 1395 dici
1502 1373 1559 1395 tum
1578 1377 1640 1395 vere
1658 1374 1715 1396 tum

922 1404 1040 1438 graviter
1053 1409 1078 1430 et
1092 1405 1263 1431 vehementer
1276 1410 1375 1441 potest,
1397 1411 1484 1433 tamen
1498 1406 1586 1432 dicere
1600 1411 1717 1441 praeter-

922 1442 1038 1472 mittam,
1059 1450 1143 1476 eaque
1160 1443 1249 1469 omnia
1267 1443 1380 1469 testibus
1394 1444 1495 1479 integra
1511 1443 1662 1470 reservabo:
1683 1443 1717 1470 il-

923 1477 982 1509 lud,
1004 1478 1076 1513 quod
1091 1488 1178 1514 neque
1191 1480 1271 1506 taceri
1286 1480 1341 1507 ullo
1355 1480 1434 1507 modo
1447 1489 1534 1515 neque
1547 1480 1599 1507 dici
1615 1489 1662 1516 pro
1675 1481 1717 1507 di-

921 1516 1021 1549 gnitate
1039 1520 1138 1550 potest,
1164 1517 1324 1552 cognoscite.
1364 1519 1406 1544 87.
1432 1518 1529 1544 Milites
1548 1519 1716 1553 remigesque

922 1553 1043 1579 Miletum
1054 1554 1152 1589 Myndo
1163 1554 1278 1588 pedibus
1293 1556 1388 1581 reverti
1403 1555 1489 1581 iubet:
1506 1556 1563 1590 ipse
1578 1564 1716 1591 myoparo-

922 1598 982 1616 nem
1001 1590 1227 1625 pulcherrimum,
1254 1592 1287 1618 de
1309 1592 1400 1619 decem
1419 1592 1582 1619 Milesiorum
1602 1593 1716 1619 navibus

922 1627 1050 1659 electum,
1071 1628 1100 1654 L.
1117 1629 1203 1664 Magio
1221 1633 1248 1655 et
1261 1630 1290 1655 L.
1306 1630 1420 1661 Fannio,
1440 1630 1487 1664 qui
1503 1630 1593 1665 Myndi
1613 1630 1716 1656 habita-

921 1664 998 1696 bant,
1014 1664 1144 1692 vendidit.
1184 1666 1215 1692 Hi
1231 1671 1293 1693 sunt
1308 1666 1437 1698 homines,
1457 1676 1525 1702 quos
1541 1676 1626 1702 nuper
1640 1676 1716 1694 sena-

922 1706 964 1728 tus
978 1703 1006 1729 in
1020 1702 1139 1729 hostium
1154 1711 1264 1729 numero
1278 1703 1415 1730 habendos
1425 1705 1542 1730 censuit:
1559 1704 1607 1730 hoc
1619 1704 1658 1731 illi
1670 1714 1716 1731 na-

921 1739 994 1775 vigio
1007 1740 1040 1766 ad
1054 1748 1147 1767 omnes
1161 1740 1254 1775 populi
1267 1741 1378 1768 Romani
1394 1741 1491 1773 hostes,
1509 1750 1595 1776 usque
1609 1741 1642 1768 ab
1656 1742 1716 1768 Dia-

921 1777 974 1808 nio,
990 1777 1063 1812 quod
1077 1778 1105 1804 in
1119 1778 1245 1812 Hispania
1259 1783 1308 1809 est,
1324 1778 1357 1805 ad
1371 1778 1496 1813 Sinopen,
1512 1787 1581 1814 quae
1597 1779 1622 1806 in
1635 1779 1716 1806 Ponto

921 1819 973 1846 est,
995 1815 1198 1850 navigaverunt.
1239 1814 1261 1842 Ο
1278 1815 1315 1842 dii
1334 1815 1510 1842 immortales!
1531 1816 1716 1843 incredibilem

921 1852 1058 1878 avaritiam
1085 1852 1304 1888 singularemque
1330 1853 1481 1880 audaciam!
1509 1853 1609 1880 Navem
1632 1858 1660 1880 tu
1683 1854 1716 1880 dc

921 1888 1006 1916 classe
1020 1889 1113 1924 populi
1124 1890 1244 1922 Romani,
1261 1899 1342 1925 quam
1357 1891 1404 1917 tibi
1415 1890 1518 1917 Milesia
1532 1891 1635 1922 civitas,
1652 1896 1681 1918 ut
1692 1896 1716 1918 te

921 1931 1136 1961 prosequeretur,
1153 1927 1279 1959 dedisset,
1296 1936 1379 1954 ausus
1393 1936 1422 1954 es
1436 1927 1568 1955 vendere?
1581 1928 1609 1954 Si
1624 1933 1648 1955 te
1660 1937 1716 1954 ma-

921 1964 1034 1999 gnitudo
1047 1964 1180 1995 maleficii,
1196 1965 1218 1991 si
1233 1969 1258 1991 te
1273 1965 1412 1992 hominum
1424 1966 1586 1992 existimatio
1596 1974 1647 1993 non
1658 1974 1716 1992 mo-

922 2001 1013 2028 vebat:
1034 2010 1067 2028 ne
1080 2001 1148 2028 illud
1162 2002 1271 2037 quidem
1285 2003 1434 2038 cogitabas,
1451 2003 1533 2029 liuius
1548 2003 1716 2038 improbissi-

921 2039 958 2065 mi
978 2038 1041 2066 l'urti
1060 2039 1117 2065 sive
1135 2039 1200 2066 adeo
1219 2039 1333 2066 nefariae
1347 2040 1459 2075 praedae
1473 2045 1526 2067 tam
1540 2040 1671 2067 illustrem
1687 2049 1715 2066 ac

922 2080 974 2102 tam
989 2075 1106 2103 nobilem
1120 2077 1254 2103 civitatem
1270 2081 1362 2104 testem
1379 2077 1514 2104 futuram?
1535 2079 1577 2104 88.
1590 2077 1639 2109 An,
1652 2078 1714 2113 quia

922 2117 978 2140 tum
991 2113 1038 2140 Cn.
1050 2113 1184 2140 Dolabella
1197 2115 1224 2140 in
1239 2123 1310 2145 eum,
1325 2115 1372 2149 qui
1387 2115 1410 2141 ei
1425 2115 1578 2150 myoparoni
1594 2114 1715 2149 praefue-

922 2155 973 2182 rat,
990 2150 1156 2186 Milesiisque
1170 2160 1224 2177 rem
1239 2156 1342 2187 gestam
1357 2153 1532 2182 renuntiarat,
1547 2152 1715 2178 animadver-

921 2192 975 2214 tere
990 2192 1035 2215 tuo
1048 2193 1140 2223 rogatu
1154 2193 1264 2215 conatus
1278 2193 1330 2220 est,
1355 2190 1631 2224 remmtiationemquc
1645 2190 1712 2220 eius,

921 2233 990 2260 quae
1008 2230 1063 2252 erat
1081 2226 1107 2252 iu
1126 2225 1249 2261 publicas
1264 2225 1364 2253 litteras
1379 2226 1457 2252 relata
1473 2226 1579 2252 illorum
1597 2226 1711 2261 legibus,

922 2262 977 2288 tolli
997 2263 1123 2289 iusserat:
1150 2262 1247 2289 idcirco
1265 2267 1289 2289 te
1307 2271 1339 2289 ex
1359 2263 1407 2289 hoc
1425 2264 1536 2289 crimine
1559 2263 1713 2297 elapsurum

921 2307 979 2326 esse
993 2299 1172 2326 arbitrabare?
1192 2300 1303 2326 XXXV.
1320 2300 1433 2327 Multum
1448 2305 1471 2327 tc
1487 2301 1535 2326 ista
1550 2300 1643 2327 sesellit
1656 2301 1714 2335 opi-

921 2337 965 2363 nio
978 2341 1003 2362 et
1016 2336 1126 2371 quidem
1141 2336 1233 2363 multis
1248 2337 1274 2363 in
1291 2337 1363 2364 locis.
1404 2337 1515 2372 Semper
1532 2338 1602 2364 enim
1621 2338 1714 2364 existi-

921 2374 1014 2404 masti,
1030 2378 1055 2400 et
1069 2374 1185 2400 maxime
1199 2375 1226 2400 in
1241 2374 1341 2405 Sicilia,
1357 2375 1421 2401 satis
1434 2380 1543 2401 cautum
1559 2375 1605 2401 tibi
1620 2374 1652 2401 ad
1667 2374 1714 2401 dc-

921 2410 1068 2437 sensionem
1084 2410 1151 2441 sore.
1171 2411 1193 2437 si
1213 2416 1259 2437 aut
1276 2411 1366 2438 referri
1385 2411 1488 2447 aliquid
1507 2412 1534 2438 in
1550 2411 1648 2438 litteras
1663 2421 1714 2447 pu-

921 2447 1005 2474 blicas
1020 2448 1164 2479 vetuisses,
1185 2453 1230 2475 aut
1244 2448 1316 2483 quod
1331 2448 1442 2475 relatum
1457 2454 1526 2475 esset
1541 2448 1596 2475 tolli
1611 2457 1656 2476 coe
1676 2450 1713 2476 is—

920 2493 974 2511 ses.
1014 2485 1067 2512 lloc
1081 2493 1162 2520 quam
1178 2485 1243 2512 nihil
1259 2486 1306 2517 sit,
1327 2487 1430 2513 tametsi
1449 2495 1482 2513 ex
1500 2486 1592 2513 multis
1606 2485 1660 2513 Sici
1674 2487 1712 2513 iae

920 2522 1075 2549 civitatibus
1094 2523 1179 2557 priore
1198 2523 1299 2549 actione
1317 2523 1448 2555 didicisti,
1473 2528 1560 2550 tamen
1583 2524 1661 2550 ctiam
1685 2525 1711 2550 in

921 2559 969 2587 hac
987 2560 1045 2595 ipsa
1063 2560 1169 2586 civitate
1186 2568 1324 2596 cognosce.
1366 2561 1433 2587 Sunt
1452 2561 1491 2587 illi
1509 2560 1619 2596 quidem
1642 2561 1712 2588 dicto

921 2597 1067 2628 audientes,
1083 2597 1213 2632 quamdiu
1228 2597 1325 2624 adsunt
1339 2598 1366 2629 ii,
1382 2599 1429 2633 qui
1444 2598 1584 2633 imperant.
1610 2598 1712 2625 Simul—

920 2643 950 2661 ac
967 2634 1160 2665 discesserunt.
1181 2643 1233 2661 non
1249 2634 1337 2661 solum
1352 2635 1419 2662 illud
1434 2636 1614 2671 perscribunt.
1639 2636 1711 2671 quod

921 2676 978 2699 tum
996 2672 1123 2708 prohibiti
1145 2676 1222 2704 suut.
1250 2672 1297 2699 sad
1320 2673 1399 2700 otiam
1418 2681 1540 2700 caussam
1563 2673 1709 2702 ascribunt.
