1941 3052
238 132 281 158 tat
699 132 738 157 ta.
774 130 808 156 M.

233 202 331 237 pellure
342 211 424 228 ausus
435 210 473 231 es,
485 209 569 236 epium
582 201 660 226 tantis
671 200 818 226 sceleribus
830 208 903 225 esses
913 204 938 225 et
950 198 1025 225 sactis
1047 198 1056 207 '¹

233 245 346 269 notatus,
362 244 389 265 ut
399 248 504 264 orum-tu
519 238 614 267 locutu,
627 246 681 271 quo
691 237 803 266 adim-s,
816 237 904 262 exsilii
916 236 1026 262 similli-
1047 234 1049 262 Ξ

233 286 306 303 ιιιιιιιι
324 276 465 302 reddero-³¹?
483 275 551 307 Quid
567 279 606 300 est
621 276 691 300 enini
708 274 804 300 exsul?
824 275 913 308 ipsum
935 281 980 308 per
996 281 1025 299 ae

233 323 327 340 tinini-n
340 313 510 342 calamitatis,
529 320 578 337 non
593 311 777 345 turpitudinis.
817 310 929 342 Quando
944 310 1026 342 igitur

231 356 271 377 est
283 350 377 384 tui-pu‘?
388 359 414 375 re
426 358 495 379 vcra,
509 348 616 382 quondo
627 353 667 374 est
678 357 760 382 poena
773 348 886 382 peccati:
900 348 1024 382 opinione

231 392 318 413 autern
333 387 470 412 bominum
483 386 570 415 etium,
587 385 609 411 si
622 390 661 411 est
673 394 756 420 poena
767 385 894 411 damnati.
930 384 1023 410 Utrum

232 425 312 457 igitur
325 428 430 458 peccato
442 431 500 448 mco
511 422 614 448 exsulis
627 431 722 448 nomen
734 422 826 452 subeo.
840 431 872 448 an
885 430 911 447 re
924 421 1025 448 iudica-

232 461 274 488 tu‘?
294 460 418 486 Pet-ento?
439 461 491 486 lam
504 468 590 494 neque
603 464 629 485 tu
643 459 668 485 id
680 459 767 485 dicere
779 459 870 489 audes,
887 467 967 494 quem
980 459 1024 484 isti

1046 331 1056 366 ‘i

230 498 356 524 satellites
369 497 407 523 tui
419 496 522 523 felicem
535 496 675 523 Catilinam
688 497 837 527 nominant,
851 504 938 531 neque
948 496 1025 531 quis·
1046 510 1055 519 a

229 544 310 570 quani
322 543 426 565 corum,
444 534 491 569 qui
502 533 632 560 solebant.
674 534 730 560 Non
743 533 821 560 modo
833 534 884 560 iam
897 542 974 559 nemo
985 537 1024 559 est

231 577 282 599 tam
295 572 444 606 imperitus,
457 571 504 606 qui
516 580 555 602 ea,
568 580 636 606 quac
646 571 717 607 gessi
731 571 756 597 in
768 570 917 601 consulatu,
932 579 1024 605 pecca-

231 614 253 636 ta
266 618 324 635 esse
335 610 418 635 dicat:
436 608 483 634 scd
496 617 573 635 nemo
583 613 622 634 est
636 613 687 635 tam
705 609 830 635 inimicus
847 608 959 643 patriae,
975 608 1023 642 qui

231 656 281 673 non
298 646 365 672 meis
380 646 500 672 consiliis
512 646 623 680 patriam
635 651 817 672 conservatam
829 654 888 671 esse
900 645 1021 671 fateatur.

230 684 348 710 xxvnl.
362 684 404 709 73.
417 683 493 715 Quod
504 683 575 709 enim
588 687 628 709 est
640 684 666 709 in
679 683 755 709 terris
766 691 908 709 commune
921 687 1022 708 tantum

230 720 397 748 tantulumve
408 720 565 751 consilium,
578 720 650 755 quod
663 729 714 747 non
726 720 758 746 de
771 721 837 746 meis
848 720 928 746 rebus
939 720 1023 755 gestis

229 767 272 789 ea,
290 766 358 793 quae
370 758 437 784 mihi
449 762 537 784 essent
547 758 714 793 optatissima
729 762 754 784 et
769 757 963 792 pulcherrima,
982 757 1023 783 iu-
1045 773 1053 786 ,ι

228 794 340 822 dicarit?
359 795 502 821 Summum
519 799 559 821 est
575 795 666 830 populi
683 795 794 822 Romani
808 794 1023 830 populorumque

228 837 254 860 et
263 833 385 869 gentium
397 833 518 859 omnium
531 841 559 858 ac
571 841 663 866 regum
675 832 818 859 consilium
830 837 952 858 senatus:

228 871 324 900 crevit,
344 874 372 896 ut
383 878 489 900 omnes,
506 870 553 904 qui
569 864 761 904 rempublicam
778 869 880 896 salvam
897 877 955 895 esse
967 869 1024 895 vel·
1044 899 1045 902 Ἴ

230 907 292 938 lent,
304 906 335 933 ad
349 915 389 933 me
401 915 484 933 unum
497 907 693 933 defendendum
706 907 834 938 venirent,
843 906 1021 942 ostenditque.

209 964 213 971 .
228 953 277 971 nec
289 949 358 970 stare
370 945 487 979 potuisse
500 944 707 979 rempublicam,
726 944 748 970 si
765 953 814 980 ego
830 953 880 971 non
898 943 1020 974 fuissem,

228 990 277 1009 nec
289 981 405 1008 suturam
417 990 475 1007 esse
489 981 580 1011 ullam,
593 982 616 1007 si
629 990 680 1008 non
692 981 843 1007 rediissem.
874 982 917 1007 7-t.
931 981 1023 1007 Proxi-

228 1028 290 1045 mus
302 1023 341 1045 est
353 1019 415 1045 huic
426 1019 548 1054 dignitati
561 1019 625 1045 ordo
635 1023 768 1054 equester.
790 1018 889 1045 Omnes
900 1019 1021 1045 omnium

975 831 1023 857 de·
1044 858 1046 862 ,

1044 874 1046 879 ’
1051 870 1053 888 ι

1052 892 1053 906 ι

228 1056 397 1091 publicorum
409 1057 546 1082 societates
557 1056 589 1082 de
600 1064 659 1082 meo
669 1056 809 1082 consulatu
821 1064 850 1082 ac
861 1056 893 1082 de
905 1056 971 1082 meis
982 1064 1021 1081 re·
1044 1067 1045 1070 ¹

228 1094 280 1120 bus
295 1094 378 1129 gestis
389 1093 555 1128 amplissima
567 1097 646 1128 atquc
657 1094 825 1120 ornatissima
837 1093 940 1119 decreta
953 1092 1022 1119 fece-

228 1135 300 1158 runt.
322 1130 439 1162 Scribae,
455 1131 501 1165 qui
515 1130 653 1157 nobiscum
666 1131 692 1157 in
705 1130 851 1157 rationibus
863 1138 1022 1156 monumen-

228 1169 316 1204 tisque
328 1168 445 1203 publicis
458 1172 611 1199 versantur,
633 1176 684 1194 non
700 1168 845 1194 obscurum
862 1167 894 1193 de
911 1168 977 1193 meis
994 1167 1021 1193 in

227 1205 420 1240 rempublicam
436 1205 572 1232 beneficiis
587 1214 667 1231 suum
683 1205 814 1231 iudicium
830 1205 1021 1239 decretumque

227 1251 286 1270 esse
307 1242 458 1269 votuerunt.
490 1242 602 1269 Nullum
623 1246 663 1269 est
679 1243 706 1269 in
722 1242 770 1269 hac
785 1242 850 1268 urbe
865 1241 1018 1277 collegium,

228 1280 295 1306 nulli
307 1280 402 1315 pagani
414 1284 459 1306 aut
468 1280 596 1311 montani,
610 1279 746 1315 (quoniam
758 1279 845 1315 plebei
857 1287 965 1314 quoque
977 1287 1022 1304 ur-
1042 1299 1045 1308 ,

227 1318 311 1344 banae
332 1317 444 1343 maiores
466 1317 547 1343 nostri
567 1316 750 1345 conventicula
772 1321 798 1343 ct
811 1317 891 1351 quasi
911 1316 1021 1344 consilia

226 1354 358 1390 quaedam
379 1363 438 1381 esse
454 1354 618 1390 voluerunt,)
633 1355 680 1390 qui
696 1363 748 1381 uon
764 1354 945 1390 amplissime,
968 1362 1021 1381 non

226 1392 305 1419 modo
316 1392 349 1418 de
360 1392 445 1418 salute
457 1401 527 1423 mea,
545 1392 592 1419 sed
608 1392 687 1419 etiam
703 1393 736 1418 de
751 1392 880 1428 dignitate
895 1391 1022 1418 decreve-

226 1430 289 1456 rint.
328 1431 371 1456 75.
394 1430 460 1456 Nam
474 1429 541 1465 quid
551 1438 600 1466 ego
612 1429 656 1456 illa
667 1430 758 1456 divina
770 1434 849 1464 atque
861 1428 1021 1456 immortalia

226 1467 436 1501 municipiorum
456 1471 482 1493 et
495 1467 659 1493 coloniarum
675 1471 700 1493 et
716 1467 797 1493 totius
812 1466 901 1493 ltaliae
917 1467 1020 1493 decreta

225 1513 441 1535 commemorem,
449 1504 550 1539 quibus
563 1509 699 1539 tamquam
710 1504 840 1540 gradibus
851 1504 918 1530 mibi
931 1503 1022 1530 videor

226 1542 252 1568 in
265 1541 368 1568 caelum
379 1542 545 1572 ascendisse.
562 1550 614 1568 non
630 1541 718 1568 solum
734 1542 762 1568 in
773 1542 885 1576 patriam
896 1541 1022 1567 revertis-

225 1578 272 1606 se‘?
283 1578 329 1605 Ille
340 1587 402 1605 vero
412 1579 470 1605 dies
480 1579 528 1614 qui
540 1578 602 1610 t‘uit,
616 1587 701 1613 quum
713 1583 746 1610 te,
758 1579 787 1605 P.
801 1577 920 1608 Lentule,
935 1578 1021 1614 legem

225 1616 258 1643 de
278 1624 321 1642 me
341 1615 468 1642 ferentem
484 1616 601 1651 populus
616 1616 752 1642 Romanus
767 1615 849 1646 vidit,
871 1615 1018 1650 sensitque,

225 1657 343 1688 quantus
355 1657 380 1680 et
390 1658 489 1689 quanta
500 1653 628 1689 dignitate
639 1652 731 1679 esses?
746 1652 854 1679 Constat
864 1653 946 1683 enim,
959 1651 1022 1678 nul-

226 1690 259 1717 lis
276 1699 404 1725 umquam
420 1691 536 1717 comitiis
552 1699 677 1732 campum
690 1690 814 1716 Martium
826 1693 896 1716 tanta
908 1689 1022 1716 celebri·
1043 1723 1044 1728 1

1043 1731 1044 1734 ’
1073 1728 1113 1758 ni,
1134 1736 1185 1754 non
1197 1726 1276 1753 modo
1286 1727 1372 1757 cives,
1389 1726 1437 1753 sed
1452 1727 1530 1753 etiam
1546 1727 1640 1761 optimi
1653 1728 1727 1754 cives
1738 1726 1865 1754 fruuntur

227 1732 290 1759 tate,
314 1732 385 1754 tanto
396 1727 538 1762 splendore
549 1736 636 1754 omnis
652 1727 758 1763 generis
773 1727 928 1758 hominum,
950 1730 1022 1752 aeta—

225 1769 293 1796 tum,
306 1764 431 1791 ordinum
444 1764 573 1791 ssoruisse.
596 1764 695 1791 Omitto
705 1764 854 1795 civitatum,
871 1764 1018 1795 nationum,

225 1802 434 1837 provinciarum,
448 1810 550 1837 regum,
559 1801 631 1828 orbis
642 1801 758 1836 denique
769 1805 898 1827 terrarum
909 1801 942 1827 de
954 1800 1021 1827 meis

225 1840 254 1866 in
270 1847 363 1866 omnes
378 1839 501 1865 mortales
516 1839 618 1865 meritis
633 1847 718 1865 unum
733 1838 865 1865 iudicium
881 1846 1020 1873 unumque

225 1885 400 1903 consensum:
423 1876 553 1902 adventus
569 1884 646 1902 meus
657 1880 736 1910 atque
747 1876 872 1902 introitus
883 1875 910 1902 in
922 1875 1020 1902 Urbem

225 1914 274 1949 qui
285 1913 353 1940 fuit‘?
373 1918 462 1940 utrum
475 1922 516 1939 me
528 1913 611 1948 patria
623 1913 662 1939 sic
673 1913 786 1948 accepit,
804 1917 834 1939 ut
849 1912 935 1939 lucem
947 1912 1021 1939 salu-

225 1956 333 1986 temque
344 1950 473 1977 redditam
485 1951 537 1977 sibi
549 1959 578 1977 ac
589 1951 737 1977 restitutam
749 1950 867 1985 accipere
876 1949 978 1981 debuit,
987 1958 1020 1976 an

225 1992 255 2015 ut
265 1987 400 2014 crudelem
412 1992 565 2023 tyrannum.
577 1988 649 2023 quod
660 1996 707 2014 vos
718 1987 846 2014 Catilinae
856 1987 976 2023 gregales
987 1987 1020 2013 de

226 2034 268 2052 me
279 2025 365 2051 dicere
377 2025 522 2051 solebatis?
541 2026 682 2060 76.1taque
694 2024 739 2051 ille
750 2033 820 2051 unus
832 2025 898 2055 dies,
912 2033 966 2060 quo
976 2024 1019 2051 die

225 2071 267 2089 nie
279 2062 395 2097 populus
405 2063 540 2089 Romanus
551 2071 565 2088 a
578 2067 650 2097 porta
662 2063 688 2088 in
700 2062 874 2097 Capitolium,
888 2067 967 2097 atque
978 2063 1020 2089 in-

224 2099 257 2126 de
269 2100 378 2126 domum
391 2108 439 2125 sua
450 2099 601 2126 celebritate
613 2099 764 2134 laetitiaque
774 2100 930 2127 comitatum
937 2099 1020 2126 hone-

224 2137 313 2168 stavit,
323 2141 408 2163 tantae
420 2137 485 2163 mihi
498 2137 657 2163 iucunditati
669 2136 765 2167 fuit,ut
776 2141 820 2163 tua
831 2137 898 2163 mihi
910 2146 1019 2164 consce-

225 2173 305 2201 lerata
322 2174 367 2200 illa
384 2175 425 2200 vis
440 2182 492 2201 non
509 2174 587 2200 modo
599 2183 649 2200 non
663 2174 857 2209 propulsanda,
875 2174 923 2200 sed
939 2175 1018 2200 etiam

224 2211 336 2238 emenda
347 2211 431 2237 fuisse
443 2211 574 2238 videatur.
591 2211 678 2244 Quare
689 2211 733 2237 illa
744 2211 920 2246 calamitas(si
932 2212 967 2238 ita
978 2216 1019 2238 est

223 2248 392 2284 appellanda)
412 2249 530 2275 excussit
550 2249 598 2275 hoc
613 2257 699 2284 genus
715 2253 798 2275 totum
814 2248 963 2280 maledicti,
985 2257 1019 2275 ne

223 2287 368 2321 quisquam
379 2286 472 2312 audeat
483 2287 535 2312 iam
547 2286 738 2321 reprehendere
747 2286 916 2313 consulatum
927 2295 1018 2312 meum

224 2327 269 2354 tot,
283 2324 375 2354 tantis.
390 2327 441 2349 tam
453 2324 552 2350 ornatis
563 2323 680 2353 iudiciis.
695 2323 864 2355 testimoniis,
877 2324 1018 2350 auctorita-

224 2361 297 2387 tibus
308 2361 520 2395 comprobatum.
542 2361 643 2387 XXIX.
656 2360 732 2392 Quod
743 2361 767 2387 si
778 2361 806 2387 in
816 2361 867 2387 isto
877 2364 923 2387 tuo
934 2360 1018 2387 male-

223 2397 294 2424 dicto
313 2398 440 2433 probrum
456 2407 506 2424 non
522 2398 601 2425 modo
615 2398 682 2424 mihi
698 2397 804 2424 nullum
819 2397 948 2429 obiectas,
969 2397 1017 2424 sed

223 2435 303 2460 etiam
319 2434 423 2461 laudem
440 2435 560 2461 illustras
577 2443 676 2465 meam,
698 2434 765 2469 quid
781 2439 805 2461 te
825 2439 870 2461 aut
891 2435 950 2461 lieri
970 2439 1017 2461 aut

225 2470 288 2506 tingi
300 2471 450 2498 dementius
461 2472 564 2507 potest?
584 2473 641 2499 Uno
656 2472 728 2498 enim
745 2472 884 2498 maledicto
895 2472 937 2498 bis
948 2481 962 2498 a
973 2480 1016 2498 me

224 2508 337 2542 patriam
348 2513 479 2535 servatam
491 2518 549 2536 esse
560 2509 697 2536 concedis:
713 2508 806 2539 semel,
819 2517 905 2544 quum
915 2509 943 2535 id
954 2508 1014 2540 feci.

223 2544 295 2579 quod
306 2553 398 2571 omnes
410 2555 461 2572 non
475 2551 572 2582 negent
587 2545 791 2576 immortalitati,
808 2546 831 2572 si
847 2546 904 2572 fieri
919 2550 1013 2581 potest,

224 2581 415 2613 mandandum,
424 2587 452 2608 tu
458 2583 592 2617 supplicio
602 2582 770 2618 puniendum
781 2584 894 2617 putasti:
908 2584 1014 2614 iterum,

223 2626 308 2653 quum
325 2623 401 2645 tuum
417 2620 617 2655 multorumque
631 2624 739 2655 propter
748 2624 773 2646 te
784 2619 976 2647 inflammatum
987 2620 1016 2646 in

224 2655 307 2682 bonos
317 2663 410 2683 omnes
420 2657 551 2692 impetum
563 2666 622 2685 meo
631 2665 740 2693 corpore
750 2657 852 2692 excepi,
865 2666 898 2684 ne
909 2666 966 2684 eam
977 2657 1016 2684 ci-

843 130 873 156 T.
908 129 1184 156 CitlssltthlS
1217 130 1403 156 ‹sttA‘rto

1077 199 1197 229 vitatem,
1211 208 1291 234 qnmn
1303 209 1451 227 servassem
1464 201 1586 232 inermis.
1603 207 1721 229 armatus
1733 203 1759 230 in
1771 202 1865 230 discri-

1077 246 1135 262 men
1148 237 1317 262 adducerem.

1131 274 1173 299 77.
1191 274 1262 303 Ευιο,
1276 282 1327 300 non
1340 273 1427 300 funin
1440 283 1481 301 me
1493 283 1575 310 poena
1587 275 1640 302 ulla
1652 277 1766 312 peccati:
1780 276 1868 304 attuit

1046 314 1055 327 ⁴¹
1077 311 1178 337 iudicii.
1209 310 1312 337 Cuius?
1321 311 1384 345 quis
1396 320 1438 337 me
1448 320 1575 346 umquam
1588 313 1640 339 ulla
1654 314 1710 346 lege
1723 315 1866 347 interroga-

1078 348 1132 374 vit?
1150 348 1212 382 quis
1228 347 1391 382 postulavit?
1410 349 1473 383 quis
1487 349 1558 375 diem
1573 350 1659 377 dixit?
1678 351 1765 377 Potest
1786 352 1868 385 igitur

1076 385 1192 411 damnati
1209 394 1320 419 poenam
1335 385 1468 411 sustinere
1483 386 1672 414 indemnatus?
1692 388 1740 414 boc
1752 389 1868 415 tribuni-

1075 423 1146 448 cium
1159 423 1216 448 est?
1227 423 1275 448 boc
1286 421 1432 457 populare?
1446 431 1609 458 quamquam
1621 425 1667 451 ubi
1679 430 1706 451 tu
1718 430 1743 451 te
1755 426 1868 460 popula-

1076 468 1140 489 rem,
1154 459 1204 485 nisi
1215 468 1300 494 quum
1314 468 1360 494 pro
1371 460 1470 494 populo
1481 459 1576 490 fecisti,
1590 466 1664 495 potes
1673 462 1778 489 dicere?
1788 462 1868 488 sciti-

1075 501 1115 523 cet
1126 505 1210 531 quum
1223 496 1271 523 boc
1283 497 1349 522 iuris
1359 506 1373 522 a
1386 497 1531 523 maioribus
1543 498 1676 532 proditum
1688 500 1736 530 sit,
1750 504 1778 526 ut
1790 508 1868 526 nemo

1053 538 1055 564 ξ
1074 534 1141 560 civis
1164 534 1296 559 Romanus
1318 538 1363 560 aut
1385 533 1532 561 libertatem
1556 540 1602 561 aut
1624 537 1756 563 civitatem
1783 538 1868 571 possit

1052 571 1055 609 ᾗ
1075 572 1208 601 amittere.
1223 571 1274 596 nisi
1287 571 1344 606 ipse
1355 576 1446 597 auctor
1457 571 1543 598 factus
1554 572 1609 598 sit?
1625 573 1699 608 quod
1710 578 1738 599 tu
1750 574 1807 608 ipse
1819 583 1868 609 po-

1076 609 1149 634 tuisti
1162 609 1188 634 in
1201 613 1244 634 tua
1254 616 1348 634 caussa
1359 608 1472 635 discere.
1513 609 1597 636 Credo
1607 618 1688 640 enim,
1701 619 1866 646 quamquam

1052 662 1053 666 ,
1075 646 1101 672 in
1119 645 1162 672 illa
1178 645 1319 680 adoptione
1334 645 1452 681 legitime
1468 645 1567 673 sactum
1583 652 1623 674 est
1638 647 1720 678 nibil.
1743 652 1830 675 tamen
1842 653 1868 675 te

1074 692 1134 709 esse
1158 683 1358 718 interrogatum.
1383 692 1535 710 acero-n
1563 693 1661 715 essu,
1690 694 1723 712 ur
1746 694 1773 711 ir
1791 694 1824 711 n
1843 694 1866 712 r.

1075 729 1217 747 rosrzius
1236 729 1323 746 vina
1342 729 1487 751 nemora
1507 730 1693 748 tonsuram
1717 731 1865 753 ain-nn.

1075 767 1107 784 υτ
1121 767 1148 784 ιιι
1163 767 1252 785 rimo.
1283 757 1395 789 Quaero,
1408 759 1431 784 si
1443 763 1488 785 aut
1498 767 1625 794 negasses
1635 764 1682 785 aut
1692 759 1830 790 tacuissesv
1842 760 1867 787 si

1075 799 1160 821 tamen
1172 794 1198 821 id
1209 803 1267 820 ,ux
1279 795 1367 821 curiae
1379 795 1535 826 iussissent,
1553 805 1617 822 num
1634 796 1661 822 id
1676 797 1781 822 iussum
1795 801 1868 824 esset

1075 832 1179 858 ratum?
1189 832 1264 859 Certe
1276 841 1337 858 non.
1359 832 1428 864 Quid
1441 832 1494 859 ita?
1507 834 1570 868 quia
1583 833 1625 860 ius
1636 842 1649 860 a
1662 833 1809 860 maioribus
1820 842 1868 861 no-

1074 870 1150 900 stris,
1167 870 1214 904 qui
1227 878 1278 896 non
1291 870 1349 896 ficte
1360 874 1385 896 et
1396 869 1524 896 fallaciter
1535 871 1690 905 populares,
1708 871 1755 897 sed
1771 879 1831 897 vere
1841 875 1869 898 et

1074 907 1207 941 sapienter
1218 906 1339 937 suerunt.
1352 907 1387 933 ita
1398 913 1579 942 comparatum
1591 913 1639 937 est.
1653 913 1681 934 ut
1691 908 1760 934 civis
1771 908 1868 934 Roma-

1075 953 1125 970 nus
1138 944 1284 970 libertatem
1297 952 1374 970 nemo
1385 950 1475 979 posset
1485 945 1586 971 invitus
1597 946 1726 971 amittere.
1742 946 1784 971 78.
1795 945 1867 978 Quin

1073 982 1166 1012 etiam,
1183 981 1206 1007 si
1223 981 1368 1007 decemviri
1383 987 1580 1008 sacramentum
1597 983 1623 1008 in
1636 982 1782 1008 libertatem
1795 983 1867 1009 iniu-

1073 1023 1144 1045 stum
1157 1018 1332 1049 iudicassent,
1351 1023 1452 1048 tamen.
1469 1020 1691 1054 quotiescumque
1703 1019 1782 1046 vellet
1792 1020 1865 1055 quis,

1074 1057 1100 1082 in
1117 1056 1165 1082 boc
1179 1064 1276 1091 genere
1287 1055 1344 1082 solo
1355 1064 1408 1082 rem
1421 1057 1564 1083 iudicatam
1576 1056 1672 1083 reterre
1684 1065 1762 1092 posse
1775 1056 1868 1083 volue-

1074 1098 1144 1119 runt.
1164 1094 1304 1120 Civitatem
1317 1101 1378 1119 vero
1391 1102 1468 1120 nemo
1479 1102 1606 1128 uinquam
1619 1094 1674 1120 ullo
1686 1094 1778 1129 populi
1789 1095 1867 1121 iussu

1073 1131 1175 1157 amittet
1185 1131 1296 1156 invitus.
1327 1130 1416 1156 XXX.
1438 1130 1489 1163 Qui
1500 1131 1574 1157 cives
1585 1131 1695 1157 Romani
1708 1132 1734 1158 in
1747 1131 1866 1158 colonias

1074 1168 1180 1194 Latinas
1192 1167 1436 1202 proficiscebantur,
1450 1168 1506 1194 fieri
1518 1177 1569 1194 non
1583 1173 1702 1203 poterant
1714 1169 1866 1203 Latini,qui

1073 1214 1124 1231 non
1148 1209 1221 1231 erant
1243 1209 1364 1231 auctores
1387 1204 1448 1231 sacti
1469 1214 1619 1240 nomenque
1638 1205 1774 1232 dederant.
1814 1205 1866 1238 Qui

1073 1246 1145 1268 erant
1160 1250 1248 1268 rerum
1264 1241 1420 1276 capitalium
1435 1242 1617 1271 condemnati,
1639 1251 1690 1269 non
1707 1244 1783 1277 prius
1798 1242 1867 1270 hanc

1072 1279 1207 1306 civitatem
1218 1279 1387 1309 amittebant,
1399 1287 1480 1314 quam
1492 1285 1566 1306 erant
1576 1280 1602 1305 in
1613 1288 1671 1306 eam
1683 1280 1794 1315 recepti,
1811 1288 1868 1315 quo

1073 1316 1207 1348 vertendi,
1226 1317 1275 1343 hoc
1289 1322 1330 1343 est
1346 1316 1475 1348 mutandi,
1492 1316 1543 1344 soli
1553 1325 1647 1344 caussa
1659 1321 1796 1344 venerant.
1836 1316 1866 1345 ld

1073 1359 1161 1381 autem
1173 1359 1202 1380 ut
1212 1359 1283 1381 esset
1299 1354 1469 1385 faciundum,
1487 1363 1538 1381 non
1555 1354 1723 1389 ademptione
1737 1356 1864 1387 civitatis,

1072 1392 1120 1418 sed
1141 1393 1211 1422 tecti,
1234 1396 1259 1418 et
1278 1400 1362 1426 aquae
1382 1397 1408 1418 et
1428 1392 1498 1428 ignis
1519 1392 1703 1419 interdictione
1723 1392 1865 1419 faciebant.

1071 1431 1114 1456 79.
1126 1429 1246 1464 Populus
1256 1429 1406 1460 Romanus,
1425 1430 1454 1456 L.
1467 1429 1542 1456 Sulla
1553 1429 1679 1456 dictatore
1690 1429 1804 1460 terente.
1820 1438 1867 1456 co-

1073 1467 1156 1493 mitiis
1167 1467 1336 1497 centuriatis,
1355 1467 1510 1501 municipiis
1523 1467 1657 1493 civitatem
1669 1467 1782 1494 ademit:
1803 1466 1867 1494 ade—

1073 1505 1122 1530 mit
1133 1503 1229 1530 iisdem
1241 1512 1328 1539 agros.
1369 1505 1405 1530 De
1416 1505 1487 1539 agris
1497 1508 1584 1530 ratum
1595 1509 1648 1530 est:
1670 1503 1722 1531 suit
1734 1504 1806 1531 enim
1817 1512 1866 1539 po-

1073 1541 1131 1576 puli
1151 1545 1282 1576 potestas:
1305 1541 1338 1567 de
1357 1541 1463 1568 civitate
1479 1549 1512 1568 ne
1527 1541 1629 1568 tamdiu
1643 1541 1754 1576 quidem
1770 1541 1863 1573 valuit,

1072 1578 1202 1613 quamdiu
1218 1578 1263 1604 illa
1279 1578 1383 1605 Sullani
1398 1578 1526 1613 temporis
1540 1587 1613 1605 arma
1633 1578 1783 1606 valuerunt.
1823 1579 1865 1605 An

1073 1624 1135 1642 vero
1142 1615 1327 1645 volaterranis,
1340 1624 1425 1650 quum
1436 1617 1516 1642 etiam
1528 1620 1585 1642 tum
1596 1621 1686 1643 essent
1696 1616 1723 1642 in
1734 1616 1824 1647 armis,
1832 1616 1863 1643 L.

1073 1652 1147 1679 Sulla
1160 1653 1255 1683 victor,
1274 1652 1410 1687 republica
1422 1657 1589 1687 recuperata,
1605 1653 1720 1679 comitiis
1730 1654 1865 1680 centuria-

1073 1691 1117 1721 tis,
1136 1690 1269 1716 civitatem
1281 1690 1382 1724 eripere
1394 1698 1444 1716 non
1457 1690 1556 1724 potuit:
1573 1689 1706 1725 hodieque
1717 1689 1865 1717 Volaterra-

1072 1764 1213 1791 nobiscum
1233 1763 1316 1790 simul
1336 1764 1385 1790 hac
1403 1763 1529 1790 ciw'tate‘?
1559 1763 1699 1792 Consulari
1715 1764 1818 1791 homini
1832 1765 1862 1791 P.

1072 1801 1194 1832 Clodius,
1212 1809 1304 1827 eversa
1315 1800 1466 1836 republica.
1482 1802 1616 1828 civitatem
1633 1801 1750 1828 adimere
1766 1803 1862 1837 potuit,

1071 1838 1183 1865 concilio
1197 1838 1336 1869 advocato,
1357 1838 1496 1865 conductis
1511 1839 1599 1873 operis
1614 1847 1665 1865 non
1681 1839 1768 1865 solum
1782 1848 1865 1875 egen-

1072 1877 1148 1906 tium,
1161 1875 1209 1902 sed
1219 1875 1298 1902 etiam
1309 1884 1457 1907 servorum,
1471 1875 1581 1902 Sedulio
1592 1877 1722 1911 principe,
1733 1877 1781 1911 qui
1791 1885 1821 1903 se
1830 1876 1864 1903 il-

1072 1913 1097 1940 lo
1107 1913 1150 1939 die
1160 1913 1298 1940 confirmat
1308 1913 1406 1939 Romae
1418 1921 1470 1939 non
1486 1912 1589 1939 fuisse?
1617 1915 1659 1939 80.
1680 1912 1756 1945 Quod
1772 1914 1796 1940 si
1811 1921 1864 1940 non

1072 1950 1131 1981 fuit,
1144 1950 1211 1985 quid
1221 1955 1246 1976 te
1257 1950 1394 1981 audacius,
1407 1951 1454 1985 qui
1465 1950 1524 1976 eius
1536 1958 1631 1977 nomen
1642 1949 1787 1977 incideris?
1796 1950 1863 1986 quid

1071 1987 1251 2022 desperatius,
1267 1988 1316 2023 qui
1331 1996 1364 2014 ne
1377 1987 1546 2014 ementiendo
1560 1987 1670 2022 quidem
1686 1988 1805 2022 potueris
1815 1996 1864 2014 au—

1070 2031 1169 2052 ctorem
1190 2025 1349 2051 adumbrare
1368 2024 1523 2051 meliorem?
1541 2024 1589 2051 Sin
1609 2029 1698 2052 autem
1718 2025 1742 2051 is
1757 2025 1863 2060 primus

1071 2063 1158 2093 scivit,
1171 2062 1243 2097 quod
1255 2061 1332 2089 facile
1342 2063 1438 2097 potuit,
1451 2066 1558 2097 propter
1568 2063 1686 2097 inopiam
1698 2062 1757 2088 tecti
1767 2063 1796 2089 in
1805 2061 1863 2089 foro

1070 2104 1241 2135 pernoctans:
1257 2108 1306 2126 cur
1317 2108 1368 2126 non
1379 2100 1449 2126 iuret
1458 2108 1488 2126 se
1498 2099 1620 2126 Gadibus
1631 2099 1724 2130 fuisse,
1736 2107 1822 2134 quum
1833 2103 1863 2126 tu

1071 2142 1094 2164 te
1110 2137 1194 2165 fuisse
1209 2137 1373 2163 Interamnae
1389 2136 1561 2172 probaveris?
1579 2137 1632 2163 Hoc
1647 2141 1675 2163 tu
1691 2136 1773 2172 igitur
1781 2136 1862 2163 homo

1070 2174 1206 2209 popularis
1226 2175 1284 2200 iure.
1304 2175 1435 2201 munitam
1454 2175 1589 2201 civitatem
1609 2179 1635 2200 et
1650 2173 1799 2200 libertatem
1813 2182 1863 2200 no-

1069 2217 1150 2238 stram
1167 2216 1246 2246 putas
1261 2219 1321 2238 esse
1335 2216 1468 2246 oportere,
1486 2217 1528 2242 ut,
1544 2211 1581 2242 si,
1599 2211 1707 2237 tribuno
1720 2209 1808 2245 plebis
1818 2218 1862 2237 ro-

1068 2254 1157 2285 gante,
1174 2257 1291 2275 vnn-is
1310 2257 1502 2279 inuenisse,
1521 2247 1623 2275 Sedulii
1634 2252 1741 2274 centum
1751 2256 1781 2274 se
1791 2247 1862 2274 velle

1069 2291 1094 2312 et
1104 2286 1196 2312 iubere
1207 2285 1332 2316 dixerint,
1348 2286 1433 2320 possit
1443 2294 1513 2312 unus
1523 2286 1641 2320 quisque
1651 2289 1772 2311 nostrum
1782 2285 1862 2312 amit-

1069 2322 1141 2349 tere?
1160 2323 1228 2349 Tum
1248 2323 1331 2358 igitur
1351 2323 1464 2349 maiores
1479 2323 1562 2349 nostri
1577 2321 1718 2357 populares
1733 2330 1786 2348 non
1800 2321 1862 2349 fue-

1068 2365 1143 2391 runt,
1165 2360 1213 2395 qui
1233 2360 1267 2387 de
1286 2360 1393 2386 civitate
1407 2365 1433 2387 et
1448 2359 1569 2386 libertate
1583 2367 1614 2385 ea
1629 2359 1686 2385 iura
1702 2363 1858 2391 sanxerunt,

1067 2406 1136 2433 quae
1147 2406 1194 2424 nec
1204 2397 1246 2424 vis
1261 2401 1426 2432 temporum,
1447 2405 1496 2424 nee
1511 2396 1627 2431 potentia
1641 2397 1858 2431 magistratuum,

1069 2443 1116 2461 nec
1136 2443 1177 2461 res
1198 2434 1328 2465 iudicata,
1354 2442 1402 2460 nec
1421 2433 1538 2468 denique
1557 2433 1676 2461 universi
1696 2432 1790 2468 populi
1807 2433 1861 2460 ito-

1068 2472 1142 2498 mani
1152 2476 1278 2506 potestas,
1286 2480 1355 2506 quae
1364 2471 1459 2498 ceteris
1468 2471 1496 2496 in
1508 2469 1589 2496 rebus
1599 2475 1640 2496 est
1650 2471 1776 2501 maxima,
1785 2469 1860 2497 labe-

1068 2509 1163 2535 factare
1174 2509 1267 2543 possit.
1289 2510 1331 2534 Sl.
1342 2508 1376 2534 At
1385 2512 1415 2534 tu
1425 2508 1512 2538 etiam,
1526 2511 1629 2542 ereptor
1639 2507 1764 2538 civitatis,
1772 2506 1858 2543 legem

1066 2546 1100 2572 de
1114 2546 1221 2572 iniuriis
1237 2545 1354 2580 publicis
1365 2544 1448 2571 tulisti
1458 2544 1598 2579 Anagnino
1609 2545 1699 2570 nescio
1709 2544 1753 2570 eui
1763 2544 1860 2571 Menu-

1067 2583 1120 2614 lae,
1142 2591 1190 2618 per
1204 2583 1331 2618 gratiam,
1352 2582 1399 2617 qui
1415 2581 1464 2608 tibi
1478 2581 1512 2608 ob
1526 2589 1584 2607 eam
1601 2581 1687 2617 legem
1701 2585 1816 2607 statuam
1828 2581 1858 2608 iu

1067 2621 1134 2646 meis
1144 2619 1256 2646 aedibus
1266 2620 1369 2654 posuit;
1385 2623 1416 2645 ut
1426 2618 1500 2645 locus
1511 2618 1582 2652 ipse,
1599 2619 1627 2645 in
1642 2623 1687 2645 tua
1702 2622 1772 2644 tanta
1786 2618 1859 2644 iniu-

1066 2658 1113 2690 ria,
1122 2657 1208 2693 legem
1219 2661 1244 2684 et
1254 2656 1456 2691 inscriptionem
1466 2660 1568 2682 statuae
1578 2655 1723 2683 refelleret:
1735 2662 1804 2691 quae
1814 2663 1858 2682 res
