1941 3052
206 127 268 152 tnui

203 195 319 229 singulis
331 195 415 221 solt-nt
426 203 484 219 cetae
497 199 605 228 nuptae:
620 202 688 227 quno
700 198 738 219 ent
753 194 858 222 victrix,
874 203 903 219 cn
917 193 992 224 laeta,
1016 199 1025 241 {l
1049 233 1052 236 .
1132 233 1135 236 Ι
1216 233 1220 237 .
1497 235 1522 260 ,Η
1545 235 1561 261 d
1619 236 1644 262 ‚d

1024 243 1025 261 1
1048 241 1185 265 ingenium
1197 241 1256 257 eius
1267 239 1413 263 exat-seran
1432 243 1479 260 nos
1495 244 1502 260 ι
1527 244 1542 260 ιι
1577 244 1625 270 qut
1646 246 1687 262 ern
1699 245 1837 271 cumpace

204 232 428 267 prosequentibus
439 233 509 259 suin.
529 240 578 255 nnn
590 239 651 255 cnm
666 231 721 256 viro
735 232 758 256 in
773 240 866 265 rogum
880 232 995 265 imponi-

205 275 258 296 tur:
284 269 327 295 illo
346 270 411 294 via-tn
429 272 526 293 inuenta
542 267 666 292 discedit.
708 268 860 301 Numquam
873 273 994 295 naturam

205 315 261 332 mos
275 307 398 332 vincet-ct⁴
441 305 486 330 list
497 305 567 329 enim
580 313 608 328 cn
621 313 727 338 semper
739 305 848 331 invicta.
882 305 934 331 Sed
948 314 995 332 nos

205 343 321 372 umbris,
338 342 456 370 delii-iis,
469 342 535 370 ntio,
551 341 690 375 languore,
703 341 807 367 desidia
819 343 939 368 animum
954 344 995 369 in-

205 380 330 408 fecimus.
343 378 516 412 opinionibus
529 377 650 412 nudoque
663 387 734 404 more
746 378 893 405 delenitum
906 380 995 406 molli-

205 418 302 442 xitnus.
344 416 534 449 Acgyptiorum
552 424 650 440 morem
665 416 727 449 quis
745 416 864 450 ignorat?
879 425 994 451 quorum

204 453 320 479 imbutae
332 457 432 478 mentes
445 452 582 486 pravitatis
597 452 732 478 erroribus
746 455 872 487 ‹ptatnvis
887 455 994 480 carnifl-

202 491 288 515 cinmn
302 491 375 523 prins
388 489 617 523 sul›ierint,‹ptam
632 489 696 515 ibim
709 495 754 516 aut
765 490 886 525 aspidem
899 496 944 517 aut
956 491 994 517 se-

203 527 252 552 lcut
264 531 309 552 aut
320 535 412 552 canem
424 531 468 552 nut
479 526 641 552 crocodilum
656 526 766 553 violent:
783 537 898 562 quorum
913 529 993 555 etiam

201 565 223 589 si
238 563 418 597 imprudentes
430 564 570 597 quippiam
585 563 702 594 fecerint,
712 573 823 598 poenam
837 565 938 591 nullam
953 575 994 592 re-

201 605 303 626 cusent.
343 601 384 626 79.
407 601 442 626 De
465 601 619 626 hominibus
641 600 743 635 loquor.
784 602 855 634 Quid
875 602 994 629 hestiae?

201 638 256 664 Non
271 637 368 671 frigus,
384 647 433 663 non
447 637 558 667 famem,
577 646 627 664 non
641 639 808 674 montivagos
819 645 899 674 atque
910 640 994 666 silve-

200 680 266 701 sti-vs
282 683 377 700 cursus
394 674 616 709 lustrationesque
633 676 788 709 patiuntur?
808 686 860 704 non
877 686 924 712 pro
945 686 994 704 suo

201 717 274 746 partu
289 712 321 737 itn
335 717 511 746 propugnant,
522 717 549 738 ut
562 712 671 738 vulnera
682 714 827 748 excipiant,
841 714 930 740 nullos
942 715 994 740 im-

200 754 276 783 petus
285 769 290 779 ,
305 749 392 775 nullos
405 750 472 775 ictus
485 749 674 775 reformident?
694 750 793 777 Omitto
802 772 807 782 ,
825 761 894 786 quae
906 751 992 786 perse-

201 791 270 815 rant,
293 795 415 821 qumque
434 787 567 821 patiantur
585 787 734 818 ambitiosi,
759 788 867 815 honoris
882 798 989 822 caussa;

201 823 287 849 laudis
298 823 420 853 studiosi,
434 823 533 857 gloriae
543 825 640 856 gratim
658 834 746 851 amore
759 826 871 857 incensi,
885 826 993 861 cupidi-

200 861 269 886 tatis.
312 860 389 886 l'lena
404 861 454 887 vita
467 861 651 895 exemplorum
664 867 712 889 est.

199 897 324 923 adhihent
336 899 418 924 oratio
431 898 548 928 modum.
562 903 587 924 ct
599 898 688 926 redeat
699 899 772 931 illuc,
789 901 860 927 unde
872 901 990 928 deflexit.

200 934 289 965 Dabit,
307 935 395 965 dabit,
413 936 536 970 inquam,
554 944 582 961 sc
595 938 620 962 in
634 941 762 964 tormenta
775 939 828 964 vita
841 938 929 965 beata:
944 947 992 965 nec

200 972 342 1001 iustitiam,
360 973 575 1007 temperantiam.
595 975 621 1000 in
633 975 783 1010 primisque
795 975 989 1006 tortitudinem,

200 1009 411 1043 magnitudinem
433 1011 529 1040 annui,
553 1012 708 1044 patientiam
727 1018 881 1047 prosecuta,
905 1022 991 1048 quum

199 1047 302 1072 tortoris
316 1055 344 1072 os
362 1046 471 1077 viderit,
488 1048 628 1081 consistet3
648 1050 849 1085 virtutibusque
864 1051 991 1077 omnibus

197 1084 256 1109 sine
268 1083 321 1109 ullo
333 1084 416 1110 animi
428 1089 523 1110 terrore
535 1084 567 1111 ad
579 1087 728 1113 cruciatum
741 1087 875 1122 profectis,
885 1090 992 1116 resistet

197 1125 270 1146 extra
286 1120 354 1147 sores
375 1122 418 1155 (ut
436 1127 494 1147 ante
509 1121 581 1157 dixi)
603 1123 739 1159 limenque
755 1126 878 1152 carceris.
920 1126 990 1158 Quid

197 1159 268 1183 enim
281 1167 310 1184 ea
324 1158 435 1189 foedius,
448 1159 513 1193 quid
526 1159 674 1188 deformius
685 1161 741 1188 sola
753 1163 990 1193 relicta,comitatu
1012 1175 1014 1183 ·

197 1194 378 1229 pulcherrimo
392 1196 547 1231 segregata?
566 1198 642 1230 Quod
660 1204 747 1226 tamen
761 1199 817 1226 fieri
830 1200 904 1227 nullo
915 1206 991 1235 pacto
1012 1215 1014 1223 ·

196 1236 291 1266 potest.
333 1233 385 1258 Nec
400 1234 472 1259 enim
489 1235 601 1262 virtutes
617 1237 675 1262 sine
691 1236 767 1263 beata
783 1238 837 1264 vita
849 1238 990 1265 cohaerere

196 1274 315 1303 possunt,
330 1278 378 1296 nec
390 1270 434 1296 illa
446 1271 504 1297 sine
516 1272 673 1300 virtutibus.
705 1276 747 1300 8l.
764 1275 856 1309 Itaque
868 1284 924 1301 eam
938 1280 991 1302 ter-

195 1306 324 1341 giversari
338 1316 388 1333 non
400 1308 497 1339 sinent,
506 1317 653 1345 secumque
666 1312 777 1346 rapient,
786 1312 819 1338 ad
831 1321 991 1348 quemcum—

195 1352 247 1377 que
264 1344 336 1378 ipsae
352 1345 470 1371 dolorem
482 1348 685 1383 cruciatumque
696 1348 838 1376 ducentur.
877 1350 991 1385 Sapien-
1012 1345 1014 1352 ’

196 1382 229 1407 tis
240 1386 279 1407 est
294 1382 364 1408 enim
382 1384 534 1417 proprium,
553 1385 636 1416 nihil,
652 1386 725 1420 quod
742 1388 878 1421 poenitere
894 1389 988 1422 possit,

196 1417 293 1449 facere,
307 1419 374 1445 nihil
389 1420 518 1450 invitum:
532 1422 987 1460 splendide,constantengraviter,

195 1455 303 1482 honeste
314 1458 416 1490 omnia,
434 1458 502 1484 nihil
516 1460 549 1486 ita
562 1465 730 1495 exspectare,
743 1463 820 1496 quasi
834 1467 905 1489 certo
917 1462 991 1489 sutu—

196 1501 267 1525 rum,
282 1494 364 1525 nihil,
377 1503 462 1529 quum
474 1497 613 1529 acciderit,
626 1498 767 1530 admirari,
781 1504 810 1526 ut
821 1500 989 1534 inopinatum

194 1538 223 1555 ac
240 1539 338 1557 novum
358 1532 488 1559 accidisse
506 1534 641 1567 videatur,
665 1537 756 1562 omnia
771 1536 805 1563 ad
820 1546 901 1563 suum
917 1538 991 1564 arbi-

195 1568 274 1593 trium
286 1568 396 1599 rel'erre,
414 1572 471 1597 suis
487 1577 556 1598 stare
573 1572 693 1600 iudiciis.
734 1573 792 1606 Quo
803 1574 869 1609 quid
879 1575 915 1601 sit
926 1575 990 1602 bea-

195 1604 256 1633 tius,
265 1605 407 1633 mihicerte
420 1609 446 1634 in
459 1614 575 1635 mentem
587 1611 679 1636 venire
691 1619 743 1637 non
755 1617 848 1645 potest.
864 1613 906 1638 82.
919 1612 990 1639 Stoi-

194 1643 400 1677 corumquidem
410 1645 496 1672 facilis
502 1646 639 1674 conclusio
645 1652 685 1674 est
693 1658 698 1674 z
707 1649 846 1683 quiquum
855 1649 934 1676 tinem
941 1649 990 1676 bo-

194 1687 288 1705 norum
304 1688 362 1707 esse
377 1683 523 1715 senserint,
540 1692 688 1720 congruere
703 1691 811 1712 naturae
827 1695 945 1722 cumque
959 1695 989 1713 ea

193 1718 381 1744 convenienter
396 1721 500 1747 vivere:
523 1730 609 1756 quum
621 1721 648 1748 id
660 1723 694 1748 sit
706 1723 733 1748 in
745 1724 875 1758 sapientis
882 1724 897 1749 *.
905 1725 989 1750 situm

195 1761 245 1779 non
261 1753 348 1781 officio
363 1756 464 1788 solum,
488 1767 582 1785 verum
601 1759 680 1786 etiam
695 1764 837 1794 potestate:
860 1766 990 1796 sequatur
1017 1791 1018 1794 Ἴ

1017 1800 1018 1809 ’
1041 1800 1177 1829 virtutem,
1189 1807 1306 1833 cumque
1317 1807 1347 1825 ea
1359 1798 1504 1825 descendet
1515 1800 1542 1825 in
1554 1804 1669 1829 taurum,
1682 1797 1831 1827 Aristotele,

1017 1844 1018 1849 ¹
1039 1835 1197 1867 Xenocrate,
1211 1836 1372 1871 Speusippo,
1386 1835 1527 1863 Polemone
1538 1835 1702 1866 auctoribus,
1715 1843 1764 1861 nec
1775 1843 1834 1861 eam

194 1798 302 1817 necesse
313 1797 361 1823 est,
372 1799 409 1825 ut,
423 1795 501 1821 cuius
513 1796 540 1822 in
552 1801 679 1830 potestate
689 1805 829 1824 summum
840 1797 951 1829 bonum,
961 1799 988 1825 in

194 1828 315 1855 eiusdem
332 1830 384 1856 vita
401 1831 475 1858 beata
491 1834 536 1859 sit.
577 1834 612 1860 lta
629 1834 657 1860 sit
672 1843 780 1868 semper
792 1836 845 1862 vita
857 1836 932 1862 beata
944 1844 988 1862 sa-

194 1865 301 1898 pientis.
323 1881 357 1886 —
389 1869 483 1899 Habes,
497 1878 566 1904 quae
579 1870 723 1897 fortissime
734 1871 767 1898 de
779 1872 855 1899 beata
868 1873 921 1899 vita
933 1873 987 1899 dici
1016 1902 1017 1907 ¹

194 1906 294 1935 putem,
308 1908 341 1934 et,
354 1913 407 1939 quo
419 1906 497 1933 modo
508 1916 579 1934 nunc
590 1913 639 1939 est,
656 1909 709 1934 nisi
720 1908 827 1943 quidm
838 1909 936 1936 melius
947 1915 987 1936 at-

195 1938 296 1969 tuleris,
309 1941 389 1968 etiam
401 1944 551 1971 verissime.

250 1975 348 2004 XXIX.
371 1979 401 2005 Α,
418 1980 512 2007 Melius
528 1981 654 2016 equidem
671 1982 763 2009 afferre
778 1983 846 2010 nibil
858 1992 983 2018 possum:

193 2012 240 2038 sed
247 2022 260 2039 a
268 2018 291 2039 te
300 2014 462 2049 impetrarim
470 2018 591 2050 libenter,
600 2024 638 2050 ut,
647 2020 700 2046 nisi
707 2020 850 2047 molestum
857 2022 900 2051 sit,
909 2021 987 2055 (quo-

194 2050 265 2076 niam
278 2055 301 2076 te
313 2052 384 2078 nulla
398 2055 503 2081 vincula
514 2056 665 2091 impediunt
676 2056 760 2084 ullius
769 2057 986 2092 certaediscipli-

194 2095 255 2117 nae,
274 2087 394 2124 libasque
410 2100 443 2118 ex
456 2093 597 2125 omnibus,
620 2093 812 2130 quodcumque
828 2100 852 2121 te
869 2096 986 2122 maxime

193 2125 281 2157 speeie
298 2127 416 2153 veritatis
432 2130 545 2165 movet2)
560 2131 633 2165 quod
650 2131 740 2166 paullo
754 2137 814 2158 ante
830 2133 987 2167 Peripateti—

192 2168 236 2186 cos
249 2166 418 2198 veteremque
430 2166 600 2194 Academiam
612 2168 710 2195 hortari
726 2169 865 2199 videbare,
884 2175 911 2196 ut
927 2171 986 2196 sine

192 2200 374 2226 retractatione
392 2201 473 2229 libere
493 2204 581 2231 dicere
603 2205 744 2237 auderent,
767 2207 902 2241 sapientes
925 2215 985 2233 esse

192 2243 298 2276 semper
309 2236 487 2270 beatissimos,
501 2241 528 2267 id
540 2241 623 2268 velim
633 2242 740 2273 audire,
753 2243 985 2278 quemadmodum

192 2270 235 2297 his
247 2279 324 2306 putes
339 2281 546 2304 consentaneum
561 2288 620 2305 esse
637 2279 664 2305 id
678 2280 777 2306 dicere.
817 2281 899 2307 Multa
911 2282 984 2308 enim

192 2316 205 2333 a
221 2314 244 2334 te
260 2316 349 2338 contra
366 2313 443 2339 istam
458 2316 617 2342 sententiam
631 2316 700 2343 dicta
716 2322 779 2343 sunt
794 2322 820 2344 et
833 2317 984 2345 Stoicorum

193 2346 290 2373 ratione
301 2349 435 2376 conclusa.
466 2354 506 2377 83.
522 2353 557 2379 M.
573 2354 684 2380 Utamur
694 2355 777 2389 igitur
789 2354 918 2386 libertate,
930 2365 983 2390 qua

193 2382 268 2423 nobis
279 2385 343 2411 solis
355 2387 381 2412 in
394 2388 563 2423 philosophia
576 2390 638 2417 licet
649 2392 701 2418 uti:
719 2400 836 2426 quorum
847 2393 930 2419 oratio
941 2393 985 2419 ni-

193 2418 234 2460 hil
248 2421 303 2454 ipsa
320 2423 432 2455 iudicat,
448 2426 496 2451 sed
512 2426 625 2453 habetur
641 2428 667 2454 in
682 2436 776 2454 omnes
790 2434 891 2463 partes,
910 2435 939 2456 ut
949 2430 984 2456 ab

191 2455 251 2497 {ilus
263 2460 345 2499 possit
356 2461 413 2494 ipsa
427 2471 474 2496 per
483 2471 552 2493 sese,
568 2464 670 2490 nullius
682 2466 836 2492 auctoritate
847 2466 982 2497 adiuncta,

192 2492 313 2535 iudicari.
338 2496 369 2522 Et
380 2500 506 2532 quoniam
519 2500 619 2527 videris
631 2501 680 2527 hoc
692 2502 769 2533 velle,
784 2508 821 2533 ut,
835 2512 984 2538 quaecum-

191 2537 243 2569 que
257 2530 471 2561 dissentientium
485 2537 707 2572 philosophorum
719 2541 850 2566 sententia
861 2542 897 2567 sit
907 2541 940 2567 de
952 2541 984 2567 fi—

192 2565 285 2608 nibus,
302 2573 394 2609 *tamen
416 2574 500 2599 virtus
521 2575 585 2600 satis
607 2575 702 2602 habeat
723 2576 756 2602 ad
775 2578 858 2603 vitam
876 2578 982 2604 beatam

192 2603 332 2644 praesidii:
344 2607 416 2640 quod
427 2610 536 2642 quidem
547 2612 710 2641 Carneadem
722 2613 860 2648 disputare
871 2615 981 2642 solitum

191 2647 356 2674 accepimus,
381 2644 427 2670 sed
440 2646 475 2675 is,
490 2652 517 2672 ut
528 2653 617 2674 contra
628 2649 743 2681 Stoicos,
758 2660 826 2686 quos
837 2652 982 2679 studiosis-

754 863 874 890 xxvin.
888 866 928 890 80.
940 863 992 890 sed
1021 853 1023 903 ζ

1020 918 1022 926 .
1044 902 1107 927 tiam
1119 906 1207 927 autem
1220 902 1550 938 honestatil‘eripateticus
1562 904 1691 931 Diodorus
1702 904 1835 930 adiunxit.

1020 960 1022 963 .
1045 939 1096 964 llae
1107 943 1170 964 sunt
1180 941 1336 970 sententiae,
1346 949 1415 975 quae
1426 941 1580 968 stabilitatis
1591 941 1694 977 aliquid
1707 941 1834 968 habeant:

1020 1030 1021 1040 l
1043 1013 1156 1039 aliorum
1173 1020 1350 1041 evanuerunt.

1020 1045 1021 1064 ἶ
1043 1051 1169 1081 deamus,
1185 1053 1295 1078 omissis
1306 1052 1417 1078 Stoicis:
1436 1061 1551 1087 quorum
1563 1054 1628 1079 satis
1641 1053 1733 1079 videor
1743 1051 1838 1079 deren-

1020 1103 1021 1122 1
1042 1088 1115 1114 disse
1126 1089 1296 1115 sententiam.

1015 2101 1016 2109 ¹
1037 2096 1151 2122 neadem
1170 2101 1264 2123 curent
1283 2096 1438 2123 defendere.

785 125 841 149 ¹20.
873 123 908 150 M.
939 123 970 151 T.
1000 124 1271 152 (Ltctittoxts

1046 195 1113 220 nime
1125 204 1231 229 semper
1243 195 1388 226 refellebat,
1404 202 1428 223 et
1439 203 1528 224 contra
1537 207 1652 233 quorum
1664 198 1836 234 disciplinam

1046 278 1167 301 agemus.
1209 270 1237 295 Si
1253 270 1324 296 enim
1337 271 1418 297 Stoici
1436 272 1501 298 lines
1518 272 1647 299 bonorum
1660 279 1728 299 recte
1740 282 1837 308 posue-

1024 300 1025 330 ]
1047 311 1120 333 runt;
1134 305 1252 332 confecta
1265 316 1306 332 reu
1316 313 1369 334 est:
1384 317 1492 334 necesse
1502 314 1542 335 est
1552 311 1838 344 uemtmrbeatumcsse

1016 346 1025 379 ¹]
1047 344 1204 376 sapientem.

1024 399 1025 403 ,
1048 379 1181 415 liquorum
1194 382 1366 411 sententiam,
1384 383 1407 408 si
1424 383 1480 408 lieri
1497 388 1594 417 potest,
1614 389 1641 410 ut
1656 385 1704 411 hoc
1720 385 1838 419 praecla-

1246 345 1287 370 st.
1308 344 1360 370 Sed
1375 354 1537 379 ‹piac-ramus
1553 355 1632 373 unam
1648 357 1784 382 quumque
1797 357 1839 374 re-

1046 426 1104 442 rum
1121 418 1198 451 qnasi
1213 417 1350 445 decretum
1366 419 1455 446 beatae
1471 421 1540 446 vitae
1551 422 1764 455 possitomnium
1777 431 1839 448 sen-

1047 455 1136 480 tentiis
1151 460 1175 480 ct
1190 454 1344 490 disciplinis
1362 458 1516 483 convenire.
1557 457 1644 484 XXX.
1666 459 1734 486 Sunt
1749 465 1837 485 autem

1047 491 1094 516 hae
1106 491 1138 517 de
1156 491 1268 522 linibus,
1289 498 1316 519 ut
1331 494 1438 528 opinor,
1461 499 1575 520 retentae
1586 495 1765 531 defensaeque
1777 505 1838 522 scn-

1046 530 1151 554 tentiae.
1193 529 1312 556 Primum
1329 531 1466 565 simplices
1482 537 1619 566 quattuor:
1637 532 1709 559 Nihil
1726 532 1836 563 bonum,

1046 566 1097 591 nisi
1111 566 1262 597 honestum,
1278 572 1305 593 ut
1317 567 1411 594 Stoici:
1436 568 1507 594 Nihil
1520 569 1633 600 bonum,
1651 570 1703 596 nisi
1716 569 1838 604 volupta-

1022 619 1023 624 ,
1046 608 1107 632 tcm,
1123 603 1304 637 ntEpicurus:
1319 605 1391 631 Nihil
1405 605 1579 636 t›0nun1,nisi
1593 608 1751 633 vacuitatem
1763 606 1838 633 dolo-

1046 641 1091 670 ris,
1107 641 1332 676 utllieronymus:
1347 642 1420 668 Nihil
1434 642 1543 673 bonum.
1558 644 1610 670 nisi
1623 649 1730 670 naturae
1743 644 1839 679 primis

1022 670 1023 713 J
1045 677 1122 703 bonis
1143 683 1188 703 ant
1202 679 1330 705 omnihus
1345 685 1391 706 aut
1411 680 1537 706 maximis
1556 680 1622 711 frui,
1646 686 1674 708 ut
1689 680 1838 707 Carneades

1022 720 1023 727 ¹
1044 720 1133 740 contra
1144 715 1245 741 Stoicos
1257 716 1415 743 disserebat.
1456 717 1524 743 ilaec
1538 718 1619 753 igitur
1630 718 1778 753 simplicia:
1793 717 1838 744 illa

1021 755 1023 763 l
1045 753 1138 778 mixta.
1669 756 1672 760 ’

1179 753 1219 779 85.
1242 754 1302 779 Tria
1322 763 1418 790 genera
1435 754 1580 785 bonorum,
1603 765 1719 782 maxima
1742 755 1836 786 animi,

1044 789 1162 815 secunda
1173 791 1305 824 corporis,
1323 797 1431 818 externa
1444 793 1532 822 tertia,
1551 798 1578 819 ut
1590 793 1772 828 Peripatetici.
1790 801 1838 820 uec

1045 826 1128 852 multo
1141 831 1242 853 veteres
1255 828 1407 855 Academici
1423 838 1514 855 secus:
1535 829 1697 865 voluptatem
1713 839 1774 856 cum
1790 829 1838 856 ho-

1045 868 1144 890 nestate
1161 864 1341 892 Dinomachus
1359 871 1384 892 ct
1399 866 1522 901 Callipho
1541 867 1691 901 copulavit:
1716 866 1838 893 indolen-

1044 985 1104 1002 nam
1125 976 1270 1008 Aristonis,
1296 978 1454 1013 Pyrrhonis,
1478 979 1571 1005 llerilli
1591 978 1837 1013 nonnullorumque

1392 1015 1423 1041 lli
1437 1015 1504 1050 quid
1521 1017 1624 1050 possint
1638 1016 1773 1046 obtinere,
1796 1015 1838 1042 vi-

1337 1089 1368 1115 Et
1381 1090 1614 1124 Peripateticorum
1626 1090 1736 1125 quidem
1749 1089 1838 1124 expli-

1042 1131 1098 1152 cata
1110 1135 1203 1151 caussa
1215 1132 1268 1152 cst:
1282 1127 1648 1161 praeterTheophrastum,et
1659 1128 1682 1153 si
1693 1127 1750 1162 qui.
1759 1127 1836 1153 illum

1042 1164 1142 1193 secuti,
1166 1163 1330 1190 imbecillius
1347 1164 1454 1190 horrent
1468 1164 1587 1191 dolorem
1602 1169 1628 1191 et
1647 1163 1834 1196 reformidant;

1043 1201 1155 1235 reliquis
1171 1200 1281 1236 quidem
1299 1200 1361 1228 licet
1371 1200 1456 1227 lacere
1469 1201 1509 1233 id,
1527 1202 1600 1237 quod
1612 1201 1665 1228 l'ere
1677 1201 1790 1232 faciunt,
1809 1206 1838 1228 ut

1042 1239 1199 1273 gravitatem
1212 1238 1425 1274 dignitatemque
1438 1239 1545 1266 virtutis
1556 1244 1727 1275 exaggerent.
1750 1238 1836 1272 Quam

1042 1285 1126 1310 quum
1144 1275 1176 1302 ad
1192 1276 1296 1302 caelum
1312 1276 1472 1306 extulerint,
1494 1276 1566 1312 quod
1582 1276 1668 1303 facere
1682 1276 1837 1311 eloquentes

1043 1313 1165 1340 homines
1177 1313 1284 1348 copiose
1295 1313 1392 1345 solent3
1408 1313 1511 1349 reliqua
1522 1323 1556 1341 ex
1565 1314 1705 1341 collatione
1713 1313 1790 1340 facile
1796 1320 1836 1340 est

1041 1357 1175 1378 conterere
1191 1356 1270 1385 atque
1282 1355 1461 1378 contemnere.
1502 1352 1556 1378 Nec
1566 1352 1639 1378 enim
1651 1351 1712 1378 licet
1723 1352 1770 1382 iis,
1787 1352 1835 1386 qui

1043 1388 1148 1415 laudem
1160 1397 1221 1414 cum
1233 1388 1323 1415 dolore
1335 1388 1477 1423 petendam
1488 1397 1548 1415 esse
1558 1389 1662 1419 dicant,
1679 1396 1776 1424 negare
1791 1397 1836 1415 eos

1041 1434 1099 1452 esse
1112 1426 1212 1455 beatos,
1226 1426 1273 1460 qui
1286 1425 1360 1452 illam
1372 1426 1461 1461 adepti
1472 1432 1544 1453 sunt.
1581 1426 1751 1461 Quamquam
1763 1426 1835 1452 enim

1041 1464 1095 1490 sint
1107 1465 1133 1490 in
1145 1463 1310 1498 quibusdam
1323 1463 1410 1493 malis,
1427 1469 1515 1490 tamen
1527 1464 1577 1491 hoc
1588 1472 1684 1490 nomen
1697 1463 1767 1490 beati
1779 1463 1836 1490 lon-

1041 1509 1073 1535 ge
1085 1506 1110 1527 et
1123 1501 1172 1527 late
1184 1505 1264 1535 patet.
1305 1501 1405 1527 XXXI.
1418 1502 1459 1527 86.
1477 1502 1542 1527 Nam
1555 1506 1584 1528 ut
1594 1506 1755 1536 quaestuosa
1766 1509 1836 1527 mer-

1041 1543 1140 1568 catura,
1158 1538 1292 1564 fructuosa
1304 1539 1386 1565 aratio
1397 1538 1509 1565 dicitur:
1527 1548 1588 1569 non,
1604 1539 1628 1565 si
1639 1538 1719 1565 altera
1730 1545 1837 1573 semper

1041 1577 1114 1601 omni
1124 1575 1222 1601 damno
1230 1596 1236 1606 ,
1252 1575 1332 1602 altera
1343 1576 1418 1602 omni
1430 1577 1595 1611 tempestatis
1604 1575 1753 1602 calamitate
1764 1583 1836 1602 sem-

1018 1613 1019 1618 *
1041 1622 1088 1647 per
1100 1618 1187 1644 vacat3
1201 1612 1248 1639 sed
1259 1613 1282 1639 si
1295 1612 1378 1639 multo
1390 1613 1489 1639 maiore
1499 1622 1533 1640 ex
1544 1618 1617 1648 parte
1628 1618 1713 1639 exstat
1725 1613 1752 1639 in
1763 1617 1836 1639 utra-

1018 1652 1019 1684 ]
1040 1659 1093 1684 que
1110 1650 1237 1676 felicitas:
1260 1651 1299 1676 sic
1316 1651 1382 1680 vita,
1400 1659 1452 1677 non
1467 1650 1555 1677 solum
1571 1651 1594 1676 si
1609 1650 1730 1684 undique
1741 1649 1836 1676 referta

1042 1687 1119 1713 bonis
1130 1693 1178 1717 est,
1192 1687 1240 1713 sed
1251 1689 1274 1713 si
1287 1687 1371 1713 multo
1381 1688 1480 1714 maiore
1491 1693 1516 1714 et
1526 1688 1648 1723 graviore
1658 1695 1692 1713 ex
1702 1691 1775 1721 parte
1787 1686 1835 1713 bo-

1041 1733 1073 1750 na
1086 1724 1262 1759 propendent,
1275 1725 1352 1751 beata
1363 1729 1432 1750 recte
1442 1724 1496 1751 dici
1511 1729 1606 1759 potest.
1647 1725 1688 1750 87.
1702 1723 1836 1758 Sequetur

1041 1762 1124 1797 igitur
1145 1762 1240 1788 horum
1261 1762 1361 1788 ratione
1382 1761 1423 1787 vel
1445 1761 1478 1788 ad
1498 1761 1664 1796 supplicium
1686 1761 1761 1787 beata
1781 1761 1835 1787 vita

1040 1874 1121 1899 minis
1145 1878 1191 1900 aut
1215 1873 1408 1899 blandimentis
1431 1878 1554 1908 corrupta
1579 1873 1693 1899 deseret.
1734 1872 1835 1899 Eadem

1039 1910 1217 1945 Calliphontis
1228 1911 1278 1937 erit
1292 1910 1453 1945 Diodorique
1467 1911 1612 1937 sententia:
1630 1918 1746 1945 quorum
1761 1914 1835 1936 uter·

1016 1938 1017 1978 J
1039 1956 1091 1982 que
1104 1947 1268 1974 honestatem
1280 1949 1319 1974 sic
1329 1948 1525 1982 complectitur,
1539 1953 1568 1974 ut
1577 1948 1676 1978 omnia,
1692 1954 1762 1981 quae
1774 1947 1833 1973 sine

1038 1993 1068 2011 ea
1080 1985 1146 2015 sint,
1167 1984 1244 2021 longe
1255 1990 1281 2012 et
1295 1989 1363 2012 retro
1374 1985 1497 2020 ponenda
1508 1989 1625 2012 censeat.
1666 1984 1775 2018 Reliqui
1785 1983 1834 2010 ha-

1015 2014 1017 2039 l
1038 2021 1100 2048 bere
1111 2031 1140 2048 se
1151 2022 1278 2049 videntur
1287 2023 1443 2057 angustius,
1456 2027 1564 2049 enatant
1573 2027 1674 2049 tamen:
1689 2022 1831 2055 Epicurus,

1038 2059 1230 2095 Hieronymus,
1248 2060 1307 2086 etsi
1319 2060 1367 2094 qui
1379 2065 1454 2091 sunt,
1472 2060 1520 2095 qui
1531 2059 1669 2086 desertum
1680 2058 1758 2084 illum
1769 2058 1834 2085 Car-

1478 2098 1562 2123 Nemo
1581 2101 1621 2123 est
1641 2096 1712 2123 enim
1729 2103 1830 2124 eorum.

1036 2134 1103 2168 quin
1114 2133 1246 2160 bonorum
1261 2135 1381 2160 animum
1397 2139 1473 2169 putet
1487 2142 1546 2161 esse
1562 2133 1694 2163 iudicem,
1715 2140 1832 2167 eumque

1037 2170 1242 2201 condocesaciat‚
1251 2176 1280 2197 ut
1290 2179 1330 2202 ea,
1338 2180 1408 2206 quae
1419 2171 1489 2198 bona
1500 2170 1604 2197 malave
1610 2170 1762 2200 videantur,
1770 2177 1832 2204 pos-

1037 2208 1072 2234 sit
1083 2213 1262 2234 contemnere.
1304 2210 1345 2234 88.
1368 2209 1434 2235 Nam
1448 2216 1518 2243 quae
1532 2208 1582 2235 tibi
1592 2207 1703 2242 Epicuri
1715 2206 1828 2234 videtur.

1037 2245 1130 2271 eadem
1141 2246 1191 2271 erit
1204 2245 1360 2281 Hieronymi
1375 2251 1401 2272 et
1414 2245 1558 2273 Carneadis
1571 2252 1680 2275 caussa,
1702 2248 1728 2269 et
1743 2242 1831 2269 hercle

1036 2283 1158 2308 omnium
1180 2282 1356 2317 reliquorum.
1396 2282 1464 2315 Quis
1483 2283 1556 2309 enim
1576 2290 1672 2317 parum
1687 2284 1727 2306 est
1740 2284 1830 2322 contra

1036 2324 1148 2346 mortem
1160 2324 1206 2346 aut
1216 2319 1335 2346 dolorem
1347 2319 1474 2354 paratus?
1485 2319 1630 2346 Ordiamur
1639 2318 1674 2345 ab
1684 2326 1724 2345 eo.
1737 2325 1760 2343 st
1772 2316 1830 2351 pla-

1035 2361 1085 2387 cet,
1097 2365 1180 2391 quem
1192 2356 1310 2387 mollem,
1323 2365 1406 2392 quem
1417 2356 1600 2391 voluptarium
1610 2355 1738 2382 dicimus.
1764 2391 1769 2395 ι

1090 2393 1179 2425 Quid?
1198 2395 1221 2420 is
1232 2393 1282 2420 tibi
1293 2399 1440 2420 mortemne
1454 2393 1562 2420 videtur
1575 2401 1608 2419 an
1621 2391 1740 2418 dolorem
1752 2395 1830 2417 time-

1035 2429 1081 2456 re?
1090 2431 1139 2465 qui
1150 2439 1212 2457 eum
1224 2430 1305 2461 diem,
1318 2439 1372 2466 quo
1382 2431 1503 2461 moritur,
1515 2430 1623 2457 beatum
1634 2427 1759 2463 appellat,
1772 2436 1830 2454 ma-

1036 2468 1173 2502 ximisque
1183 2467 1322 2494 doloribus
1333 2467 1443 2494 affectus
1454 2476 1499 2494 eos
1506 2468 1578 2502 ipsos
1585 2467 1755 2493 inventorum
1765 2473 1830 2507 suo-

1035 2513 1095 2530 rum
1111 2506 1240 2531 memoria
1255 2510 1281 2531 et
1295 2504 1476 2531 recordatione
1491 2503 1621 2534 confutat:
1645 2510 1693 2529 nec
1709 2501 1773 2528 haec
1789 2510 1829 2528 sie

1035 2542 1098 2576 agit,
1112 2547 1141 2568 ut
1151 2550 1186 2568 ex
1196 2547 1315 2577 tempore
1325 2542 1404 2577 quasi
1414 2541 1517 2567 effutire
1529 2540 1661 2567 videatur.
1698 2540 1734 2565 De
1745 2544 1828 2565 morte

1034 2579 1107 2604 enim
1123 2579 1159 2605 ita
1174 2580 1268 2609 sentit,
1286 2583 1328 2609 ut,
1347 2578 1479 2605 dissoluto
1492 2578 1640 2607 animante,
1656 2584 1767 2602 sensum
1779 2584 1828 2602 ex·

1011 2615 1013 2620 ¹
1034 2616 1163 2642 stinctum
1173 2621 1261 2650 putet:
1274 2615 1347 2650 quod
1359 2620 1447 2642 autem
1458 2623 1541 2641 sensu
1551 2619 1646 2644 careat,
1655 2613 1723 2640 nibil
1735 2613 1768 2639 ad
1779 2621 1827 2639 nos

1010 2646 1013 2676 ἵ
1035 2651 1063 2678 id
1075 2652 1175 2679 iudicet
1185 2654 1328 2688 pertinere.
1353 2653 1419 2679 Item
1429 2651 1462 2678 de
1474 2651 1563 2678 dolore
1574 2656 1645 2678 certa
1656 2650 1745 2681 habet,
1758 2658 1826 2685 quae

1934 532 1941 733 „-—-.-—0.-
