1941 3052
269 130 299 154 84
844 128 869 152 7.
906 127 939 153 M.
975 127 1003 153 Τ,

1040 126 1312 153 CICERONIS

269 200 334 225 riore
357 199 456 228 ordin(—
482 199 503 224 ni
528 199 589 233 quis
608 199 678 233 apud
698 207 744 224 non
763 199 889 224 κνι-ιιιιιιιει
907 206 939 224 ex
959 197 1057 232 populo
1077 199 1086 239 1“
1108 198 1301 228 subiiciuntur
1329 198 1481 232 omniaque
1497 206 1565 232 quae
1579 203 1641 225 sunt
1656 198 1696 225 vel
1710 207 1838 241 generum
1855 199 1896 227 vel

269 237 400 263 foederato
418 245 529 270 inv-siqui·
550 236 696 265 ΙιΙιιωιιιιιι-,ι
713 245 741 260 ιιι
756 244 802 269 po
792 240 844 260 tea
859 235 967 261 «Ionium
983 244 1056 260 reve-

269 275 364 304 minuet,
385 283 452 308 qun«-
455 274 535 298 situm
555 278 593 298 νει
611 273 680 307 apud
698 273 809 298 nmium„
826 276 938 301 nostros.
955 280 1019 298 num
1035 272 1057 297 iu

1084 236 1222 275 partium
1243 235 1363 264 nomina,
1384 234 1593 265 definitionibus,
1608 244 1689 270 quam
1705 237 1758 263 vim
1773 236 1894 267 babeant.

1085 299 1087 302 1
1108 277 1147 298 est
1165 271 1379 313 exprimendum.
1413 272 1459 298 Est
1477 273 1547 298 enim
1561 272 1679 299 delinitio
1692 283 1782 300 earum
1797 282 1894 304 reruni.

269 311 300 337 ad
319 320 382 337 sitos
403 310 566 345 postliminio
585 311 706 335 rediisset
724 314 748 334 et
762 309 895 334 amisisset
910 309 976 334 hanc
990 309 1057 335 civi·
1085 305 1087 339 1
1108 318 1176 344 quae
1194 314 1257 335 nunt
1274 310 1332 334 eius
1347 309 1383 334 rei
1398 310 1528 343 propriae,
1542 318 1622 344 quain
1637 310 1746 337 delinire
1762 310 1895 342 volumus,

269 353 319 374 ῑιιιι
323 358 357 373 ιιι.
395 350 450 374 483,
466 347 549 379 Quid.
541 348 554 364 '
579 347 611 372 de
633 347 684 372 libi·
688 350 764 375 ι-ιιιιι·1
785 354 839 380 quo
853 346 983 372 indit-ium
997 355 1057 379 gra-

1109 347 1198 372 brevis
1223 351 1249 372 et
1271 346 1470 381 circumscripta
1496 347 1626 380 quaedam
1653 347 1803 390 explicatio.
1840 350 1896 375 490,

270 386 329 411 vius
348 394 405 410 esse
425 385 528 410 nullum
549 388 646 417 pult-st,
668 392 753 408 nonne
767 391 799 408 ex
814 383 870 408 iure
884 383 956 409 civili
973 384 1087 417 potent
1078 404 1081 422 1
1109 384 1185 409 lli-see
1198 392 1247 417 ego
1261 383 1341 409 rebus
1351 383 1472 418 exempla
1482 383 1663 419 adiungerem,
1676 386 1736 415 nisi.
1748 386 1819 420 apud
1829 394 1898 420 quos

268 432 325 447 esse
344 423 488 451 ‹··1›ut‹ntiu,
508 430 592 455 quum
609 421 758 454 ‹piat-ritur.
779 420 814 449 is,
830 420 876 454 qui
896 419 995 446 domini
1012 430 1058 446 vo-

270 459 368 485 lituu-it·
386 468 482 484 «vimus
502 459 548 487 sit,
569 458 740 488 continuone,
757 466 789 483 au
806 457 849 482 ubi
867 457 980 483 luuram
995 466 1058 484 con-

268 497 368 526 ditum,
391 496 456 521 libor
475 495 526 520 sit?
551 494 634 526 Ouid,
659 494 731 529 quod
747 503 796 520 usu
814 495 937 520 memoria
954 499 1056 529 patrum

270 535 352 563 venit,
376 538 403 558 ut
422 531 623 566 paterfamilias,
639 532 686 566 qui
701 541 734 558 ex
748 532 873 566 Hispania
889 532 996 558 ltonmm
1013 541 1058 558 ve-

269 572 363 600 nisset,
380 579 463 604 quum
481 578 588 594 uxorem
604 573 790 604 praegnantem
807 569 832 595 iti
848 569 982 603 provincia
997 569 1058 595 reli-

267 608 369 640 quisset
393 608 542 641 Romaeque
561 606 667 632 alteram
687 606 809 632 duxisset
828 615 914 641 ncque
933 607 1057 633 nuntium

269 645 346 679 priori
371 644 529 674 remisisset,
555 648 729 678 mortuusque
751 648 820 669 esset
844 644 964 670 intestato
982 648 1007 670 et
1025 652 1057 670 cx

269 687 378 716 utraque
393 681 465 707 lilius
479 685 556 707 uatus
567 685 648 707 esset:
671 681 845 707 mediocrisne
860 690 900 707 res
915 682 940 707 in
955 686 1058 707 contro-
1080 685 1081 692 ¹

269 719 380 745 versiam
400 719 512 744 adducta
531 718 588 744 est‘?
612 727 697 753 quum
712 723 883 753 quaereretur
901 718 933 744 de
951 719 1058 744 duobus
1080 737 1081 746 1

267 757 366 782 civium
381 756 513 790 capitibus
527 760 552 782 et
565 756 597 781 de
612 764 702 790 puero,
718 756 765 790 qui
779 764 812 781 ex
828 757 970 789 posteriore
981 761 1058 782 natus
1080 765 1081 771 ι

267 798 328 824 erat,
345 798 370 819 et
391 794 424 819 de
447 794 505 819 eius
524 797 618 825 mati-03
647 802 728 827 quac.
749 793 771 819 si
790 793 959 824 iudicaretur,
980 794 1058 819 certis

266 831 429 865 quibusdam
449 831 550 861 verbis,
571 839 622 857 non
642 831 717 856 novis
737 830 850 865 nuptiis,
867 832 921 857 lieri
936 839 997 856 cum
1012 840 1058 856 su-

267 868 368 902 periore
391 868 549 898 divortium.
576 868 601 894 in
619 868 782 894 concubinae
802 867 887 894 locum
906 868 1056 894 duceretur.

271 906 325 931 ist.
343 906 410 931 llaec
430 906 513 940 igitur
530 910 555 931 et
573 905 666 931 horum
682 905 780 931 similia
795 905 850 931 iura
866 914 929 931 suae
943 905 1058 931 civitatis

268 943 442 976 ignorantem
458 947 572 969 eiectum
588 947 613 969 et
626 942 737 974 celsum,
754 942 808 968 alat·
812 943 831 969 ri
845 948 870 968 et
885 948 1005 977 prompto
1015 951 1058 969 ore

267 988 296 1006 ac
318 980 407 1011 vultu,
429 980 481 1006 huc
499 985 577 1015 atque
596 980 659 1006 illuc
678 981 833 1011 intuentem,
856 990 905 1014 vag
898 981 944 1006 ari
965 989 1058 1015 magna

267 1026 328 1043 cum
351 1022 453 1043 caterva
478 1021 529 1044 toto
548 1017 615 1048 foro,
637 1017 798 1051 praesidium
818 1001 961 1044 clieniibus
979 1023 1058 1052 atque

266 1063 343 1089 opem
362 1055 454 1081 amicis
472 1059 497 1081 et
513 1064 593 1089 prope
610 1055 713 1081 cunctis
731 1055 837 1081 civibus
856 1054 963 1081 lucem*
958 1055 1058 1090 ingenii

266 1097 292 1118 et
310 1091 414 1118 consilii
432 1092 473 1118 sui
494 1093 669 1127 porrigentem
689 1097 767 1127 atque
786 1092 950 1124 tendentem,
972 1101 1058 1119 nonne

268 1130 292 1155 in
308 1129 401 1164 primis
416 1128 573 1164 flagitiosum
590 1129 737 1164 putandum
751 1128 808 1155 est?

322 1167 390 1193 XLI.
408 1168 464 1192 ⁴85.
481 1167 512 1193 Et
529 1167 654 1209 quoniam
669 1167 702 1193 de
716 1166 882 1201 impudentia
896 1166 962 1197 dixi,
978 1167 1058 1193 casti-

266 1212 361 1238 gemus
387 1204 465 1230 etiam
486 1204 631 1246 segnitiem
658 1204 796 1230 hominum
823 1209 902 1239 atque
924 1204 1056 1230 inertiam.

267 1242 331 1267 Nam
355 1241 378 1267 si
397 1246 467 1267 esset
485 1241 533 1267 ista
550 1241 666 1277 cognitio
685 1242 749 1267 iuris
769 1250 827 1277 mag
822 1250 862 1267 na
881 1250 910 1267 ac
927 1241 1055 1273 difficilis,

267 1283 352 1305 tamen
367 1279 488 1305 utilitatis
503 1278 657 1314 magnitudo
670 1278 777 1305 deberet
791 1278 911 1305 homines
925 1278 957 1304 ad
971 1279 1058 1305 susci-

267 1325 308 1350 pit
311 1316 393 1342 ndum
408 1315 527 1342 discendi
543 1316 658 1342 laborem
673 1315 819 1351 impellere.
846 1315 907 1347 Sed,
923 1325 939 1342 ο
953 1316 1013 1342 1)ιί”
1008 1325 1058 1342 ιιιι-
1079 1317 1081 1328 ”

267 1353 403 1384 mortales,
425 1362 476 1379 non
496 1353 610 1379 dicerem
631 1353 694 1382 hoc,
714 1353 838 1379 audiente
856 1353 988 1383 Scaevola,
1006 1354 1057 1379 nisi

266 1391 323 1425 ipse
337 1390 424 1417 dicere
437 1390 540 1421 soleret,
558 1390 659 1417 nullius
673 1391 736 1416 artis
748 1390 891 1417 faciliorem
903 1391 955 1417 sibi
966 1391 1059 1425 cogni·
1079 1386 1087 1423 ἶ]

508 1429 562 1454 486.
579 1428 654 1460 Quod
667 1427 777 1463 quidem
791 1429 869 1454 certis
883 1427 916 1454 de
929 1429 1032 1454 caussis
1043 1437 1058 1454 a
1080 1431 1081 1435 ’

267 1429 363 1454 tionem
379 1428 471 1454 videri,

266 1465 400 1500 plerisque
422 1465 496 1491 aliter
514 1465 694 1498 existimatur,
723 1465 854 1499 primum,
874 1465 936 1500 quia
956 1471 1057 1492 veteres

264 1502 314 1533 illi,
331 1503 377 1537 qui
393 1502 456 1528 huic
469 1503 593 1528 scientiae
608 1502 788 1537 praefuerunt,
805 1502 964 1529 obtinendae
978 1507 1058 1537 atque

265 1539 401 1575 augendae
424 1540 554 1574 potentiae
576 1548 640 1566 suae
666 1548 760 1566 caussa
791 1539 944 1575 pervulgari
975 1545 1057 1566 artem

265 1585 340 1603 suam
366 1577 520 1609 noluor11nt3
557 1577 666 1608 deinde,
691 1582 864 1612 posteaquam
886 1581 926 1603 est
944 1576 1055 1608 editum,

265 1615 393 1649 expositis
410 1623 423 1640 a
442 1614 490 1641 Cn.
506 1614 597 1641 Flavio
611 1615 729 1649 primum
743 1614 900 1645 actionibus,
917 1613 985 1640 nulli
999 1614 1058 1641 fue-

266 1656 338 1683 runt,
359 1652 406 1686 qui
425 1651 471 1678 illa
489 1652 627 1678 artificiose
641 1651 743 1687 digesta
756 1651 901 1686 generatim
915 1660 1058 1686 compone-

266 1693 330 1714 rent.
364 1689 436 1715 Nihil
454 1693 494 1715 est
512 1689 597 1719 enim,
617 1689 689 1723 quod
707 1688 740 1714 ad
758 1693 841 1714 artem
859 1688 943 1724 redigi
963 1689 1054 1723 possit,

266 1726 317 1751 nisi
335 1726 380 1752 ille
394 1726 478 1760 prius,
494 1726 541 1760 qui
556 1726 600 1752 illa
615 1730 693 1756 tenet,
709 1734 824 1760 quorum
839 1730 920 1752 artem
934 1726 1058 1752 institue-

266 1772 292 1789 re
306 1763 376 1795 vult,
393 1763 487 1789 habeat
501 1763 573 1789 illam
587 1763 733 1793 scientiam,
750 1767 779 1789 ut
792 1771 825 1789 ex
838 1763 872 1789 iis
887 1763 975 1793 rebus.
991 1771 1058 1797 qua-

266 1809 324 1826 rum
337 1809 378 1827 ars
393 1800 510 1827 nondum
525 1801 567 1832 sit,
584 1805 665 1826 artem
680 1800 783 1826 efficere
797 1801 891 1835 possit.
927 1801 984 1826 ⁴87.
1004 1801 1057 1826 Hoc

266 1838 356 1869 video,
376 1838 441 1863 dum
460 1837 574 1864 breviter
593 1837 723 1864 voluerim
742 1837 842 1868 dicere,
862 1837 963 1864 dictum
982 1846 996 1863 a
1015 1846 1057 1863 me

265 1884 324 1901 csse
339 1875 428 1910 paullo
441 1875 596 1901 obscurius:
625 1874 672 1901 sed
686 1875 808 1909 experiar
821 1879 846 1901 et
859 1874 955 1905 dicam,
971 1875 994 1901 si
1009 1883 1057 1909 po-

267 1917 328 1943 tero,
346 1912 461 1947 planius.
496 1913 575 1938 XLII.
591 1912 685 1939 Omnia
700 1911 762 1943 fere,
778 1920 847 1947 quae
861 1917 924 1938 sunt
932 1911 1057 1938 conclusa

266 1958 336 1976 nunc
350 1950 460 1981 artibus,
477 1949 596 1984 dispersa
610 1954 635 1975 et
647 1949 775 1984 dissipata
789 1949 922 1984 quondam
935 1948 1054 1982 suerunt,

266 1992 294 2013 ut
309 1988 334 2013 in
349 1987 460 2013 musicis
475 1988 578 2013 numeri
592 1991 617 2013 ct
631 1995 707 2013 voces
722 1991 747 2012 et
760 1987 845 2019 modi3
873 1987 901 2012 in
914 1987 1057 2021 geometria

267 2024 437 2055 lineamenta,
467 2024 578 2055 formae,
610 2023 761 2055 intervalla,

266 2061 405 2097 astrologia
427 2061 492 2088 caeli
515 2061 665 2092 conversio,
693 2065 780 2092 ortus,
800 2061 889 2087 obitus
916 2064 1057 2095 motusque

266 2099 398 2130 siderum3
426 2099 454 2125 in
472 2099 652 2135 grammaticis
671 2103 807 2133 poetarum
826 2098 1000 2132 pertractatio,
1016 2098 1056 2124 hi-

266 2137 406 2167 storiarum
424 2137 552 2172 cognitio,
572 2136 715 2162 verborum
733 2135 922 2170 interpretatio,
939 2143 1058 2170 pronun·
1080 2143 1081 2146 ¹

266 2173 348 2200 tiandi
362 2173 471 2208 quidam
486 2181 582 2205 sonus;
604 2173 631 2199 in
646 2173 695 2199 hae
708 2172 824 2207 denique
837 2173 896 2206 ipsa
906 2173 1005 2199 ratione
1015 2172 1058 2198 di-
1079 2186 1081 2194 ·

265 2211 342 2237 cendi
357 2211 513 2246 excogitare,
529 2219 629 2241 ornare,
641 2210 791 2244 disponere,
804 2210 968 2241 meminisse,
980 2218 1057 2245 agere

266 2249 354 2283 ignota
372 2247 506 2283 quondam
524 2247 651 2274 omnibus
669 2252 694 2273 et
707 2246 803 2273 diflusa
823 2246 872 2272 late
886 2247 1055 2273 videbantur.

268 2287 324 2311 488
345 2285 470 2312 Adhibita
488 2289 529 2311 est
545 2285 627 2320 igitur
644 2293 686 2310 ars
699 2284 831 2319 quaedam
845 2284 1011 2310 extrinsecus
1025 2292 1057 2309 ex

266 2323 316 2348 alio
334 2331 430 2358 genere
448 2322 576 2357 quodam,
597 2321 669 2357 quod
682 2322 734 2348 sibi
749 2326 833 2347 totum
847 2320 1001 2356 philosophi
1015 2329 1059 2347 as—

266 2364 389 2390 sumunt,
410 2368 478 2394 quae
496 2367 551 2385 rem
569 2359 727 2385 dissolutam
745 2358 933 2393 divulsamque
947 2357 1059 2394 conglu-

267 2397 360 2422 tinaret
378 2401 403 2423 et
421 2397 520 2423 ratione
537 2396 652 2431 quadam
666 2396 867 2431 constringeret
901 2395 941 2422 Sit
954 2404 1017 2431 eigo
1030 2396 1057 2421 in

267 2434 323 2459 iure
341 2433 413 2459 civili
428 2434 488 2460 linis
507 2434 562 2464 hic,
589 2433 722 2469 legitimae
744 2437 822 2467 atque
840 2433 952 2459 usitatae
970 2433 997 2459 in
1016 2441 1058 2458 re-

267 2471 317 2495 bus
347 2471 504 2505 caussisque
530 2471 631 2497 civium
658 2470 854 2505 aequabilitatis
881 2470 1054 2496 conservatio.

268 2509 324 2533 ⁴89.
341 2507 408 2533 Tum
423 2512 486 2534 sunt
499 2508 612 2534 notanda
622 2516 718 2543 genera
728 2512 752 2533 et
762 2507 795 2533 ad
805 2511 907 2533 certum
915 2515 1056 2533 numerum

266 2545 478 2579 paucitatemque
493 2545 648 2571 revocanda.
671 2545 763 2571 Genus
776 2549 865 2570 autem
879 2548 918 2570 est
931 2544 968 2574 id,
984 2543 1056 2578 quod

265 2582 308 2607 sui
322 2581 424 2607 similes
437 2582 623 2608 communione
637 2581 761 2616 quadam,
777 2581 866 2616 specie
879 2586 968 2607 autem
981 2580 1058 2607 difle-

266 2623 366 2650 rentes,
386 2618 453 2644 duas
471 2624 516 2645 aut
534 2619 625 2653 plures
638 2618 822 2653 complectitur
836 2622 933 2652 partes.
967 2618 1056 2644 Partes

266 2661 354 2682 autem
372 2660 444 2686 sunt,
464 2664 532 2691 quae
545 2655 689 2692 generibus
703 2656 745 2686 iis,
761 2663 795 2681 ex
807 2655 908 2690 quibus
922 2659 1053 2685 emanant,
1077 2669 1086 2679 .

1080 1059 1088 1088 ,³
1109 1055 1265 1090 peritissimi
1299 1058 1363 1080 sunt
1370 1075 1376 1085 ,

790 2023 1002 2059 magnitudines;
1030 2024 1057 2050 in
1079 2050 1081 2055 1

1079 439 1087 454 1
1110 421 1173 447 haec
1192 420 1333 447 haberetur
1351 421 1446 450 oratio,
1461 429 1605 447 cernerem.
1640 422 1715 449 Nunc
1728 422 1896 458 complectar.

1086 458 1180 493 ,quod
1199 458 1342 492 proposui
1364 458 1448 483 brevi.
1481 457 1509 484 Si
1528 459 1599 485 enim
1617 464 1663 486 aut
1680 459 1745 486 mibi
1765 459 1848 486 facere
1867 459 1899 486 li-

1079 475 1087 529 ;1
1108 496 1205 525 cuerit,
1225 495 1298 530 quod
1317 494 1416 521 iamdiu
1434 495 1533 530 cogito,
1553 500 1598 522 aut
1614 495 1684 522 aliun
1701 497 1835 532 quispiam
1854 502 1899 524 aut

1079 531 1087 566 ’1
1109 541 1151 559 me
1169 532 1298 567 impedito
1313 532 1448 566 occuparit
1467 537 1512 558 aut
1529 537 1634 560 mortuo
1651 533 1777 563 effecerit.
1799 539 1828 561 ut
1845 535 1899 569 pri-

1086 572 1088 604 1
1109 579 1182 596 mum
1206 578 1284 596 omne
1302 570 1344 595 ius
1363 569 1442 595 civile
1460 569 1486 595 in
1505 578 1601 604 genera
1619 570 1733 606 digerat,
1753 580 1822 606 quae
1840 580 1899 606 per-

1086 605 1088 666 1
1109 616 1191 642 pauca
1210 612 1286 637 sunt,
1307 606 1403 633 deinde
1421 615 1512 633 corum
1530 616 1659 641 generum
1678 608 1755 643 quasi
1768 609 1898 643 quaedam

1110 645 1226 670 membra
1241 644 1387 678 dispertiat,
1403 648 1459 670 tum
1475 645 1606 679 propriam
1620 646 1752 680 cuiusque
1767 646 1820 672 sim
1834 646 1899 672 defi-

1110 682 1208 708 nitione
1226 681 1353 712 declaret,
1373 680 1516 716 perfectam
1534 687 1615 708 artem
1634 683 1700 709 iuris
1717 682 1805 709 citilis
1819 683 1898 710 hube-

1110 719 1180 750 bitis,
1202 719 1286 754 magis
1305 727 1428 753 magnam
1442 723 1520 753 atque
1535 719 1652 750 uberem,
1668 728 1748 755 quam
1762 720 1899 747 difficilem

1109 761 1188 791 atque
1214 757 1364 782 obscuram.
1400 757 1456 782 494.
1480 756 1566 791 Atque
1589 757 1686 784 interea
1709 762 1809 786 tamen.
1833 757 1898 784 dum

1086 814 1088 827 1
1110 793 1187 824 haec,
1207 802 1275 828 quae
1293 793 1412 827 dispersa
1427 797 1498 823 sunt,
1513 799 1653 827 coguntur,
1670 795 1711 820 vel
1726 796 1825 829 passim
1841 795 1901 821 lioet

1086 854 1088 871 1
1109 836 1259 866 carpentem
1279 835 1304 857 et
1321 830 1489 865 colligentem
1509 831 1627 866 undique
1641 831 1735 867 repleri
1751 833 1818 858 iusta
1833 832 1900 858 iuris

1086 894 1088 901 1
1109 868 1197 894 civilis
1215 868 1334 894 scientia.
1369 868 1459 894 XLIII.
1483 868 1574 894 Nonne
1593 868 1701 899 videtis,
1718 870 1835 904 equitem
1850 870 1900 896 Ro-

1080 910 1088 928 &
1109 914 1231 936 manum,
1253 905 1388 931 hominem
1406 905 1561 931 acutissimo
1578 906 1698 932 omnium
1718 907 1838 942 ingenio,
1852 906 1900 933 sed

1110 944 1220 969 minime
1233 943 1328 969 ceteris
1341 942 1443 968 artibus
1457 942 1601 974 eruditum,
1618 943 1646 969 C.
1662 943 1836 973 Aculeonem.
1852 945 1899 979 qui

1086 990 1088 1014 ¹.
1110 989 1215 1006 mecum
1235 980 1302 1006 vivit
1319 987 1479 1014 semperque
1497 980 1577 1010 vixit.
1597 981 1633 1006 ita
1651 985 1738 1007 tenere
1753 981 1795 1007 ius
1809 981 1897 1011 civile,

1087 1023 1088 1026 ’
1111 1022 1139 1044 ut
1156 1018 1194 1049 ei,
1213 1026 1299 1052 quum
1318 1017 1351 1043 ab
1370 1017 1420 1043 hoc
1437 1016 1626 1048 discesseritis,
1644 1026 1722 1044 nemo
1739 1017 1771 1044 de
1789 1018 1836 1049 iis,
1852 1019 1900 1053 qui

1409 1053 1601 1088 anteponatur?
1636 1056 1692 1082 492.
1716 1054 1811 1082 Omnia
1837 1060 1901 1082 sunt

1087 1121 1088 1124 1
1109 1093 1179 1118 enim
1199 1093 1283 1127 posita
1301 1095 1361 1118 ante
1374 1091 1474 1122 oculos,
1489 1091 1614 1118 collocata
1628 1093 1655 1118 in
1670 1101 1721 1119 usu
1734 1092 1898 1127 quotidiano,

1109 1130 1136 1156 in
1158 1129 1345 1165 congressione
1367 1129 1506 1155 hominum
1525 1134 1604 1164 atque
1622 1130 1649 1156 in
1663 1129 1732 1162 [οι-ος
1760 1138 1847 1165 neque
1865 1131 1899 1156 ita

1087 1180 1088 1183 =
1110 1166 1202 1193 multis
1222 1167 1315 1193 litteris
1333 1170 1379 1192 aut
1396 1165 1580 1192 voluminibus
1599 1167 1703 1202 magnis
1721 1168 1898 1194 continentur.

1080 1222 1081 1228 .
1109 1204 1208 1230 Eadem
1225 1205 1297 1230 enim
1315 1208 1378 1230 sunt
1394 1202 1460 1229 elata
1480 1204 1596 1237 primum
1611 1212 1626 1230 a
1639 1204 1776 1239 pluribus;
1804 1204 1901 1231 deinde

1080 1265 1081 1271 1
1110 1242 1202 1276 paucis
1221 1241 1310 1268 verbis
1327 1241 1497 1267 commutatis
1515 1241 1593 1267 etiam
1608 1241 1641 1267 ab
1655 1241 1751 1268 iisdem
1764 1242 1901 1276 scriptori-

1080 1282 1087 1310 11
1109 1279 1161 1305 bus
1183 1279 1281 1314 scripta
1303 1282 1367 1304 sunt
1388 1278 1506 1312 saepius.

1550 1280 1606 1305 ⁴93.
1627 1278 1734 1305 Accedit
1752 1287 1827 1309 vero,
1846 1287 1901 1314 quo

1110 1315 1215 1342 facilius
1234 1316 1335 1351 percipi
1354 1315 1532 1350 cognoscique
1551 1316 1594 1342 ius
1612 1315 1692 1342 civile
1710 1316 1803 1351 possit,
1819 1316 1901 1351 (quod

1109 1353 1220 1379 minime
1237 1352 1359 1388 plerique
1376 1352 1562 1387 arbitrantur,)
1580 1353 1646 1379 mira
1662 1353 1793 1388 quaedam
1811 1354 1839 1380 in
1856 1362 1901 1380 co-

1108 1391 1260 1426 gnoscendo
1282 1390 1400 1416 suavitas
1418 1394 1444 1415 et
1460 1389 1609 1416 delectatio.
1642 1390 1723 1421 Nam,
1743 1391 1801 1417 sive
1819 1399 1899 1426 quem

1110 1428 1174 1454 haec
1187 1426 1387 1454 aliena*studia
1401 1426 1540 1458 delectant,
1557 1427 1673 1462 plurima
1683 1432 1723 1454 est
1745 1426 1779 1464 et]
1791 1428 1819 1454 in
1828 1429 1901 1455 omni

1108 1466 1166 1492 iure
1188 1465 1261 1491 civili
1284 1469 1310 1492 et
1330 1465 1358 1491 in
1380 1464 1536 1499 pontificum
1555 1464 1631 1491 libris
1648 1469 1674 1491 et
1691 1466 1719 1492 in
1752 1465 1759 1471 ’
1802 1465 1900 1492 tabulis

1109 1503 1275 1538 antiquitatis
1293 1501 1410 1538 efligies,
1429 1502 1502 1536 quod
1520 1506 1545 1528 et
1563 1502 1705 1529 verborum
1724 1503 1811 1537 prisca
1825 1507 1900 1529 vetu-

1108 1544 1162 1566 stas
1180 1540 1348 1575 cognoscitur
1365 1543 1391 1565 et
1407 1539 1541 1565 actionum
1558 1547 1654 1574 genera
1672 1539 1803 1582 quaedam
1818 1541 1901 1566 maio-

1108 1585 1168 1603 rum
1190 1576 1412 1603 consuetudinem
1434 1576 1571 1611 vitamque
1589 1576 1736 1603 declarant:
1763 1577 1821 1603 sive
1838 1578 1900 1612 quis

1108 1613 1215 1641 civilem
1233 1614 1372 1640 scientiam
1389 1613 1596 1648 contemplatur,
1612 1622 1694 1648 quam
1708 1613 1834 1641 Scaevola
1848 1623 1900 1641 non

1109 1655 1184 1686 putat
1201 1651 1310 1677 oratoris
1328 1658 1387 1676 esse
1405 1651 1552 1685 propriam,
1573 1650 1620 1677 sed
1638 1650 1779 1677 cuiusdam
1797 1659 1831 1678 ex
1849 1651 1901 1678 alio

1107 1697 1208 1731 genere
1226 1688 1396 1723 prudentiae,
1416 1692 1496 1714 totam
1515 1687 1596 1719 hanc,
1616 1687 1757 1723 descriptis
1773 1688 1900 1715 omnibus

1109 1726 1224 1752 civitatis
1247 1725 1407 1752 utilitatibus
1431 1733 1460 1751 ac
1478 1725 1612 1759 partibus,
1633 1725 1682 1752 XII
1700 1725 1798 1752 tabulis
1815 1726 1901 1752 conti-

1109 1763 1164 1789 neri
1188 1762 1303 1789 videbit:
1325 1763 1383 1788 sive
1404 1770 1486 1797 quem
1503 1762 1553 1788 ista
1569 1767 1726 1797 praepotens
1743 1767 1769 1789 et
1785 1762 1899 1798 gloriosa

1108 1799 1278 1835 philosophia
1291 1799 1412 1830 delectat,
1428 1799 1524 1833 (dicam
1538 1799 1688 1835 audacius,)
1701 1799 1780 1827 hosce
1791 1800 1900 1826 habebit

1108 1837 1194 1864 fontes
1207 1837 1328 1863 omnium
1342 1837 1552 1871 disputationum
1567 1845 1686 1869 suarum,
1701 1837 1749 1872 qui
1759 1838 1818 1864 iure
1825 1837 1900 1863 civili

1108 1879 1135 1901 et
1153 1874 1260 1910 legibus
1278 1875 1456 1900 continentur.
1492 1875 1548 1900 494.
1567 1874 1610 1900 Ex
1626 1874 1669 1901 his
1687 1875 1758 1900 enim
1771 1879 1798 1901 et
1810 1873 1900 1910 digni-

1109 1915 1188 1938 tatem
1210 1912 1327 1938 maxime
1349 1910 1524 1946 expetendam
1546 1911 1684 1942 videmus,
1703 1920 1790 1946 quum
1808 1919 1897 1942 verus,

1107 1949 1196 1975 iustus
1222 1953 1301 1984 atque
1327 1948 1455 1975 honestus
1481 1948 1554 1975 labor
1579 1948 1738 1979 honoribus,
1763 1949 1897 1983 praemiis,

1086 1982 1087 1987 ¹
1108 1986 1249 2021 splendore
1276 1986 1427 2018 decoratum
1463 1986 1527 2012 vitia
1548 1990 1636 2012 autem
1658 1985 1798 2012 hominum
1819 1990 1900 2021 atque

1108 2023 1216 2049 fraudes
1249 2023 1363 2054 damnis.
1395 2023 1561 2058 ignominiis,
1586 2022 1710 2053 vinculis,
1731 2022 1897 2054 verberibus,

1108 2060 1226 2092 exsiliis,
1247 2065 1331 2087 morte
1344 2059 1519 2091 mulctantam
1543 2064 1569 2086 et
1581 2059 1708 2086 docemur
1722 2068 1773 2086 non
1786 2059 1899 2086 infinitis

1108 2098 1386 2132 concertationumque
1400 2096 1486 2132 plenis
1500 2096 1736 2131 disputationibus.
1752 2096 1899 2124 sedaueto-

1109 2135 1184 2161 ritate
1202 2139 1324 2169 nutuque
1343 2134 1434 2169 legum
1451 2133 1564 2160 domitas
1582 2133 1679 2160 habere
1697 2133 1835 2164 libidines,
1853 2142 1900 2160 co-

1108 2180 1195 2198 ercere
1221 2180 1313 2198 omnes
1338 2170 1506 2206 cupiditates,
1535 2175 1622 2198 nostra
1645 2171 1721 2201 tueri,
1749 2171 1782 2198 ab
1804 2170 1899 2197 alienis

1108 2214 1223 2240 mentes,
1240 2208 1345 2239 oculos,
1362 2216 1458 2234 manus
1472 2208 1612 2234 abstinere.
1645 2208 1736 2234 XLIV.
1758 2209 1814 2234 ⁴95.
1835 2208 1899 2234 Fre-

1109 2251 1182 2272 mant
1194 2255 1286 2272 omnes
1301 2245 1373 2277 licet,
1388 2244 1485 2279 (dicam
1499 2245 1572 2280 quod
1585 2245 1696 2280 sentim)
1721 2244 1896 2271 bibliothecas

1109 2283 1260 2309 mehercule
1277 2283 1398 2309 omnium
1416 2282 1636 2317 philosophorum
1653 2290 1725 2308 unus
1743 2281 1810 2308 mihi
1823 2281 1900 2308 vide—

1109 2324 1152 2346 tur
1168 2320 1218 2346 XII
1236 2319 1386 2346 tabularum
1406 2318 1527 2350 libellus,
1547 2319 1570 2345 si
1588 2319 1651 2354 quis
1669 2318 1760 2354 legum
1774 2318 1859 2346 fontae
1872 2323 1900 2345 et

1107 2358 1192 2392 capita
1204 2357 1308 2388 viderit,
1321 2361 1347 2383 et
1355 2357 1517 2383 auctoritatis
1527 2356 1642 2391 pondere
1652 2361 1677 2382 et
1688 2355 1810 2382 utilitatis
1817 2355 1898 2382 uber·

1108 2399 1159 2420 tate
1177 2402 1312 2429 superare.
1346 2395 1403 2420 496.
1424 2394 1461 2420 Ac
1478 2393 1502 2419 si
1519 2401 1580 2423 nos,
1595 2393 1624 2419 id
1636 2392 1709 2428 quod
1722 2393 1838 2419 maxime
1851 2392 1899 2419 de—

1108 2431 1164 2462 bet,
1186 2436 1274 2457 nostra
1291 2431 1374 2466 patria
1388 2430 1513 2461 delectat;
1533 2430 1612 2456 cuius
1626 2431 1663 2456 rei
1677 2434 1747 2456 tanta
1759 2434 1801 2456 est
1813 2430 1855 2456 vis
1868 2438 1898 2456 ac

1109 2473 1180 2494 tanta
1193 2473 1296 2499 natura,
1312 2473 1342 2494 ut
1354 2467 1470 2494 Ithacam
1483 2466 1588 2498 illam,
1582 2476 1609 2493 ιιι
1619 2467 1774 2509 asperrimis
1782 2466 1895 2497 saxulis,

1108 2510 1244 2540 tamquam
1262 2489 1400 2535 nidulum,
1419 2504 1540 2535 affixam,
1559 2504 1774 2538 sapientissimus
1791 2504 1834 2530 vir
1847 2504 1898 2530 im—

1085 2567 1087 2578 1
1107 2542 1259 2568 mortalitati
1280 2546 1462 2576 anteponeret:
1489 2549 1544 2576 quo
1565 2545 1653 2568 amore
1671 2540 1777 2568 tandem
1793 2539 1898 2567 inflam-

1084 2587 1087 2611 2
1107 2580 1170 2605 mati
1184 2588 1243 2605 esse
1256 2579 1407 2605 debemus
1400 2587 1428 2604 ιιι
1441 2577 1574 2604 eiusmodi
1587 2578 1708 2612 patriam.
1723 2586 1793 2620 quae
1806 2586 1859 2604 una
1868 2578 1896 2604 in

1084 2632 1086 2643 .
1106 2616 1232 2642 omnibus
1251 2617 1327 2642 terris
1345 2615 1442 2642 domus
1459 2619 1500 2641 est
1518 2615 1636 2646 virtutis,
1651 2615 1766 2649 imperii,
1781 2614 1899 2651 dignita-

1084 2647 1159 2679 'tis‘t
1183 2653 1261 2679 cuius
1275 2653 1391 2687 primum
1406 2652 1483 2678 nobis
1497 2660 1580 2683 mens,
1597 2661 1666 2682 mos,
1682 2651 1824 2686 disciplina
1838 2656 1897 2678 nota
