<?xml version="1.0" encoding="UTF-8"?>
<!DOCTYPE html PUBLIC "-//W3C//DTD XHTML 1.0 Transitional//EN"
    "http://www.w3.org/TR/xhtml1/DTD/xhtml1-transitional.dtd">
<html xmlns="http://www.w3.org/1999/xhtml" xml:lang="en" lang="en">
 <head>
  <title>
</title>
<meta http-equiv="Content-Type" content="text/html;charset=utf-8" />
  <meta name='ocr-system' content='tesseract 3.04.00' />
  <meta name='ocr-capabilities' content='ocr_page ocr_carea ocr_par ocr_line ocrx_word'/>
</head>
<body>
  <div class='ocr_page' id='page_1' title='image "./operaomniaunovol00ciceuoft_0389.png"; bbox 0 0 1941 3052; ppageno 0'>
   <div class='ocr_carea' id='block_1_1' title="bbox 394 154 1344 183">
    <p class='ocr_par' dir='ltr' id='par_1_1' title="bbox 394 154 1344 183">
     <span class='ocr_line' id='line_1_1' title="bbox 394 154 1344 183; baseline -0.001 -1"><span class='ocrx_word' id='word_1_1' title='bbox 394 154 578 182; x_wconf 83' lang='lat' dir='ltr'><strong>ORATIO</strong></span> <span class='ocrx_word' id='word_1_2' title='bbox 611 155 701 182; x_wconf 85' lang='lat' dir='ltr'>PRO</span> <span class='ocrx_word' id='word_1_3' title='bbox 733 155 765 182; x_wconf 81' lang='lat' dir='ltr'>A.</span> <span class='ocrx_word' id='word_1_4' title='bbox 799 155 1028 182; x_wconf 75' lang='lat' dir='ltr'>CAECINA.</span> <span class='ocrx_word' id='word_1_5' title='bbox 1063 155 1161 182; x_wconf 79' lang='lat' dir='ltr'><strong>CAP.</strong></span> <span class='ocrx_word' id='word_1_6' title='bbox 1195 157 1344 183; x_wconf 75' lang='lat'>32—36.</span> 
     </span>
    </p>
   </div>
   <div class='ocr_carea' id='block_1_2' title="bbox 55 226 852 1122">
    <p class='ocr_par' dir='ltr' id='par_1_2' title="bbox 55 226 852 1122">
     <span class='ocr_line' id='line_1_2' title="bbox 55 226 847 261; baseline -0.001 -8"><span class='ocrx_word' id='word_1_7' title='bbox 55 226 181 254; x_wconf 87' lang='lat' dir='ltr'>omnibus</span> <span class='ocrx_word' id='word_1_8' title='bbox 204 226 336 261; x_wconf 89' lang='lat' dir='ltr'>patriciis,</span> <span class='ocrx_word' id='word_1_9' title='bbox 364 226 491 253; x_wconf 89' lang='lat' dir='ltr'>omnibus</span> <span class='ocrx_word' id='word_1_10' title='bbox 517 227 714 261; x_wconf 84' lang='lat' dir='ltr'>antiquissimis</span> <span class='ocrx_word' id='word_1_11' title='bbox 740 226 847 253; x_wconf 89' lang='lat' dir='ltr'>civibus</span> 
     </span>
     <span class='ocr_line' id='line_1_3' title="bbox 56 263 848 300; baseline 0 -10"><span class='ocrx_word' id='word_1_12' title='bbox 56 265 150 300; x_wconf 84' lang='lat' dir='ltr'>possit.</span> <span class='ocrx_word' id='word_1_13' title='bbox 177 265 234 291; x_wconf 73' lang='lat'><strong>⁴02.</strong></span> <span class='ocrx_word' id='word_1_14' title='bbox 249 264 316 290; x_wconf 91' lang='lat' dir='ltr'>Nam</span> <span class='ocrx_word' id='word_1_15' title='bbox 331 263 363 290; x_wconf 89' lang='lat' dir='ltr'>ad</span> <span class='ocrx_word' id='word_1_16' title='bbox 376 263 445 290; x_wconf 89' lang='lat' dir='ltr'>hanc</span> <span class='ocrx_word' id='word_1_17' title='bbox 457 263 567 299; x_wconf 90' lang='lat' dir='ltr'>quidem</span> <span class='ocrx_word' id='word_1_18' title='bbox 581 272 703 290; x_wconf 84' lang='lat' dir='ltr'>caussam</span> <span class='ocrx_word' id='word_1_19' title='bbox 718 263 784 290; x_wconf 89' lang='lat' dir='ltr'>nihil</span> <span class='ocrx_word' id='word_1_20' title='bbox 799 264 848 290; x_wconf 91' lang='lat' dir='ltr'>hoc</span> 
     </span>
     <span class='ocr_line' id='line_1_4' title="bbox 56 301 848 337; baseline 0 -10"><span class='ocrx_word' id='word_1_21' title='bbox 56 301 229 336; x_wconf 73' lang='lat' dir='ltr'>pertinuisse,</span> <span class='ocrx_word' id='word_1_22' title='bbox 250 301 367 336; x_wconf 90' lang='lat' dir='ltr'>primum</span> <span class='ocrx_word' id='word_1_23' title='bbox 382 309 415 327; x_wconf 87' lang='lat' dir='ltr'>ex</span> <span class='ocrx_word' id='word_1_24' title='bbox 428 309 459 327; x_wconf 91' lang='lat' dir='ltr'>eo</span> <span class='ocrx_word' id='word_1_25' title='bbox 471 301 585 337; x_wconf 79' lang='lat' dir='ltr'>intelligi</span> <span class='ocrx_word' id='word_1_26' title='bbox 600 306 698 336; x_wconf 77' lang='lat' dir='ltr'>potest,</span> <span class='ocrx_word' id='word_1_27' title='bbox 714 301 787 335; x_wconf 87' lang='lat' dir='ltr'>quod</span> <span class='ocrx_word' id='word_1_28' title='bbox 801 309 848 327; x_wconf 87' lang='lat' dir='ltr'>vos</span> 
     </span>
     <span class='ocr_line' id='line_1_5' title="bbox 56 338 849 373; baseline 0 -9"><span class='ocrx_word' id='word_1_29' title='bbox 56 347 86 365; x_wconf 89' lang='lat' dir='ltr'>ea</span> <span class='ocrx_word' id='word_1_30' title='bbox 99 338 132 365; x_wconf 91' lang='lat' dir='ltr'>de</span> <span class='ocrx_word' id='word_1_31' title='bbox 146 346 173 364; x_wconf 91' lang='lat' dir='ltr'>re</span> <span class='ocrx_word' id='word_1_32' title='bbox 186 338 304 364; x_wconf 87' lang='lat' dir='ltr'>iudicare</span> <span class='ocrx_word' id='word_1_33' title='bbox 318 347 370 365; x_wconf 91' lang='lat' dir='ltr'>non</span> <span class='ocrx_word' id='word_1_34' title='bbox 384 338 495 369; x_wconf 84' lang='lat' dir='ltr'>debetis,</span> <span class='ocrx_word' id='word_1_35' title='bbox 511 338 608 364; x_wconf 91' lang='lat' dir='ltr'>deinde</span> <span class='ocrx_word' id='word_1_36' title='bbox 622 339 694 373; x_wconf 89' lang='lat' dir='ltr'>quod</span> <span class='ocrx_word' id='word_1_37' title='bbox 706 338 780 364; x_wconf 91' lang='lat' dir='ltr'>Sulla</span> <span class='ocrx_word' id='word_1_38' title='bbox 790 339 849 373; x_wconf 84' lang='lat' dir='ltr'>ipse</span> 
     </span>
     <span class='ocr_line' id='line_1_6' title="bbox 55 375 850 407; baseline 0 -5"><span class='ocrx_word' id='word_1_39' title='bbox 55 376 92 402; x_wconf 88' lang='lat' dir='ltr'>ita</span> <span class='ocrx_word' id='word_1_40' title='bbox 105 375 167 402; x_wconf 90' lang='lat' dir='ltr'>tulit</span> <span class='ocrx_word' id='word_1_41' title='bbox 179 375 212 402; x_wconf 92' lang='lat' dir='ltr'>de</span> <span class='ocrx_word' id='word_1_42' title='bbox 225 375 340 407; x_wconf 83' lang='lat' dir='ltr'>civitate,</span> <span class='ocrx_word' id='word_1_43' title='bbox 356 380 387 402; x_wconf 84' lang='lat' dir='ltr'>ut</span> <span class='ocrx_word' id='word_1_44' title='bbox 400 384 451 402; x_wconf 88' lang='lat' dir='ltr'>non</span> <span class='ocrx_word' id='word_1_45' title='bbox 466 375 606 402; x_wconf 83' lang='lat' dir='ltr'>sustulerit</span> <span class='ocrx_word' id='word_1_46' title='bbox 619 376 715 402; x_wconf 91' lang='lat' dir='ltr'>horum</span> <span class='ocrx_word' id='word_1_47' title='bbox 729 384 796 402; x_wconf 83' lang='lat' dir='ltr'>nexa</span> <span class='ocrx_word' id='word_1_48' title='bbox 810 380 850 402; x_wconf 91' lang='lat' dir='ltr'>at-</span> 
     </span>
     <span class='ocr_line' id='line_1_7' title="bbox 55 412 850 448; baseline 0 -9"><span class='ocrx_word' id='word_1_49' title='bbox 55 421 109 448; x_wconf 86' lang='lat' dir='ltr'>que</span> <span class='ocrx_word' id='word_1_50' title='bbox 122 412 291 439; x_wconf 84' lang='lat' dir='ltr'>hereditates.</span> <span class='ocrx_word' id='word_1_51' title='bbox 331 413 407 439; x_wconf 90' lang='lat' dir='ltr'>Iubet</span> <span class='ocrx_word' id='word_1_52' title='bbox 424 414 495 439; x_wconf 90' lang='lat' dir='ltr'>enim</span> <span class='ocrx_word' id='word_1_53' title='bbox 514 413 606 440; x_wconf 90' lang='lat' dir='ltr'>eodem</span> <span class='ocrx_word' id='word_1_54' title='bbox 623 413 682 439; x_wconf 92' lang='lat' dir='ltr'>iure</span> <span class='ocrx_word' id='word_1_55' title='bbox 699 421 771 444; x_wconf 87' lang='lat' dir='ltr'>esse,</span> <span class='ocrx_word' id='word_1_56' title='bbox 795 421 850 448; x_wconf 91' lang='lat' dir='ltr'>quo</span> 
     </span>
     <span class='ocr_line' id='line_1_8' title="bbox 56 450 851 486; baseline 0 -10"><span class='ocrx_word' id='word_1_57' title='bbox 56 450 156 477; x_wconf 86' lang='lat' dir='ltr'>fuerint</span> <span class='ocrx_word' id='word_1_58' title='bbox 164 450 362 483; x_wconf 68' lang='lat' dir='ltr'>Ariminenses:</span> <span class='ocrx_word' id='word_1_59' title='bbox 379 459 446 485; x_wconf 90' lang='lat' dir='ltr'>quos</span> <span class='ocrx_word' id='word_1_60' title='bbox 459 451 522 485; x_wconf 88' lang='lat' dir='ltr'>quis</span> <span class='ocrx_word' id='word_1_61' title='bbox 535 451 638 486; x_wconf 85' lang='lat' dir='ltr'>ignorat</span> <span class='ocrx_word' id='word_1_62' title='bbox 651 450 792 477; x_wconf 83' lang='lat' dir='ltr'>duodecim</span> <span class='ocrx_word' id='word_1_63' title='bbox 806 458 851 477; x_wconf 90' lang='lat' dir='ltr'>co-</span> 
     </span>
     <span class='ocr_line' id='line_1_9' title="bbox 57 487 851 518; baseline 0 -4"><span class='ocrx_word' id='word_1_64' title='bbox 57 487 188 514; x_wconf 88' lang='lat' dir='ltr'>loniarum</span> <span class='ocrx_word' id='word_1_65' title='bbox 204 487 298 518; x_wconf 85' lang='lat' dir='ltr'>fuisse,</span> <span class='ocrx_word' id='word_1_66' title='bbox 315 492 340 514; x_wconf 92' lang='lat' dir='ltr'>et</span> <span class='ocrx_word' id='word_1_67' title='bbox 353 496 367 514; x_wconf 91' lang='lat' dir='ltr'>a</span> <span class='ocrx_word' id='word_1_68' title='bbox 381 488 487 514; x_wconf 88' lang='lat' dir='ltr'>civibus</span> <span class='ocrx_word' id='word_1_69' title='bbox 497 488 623 514; x_wconf 79' lang='lat' dir='ltr'>Romanis</span> <span class='ocrx_word' id='word_1_70' title='bbox 633 487 792 514; x_wconf 80' lang='lat' dir='ltr'>hereditates</span> <span class='ocrx_word' id='word_1_71' title='bbox 806 496 851 513; x_wconf 88' lang='lat' dir='ltr'>ca-</span> 
     </span>
     <span class='ocr_line' id='line_1_10' title="bbox 56 524 851 560; baseline -0.001 -9"><span class='ocrx_word' id='word_1_72' title='bbox 56 533 119 560; x_wconf 85' lang='lat' dir='ltr'>pere</span> <span class='ocrx_word' id='word_1_73' title='bbox 132 524 270 559; x_wconf 70' lang='lat' dir='ltr'>potuisse?</span> <span class='ocrx_word' id='word_1_74' title='bbox 282 524 359 557; x_wconf 93' lang='lat' dir='ltr'>Quod</span> <span class='ocrx_word' id='word_1_75' title='bbox 373 526 396 552; x_wconf 90' lang='lat' dir='ltr'>si</span> <span class='ocrx_word' id='word_1_76' title='bbox 410 525 491 551; x_wconf 90' lang='lat' dir='ltr'>adimi</span> <span class='ocrx_word' id='word_1_77' title='bbox 505 525 599 551; x_wconf 88' lang='lat' dir='ltr'>civitas</span> <span class='ocrx_word' id='word_1_78' title='bbox 610 524 642 551; x_wconf 81' lang='lat' dir='ltr'>A.</span> <span class='ocrx_word' id='word_1_79' title='bbox 655 525 781 552; x_wconf 84' lang='lat' dir='ltr'>Caecinae</span> <span class='ocrx_word' id='word_1_80' title='bbox 793 524 851 560; x_wconf 82' lang='lat' dir='ltr'>lege</span> 
     </span>
     <span class='ocr_line' id='line_1_11' title="bbox 56 561 850 598; baseline 0 -10"><span class='ocrx_word' id='word_1_81' title='bbox 56 562 201 597; x_wconf 87' lang='lat' dir='ltr'>potuisset,</span> <span class='ocrx_word' id='word_1_82' title='bbox 227 563 313 598; x_wconf 86' lang='lat' dir='ltr'>magis</span> <span class='ocrx_word' id='word_1_83' title='bbox 331 562 406 589; x_wconf 88' lang='lat' dir='ltr'>illam</span> <span class='ocrx_word' id='word_1_84' title='bbox 424 563 552 589; x_wconf 90' lang='lat' dir='ltr'>rationem</span> <span class='ocrx_word' id='word_1_85' title='bbox 570 567 659 588; x_wconf 90' lang='lat' dir='ltr'>tamen</span> <span class='ocrx_word' id='word_1_86' title='bbox 677 570 768 588; x_wconf 89' lang='lat' dir='ltr'>omnes</span> <span class='ocrx_word' id='word_1_87' title='bbox 787 561 850 588; x_wconf 90' lang='lat' dir='ltr'>boni</span> 
     </span>
     <span class='ocr_line' id='line_1_12' title="bbox 56 599 852 634; baseline -0.001 -8"><span class='ocrx_word' id='word_1_88' title='bbox 56 608 256 634; x_wconf 83' lang='lat' dir='ltr'>quaereremus,</span> <span class='ocrx_word' id='word_1_89' title='bbox 272 600 498 634; x_wconf 86' lang='lat' dir='ltr'>quemadmodum</span> <span class='ocrx_word' id='word_1_90' title='bbox 509 600 736 634; x_wconf 86' lang='lat' dir='ltr'>spectatissimum</span> <span class='ocrx_word' id='word_1_91' title='bbox 746 599 852 634; x_wconf 85' lang='lat' dir='ltr'>puden-</span> 
     </span>
     <span class='ocr_line' id='line_1_13' title="bbox 57 636 852 672; baseline -0.001 -9"><span class='ocrx_word' id='word_1_92' title='bbox 57 637 249 672; x_wconf 87' lang='lat' dir='ltr'>tissimumque</span> <span class='ocrx_word' id='word_1_93' title='bbox 263 637 408 668; x_wconf 83' lang='lat' dir='ltr'>hominem,</span> <span class='ocrx_word' id='word_1_94' title='bbox 424 645 531 663; x_wconf 87' lang='lat' dir='ltr'>summo</span> <span class='ocrx_word' id='word_1_95' title='bbox 544 636 663 668; x_wconf 87' lang='lat' dir='ltr'>consilio⁷</span> <span class='ocrx_word' id='word_1_96' title='bbox 680 645 785 663; x_wconf 86' lang='lat' dir='ltr'>summa</span> <span class='ocrx_word' id='word_1_97' title='bbox 797 637 852 662; x_wconf 93' lang='lat' dir='ltr'>vir-</span> 
     </span>
     <span class='ocr_line' id='line_1_14' title="bbox 57 673 852 709; baseline 0 -9"><span class='ocrx_word' id='word_1_98' title='bbox 57 678 126 706; x_wconf 88' lang='lat' dir='ltr'>tute,</span> <span class='ocrx_word' id='word_1_99' title='bbox 147 683 252 700; x_wconf 89' lang='lat' dir='ltr'>summa</span> <span class='ocrx_word' id='word_1_100' title='bbox 266 675 420 701; x_wconf 83' lang='lat' dir='ltr'>auctoritate</span> <span class='ocrx_word' id='word_1_101' title='bbox 432 674 576 701; x_wconf 90' lang='lat' dir='ltr'>domestica</span> <span class='ocrx_word' id='word_1_102' title='bbox 594 673 758 709; x_wconf 88' lang='lat' dir='ltr'>praeditum,</span> <span class='ocrx_word' id='word_1_103' title='bbox 779 673 852 700; x_wconf 88' lang='lat' dir='ltr'>leva-</span> 
     </span>
     <span class='ocr_line' id='line_1_15' title="bbox 57 711 848 746; baseline -0.001 -8"><span class='ocrx_word' id='word_1_104' title='bbox 57 716 115 738; x_wconf 90' lang='lat' dir='ltr'>tum</span> <span class='ocrx_word' id='word_1_105' title='bbox 126 712 232 743; x_wconf 85' lang='lat' dir='ltr'>iniuria,</span> <span class='ocrx_word' id='word_1_106' title='bbox 245 712 331 738; x_wconf 89' lang='lat' dir='ltr'>civem</span> <span class='ocrx_word' id='word_1_107' title='bbox 341 712 454 738; x_wconf 90' lang='lat' dir='ltr'>retinere</span> <span class='ocrx_word' id='word_1_108' title='bbox 464 720 615 746; x_wconf 85' lang='lat' dir='ltr'>possemus,</span> <span class='ocrx_word' id='word_1_109' title='bbox 628 720 708 746; x_wconf 91' lang='lat' dir='ltr'>quam</span> <span class='ocrx_word' id='word_1_110' title='bbox 719 711 758 737; x_wconf 89' lang='lat' dir='ltr'>uti</span> <span class='ocrx_word' id='word_1_111' title='bbox 768 719 848 742; x_wconf 91' lang='lat' dir='ltr'>nunc,</span> 
     </span>
     <span class='ocr_line' id='line_1_16' title="bbox 57 748 852 784; baseline -0.001 -9"><span class='ocrx_word' id='word_1_112' title='bbox 57 757 143 784; x_wconf 89' lang='lat' dir='ltr'>quum</span> <span class='ocrx_word' id='word_1_113' title='bbox 157 748 190 775; x_wconf 88' lang='lat' dir='ltr'>de</span> <span class='ocrx_word' id='word_1_114' title='bbox 203 750 261 775; x_wconf 89' lang='lat' dir='ltr'>iure</span> <span class='ocrx_word' id='word_1_115' title='bbox 274 749 388 775; x_wconf 87' lang='lat' dir='ltr'>civitatis</span> <span class='ocrx_word' id='word_1_116' title='bbox 402 748 470 775; x_wconf 90' lang='lat' dir='ltr'>nihil</span> <span class='ocrx_word' id='word_1_117' title='bbox 481 749 596 783; x_wconf 90' lang='lat' dir='ltr'>potuerit</span> <span class='ocrx_word' id='word_1_118' title='bbox 606 748 759 783; x_wconf 83' lang='lat' dir='ltr'>deperdere,</span> <span class='ocrx_word' id='word_1_119' title='bbox 775 749 852 783; x_wconf 89' lang='lat' dir='ltr'>quis-</span> 
     </span>
     <span class='ocr_line' id='line_1_17' title="bbox 57 785 852 822; baseline 0 -10"><span class='ocrx_word' id='word_1_120' title='bbox 57 794 139 822; x_wconf 88' lang='lat' dir='ltr'>quam</span> <span class='ocrx_word' id='word_1_121' title='bbox 153 787 276 817; x_wconf 85' lang='lat' dir='ltr'>exsistat,</span> <span class='ocrx_word' id='word_1_122' title='bbox 296 786 348 812; x_wconf 89' lang='lat' dir='ltr'>nisi</span> <span class='ocrx_word' id='word_1_123' title='bbox 362 786 414 817; x_wconf 85' lang='lat' dir='ltr'>tui,</span> <span class='ocrx_word' id='word_1_124' title='bbox 435 785 527 817; x_wconf 80' lang='lat' dir='ltr'>Sexte,</span> <span class='ocrx_word' id='word_1_125' title='bbox 548 785 646 812; x_wconf 90' lang='lat' dir='ltr'>similis</span> <span class='ocrx_word' id='word_1_126' title='bbox 661 790 686 812; x_wconf 89' lang='lat' dir='ltr'>et</span> <span class='ocrx_word' id='word_1_127' title='bbox 699 785 813 812; x_wconf 89' lang='lat' dir='ltr'>stultitia</span> <span class='ocrx_word' id='word_1_128' title='bbox 826 790 852 812; x_wconf 87' lang='lat' dir='ltr'>et</span> 
     </span>
     <span class='ocr_line' id='line_1_18' title="bbox 56 823 849 858; baseline -0.001 -8"><span class='ocrx_word' id='word_1_129' title='bbox 56 823 232 858; x_wconf 85' lang='lat' dir='ltr'>impudentia,</span> <span class='ocrx_word' id='word_1_130' title='bbox 247 824 295 858; x_wconf 85' lang='lat' dir='ltr'>qui</span> <span class='ocrx_word' id='word_1_131' title='bbox 308 823 371 850; x_wconf 86' lang='lat' dir='ltr'>huic</span> <span class='ocrx_word' id='word_1_132' title='bbox 384 824 518 850; x_wconf 83' lang='lat' dir='ltr'>civitatem</span> <span class='ocrx_word' id='word_1_133' title='bbox 532 823 683 858; x_wconf 86' lang='lat' dir='ltr'>ademptam</span> <span class='ocrx_word' id='word_1_134' title='bbox 697 832 756 850; x_wconf 89' lang='lat' dir='ltr'>esse</span> <span class='ocrx_word' id='word_1_135' title='bbox 770 823 849 850; x_wconf 86' lang='lat' dir='ltr'>dicat.</span> 
     </span>
     <span class='ocr_line' id='line_1_19' title="bbox 59 860 852 896; baseline 0 -9"><span class='ocrx_word' id='word_1_136' title='bbox 59 863 116 887; x_wconf 69' lang='lat'>⁴03.</span> <span class='ocrx_word' id='word_1_137' title='bbox 135 860 186 893; x_wconf 86' lang='lat' dir='ltr'>Qui</span> <span class='ocrx_word' id='word_1_138' title='bbox 199 861 339 896; x_wconf 87' lang='lat' dir='ltr'>quoniam,</span> <span class='ocrx_word' id='word_1_139' title='bbox 355 865 564 896; x_wconf 86' lang='lat' dir='ltr'>recuperatores,</span> <span class='ocrx_word' id='word_1_140' title='bbox 585 869 667 887; x_wconf 90' lang='lat' dir='ltr'>suum</span> <span class='ocrx_word' id='word_1_141' title='bbox 681 861 724 887; x_wconf 90' lang='lat' dir='ltr'>ius</span> <span class='ocrx_word' id='word_1_142' title='bbox 739 869 791 888; x_wconf 91' lang='lat' dir='ltr'>non</span> <span class='ocrx_word' id='word_1_143' title='bbox 804 861 852 887; x_wconf 84' lang='lat' dir='ltr'>de-</span> 
     </span>
     <span class='ocr_line' id='line_1_20' title="bbox 57 897 851 933; baseline 0 -9"><span class='ocrx_word' id='word_1_144' title='bbox 57 898 152 929; x_wconf 87' lang='lat' dir='ltr'>seruit,</span> <span class='ocrx_word' id='word_1_145' title='bbox 174 906 260 933; x_wconf 86' lang='lat' dir='ltr'>neque</span> <span class='ocrx_word' id='word_1_146' title='bbox 278 898 427 933; x_wconf 90' lang='lat' dir='ltr'>quidquam</span> <span class='ocrx_word' id='word_1_147' title='bbox 444 898 519 925; x_wconf 89' lang='lat' dir='ltr'>illius</span> <span class='ocrx_word' id='word_1_148' title='bbox 537 898 662 924; x_wconf 86' lang='lat' dir='ltr'>audaciae</span> <span class='ocrx_word' id='word_1_149' title='bbox 675 897 851 933; x_wconf 86' lang='lat' dir='ltr'>petulantiae—</span> 
     </span>
     <span class='ocr_line' id='line_1_21' title="bbox 57 935 848 971; baseline 0.001 -10"><span class='ocrx_word' id='word_1_150' title='bbox 57 943 110 970; x_wconf 91' lang='lat' dir='ltr'>que</span> <span class='ocrx_word' id='word_1_151' title='bbox 127 936 270 966; x_wconf 87' lang='lat' dir='ltr'>concessit,</span> <span class='ocrx_word' id='word_1_152' title='bbox 291 935 447 971; x_wconf 86' lang='lat' dir='ltr'>derelinquo</span> <span class='ocrx_word' id='word_1_153' title='bbox 464 936 518 962; x_wconf 88' lang='lat' dir='ltr'>iam</span> <span class='ocrx_word' id='word_1_154' title='bbox 531 944 701 962; x_wconf 90' lang='lat' dir='ltr'>communem</span> <span class='ocrx_word' id='word_1_155' title='bbox 715 944 848 967; x_wconf 87' lang='lat' dir='ltr'>caussam,</span> 
     </span>
     <span class='ocr_line' id='line_1_22' title="bbox 56 972 848 1009; baseline 0.001 -10"><span class='ocrx_word' id='word_1_156' title='bbox 56 972 205 1008; x_wconf 87' lang='lat' dir='ltr'>populique</span> <span class='ocrx_word' id='word_1_157' title='bbox 218 973 329 999; x_wconf 87' lang='lat' dir='ltr'>Romani</span> <span class='ocrx_word' id='word_1_158' title='bbox 349 974 392 999; x_wconf 90' lang='lat' dir='ltr'>ius</span> <span class='ocrx_word' id='word_1_159' title='bbox 409 974 437 999; x_wconf 91' lang='lat' dir='ltr'>in</span> <span class='ocrx_word' id='word_1_160' title='bbox 451 978 539 999; x_wconf 88' lang='lat' dir='ltr'>vestra</span> <span class='ocrx_word' id='word_1_161' title='bbox 553 973 605 999; x_wconf 79' lang='lat' dir='ltr'>fide</span> <span class='ocrx_word' id='word_1_162' title='bbox 618 982 648 1000; x_wconf 85' lang='lat' dir='ltr'>ac</span> <span class='ocrx_word' id='word_1_163' title='bbox 661 973 789 1009; x_wconf 81' lang='lat' dir='ltr'>religione</span> <span class='ocrx_word' id='word_1_164' title='bbox 802 973 848 999; x_wconf 89' lang='lat' dir='ltr'>de-</span> 
     </span>
     <span class='ocr_line' id='line_1_23' title="bbox 56 1010 851 1046; baseline 0.001 -10"><span class='ocrx_word' id='word_1_165' title='bbox 56 1018 136 1045; x_wconf 83' lang='lat' dir='ltr'>pono.</span> <span class='ocrx_word' id='word_1_166' title='bbox 157 1010 281 1037; x_wconf 85' lang='lat' dir='ltr'><strong>XXXVI.</strong></span> <span class='ocrx_word' id='word_1_167' title='bbox 297 1011 321 1036; x_wconf 94' lang='lat' dir='ltr'>Is</span> <span class='ocrx_word' id='word_1_168' title='bbox 336 1010 415 1037; x_wconf 87' lang='lat' dir='ltr'>homo</span> <span class='ocrx_word' id='word_1_169' title='bbox 427 1011 462 1037; x_wconf 87' lang='lat' dir='ltr'>ita</span> <span class='ocrx_word' id='word_1_170' title='bbox 476 1019 505 1037; x_wconf 88' lang='lat' dir='ltr'>se</span> <span class='ocrx_word' id='word_1_171' title='bbox 514 1010 656 1046; x_wconf 90' lang='lat' dir='ltr'>probatum</span> <span class='ocrx_word' id='word_1_172' title='bbox 666 1011 743 1038; x_wconf 90' lang='lat' dir='ltr'>vobis</span> <span class='ocrx_word' id='word_1_173' title='bbox 754 1011 851 1038; x_wconf 85' lang='lat' dir='ltr'>vestri-</span> 
     </span>
     <span class='ocr_line' id='line_1_24' title="bbox 56 1047 850 1083; baseline 0.003 -10"><span class='ocrx_word' id='word_1_174' title='bbox 56 1055 110 1082; x_wconf 91' lang='lat' dir='ltr'>que</span> <span class='ocrx_word' id='word_1_175' title='bbox 123 1047 259 1074; x_wconf 87' lang='lat' dir='ltr'>similibus</span> <span class='ocrx_word' id='word_1_176' title='bbox 274 1056 380 1083; x_wconf 86' lang='lat' dir='ltr'>semper</span> <span class='ocrx_word' id='word_1_177' title='bbox 392 1047 487 1079; x_wconf 89' lang='lat' dir='ltr'>voluit,</span> <span class='ocrx_word' id='word_1_178' title='bbox 503 1052 533 1074; x_wconf 90' lang='lat' dir='ltr'>ut</span> <span class='ocrx_word' id='word_1_179' title='bbox 546 1057 598 1075; x_wconf 91' lang='lat' dir='ltr'>non</span> <span class='ocrx_word' id='word_1_180' title='bbox 612 1049 703 1075; x_wconf 90' lang='lat' dir='ltr'>minus</span> <span class='ocrx_word' id='word_1_181' title='bbox 717 1048 745 1075; x_wconf 90' lang='lat' dir='ltr'>id</span> <span class='ocrx_word' id='word_1_182' title='bbox 758 1049 786 1075; x_wconf 91' lang='lat' dir='ltr'>in</span> <span class='ocrx_word' id='word_1_183' title='bbox 801 1048 850 1074; x_wconf 84' lang='lat' dir='ltr'>hac</span> 
     </span>
     <span class='ocr_line' id='line_1_25' title="bbox 56 1084 850 1122; baseline 0.003 -11"><span class='ocrx_word' id='word_1_184' title='bbox 56 1092 151 1111; x_wconf 87' lang='lat' dir='ltr'>caussa</span> <span class='ocrx_word' id='word_1_185' title='bbox 166 1084 300 1118; x_wconf 85' lang='lat' dir='ltr'>laborarit,</span> <span class='ocrx_word' id='word_1_186' title='bbox 321 1094 370 1113; x_wconf 88' lang='lat' dir='ltr'>nec</span> <span class='ocrx_word' id='word_1_187' title='bbox 382 1085 547 1113; x_wconf 86' lang='lat' dir='ltr'>contenderit</span> <span class='ocrx_word' id='word_1_188' title='bbox 560 1085 647 1118; x_wconf 85' lang='lat' dir='ltr'>aliud,</span> <span class='ocrx_word' id='word_1_189' title='bbox 667 1094 749 1122; x_wconf 89' lang='lat' dir='ltr'>quam</span> <span class='ocrx_word' id='word_1_190' title='bbox 761 1094 794 1113; x_wconf 85' lang='lat' dir='ltr'>ne</span> <span class='ocrx_word' id='word_1_191' title='bbox 807 1086 850 1112; x_wconf 89' lang='lat' dir='ltr'>ius</span> 
     </span>
    </p>
   </div>
   <div class='ocr_carea' id='block_1_3' title="bbox 878 239 882 1116">
    <p class='ocr_par' dir='ltr' id='par_1_3' title="bbox 878 239 882 1116">
     <span class='ocr_line' id='line_1_26' title="bbox 878 239 882 1116; baseline 0 0"><span class='ocrx_word' id='word_1_192' title='bbox 878 239 882 1116; x_wconf 95' lang='lat' dir='ltr'> </span> 
     </span>
    </p>
   </div>
   <div class='ocr_carea' id='block_1_4' title="bbox 1646 160 1694 185">
    <p class='ocr_par' dir='ltr' id='par_1_4' title="bbox 1646 160 1694 185">
     <span class='ocr_line' id='line_1_27' title="bbox 1646 160 1694 185; baseline 0.042 -2"><span class='ocrx_word' id='word_1_193' title='bbox 1646 160 1694 185; x_wconf 68' lang='lat'>3655</span> 
     </span>
    </p>
   </div>
   <div class='ocr_carea' id='block_1_5' title="bbox 899 225 1698 1113">
    <p class='ocr_par' dir='ltr' id='par_1_5' title="bbox 899 225 1694 335">
     <span class='ocr_line' id='line_1_28' title="bbox 899 225 1693 261; baseline 0.004 -9"><span class='ocrx_word' id='word_1_194' title='bbox 899 234 980 252; x_wconf 88' lang='lat' dir='ltr'>suum</span> <span class='ocrx_word' id='word_1_195' title='bbox 993 225 1123 252; x_wconf 86' lang='lat' dir='ltr'>dissolute</span> <span class='ocrx_word' id='word_1_196' title='bbox 1137 225 1288 261; x_wconf 88' lang='lat' dir='ltr'>relinquere</span> <span class='ocrx_word' id='word_1_197' title='bbox 1301 226 1444 258; x_wconf 87' lang='lat' dir='ltr'>videretur,</span> <span class='ocrx_word' id='word_1_198' title='bbox 1457 234 1506 253; x_wconf 85' lang='lat' dir='ltr'>nec</span> <span class='ocrx_word' id='word_1_199' title='bbox 1515 229 1607 254; x_wconf 84' lang='lat' dir='ltr'>minus</span> <span class='ocrx_word' id='word_1_200' title='bbox 1618 236 1693 255; x_wconf 76' lang='lat' dir='ltr'>vere-</span> 
     </span>
     <span class='ocr_line' id='line_1_29' title="bbox 899 264 1694 299; baseline 0.004 -10"><span class='ocrx_word' id='word_1_201' title='bbox 899 268 984 294; x_wconf 85' lang='lat' dir='ltr'>retur,</span> <span class='ocrx_word' id='word_1_202' title='bbox 1001 272 1033 289; x_wconf 88' lang='lat' dir='ltr'>ne</span> <span class='ocrx_word' id='word_1_203' title='bbox 1047 268 1215 290; x_wconf 86' lang='lat' dir='ltr'>contemnere</span> <span class='ocrx_word' id='word_1_204' title='bbox 1227 264 1381 296; x_wconf 82' lang='lat' dir='ltr'>Aebutium,</span> <span class='ocrx_word' id='word_1_205' title='bbox 1397 273 1479 299; x_wconf 91' lang='lat' dir='ltr'>quam</span> <span class='ocrx_word' id='word_1_206' title='bbox 1494 273 1526 291; x_wconf 89' lang='lat' dir='ltr'>ne</span> <span class='ocrx_word' id='word_1_207' title='bbox 1540 264 1573 291; x_wconf 90' lang='lat' dir='ltr'>ab</span> <span class='ocrx_word' id='word_1_208' title='bbox 1587 273 1618 292; x_wconf 85' lang='lat' dir='ltr'>eo</span> <span class='ocrx_word' id='word_1_209' title='bbox 1630 274 1694 292; x_wconf 88' lang='lat' dir='ltr'>con-</span> 
     </span>
     <span class='ocr_line' id='line_1_30' title="bbox 900 301 1312 335; baseline 0 -8"><span class='ocrx_word' id='word_1_210' title='bbox 900 305 1017 335; x_wconf 89' lang='lat' dir='ltr'>temptus</span> <span class='ocrx_word' id='word_1_211' title='bbox 1032 309 1091 327; x_wconf 86' lang='lat' dir='ltr'>esse</span> <span class='ocrx_word' id='word_1_212' title='bbox 1105 301 1312 328; x_wconf 82' lang='lat' dir='ltr'>existimaretur.</span> 
     </span>
    </p>

    <p class='ocr_par' dir='ltr' id='par_1_6' title="bbox 900 337 1698 1113">
     <span class='ocr_line' id='line_1_31' title="bbox 958 337 1695 374; baseline 0.003 -10"><span class='ocrx_word' id='word_1_213' title='bbox 958 339 1014 364; x_wconf 77' lang='lat'>404.</span> <span class='ocrx_word' id='word_1_214' title='bbox 1029 337 1195 373; x_wconf 89' lang='lat' dir='ltr'>Quapropter</span> <span class='ocrx_word' id='word_1_215' title='bbox 1208 339 1232 365; x_wconf 92' lang='lat' dir='ltr'>si</span> <span class='ocrx_word' id='word_1_216' title='bbox 1245 338 1312 374; x_wconf 90' lang='lat' dir='ltr'>quid</span> <span class='ocrx_word' id='word_1_217' title='bbox 1326 343 1399 365; x_wconf 81' lang='lat' dir='ltr'>extra</span> <span class='ocrx_word' id='word_1_218' title='bbox 1412 338 1543 365; x_wconf 90' lang='lat' dir='ltr'>iudicium</span> <span class='ocrx_word' id='word_1_219' title='bbox 1557 344 1606 370; x_wconf 83' lang='lat' dir='ltr'>est,</span> <span class='ocrx_word' id='word_1_220' title='bbox 1622 339 1695 374; x_wconf 88' lang='lat' dir='ltr'>quod</span> 
     </span>
     <span class='ocr_line' id='line_1_32' title="bbox 900 375 1694 412; baseline 0.003 -11"><span class='ocrx_word' id='word_1_221' title='bbox 900 375 1003 402; x_wconf 89' lang='lat' dir='ltr'>homini</span> <span class='ocrx_word' id='word_1_222' title='bbox 1021 376 1194 402; x_wconf 91' lang='lat' dir='ltr'>tribuendum</span> <span class='ocrx_word' id='word_1_223' title='bbox 1213 377 1261 402; x_wconf 88' lang='lat' dir='ltr'>sit:</span> <span class='ocrx_word' id='word_1_224' title='bbox 1287 376 1391 402; x_wconf 87' lang='lat' dir='ltr'>habetis</span> <span class='ocrx_word' id='word_1_225' title='bbox 1409 376 1545 402; x_wconf 91' lang='lat' dir='ltr'>hominem</span> <span class='ocrx_word' id='word_1_226' title='bbox 1563 376 1694 412; x_wconf 83' lang='lat' dir='ltr'>singulari</span> 
     </span>
     <span class='ocr_line' id='line_1_33' title="bbox 901 413 1695 448; baseline 0.001 -9"><span class='ocrx_word' id='word_1_227' title='bbox 901 413 1015 448; x_wconf 86' lang='lat' dir='ltr'>pudore,</span> <span class='ocrx_word' id='word_1_228' title='bbox 1031 413 1129 439; x_wconf 86' lang='lat' dir='ltr'>virtute</span> <span class='ocrx_word' id='word_1_229' title='bbox 1142 414 1257 448; x_wconf 84' lang='lat' dir='ltr'>cognita,</span> <span class='ocrx_word' id='word_1_230' title='bbox 1274 418 1299 439; x_wconf 94' lang='lat' dir='ltr'>et</span> <span class='ocrx_word' id='word_1_231' title='bbox 1312 418 1428 448; x_wconf 87' lang='lat' dir='ltr'>spectata</span> <span class='ocrx_word' id='word_1_232' title='bbox 1443 413 1502 444; x_wconf 80' lang='lat' dir='ltr'>fide,</span> <span class='ocrx_word' id='word_1_233' title='bbox 1519 413 1695 448; x_wconf 86' lang='lat' dir='ltr'>amplissimis</span> 
     </span>
     <span class='ocr_line' id='line_1_34' title="bbox 901 450 1695 487; baseline 0.003 -11"><span class='ocrx_word' id='word_1_234' title='bbox 901 450 966 476; x_wconf 85' lang='lat' dir='ltr'>viris</span> <span class='ocrx_word' id='word_1_235' title='bbox 984 450 1104 476; x_wconf 88' lang='lat' dir='ltr'>Etruriae</span> <span class='ocrx_word' id='word_1_236' title='bbox 1125 451 1220 481; x_wconf 80' lang='lat' dir='ltr'>totius,</span> <span class='ocrx_word' id='word_1_237' title='bbox 1245 451 1273 477; x_wconf 89' lang='lat' dir='ltr'>in</span> <span class='ocrx_word' id='word_1_238' title='bbox 1296 455 1408 486; x_wconf 89' lang='lat' dir='ltr'>utraque</span> <span class='ocrx_word' id='word_1_239' title='bbox 1432 450 1536 477; x_wconf 84' lang='lat' dir='ltr'>fortuna</span> <span class='ocrx_word' id='word_1_240' title='bbox 1558 452 1695 487; x_wconf 82' lang='lat' dir='ltr'>cognitum</span> 
     </span>
     <span class='ocr_line' id='line_1_35' title="bbox 901 487 1695 524; baseline 0.003 -11"><span class='ocrx_word' id='word_1_241' title='bbox 901 487 994 513; x_wconf 90' lang='lat' dir='ltr'>multis</span> <span class='ocrx_word' id='word_1_242' title='bbox 1013 488 1099 523; x_wconf 80' lang='lat' dir='ltr'>signis</span> <span class='ocrx_word' id='word_1_243' title='bbox 1118 492 1143 513; x_wconf 91' lang='lat' dir='ltr'>et</span> <span class='ocrx_word' id='word_1_244' title='bbox 1156 489 1264 514; x_wconf 89' lang='lat' dir='ltr'>virtutis</span> <span class='ocrx_word' id='word_1_245' title='bbox 1278 492 1304 514; x_wconf 93' lang='lat' dir='ltr'>et</span> <span class='ocrx_word' id='word_1_246' title='bbox 1318 488 1502 514; x_wconf 85' lang='lat' dir='ltr'>humanitatis.</span> <span class='ocrx_word' id='word_1_247' title='bbox 1544 488 1572 515; x_wconf 87' lang='lat' dir='ltr'>Si</span> <span class='ocrx_word' id='word_1_248' title='bbox 1586 488 1653 524; x_wconf 90' lang='lat' dir='ltr'>quid</span> <span class='ocrx_word' id='word_1_249' title='bbox 1667 489 1695 515; x_wconf 89' lang='lat' dir='ltr'>in</span> 
     </span>
     <span class='ocr_line' id='line_1_36' title="bbox 901 525 1696 559; baseline 0.003 -9"><span class='ocrx_word' id='word_1_250' title='bbox 901 525 1030 551; x_wconf 88' lang='lat' dir='ltr'>contraria</span> <span class='ocrx_word' id='word_1_251' title='bbox 1048 529 1121 559; x_wconf 84' lang='lat' dir='ltr'>parte</span> <span class='ocrx_word' id='word_1_252' title='bbox 1140 525 1167 551; x_wconf 91' lang='lat' dir='ltr'>in</span> <span class='ocrx_word' id='word_1_253' title='bbox 1186 525 1293 552; x_wconf 90' lang='lat' dir='ltr'>homine</span> <span class='ocrx_word' id='word_1_254' title='bbox 1311 525 1499 552; x_wconf 83' lang='lat' dir='ltr'>offendendum</span> <span class='ocrx_word' id='word_1_255' title='bbox 1517 526 1566 552; x_wconf 89' lang='lat' dir='ltr'>sit:</span> <span class='ocrx_word' id='word_1_256' title='bbox 1591 526 1696 552; x_wconf 88' lang='lat' dir='ltr'>habetis</span> 
     </span>
     <span class='ocr_line' id='line_1_37' title="bbox 903 562 1698 599; baseline 0.004 -12"><span class='ocrx_word' id='word_1_257' title='bbox 903 570 974 593; x_wconf 88' lang='lat' dir='ltr'>eum,</span> <span class='ocrx_word' id='word_1_258' title='bbox 990 566 1020 588; x_wconf 95' lang='lat' dir='ltr'>ut</span> <span class='ocrx_word' id='word_1_259' title='bbox 1034 562 1100 588; x_wconf 89' lang='lat' dir='ltr'>nihil</span> <span class='ocrx_word' id='word_1_260' title='bbox 1115 562 1202 588; x_wconf 87' lang='lat' dir='ltr'>dicam</span> <span class='ocrx_word' id='word_1_261' title='bbox 1217 562 1344 597; x_wconf 88' lang='lat' dir='ltr'>amplius,</span> <span class='ocrx_word' id='word_1_262' title='bbox 1359 563 1407 598; x_wconf 90' lang='lat' dir='ltr'>qui</span> <span class='ocrx_word' id='word_1_263' title='bbox 1421 571 1449 589; x_wconf 91' lang='lat' dir='ltr'>se</span> <span class='ocrx_word' id='word_1_264' title='bbox 1460 563 1581 590; x_wconf 90' lang='lat' dir='ltr'>homines</span> <span class='ocrx_word' id='word_1_265' title='bbox 1592 563 1698 599; x_wconf 74' lang='lat' dir='ltr'>coegis-</span> 
     </span>
     <span class='ocr_line' id='line_1_38' title="bbox 902 599 1697 636; baseline 0.003 -11"><span class='ocrx_word' id='word_1_266' title='bbox 902 608 931 625; x_wconf 91' lang='lat' dir='ltr'>se</span> <span class='ocrx_word' id='word_1_267' title='bbox 945 599 1066 625; x_wconf 82' lang='lat' dir='ltr'>fateatur.</span> <span class='ocrx_word' id='word_1_268' title='bbox 1089 599 1145 630; x_wconf 86' lang='lat' dir='ltr'>Sin,</span> <span class='ocrx_word' id='word_1_269' title='bbox 1162 599 1318 626; x_wconf 81' lang='lat' dir='ltr'>hominibus</span> <span class='ocrx_word' id='word_1_270' title='bbox 1332 601 1449 631; x_wconf 84' lang='lat' dir='ltr'>remotis,</span> <span class='ocrx_word' id='word_1_271' title='bbox 1466 600 1498 626; x_wconf 88' lang='lat' dir='ltr'>de</span> <span class='ocrx_word' id='word_1_272' title='bbox 1509 609 1602 627; x_wconf 88' lang='lat' dir='ltr'>caussa</span> <span class='ocrx_word' id='word_1_273' title='bbox 1613 609 1697 636; x_wconf 90' lang='lat' dir='ltr'>quae-</span> 
     </span>
     <span class='ocr_line' id='line_1_39' title="bbox 902 636 1696 673; baseline 0.003 -11"><span class='ocrx_word' id='word_1_274' title='bbox 902 637 974 663; x_wconf 89' lang='lat' dir='ltr'>ritis:</span> <span class='ocrx_word' id='word_1_275' title='bbox 990 645 1076 671; x_wconf 87' lang='lat' dir='ltr'>quum</span> <span class='ocrx_word' id='word_1_276' title='bbox 1090 636 1221 663; x_wconf 82' lang='lat' dir='ltr'>iudicium</span> <span class='ocrx_word' id='word_1_277' title='bbox 1235 637 1268 663; x_wconf 87' lang='lat' dir='ltr'>de</span> <span class='ocrx_word' id='word_1_278' title='bbox 1281 638 1309 663; x_wconf 92' lang='lat' dir='ltr'>vi</span> <span class='ocrx_word' id='word_1_279' title='bbox 1323 638 1371 663; x_wconf 89' lang='lat' dir='ltr'>sit:</span> <span class='ocrx_word' id='word_1_280' title='bbox 1388 638 1420 668; x_wconf 91' lang='lat' dir='ltr'>is,</span> <span class='ocrx_word' id='word_1_281' title='bbox 1437 638 1484 672; x_wconf 88' lang='lat' dir='ltr'>qui</span> <span class='ocrx_word' id='word_1_282' title='bbox 1496 638 1625 673; x_wconf 83' lang='lat' dir='ltr'>arguitur,</span> <span class='ocrx_word' id='word_1_283' title='bbox 1640 638 1696 664; x_wconf 88' lang='lat' dir='ltr'>vim</span> 
     </span>
     <span class='ocr_line' id='line_1_40' title="bbox 902 674 1695 707; baseline 0.003 -7"><span class='ocrx_word' id='word_1_284' title='bbox 902 682 931 700; x_wconf 87' lang='lat' dir='ltr'>se</span> <span class='ocrx_word' id='word_1_285' title='bbox 945 674 1100 700; x_wconf 89' lang='lat' dir='ltr'>hominibus</span> <span class='ocrx_word' id='word_1_286' title='bbox 1115 675 1222 700; x_wconf 90' lang='lat' dir='ltr'>armatis</span> <span class='ocrx_word' id='word_1_287' title='bbox 1238 674 1334 700; x_wconf 83' lang='lat' dir='ltr'>fecisse</span> <span class='ocrx_word' id='word_1_288' title='bbox 1348 674 1473 701; x_wconf 84' lang='lat' dir='ltr'>fateatur:</span> <span class='ocrx_word' id='word_1_289' title='bbox 1489 675 1570 702; x_wconf 87' lang='lat' dir='ltr'>verbo</span> <span class='ocrx_word' id='word_1_290' title='bbox 1584 684 1626 707; x_wconf 90' lang='lat' dir='ltr'>se,</span> <span class='ocrx_word' id='word_1_291' title='bbox 1643 683 1695 702; x_wconf 87' lang='lat' dir='ltr'>non</span> 
     </span>
     <span class='ocr_line' id='line_1_41' title="bbox 902 710 1695 746; baseline 0.003 -9"><span class='ocrx_word' id='word_1_292' title='bbox 902 711 1034 746; x_wconf 87' lang='lat' dir='ltr'>aequitate</span> <span class='ocrx_word' id='word_1_293' title='bbox 1052 710 1194 737; x_wconf 79' lang='lat' dir='ltr'>defendere</span> <span class='ocrx_word' id='word_1_294' title='bbox 1212 716 1333 738; x_wconf 87' lang='lat' dir='ltr'>conetur:</span> <span class='ocrx_word' id='word_1_295' title='bbox 1359 711 1387 737; x_wconf 89' lang='lat' dir='ltr'>id</span> <span class='ocrx_word' id='word_1_296' title='bbox 1410 720 1517 746; x_wconf 86' lang='lat' dir='ltr'>quoque</span> <span class='ocrx_word' id='word_1_297' title='bbox 1540 713 1563 739; x_wconf 91' lang='lat' dir='ltr'>ei</span> <span class='ocrx_word' id='word_1_298' title='bbox 1582 713 1695 739; x_wconf 85' lang='lat' dir='ltr'>verbum</span> 
     </span>
     <span class='ocr_line' id='line_1_42' title="bbox 901 748 1696 784; baseline 0.003 -10"><span class='ocrx_word' id='word_1_299' title='bbox 901 749 992 783; x_wconf 89' lang='lat' dir='ltr'>ipsum</span> <span class='ocrx_word' id='word_1_300' title='bbox 1007 748 1142 783; x_wconf 89' lang='lat' dir='ltr'>direptum</span> <span class='ocrx_word' id='word_1_301' title='bbox 1153 757 1212 774; x_wconf 88' lang='lat' dir='ltr'>esse</span> <span class='ocrx_word' id='word_1_302' title='bbox 1223 748 1345 780; x_wconf 86' lang='lat' dir='ltr'>videatis,</span> <span class='ocrx_word' id='word_1_303' title='bbox 1362 749 1542 775; x_wconf 89' lang='lat' dir='ltr'>auctoritatem</span> <span class='ocrx_word' id='word_1_304' title='bbox 1554 751 1696 784; x_wconf 87' lang='lat' dir='ltr'>sapientis-</span> 
     </span>
     <span class='ocr_line' id='line_1_43' title="bbox 902 785 1696 817; baseline 0.003 -5"><span class='ocrx_word' id='word_1_305' title='bbox 902 786 1032 812; x_wconf 89' lang='lat' dir='ltr'>simorum</span> <span class='ocrx_word' id='word_1_306' title='bbox 1047 786 1187 812; x_wconf 88' lang='lat' dir='ltr'>hominum</span> <span class='ocrx_word' id='word_1_307' title='bbox 1202 785 1286 812; x_wconf 83' lang='lat' dir='ltr'>facere</span> <span class='ocrx_word' id='word_1_308' title='bbox 1296 786 1446 817; x_wconf 86' lang='lat' dir='ltr'>nobiscum,</span> <span class='ocrx_word' id='word_1_309' title='bbox 1462 787 1490 812; x_wconf 88' lang='lat' dir='ltr'>in</span> <span class='ocrx_word' id='word_1_310' title='bbox 1500 786 1631 813; x_wconf 87' lang='lat' dir='ltr'>iudicium</span> <span class='ocrx_word' id='word_1_311' title='bbox 1644 796 1696 814; x_wconf 90' lang='lat' dir='ltr'>non</span> 
     </span>
     <span class='ocr_line' id='line_1_44' title="bbox 902 823 1696 858; baseline 0.003 -9"><span class='ocrx_word' id='word_1_312' title='bbox 902 824 1006 854; x_wconf 88' lang='lat' dir='ltr'>venire,</span> <span class='ocrx_word' id='word_1_313' title='bbox 1027 827 1118 849; x_wconf 88' lang='lat' dir='ltr'>utrum</span> <span class='ocrx_word' id='word_1_314' title='bbox 1132 823 1243 850; x_wconf 87' lang='lat' dir='ltr'>Caecina</span> <span class='ocrx_word' id='word_1_315' title='bbox 1257 823 1418 858; x_wconf 84' lang='lat' dir='ltr'>possederit,</span> <span class='ocrx_word' id='word_1_316' title='bbox 1435 832 1531 854; x_wconf 89' lang='lat' dir='ltr'>necne,</span> <span class='ocrx_word' id='word_1_317' title='bbox 1548 829 1635 851; x_wconf 86' lang='lat' dir='ltr'>tamen</span> <span class='ocrx_word' id='word_1_318' title='bbox 1649 824 1696 852; x_wconf 93' lang='lat' dir='ltr'>do-</span> 
     </span>
     <span class='ocr_line' id='line_1_45' title="bbox 902 860 1697 896; baseline 0.001 -9"><span class='ocrx_word' id='word_1_319' title='bbox 902 861 955 887; x_wconf 89' lang='lat' dir='ltr'>ceri</span> <span class='ocrx_word' id='word_1_320' title='bbox 970 860 1124 895; x_wconf 83' lang='lat' dir='ltr'>possedisse</span> <span class='ocrx_word' id='word_1_321' title='bbox 1138 860 1222 887; x_wconf 90' lang='lat' dir='ltr'>multo</span> <span class='ocrx_word' id='word_1_322' title='bbox 1236 861 1315 887; x_wconf 89' lang='lat' dir='ltr'>etiam</span> <span class='ocrx_word' id='word_1_323' title='bbox 1329 861 1420 887; x_wconf 86' lang='lat' dir='ltr'>minus</span> <span class='ocrx_word' id='word_1_324' title='bbox 1432 861 1538 896; x_wconf 89' lang='lat' dir='ltr'>quaeri,</span> <span class='ocrx_word' id='word_1_325' title='bbox 1558 861 1590 888; x_wconf 80' lang='lat' dir='ltr'>A.</span> <span class='ocrx_word' id='word_1_326' title='bbox 1606 861 1697 888; x_wconf 88' lang='lat' dir='ltr'>Caeci-</span> 
     </span>
     <span class='ocr_line' id='line_1_46' title="bbox 903 898 1694 933; baseline 0.001 -9"><span class='ocrx_word' id='word_1_327' title='bbox 903 906 952 925; x_wconf 89' lang='lat' dir='ltr'>nae</span> <span class='ocrx_word' id='word_1_328' title='bbox 965 898 1067 925; x_wconf 83' lang='lat' dir='ltr'>fundus</span> <span class='ocrx_word' id='word_1_329' title='bbox 1081 899 1127 929; x_wconf 89' lang='lat' dir='ltr'>sit,</span> <span class='ocrx_word' id='word_1_330' title='bbox 1145 907 1240 930; x_wconf 87' lang='lat' dir='ltr'>necne,</span> <span class='ocrx_word' id='word_1_331' title='bbox 1257 907 1300 925; x_wconf 92' lang='lat' dir='ltr'>me</span> <span class='ocrx_word' id='word_1_332' title='bbox 1313 902 1401 925; x_wconf 88' lang='lat' dir='ltr'>tamen</span> <span class='ocrx_word' id='word_1_333' title='bbox 1414 898 1442 925; x_wconf 92' lang='lat' dir='ltr'>id</span> <span class='ocrx_word' id='word_1_334' title='bbox 1456 899 1547 933; x_wconf 85' lang='lat' dir='ltr'>ipsum</span> <span class='ocrx_word' id='word_1_335' title='bbox 1561 898 1694 931; x_wconf 79' lang='lat' dir='ltr'>docuisse,</span> 
     </span>
     <span class='ocr_line' id='line_1_47' title="bbox 902 935 1698 971; baseline 0.001 -9"><span class='ocrx_word' id='word_1_336' title='bbox 902 935 1018 962; x_wconf 85' lang='lat' dir='ltr'>fundum</span> <span class='ocrx_word' id='word_1_337' title='bbox 1032 944 1091 962; x_wconf 87' lang='lat' dir='ltr'>esse</span> <span class='ocrx_word' id='word_1_338' title='bbox 1101 935 1283 963; x_wconf 72' lang='lat' dir='ltr'>Caecinae-2</span> <span class='ocrx_word' id='word_1_339' title='bbox 1299 944 1384 971; x_wconf 89' lang='lat' dir='ltr'>quum</span> <span class='ocrx_word' id='word_1_340' title='bbox 1399 935 1463 962; x_wconf 86' lang='lat' dir='ltr'>haec</span> <span class='ocrx_word' id='word_1_341' title='bbox 1476 936 1512 962; x_wconf 84' lang='lat' dir='ltr'>ita</span> <span class='ocrx_word' id='word_1_342' title='bbox 1523 936 1585 967; x_wconf 87' lang='lat' dir='ltr'>sint,</span> <span class='ocrx_word' id='word_1_343' title='bbox 1602 938 1698 963; x_wconf 89' lang='lat' dir='ltr'>statui—</span> 
     </span>
     <span class='ocr_line' id='line_1_48' title="bbox 902 973 1697 1009; baseline 0.001 -10"><span class='ocrx_word' id='word_1_344' title='bbox 902 977 928 999; x_wconf 90' lang='lat' dir='ltr'>te</span> <span class='ocrx_word' id='word_1_345' title='bbox 944 973 1012 1009; x_wconf 90' lang='lat' dir='ltr'>quid</span> <span class='ocrx_word' id='word_1_346' title='bbox 1030 981 1077 1000; x_wconf 93' lang='lat' dir='ltr'>vos</span> <span class='ocrx_word' id='word_1_347' title='bbox 1097 978 1214 1008; x_wconf 87' lang='lat' dir='ltr'>tempora</span> <span class='ocrx_word' id='word_1_348' title='bbox 1233 973 1397 1008; x_wconf 89' lang='lat' dir='ltr'>reipublicae</span> <span class='ocrx_word' id='word_1_349' title='bbox 1411 973 1444 1000; x_wconf 87' lang='lat' dir='ltr'>de</span> <span class='ocrx_word' id='word_1_350' title='bbox 1458 974 1566 1000; x_wconf 88' lang='lat' dir='ltr'>armatis</span> <span class='ocrx_word' id='word_1_351' title='bbox 1581 974 1697 1000; x_wconf 84' lang='lat' dir='ltr'>homini-</span> 
     </span>
     <span class='ocr_line' id='line_1_49' title="bbox 901 1010 1697 1046; baseline 0.001 -9"><span class='ocrx_word' id='word_1_352' title='bbox 901 1010 968 1043; x_wconf 84' lang='lat' dir='ltr'>bus,</span> <span class='ocrx_word' id='word_1_353' title='bbox 988 1010 1055 1046; x_wconf 87' lang='lat' dir='ltr'>quid</span> <span class='ocrx_word' id='word_1_354' title='bbox 1068 1010 1143 1037; x_wconf 89' lang='lat' dir='ltr'>illius</span> <span class='ocrx_word' id='word_1_355' title='bbox 1157 1010 1290 1038; x_wconf 79' lang='lat' dir='ltr'>confessio</span> <span class='ocrx_word' id='word_1_356' title='bbox 1304 1010 1336 1037; x_wconf 92' lang='lat' dir='ltr'>de</span> <span class='ocrx_word' id='word_1_357' title='bbox 1351 1011 1391 1042; x_wconf 88' lang='lat' dir='ltr'>vi,</span> <span class='ocrx_word' id='word_1_358' title='bbox 1412 1010 1479 1046; x_wconf 90' lang='lat' dir='ltr'>quid</span> <span class='ocrx_word' id='word_1_359' title='bbox 1494 1016 1582 1038; x_wconf 89' lang='lat' dir='ltr'>nostra</span> <span class='ocrx_word' id='word_1_360' title='bbox 1596 1011 1697 1038; x_wconf 85' lang='lat' dir='ltr'>decisio</span> 
     </span>
     <span class='ocr_line' id='line_1_50' title="bbox 901 1047 1694 1084; baseline 0.003 -10"><span class='ocrx_word' id='word_1_361' title='bbox 901 1047 934 1074; x_wconf 89' lang='lat' dir='ltr'>de</span> <span class='ocrx_word' id='word_1_362' title='bbox 948 1049 1088 1083; x_wconf 87' lang='lat' dir='ltr'>aequitate,</span> <span class='ocrx_word' id='word_1_363' title='bbox 1104 1048 1171 1084; x_wconf 90' lang='lat' dir='ltr'>quid</span> <span class='ocrx_word' id='word_1_364' title='bbox 1184 1049 1250 1076; x_wconf 89' lang='lat' dir='ltr'>ratio</span> <span class='ocrx_word' id='word_1_365' title='bbox 1262 1048 1396 1076; x_wconf 84' lang='lat' dir='ltr'>interdicti</span> <span class='ocrx_word' id='word_1_366' title='bbox 1410 1048 1442 1076; x_wconf 87' lang='lat' dir='ltr'>de</span> <span class='ocrx_word' id='word_1_367' title='bbox 1456 1049 1514 1076; x_wconf 88' lang='lat' dir='ltr'>iure</span> <span class='ocrx_word' id='word_1_368' title='bbox 1528 1048 1694 1079; x_wconf 83' lang='lat' dir='ltr'>admoneant,</span> 
     </span>
     <span class='ocr_line' id='line_1_51' title="bbox 901 1086 1079 1113; baseline 0.006 -1"><span class='ocrx_word' id='word_1_369' title='bbox 901 1090 931 1112; x_wconf 90' lang='lat' dir='ltr'>ut</span> <span class='ocrx_word' id='word_1_370' title='bbox 944 1086 1079 1113; x_wconf 77' lang='lat' dir='ltr'>iudicetis.</span> 
     </span>
    </p>
   </div>
   <div class='ocr_carea' id='block_1_6' title="bbox 758 1177 990 1193">
    <p class='ocr_par' dir='ltr' id='par_1_7' title="bbox 758 1177 990 1193">
     <span class='ocr_line' id='line_1_52' title="bbox 758 1177 990 1193; baseline 0.004 -5"><span class='ocrx_word' id='word_1_371' title='bbox 758 1177 990 1193; x_wconf 43' lang='lat' dir='ltr'>—znoooe—</span> 
     </span>
    </p>
   </div>
   <div class='ocr_carea' id='block_1_7' title="bbox 848 1343 1237 1452">
    <p class='ocr_par' dir='ltr' id='par_1_8' title="bbox 848 1343 1237 1452">
     <span class='ocr_line' id='line_1_53' title="bbox 848 1343 892 1370; baseline -0.023 0"><span class='ocrx_word' id='word_1_372' title='bbox 848 1343 892 1370; x_wconf 78' lang='lat'>27.</span> 
     </span>
     <span class='ocr_line' id='line_1_54' title="bbox 873 1419 1237 1452; baseline 0 -1"><span class='ocrx_word' id='word_1_373' title='bbox 873 1419 1237 1452; x_wconf 83' lang='lat' dir='ltr'>CICERONIS</span> 
     </span>
    </p>
   </div>
   <div class='ocr_carea' id='block_1_8' title="bbox 511 1419 820 1451">
    <p class='ocr_par' dir='ltr' id='par_1_9' title="bbox 511 1419 820 1451">
     <span class='ocr_line' id='line_1_55' title="bbox 511 1419 820 1451; baseline 0.003 -1"><span class='ocrx_word' id='word_1_374' title='bbox 511 1419 546 1450; x_wconf 83' lang='lat' dir='ltr'>M.</span> <span class='ocrx_word' id='word_1_375' title='bbox 597 1420 820 1451; x_wconf 91' lang='lat' dir='ltr'>TULLII</span> 
     </span>
    </p>
   </div>
   <div class='ocr_carea' id='block_1_9' title="bbox 834 1515 922 1535">
    <p class='ocr_par' dir='ltr' id='par_1_10' title="bbox 834 1515 922 1535">
     <span class='ocr_line' id='line_1_56' title="bbox 834 1515 922 1535; baseline 0 0"><span class='ocrx_word' id='word_1_376' title='bbox 834 1515 922 1535; x_wconf 81' lang='lat' dir='ltr'>PRO</span> 
     </span>
    </p>
   </div>
   <div class='ocr_carea' id='block_1_10' title="bbox 219 1585 820 1638">
    <p class='ocr_par' dir='ltr' id='par_1_11' title="bbox 219 1585 820 1638">
     <span class='ocr_line' id='line_1_57' title="bbox 219 1585 820 1638; baseline 0.005 -3"><span class='ocrx_word' id='word_1_377' title='bbox 219 1585 820 1638; x_wconf 80' lang='lat' dir='ltr'><strong>LEGEM</strong></span> 
     </span>
    </p>
   </div>
   <div class='ocr_carea' id='block_1_11' title="bbox 833 1707 882 1727">
    <p class='ocr_par' dir='ltr' id='par_1_12' title="bbox 833 1707 882 1727">
     <span class='ocr_line' id='line_1_58' title="bbox 833 1707 882 1727; baseline 0 0"><span class='ocrx_word' id='word_1_378' title='bbox 833 1707 882 1727; x_wconf 71' lang='lat' dir='ltr'>st:</span> 
     </span>
    </p>
   </div>
   <div class='ocr_carea' id='block_1_12' title="bbox 907 1589 1071 1639">
    <p class='ocr_par' dir='ltr' id='par_1_13' title="bbox 907 1589 1071 1639">
     <span class='ocr_line' id='line_1_59' title="bbox 907 1589 1071 1639; baseline 0.006 -1"><span class='ocrx_word' id='word_1_379' title='bbox 907 1590 946 1638; x_wconf 92' lang='lat' dir='ltr'><strong>A</strong></span> <span class='ocrx_word' id='word_1_380' title='bbox 1033 1589 1071 1639; x_wconf 96' lang='lat' dir='ltr'>N</span> 
     </span>
    </p>
   </div>
   <div class='ocr_carea' id='block_1_13' title="bbox 897 1707 916 1727">
    <p class='ocr_par' dir='ltr' id='par_1_14' title="bbox 897 1707 916 1727">
     <span class='ocr_line' id='line_1_60' title="bbox 897 1707 916 1727; baseline 0 0"><span class='ocrx_word' id='word_1_381' title='bbox 897 1707 916 1727; x_wconf 88' lang='lat' dir='ltr'><strong>U</strong></span> 
     </span>
    </p>
   </div>
   <div class='ocr_carea' id='block_1_14' title="bbox 1168 1588 1307 1638">
    <p class='ocr_par' dir='ltr' id='par_1_15' title="bbox 1168 1588 1307 1638">
     <span class='ocr_line' id='line_1_61' title="bbox 1168 1588 1307 1638; baseline -0.007 0"><span class='ocrx_word' id='word_1_382' title='bbox 1168 1589 1185 1638; x_wconf 95' lang='lat' dir='ltr'><strong>I</strong></span> <span class='ocrx_word' id='word_1_383' title='bbox 1274 1588 1307 1637; x_wconf 95' lang='lat' dir='ltr'>L</span> 
     </span>
    </p>
   </div>
   <div class='ocr_carea' id='block_1_15' title="bbox 359 1776 1391 1818">
    <p class='ocr_par' dir='ltr' id='par_1_16' title="bbox 359 1776 1391 1818">
     <span class='ocr_line' id='line_1_62' title="bbox 359 1776 1391 1818; baseline 0.002 -4"><span class='ocrx_word' id='word_1_384' title='bbox 359 1776 425 1816; x_wconf 92' lang='lat' dir='ltr'>DE</span> <span class='ocrx_word' id='word_1_385' title='bbox 455 1776 685 1817; x_wconf 94' lang='lat' dir='ltr'><strong>POMPEIO</strong></span> <span class='ocrx_word' id='word_1_386' title='bbox 721 1778 1058 1818; x_wconf 89' lang='lat' dir='ltr'><strong>IMPERATORE</strong></span> <span class='ocrx_word' id='word_1_387' title='bbox 1089 1776 1391 1817; x_wconf 89' lang='lat' dir='ltr'><strong>DELIGENDO</strong></span> 
     </span>
    </p>
   </div>
   <div class='ocr_carea' id='block_1_16' title="bbox 565 1872 882 1903">
    <p class='ocr_par' dir='ltr' id='par_1_17' title="bbox 565 1872 882 1903">
     <span class='ocr_line' id='line_1_63' title="bbox 565 1872 882 1903; baseline 0.003 -2"><span class='ocrx_word' id='word_1_388' title='bbox 565 1872 630 1901; x_wconf 81' lang='lat' dir='ltr'>AD</span> <span class='ocrx_word' id='word_1_389' title='bbox 665 1872 882 1903; x_wconf 87' lang='lat' dir='ltr'><strong>POPULU</strong></span> 
     </span>
    </p>
   </div>
   <div class='ocr_carea' id='block_1_17' title="bbox 896 1872 1183 1903">
    <p class='ocr_par' dir='ltr' id='par_1_18' title="bbox 896 1872 1183 1903">
     <span class='ocr_line' id='line_1_64' title="bbox 896 1872 1183 1903; baseline -0.007 0"><span class='ocrx_word' id='word_1_390' title='bbox 896 1873 925 1903; x_wconf 92' lang='lat' dir='ltr'>M</span> <span class='ocrx_word' id='word_1_391' title='bbox 960 1872 1183 1902; x_wconf 85' lang='lat' dir='ltr'><strong>ORATIO.</strong></span> 
     </span>
    </p>
   </div>
   <div class='ocr_carea' id='block_1_18' title="bbox 591 2039 1156 2068">
    <p class='ocr_par' dir='ltr' id='par_1_19' title="bbox 591 2039 1156 2068">
     <span class='ocr_line' id='line_1_65' title="bbox 591 2039 1156 2068; baseline 0 0"><span class='ocrx_word' id='word_1_392' title='bbox 591 2039 801 2068; x_wconf 82' lang='lat' dir='ltr'><strong>NOTITIA</strong></span> <span class='ocrx_word' id='word_1_393' title='bbox 833 2039 1156 2068; x_wconf 81' lang='lat' dir='ltr'><strong>LITTERARIA.</strong></span> 
     </span>
    </p>
   </div>
   <div class='ocr_carea' id='block_1_19' title="bbox 54 2112 1696 2251">
    <p class='ocr_par' dir='ltr' id='par_1_20' title="bbox 54 2112 1696 2251">
     <span class='ocr_line' id='line_1_66' title="bbox 161 2112 1696 2146; baseline 0.003 -13"><span class='ocrx_word' id='word_1_394' title='bbox 161 2112 196 2133; x_wconf 82' lang='lat' dir='ltr'>M.</span> <span class='ocrx_word' id='word_1_395' title='bbox 211 2114 267 2140; x_wconf 77' lang='lat' dir='ltr'>(aut</span> <span class='ocrx_word' id='word_1_396' title='bbox 280 2113 335 2141; x_wconf 81' lang='grc' dir='ltr'><strong><em>Μ’.)</em></strong></span> <span class='ocrx_word' id='word_1_397' title='bbox 348 2114 444 2136; x_wconf 64' lang='lat' dir='ltr'>tammo</span> <span class='ocrx_word' id='word_1_398' title='bbox 462 2115 560 2144; x_wconf 75' lang='lat' dir='ltr'>Lepido,</span> <span class='ocrx_word' id='word_1_399' title='bbox 575 2117 602 2138; x_wconf 85' lang='lat' dir='ltr'>L.</span> <span class='ocrx_word' id='word_1_400' title='bbox 625 2117 728 2139; x_wconf 70' lang='lat' dir='ltr'>Volcatio</span> <span class='ocrx_word' id='word_1_401' title='bbox 744 2117 812 2138; x_wconf 81' lang='lat' dir='ltr'>Tullo</span> <span class='ocrx_word' id='word_1_402' title='bbox 826 2124 882 2139; x_wconf 79' lang='lat' dir='ltr'>tou.</span> <span class='ocrx_word' id='word_1_403' title='bbox 894 2119 952 2145; x_wconf 75' lang='grc'><em>(688.</em></span> <span class='ocrx_word' id='word_1_404' title='bbox 961 2124 986 2146; x_wconf 73' lang='lat' dir='ltr'>p.</span> <span class='ocrx_word' id='word_1_405' title='bbox 998 2117 1022 2139; x_wconf 87' lang='lat' dir='ltr'>U.</span> <span class='ocrx_word' id='word_1_406' title='bbox 1035 2118 1066 2144; x_wconf 85' lang='lat' dir='ltr'>c.)</span> <span class='ocrx_word' id='word_1_407' title='bbox 1076 2125 1147 2145; x_wconf 78' lang='lat' dir='ltr'>quum</span> <span class='ocrx_word' id='word_1_408' title='bbox 1158 2117 1182 2137; x_wconf 89' lang='lat' dir='ltr'>L.</span> <span class='ocrx_word' id='word_1_409' title='bbox 1194 2116 1317 2142; x_wconf 67' lang='lat' dir='ltr'>Lamum,</span> <span class='ocrx_word' id='word_1_410' title='bbox 1327 2116 1368 2144; x_wconf 75' lang='lat' dir='ltr'>qui</span> <span class='ocrx_word' id='word_1_411' title='bbox 1377 2116 1541 2144; x_wconf 68' lang='lat' dir='ltr'>prorum-dan*</span> <span class='ocrx_word' id='word_1_412' title='bbox 1550 2116 1646 2145; x_wconf 70' lang='lat' dir='ltr'>imperio</span> <span class='ocrx_word' id='word_1_413' title='bbox 1655 2118 1696 2138; x_wconf 74' lang='lat' dir='ltr'>ad-</span> 
     </span>
     <span class='ocr_line' id='line_1_67' title="bbox 55 2146 1696 2180; baseline 0.002 -12"><span class='ocrx_word' id='word_1_414' title='bbox 55 2146 204 2170; x_wconf 63' lang='lat' dir='ltr'>ministrarat</span> <span class='ocrx_word' id='word_1_415' title='bbox 219 2155 292 2177; x_wconf 77' lang='lat' dir='ltr'>prope</span> <span class='ocrx_word' id='word_1_416' title='bbox 314 2153 398 2178; x_wconf 75' lang='lat' dir='ltr'>neptem</span> <span class='ocrx_word' id='word_1_417' title='bbox 420 2158 493 2172; x_wconf 72' lang='lat' dir='ltr'>unna:</span> <span class='ocrx_word' id='word_1_418' title='bbox 511 2151 702 2174; x_wconf 70' lang='lat' dir='ltr'>Mithridaticum</span> <span class='ocrx_word' id='word_1_419' title='bbox 715 2153 811 2178; x_wconf 70' lang='lat' dir='ltr'>bellum,</span> <span class='ocrx_word' id='word_1_420' title='bbox 825 2161 840 2173; x_wconf 80' lang='grc' dir='ltr'>ιι</span> <span class='ocrx_word' id='word_1_421' title='bbox 855 2157 937 2174; x_wconf 72' lang='lat' dir='ltr'>renutu</span> <span class='ocrx_word' id='word_1_422' title='bbox 951 2157 1072 2175; x_wconf 68' lang='lat' dir='ltr'>revocatur</span> <span class='ocrx_word' id='word_1_423' title='bbox 1087 2153 1185 2173; x_wconf 68' lang='lat' dir='ltr'>Romam</span> <span class='ocrx_word' id='word_1_424' title='bbox 1200 2152 1307 2177; x_wconf 67' lang='lat' dir='ltr'>reditun,</span> <span class='ocrx_word' id='word_1_425' title='bbox 1324 2152 1347 2172; x_wconf 85' lang='lat' dir='ltr'>C.</span> <span class='ocrx_word' id='word_1_426' title='bbox 1367 2151 1483 2172; x_wconf 70' lang='lat' dir='ltr'>Mar-iliu:</span> <span class='ocrx_word' id='word_1_427' title='bbox 1501 2152 1607 2174; x_wconf 66' lang='lat' dir='ltr'>tribunus</span> <span class='ocrx_word' id='word_1_428' title='bbox 1623 2152 1696 2180; x_wconf 74' lang='lat' dir='ltr'>pIebr&#39;s</span> 
     </span>
     <span class='ocr_line' id='line_1_68' title="bbox 54 2182 1694 2216; baseline 0.002 -13"><span class='ocrx_word' id='word_1_429' title='bbox 54 2182 125 2210; x_wconf 74' lang='lat' dir='ltr'>legem</span> <span class='ocrx_word' id='word_1_430' title='bbox 144 2183 201 2204; x_wconf 71' lang='lat' dir='ltr'>tulit</span> <span class='ocrx_word' id='word_1_431' title='bbox 217 2184 248 2204; x_wconf 80' lang='lat' dir='ltr'>ud</span> <span class='ocrx_word' id='word_1_432' title='bbox 263 2185 378 2212; x_wconf 78' lang='lat' dir='ltr'>populum</span> <span class='ocrx_word' id='word_1_433' title='bbox 384 2200 391 2210; x_wconf 86' lang='lat'>,</span> <span class='ocrx_word' id='word_1_434' title='bbox 406 2189 434 2207; x_wconf 79' lang='grc' dir='ltr'>ιιι</span> <span class='ocrx_word' id='word_1_435' title='bbox 452 2186 573 2214; x_wconf 75' lang='lat' dir='ltr'>Pompeio,</span> <span class='ocrx_word' id='word_1_436' title='bbox 588 2187 629 2214; x_wconf 75' lang='lat' dir='ltr'>qm*</span> <span class='ocrx_word' id='word_1_437' title='bbox 643 2191 692 2209; x_wconf 80' lang='lat' dir='ltr'>tum</span> <span class='ocrx_word' id='word_1_438' title='bbox 706 2188 789 2209; x_wconf 76' lang='lat' dir='ltr'>bellum</span> <span class='ocrx_word' id='word_1_439' title='bbox 803 2187 948 2209; x_wconf 68' lang='lat' dir='ltr'>maritimum</span> <span class='ocrx_word' id='word_1_440' title='bbox 967 2188 1072 2216; x_wconf 73' lang='lat' dir='ltr'>gerebat,</span> <span class='ocrx_word' id='word_1_441' title='bbox 1091 2187 1134 2208; x_wconf 77' lang='grc' dir='ltr'>ιοΙί</span> <span class='ocrx_word' id='word_1_442' title='bbox 1152 2187 1223 2209; x_wconf 74' lang='lat' dir='ltr'>cotim</span> <span class='ocrx_word' id='word_1_443' title='bbox 1241 2186 1294 2208; x_wconf 75' lang='lat' dir='ltr'>bem</span> <span class='ocrx_word' id='word_1_444' title='bbox 1311 2186 1485 2208; x_wconf 69' lang='lat' dir='ltr'>adm-&#39;ammeio</span> <span class='ocrx_word' id='word_1_445' title='bbox 1508 2187 1694 2208; x_wconf 53' lang='lat' dir='ltr'>comm-&#39;emaum</span> 
     </span>
     <span class='ocr_line' id='line_1_69' title="bbox 57 2216 1695 2251; baseline 0.002 -13"><span class='ocrx_word' id='word_1_446' title='bbox 57 2216 134 2239; x_wconf 68' lang='lat' dir='ltr'>cicero</span> <span class='ocrx_word' id='word_1_447' title='bbox 147 2222 224 2240; x_wconf 70' lang='lat' dir='ltr'>autem</span> <span class='ocrx_word' id='word_1_448' title='bbox 239 2222 296 2240; x_wconf 74' lang='lat' dir='ltr'>tunc</span> <span class='ocrx_word' id='word_1_449' title='bbox 309 2223 403 2247; x_wconf 73' lang='lat' dir='ltr'>praetor</span> <span class='ocrx_word' id='word_1_450' title='bbox 417 2224 508 2242; x_wconf 67' lang='lat' dir='ltr'>creatus</span> <span class='ocrx_word' id='word_1_451' title='bbox 521 2221 581 2242; x_wconf 69' lang='lat' dir='ltr'>lum-c</span> <span class='ocrx_word' id='word_1_452' title='bbox 595 2223 721 2244; x_wconf 72' lang='lat' dir='ltr'>oracionem</span> <span class='ocrx_word' id='word_1_453' title='bbox 735 2223 864 2244; x_wconf 77' lang='lat' dir='ltr'>uunmn&#39;mn</span> <span class='ocrx_word' id='word_1_454' title='bbox 878 2225 908 2244; x_wconf 80' lang='lat' dir='ltr'>nd</span> <span class='ocrx_word' id='word_1_455' title='bbox 922 2224 1036 2251; x_wconf 77' lang='lat' dir='ltr'>populum</span> <span class='ocrx_word' id='word_1_456' title='bbox 1049 2223 1140 2248; x_wconf 71' lang='lat' dir='ltr'>habuit,</span> <span class='ocrx_word' id='word_1_457' title='bbox 1155 2221 1368 2244; x_wconf 64' lang='lat' dir='ltr'>contradicent-&#39;bun</span> <span class='ocrx_word' id='word_1_458' title='bbox 1379 2221 1499 2243; x_wconf 77' lang='lat' dir='ltr'>Hortenn&#39;o</span> <span class='ocrx_word' id='word_1_459' title='bbox 1511 2225 1533 2243; x_wconf 72' lang='lat' dir='ltr'>tt</span> <span class='ocrx_word' id='word_1_460' title='bbox 1545 2221 1633 2244; x_wconf 67' lang='lat' dir='ltr'>Catulo.</span> <span class='ocrx_word' id='word_1_461' title='bbox 1651 2222 1695 2242; x_wconf 82' lang='lat' dir='ltr'>Ho-</span> 
     </span>
    </p>
   </div>
   <div class='ocr_carea' id='block_1_20' title="bbox 53 2254 885 2319">
    <p class='ocr_par' dir='ltr' id='par_1_21' title="bbox 53 2254 885 2319">
     <span class='ocr_line' id='line_1_70' title="bbox 54 2254 885 2284; baseline 0.006 -10"><span class='ocrx_word' id='word_1_462' title='bbox 54 2259 107 2274; x_wconf 79' lang='lat' dir='ltr'>rum</span> <span class='ocrx_word' id='word_1_463' title='bbox 119 2254 177 2275; x_wconf 72' lang='lat' dir='ltr'>alter</span> <span class='ocrx_word' id='word_1_464' title='bbox 191 2260 236 2275; x_wconf 85' lang='lat' dir='ltr'>mm</span> <span class='ocrx_word' id='word_1_465' title='bbox 251 2261 296 2275; x_wconf 72' lang='lat' dir='ltr'>eeu</span> <span class='ocrx_word' id='word_1_466' title='bbox 310 2255 352 2276; x_wconf 77' lang='lat' dir='ltr'>um*</span> <span class='ocrx_word' id='word_1_467' title='bbox 367 2255 444 2276; x_wconf 66' lang='lat' dir='ltr'>onznia</span> <span class='ocrx_word' id='word_1_468' title='bbox 459 2256 620 2278; x_wconf 69' lang='lat' dir='ltr'>committenda</span> <span class='ocrx_word' id='word_1_469' title='bbox 635 2258 798 2284; x_wconf 61' lang='lat' dir='ltr'>dixeratmher</span> <span class='ocrx_word' id='word_1_470' title='bbox 804 2258 885 2280; x_wconf 73' lang='lat' dir='ltr'>veroin</span> 
     </span>
     <span class='ocr_line' id='line_1_71' title="bbox 53 2287 829 2319; baseline 0.008 -10"><span class='ocrx_word' id='word_1_471' title='bbox 53 2287 118 2310; x_wconf 73' lang='lat' dir='ltr'>ribus</span> <span class='ocrx_word' id='word_1_472' title='bbox 126 2296 178 2310; x_wconf 74' lang='lat' dir='ltr'>eum</span> <span class='ocrx_word' id='word_1_473' title='bbox 187 2289 328 2318; x_wconf 71' lang='lat' dir='ltr'>rn‘pubh‘cae</span> <span class='ocrx_word' id='word_1_474' title='bbox 338 2291 477 2319; x_wconf 62' lang='lat' dir='ltr'>temporibus</span> <span class='ocrx_word' id='word_1_475' title='bbox 486 2293 624 2314; x_wconf 68' lang='lat' dir='ltr'>servandum</span> <span class='ocrx_word' id='word_1_476' title='bbox 633 2300 678 2314; x_wconf 81' lang='lat' dir='ltr'>ene</span> <span class='ocrx_word' id='word_1_477' title='bbox 687 2293 829 2315; x_wconf 61' lang='lat' dir='ltr'>minimam.</span> 
     </span>
    </p>
   </div>
   <div class='ocr_carea' id='block_1_21' title="bbox 52 2423 849 2663">
    <p class='ocr_par' dir='ltr' id='par_1_22' title="bbox 52 2423 849 2663">
     <span class='ocr_line' id='line_1_72' title="bbox 106 2423 848 2454; baseline 0.005 -10"><span class='ocrx_word' id='word_1_478' title='bbox 106 2423 182 2445; x_wconf 68' lang='grc' dir='ltr'>ΔΕΒ.</span> <span class='ocrx_word' id='word_1_479' title='bbox 206 2424 285 2446; x_wconf 71' lang='lat' dir='ltr'>eicon-o</span> <span class='ocrx_word' id='word_1_480' title='bbox 304 2424 375 2453; x_wconf 75' lang='lat' dir='ltr'>primo</span> <span class='ocrx_word' id='word_1_481' title='bbox 394 2425 476 2447; x_wconf 71' lang='lat' dir='ltr'>bullum</span> <span class='ocrx_word' id='word_1_482' title='bbox 495 2426 545 2454; x_wconf 78' lang='grc' dir='ltr'><strong>ἰριο</strong></span> <span class='ocrx_word' id='word_1_483' title='bbox 563 2433 644 2453; x_wconf 69' lang='lat' dir='ltr'>genero</span> <span class='ocrx_word' id='word_1_484' title='bbox 658 2427 806 2449; x_wconf 72' lang='lat' dir='ltr'>net-ennium</span> <span class='ocrx_word' id='word_1_485' title='bbox 825 2430 848 2448; x_wconf 76' lang='lat' dir='ltr'>et</span> 
     </span>
     <span class='ocr_line' id='line_1_73' title="bbox 53 2456 847 2489; baseline 0.006 -11"><span class='ocrx_word' id='word_1_486' title='bbox 53 2456 104 2478; x_wconf 77' lang='lat' dir='ltr'>ideo</span> <span class='ocrx_word' id='word_1_487' title='bbox 113 2459 230 2484; x_wconf 68' lang='lat' dir='ltr'>gerendum</span> <span class='ocrx_word' id='word_1_488' title='bbox 241 2466 291 2481; x_wconf 78' lang='lat' dir='ltr'>eno</span> <span class='ocrx_word' id='word_1_489' title='bbox 300 2461 377 2486; x_wconf 74' lang='lat' dir='ltr'>ducet.</span> <span class='ocrx_word' id='word_1_490' title='bbox 396 2468 424 2482; x_wconf 80' lang='lat' dir='ltr'>ne</span> <span class='ocrx_word' id='word_1_491' title='bbox 433 2461 511 2489; x_wconf 79' lang='lat' dir='ltr'>populi</span> <span class='ocrx_word' id='word_1_492' title='bbox 520 2463 582 2483; x_wconf 80' lang='lat' dir='ltr'>Rom.</span> <span class='ocrx_word' id='word_1_493' title='bbox 594 2462 677 2488; x_wconf 60' lang='lat' dir='ltr'>(turin.</span> <span class='ocrx_word' id='word_1_494' title='bbox 698 2462 759 2483; x_wconf 80' lang='grc' dir='ltr'>ιιΙιιι</span> <span class='ocrx_word' id='word_1_495' title='bbox 775 2462 847 2483; x_wconf 73' lang='lat' dir='ltr'>unt-Io-</span> 
     </span>
     <span class='ocr_line' id='line_1_74' title="bbox 54 2493 848 2522; baseline 0.006 -9"><span class='ocrx_word' id='word_1_496' title='bbox 54 2498 112 2518; x_wconf 78' lang='lat' dir='ltr'>rum,</span> <span class='ocrx_word' id='word_1_497' title='bbox 126 2493 246 2519; x_wconf 63' lang='lat' dir='ltr'>vectigali·</span> <span class='ocrx_word' id='word_1_498' title='bbox 260 2494 397 2522; x_wconf 74' lang='lat' dir='ltr'>reipublic-e</span> <span class='ocrx_word' id='word_1_499' title='bbox 412 2499 434 2517; x_wconf 73' lang='lat' dir='ltr'>et</span> <span class='ocrx_word' id='word_1_500' title='bbox 447 2496 528 2518; x_wconf 76' lang='lat' dir='ltr'>civium</span> <span class='ocrx_word' id='word_1_501' title='bbox 543 2497 600 2518; x_wconf 73' lang='lat' dir='ltr'>boun</span> <span class='ocrx_word' id='word_1_502' title='bbox 612 2497 745 2518; x_wconf 67' lang='lat' dir='ltr'>uniit-ntur</span> <span class='ocrx_word' id='word_1_503' title='bbox 763 2498 790 2522; x_wconf 75' lang='lat'>§5</span> <span class='ocrx_word' id='word_1_504' title='bbox 806 2499 848 2518; x_wconf 81' lang='lat'>1—</span> 
     </span>
     <span class='ocr_line' id='line_1_75' title="bbox 55 2527 847 2557; baseline 0.006 -9"><span class='ocrx_word' id='word_1_505' title='bbox 55 2529 86 2549; x_wconf 77' lang='lat' dir='ltr'>tu.</span> <span class='ocrx_word' id='word_1_506' title='bbox 101 2527 181 2549; x_wconf 67' lang='lat' dir='ltr'>«leinele</span> <span class='ocrx_word' id='word_1_507' title='bbox 194 2529 221 2550; x_wconf 74' lang='lat' dir='ltr'>de</span> <span class='ocrx_word' id='word_1_508' title='bbox 234 2529 342 2551; x_wconf 70' lang='lat' dir='ltr'>instanti·</span> <span class='ocrx_word' id='word_1_509' title='bbox 357 2531 412 2552; x_wconf 69' lang='lat' dir='ltr'>belli</span> <span class='ocrx_word' id='word_1_510' title='bbox 424 2531 577 2557; x_wconf 65' lang='lat' dir='ltr'>magnitudine</span> <span class='ocrx_word' id='word_1_511' title='bbox 591 2535 612 2553; x_wconf 74' lang='lat' dir='ltr'>et</span> <span class='ocrx_word' id='word_1_512' title='bbox 622 2533 649 2553; x_wconf 76' lang='lat' dir='ltr'>de</span> <span class='ocrx_word' id='word_1_513' title='bbox 659 2531 748 2553; x_wconf 81' lang='lat' dir='ltr'>Luculli</span> <span class='ocrx_word' id='word_1_514' title='bbox 757 2531 847 2552; x_wconf 72' lang='lat' dir='ltr'>virtuti-</span> 
     </span>
     <span class='ocr_line' id='line_1_76' title="bbox 54 2561 848 2594; baseline 0.008 -12"><span class='ocrx_word' id='word_1_515' title='bbox 54 2561 94 2583; x_wconf 78' lang='grc' dir='ltr'>Ιιιιι</span> <span class='ocrx_word' id='word_1_516' title='bbox 108 2562 205 2591; x_wconf 70' lang='lat' dir='ltr'>explic-t</span> <span class='ocrx_word' id='word_1_517' title='bbox 215 2565 227 2590; x_wconf 75' lang='lat' dir='ltr'>S</span> <span class='ocrx_word' id='word_1_518' title='bbox 238 2567 271 2586; x_wconf 74' lang='lat'>20.</span> <span class='ocrx_word' id='word_1_519' title='bbox 283 2568 327 2586; x_wconf 76' lang='lat' dir='ltr'>tuni</span> <span class='ocrx_word' id='word_1_520' title='bbox 343 2566 471 2594; x_wconf 77' lang='lat' dir='ltr'>Pompeium</span> <span class='ocrx_word' id='word_1_521' title='bbox 485 2566 638 2594; x_wconf 75' lang='lat' dir='ltr'>imperatorem</span> <span class='ocrx_word' id='word_1_522' title='bbox 649 2567 788 2593; x_wconf 62' lang='lat' dir='ltr'>deligentium</span> <span class='ocrx_word' id='word_1_523' title='bbox 798 2574 848 2588; x_wconf 75' lang='lat' dir='ltr'>ene</span> 
     </span>
     <span class='ocr_line' id='line_1_77' title="bbox 52 2596 849 2629; baseline 0.006 -11"><span class='ocrx_word' id='word_1_524' title='bbox 52 2596 195 2625; x_wconf 72' lang='lat' dir='ltr'>demon-ent,</span> <span class='ocrx_word' id='word_1_525' title='bbox 206 2602 231 2620; x_wconf 83' lang='lat' dir='ltr'>ut</span> <span class='ocrx_word' id='word_1_526' title='bbox 239 2599 264 2620; x_wconf 81' lang='lat' dir='ltr'>in</span> <span class='ocrx_word' id='word_1_527' title='bbox 274 2607 316 2627; x_wconf 80' lang='lat' dir='ltr'>quo</span> <span class='ocrx_word' id='word_1_528' title='bbox 327 2600 373 2622; x_wconf 75' lang='lat' dir='ltr'>nint</span> <span class='ocrx_word' id='word_1_529' title='bbox 383 2609 458 2622; x_wconf 78' lang='lat' dir='ltr'>omnen</span> <span class='ocrx_word' id='word_1_530' title='bbox 467 2601 563 2623; x_wconf 70' lang='lat' dir='ltr'>virtute·</span> <span class='ocrx_word' id='word_1_531' title='bbox 573 2601 730 2629; x_wconf 70' lang='lat' dir='ltr'>imperatoriae</span> <span class='ocrx_word' id='word_1_532' title='bbox 737 2618 742 2627; x_wconf 86' lang='grc'><strong>,</strong></span> <span class='ocrx_word' id='word_1_533' title='bbox 754 2602 849 2623; x_wconf 68' lang='lat' dir='ltr'>nie-nti·</span> 
     </span>
     <span class='ocr_line' id='line_1_78' title="bbox 52 2631 846 2663; baseline 0.006 -10"><span class='ocrx_word' id='word_1_534' title='bbox 52 2631 86 2652; x_wconf 69' lang='lat' dir='ltr'>rei</span> <span class='ocrx_word' id='word_1_535' title='bbox 95 2631 209 2659; x_wconf 67' lang='lat' dir='ltr'>militen-tu,</span> <span class='ocrx_word' id='word_1_536' title='bbox 220 2636 374 2663; x_wconf 68' lang='lat' dir='ltr'>temperantia,</span> <span class='ocrx_word' id='word_1_537' title='bbox 385 2637 447 2662; x_wconf 72' lang='lat' dir='ltr'>[iden.</span> <span class='ocrx_word' id='word_1_538' title='bbox 459 2636 566 2662; x_wconf 68' lang='lat' dir='ltr'>facilit-1,</span> <span class='ocrx_word' id='word_1_539' title='bbox 577 2637 688 2663; x_wconf 63' lang='lat' dir='ltr'>iuuenium</span> <span class='ocrx_word' id='word_1_540' title='bbox 696 2654 701 2662; x_wconf 84' lang='lat'>,</span> <span class='ocrx_word' id='word_1_541' title='bbox 713 2637 846 2663; x_wconf 61' lang='lat' dir='ltr'>humaniter,</span> 
     </span>
    </p>
   </div>
   <div class='ocr_carea' id='block_1_22' title="bbox 52 2667 846 2724">
    <p class='ocr_par' dir='ltr' id='par_1_23' title="bbox 52 2667 846 2724">
     <span class='ocr_line' id='line_1_79' title="bbox 52 2667 846 2723; baseline 0.009 -36"><span class='ocrx_word' id='word_1_542' title='bbox 52 2667 173 2723; x_wconf 48' lang='lat' dir='ltr'>flucturtitu</span> <span class='ocrx_word' id='word_1_543' title='bbox 184 2671 206 2690; x_wconf 76' lang='lat' dir='ltr'>ot</span> <span class='ocrx_word' id='word_1_544' title='bbox 216 2669 314 2692; x_wconf 70' lang='lat' dir='ltr'>felicita·</span> <span class='ocrx_word' id='word_1_545' title='bbox 324 2671 348 2698; x_wconf 71' lang='lat'>(5</span> <span class='ocrx_word' id='word_1_546' title='bbox 358 2673 412 2699; x_wconf 74' lang='lat'><strong>48.).</strong></span> <span class='ocrx_word' id='word_1_547' title='bbox 435 2671 538 2699; x_wconf 73' lang='lat' dir='ltr'>Denique</span> <span class='ocrx_word' id='word_1_548' title='bbox 551 2672 728 2694; x_wconf 72' lang='lat' dir='ltr'>adver-ariorum</span> <span class='ocrx_word' id='word_1_549' title='bbox 739 2673 846 2694; x_wconf 73' lang='lat' dir='ltr'>ubI‘cIIu-</span> 
     </span>
     <span class='ocr_line' id='line_1_80' title="bbox 53 2705 190 2724; baseline 0.015 -2"><span class='ocrx_word' id='word_1_550' title='bbox 53 2706 91 2722; x_wconf 73' lang='lat' dir='ltr'>nen</span> <span class='ocrx_word' id='word_1_551' title='bbox 101 2708 124 2723; x_wconf 75' lang='lat' dir='ltr'>re</span> <span class='ocrx_word' id='word_1_552' title='bbox 136 2705 190 2724; x_wconf 72' lang='lat' dir='ltr'>utut.</span> 
     </span>
    </p>
   </div>
   <div class='ocr_carea' id='block_1_23' title="bbox 896 2256 1695 2286">
    <p class='ocr_par' dir='ltr' id='par_1_24' title="bbox 896 2256 1695 2286">
     <span class='ocr_line' id='line_1_81' title="bbox 896 2256 1695 2286; baseline -0.004 -6"><span class='ocrx_word' id='word_1_553' title='bbox 896 2265 942 2280; x_wconf 80' lang='lat' dir='ltr'>uno</span> <span class='ocrx_word' id='word_1_554' title='bbox 951 2258 1041 2280; x_wconf 72' lang='lat' dir='ltr'>homine</span> <span class='ocrx_word' id='word_1_555' title='bbox 1046 2265 1113 2286; x_wconf 69' lang='lat' dir='ltr'>saepe</span> <span class='ocrx_word' id='word_1_556' title='bbox 1118 2264 1164 2279; x_wconf 73' lang='lat' dir='ltr'>ene</span> <span class='ocrx_word' id='word_1_557' title='bbox 1168 2257 1276 2285; x_wconf 63' lang='lat' dir='ltr'>periclem</span> <span class='ocrx_word' id='word_1_558' title='bbox 1280 2257 1348 2277; x_wconf 79' lang='lat' dir='ltr'>ndum</span> <span class='ocrx_word' id='word_1_559' title='bbox 1349 2257 1478 2286; x_wconf 72' lang='lat' dir='ltr'>fortunam</span> <span class='ocrx_word' id='word_1_560' title='bbox 1484 2264 1542 2285; x_wconf 72' lang='lat' dir='ltr'>nega</span> <span class='ocrx_word' id='word_1_561' title='bbox 1546 2261 1618 2282; x_wconf 67' lang='lat' dir='ltr'>unat,</span> <span class='ocrx_word' id='word_1_562' title='bbox 1625 2256 1695 2278; x_wconf 73' lang='grc' dir='ltr'><strong><em>ηυιίο-</em></strong></span> 
     </span>
    </p>
   </div>
   <div class='ocr_carea' id='block_1_24' title="bbox 897 2434 1696 2739">
    <p class='ocr_par' dir='ltr' id='par_1_25' title="bbox 897 2434 1696 2739">
     <span class='ocr_line' id='line_1_82' title="bbox 953 2434 1696 2476; baseline 0 -10"><span class='ocrx_word' id='word_1_563' title='bbox 953 2440 973 2466; x_wconf 94' lang='lat' dir='ltr'><strong>I.</strong></span> <span class='ocrx_word' id='word_1_564' title='bbox 996 2441 1019 2466; x_wconf 83' lang='lat' dir='ltr'>l.</span> <span class='ocrx_word' id='word_1_565' title='bbox 1042 2434 1218 2475; x_wconf 75' lang='lat' dir='ltr'>Quamquam</span> <span class='ocrx_word' id='word_1_566' title='bbox 1233 2439 1300 2466; x_wconf 88' lang='lat' dir='ltr'>mihi</span> <span class='ocrx_word' id='word_1_567' title='bbox 1314 2447 1420 2475; x_wconf 84' lang='lat' dir='ltr'>semper</span> <span class='ocrx_word' id='word_1_568' title='bbox 1439 2439 1565 2476; x_wconf 73' lang='lat' dir='ltr'>frequens</span> <span class='ocrx_word' id='word_1_569' title='bbox 1583 2447 1696 2475; x_wconf 83' lang='lat' dir='ltr'>conspe-</span> 
     </span>
     <span class='ocr_line' id='line_1_83' title="bbox 898 2477 1695 2507; baseline 0.001 -4"><span class='ocrx_word' id='word_1_570' title='bbox 898 2481 958 2504; x_wconf 85' lang='lat' dir='ltr'>ctus</span> <span class='ocrx_word' id='word_1_571' title='bbox 973 2481 1060 2503; x_wconf 83' lang='lat' dir='ltr'>vester</span> <span class='ocrx_word' id='word_1_572' title='bbox 1074 2477 1159 2504; x_wconf 82' lang='lat' dir='ltr'>multo</span> <span class='ocrx_word' id='word_1_573' title='bbox 1173 2477 1396 2507; x_wconf 76' lang='lat' dir='ltr'>iucundissimus,</span> <span class='ocrx_word' id='word_1_574' title='bbox 1414 2477 1456 2504; x_wconf 81' lang='lat' dir='ltr'>hic</span> <span class='ocrx_word' id='word_1_575' title='bbox 1470 2482 1558 2504; x_wconf 76' lang='lat' dir='ltr'>nutem</span> <span class='ocrx_word' id='word_1_576' title='bbox 1574 2477 1648 2503; x_wconf 78' lang='lat' dir='ltr'>locus</span> <span class='ocrx_word' id='word_1_577' title='bbox 1662 2477 1695 2504; x_wconf 80' lang='lat' dir='ltr'>ad</span> 
     </span>
     <span class='ocr_line' id='line_1_84' title="bbox 899 2514 1696 2550; baseline 0 -9"><span class='ocrx_word' id='word_1_578' title='bbox 899 2514 1032 2550; x_wconf 77' lang='lat' dir='ltr'>agendum</span> <span class='ocrx_word' id='word_1_579' title='bbox 1047 2514 1240 2550; x_wconf 85' lang='lat' dir='ltr'>amplissimus,</span> <span class='ocrx_word' id='word_1_580' title='bbox 1257 2514 1288 2541; x_wconf 78' lang='lat' dir='ltr'>ud</span> <span class='ocrx_word' id='word_1_581' title='bbox 1303 2515 1447 2541; x_wconf 79' lang='lat' dir='ltr'>dicendum</span> <span class='ocrx_word' id='word_1_582' title='bbox 1457 2515 1644 2542; x_wconf 77' lang='lat' dir='ltr'>ornatissimus</span> <span class='ocrx_word' id='word_1_583' title='bbox 1655 2519 1696 2542; x_wconf 79' lang='lat' dir='ltr'>est</span> 
     </span>
     <span class='ocr_line' id='line_1_85' title="bbox 900 2551 1696 2588; baseline 0 -10"><span class='ocrx_word' id='word_1_584' title='bbox 900 2553 988 2583; x_wconf 86' lang='lat' dir='ltr'>visus,</span> <span class='ocrx_word' id='word_1_585' title='bbox 1005 2551 1135 2584; x_wconf 78' lang='lat' dir='ltr'>Quirites,</span> <span class='ocrx_word' id='word_1_586' title='bbox 1153 2557 1239 2579; x_wconf 77' lang='lat' dir='ltr'>tamen</span> <span class='ocrx_word' id='word_1_587' title='bbox 1255 2552 1304 2578; x_wconf 84' lang='lat' dir='ltr'>hoc</span> <span class='ocrx_word' id='word_1_588' title='bbox 1317 2552 1391 2579; x_wconf 76' lang='lat' dir='ltr'>aditu</span> <span class='ocrx_word' id='word_1_589' title='bbox 1407 2552 1507 2584; x_wconf 77' lang='lat' dir='ltr'>laudis,</span> <span class='ocrx_word' id='word_1_590' title='bbox 1527 2552 1575 2588; x_wconf 89' lang='lat' dir='ltr'>qui</span> <span class='ocrx_word' id='word_1_591' title='bbox 1590 2561 1696 2587; x_wconf 73' lang='lat' dir='ltr'>semper</span> 
     </span>
     <span class='ocr_line' id='line_1_86' title="bbox 898 2589 1692 2624; baseline 0.001 -9"><span class='ocrx_word' id='word_1_592' title='bbox 898 2589 998 2624; x_wconf 85' lang='lat' dir='ltr'>optimo</span> <span class='ocrx_word' id='word_1_593' title='bbox 1012 2590 1110 2624; x_wconf 79' lang='lat' dir='ltr'>cuique</span> <span class='ocrx_word' id='word_1_594' title='bbox 1125 2591 1241 2616; x_wconf 78' lang='lat' dir='ltr'>maxime</span> <span class='ocrx_word' id='word_1_595' title='bbox 1255 2590 1349 2624; x_wconf 80' lang='lat' dir='ltr'>patuit,</span> <span class='ocrx_word' id='word_1_596' title='bbox 1366 2599 1417 2616; x_wconf 90' lang='lat' dir='ltr'>nou</span> <span class='ocrx_word' id='word_1_597' title='bbox 1431 2598 1489 2616; x_wconf 71' lang='grc' dir='ltr'>[ιιι-ιι</span> <span class='ocrx_word' id='word_1_598' title='bbox 1503 2598 1546 2616; x_wconf 85' lang='lat' dir='ltr'>mc</span> <span class='ocrx_word' id='word_1_599' title='bbox 1560 2589 1692 2621; x_wconf 74' lang='lat' dir='ltr'>voluntas,</span> 
     </span>
     <span class='ocr_line' id='line_1_87' title="bbox 897 2626 1692 2662; baseline 0.003 -10"><span class='ocrx_word' id='word_1_600' title='bbox 897 2626 945 2653; x_wconf 84' lang='lat' dir='ltr'>sed</span> <span class='ocrx_word' id='word_1_601' title='bbox 959 2635 1033 2653; x_wconf 72' lang='lat' dir='ltr'>meae</span> <span class='ocrx_word' id='word_1_602' title='bbox 1047 2627 1116 2653; x_wconf 76' lang='lat' dir='ltr'>vitae</span> <span class='ocrx_word' id='word_1_603' title='bbox 1130 2628 1258 2658; x_wconf 78' lang='lat' dir='ltr'>rationes,</span> <span class='ocrx_word' id='word_1_604' title='bbox 1279 2627 1312 2653; x_wconf 80' lang='lat' dir='ltr'>ab</span> <span class='ocrx_word' id='word_1_605' title='bbox 1326 2628 1434 2654; x_wconf 80' lang='lat' dir='ltr'>incunte</span> <span class='ocrx_word' id='word_1_606' title='bbox 1447 2632 1529 2654; x_wconf 77' lang='lat' dir='ltr'>aetate</span> <span class='ocrx_word' id='word_1_607' title='bbox 1543 2631 1692 2662; x_wconf 77' lang='lat' dir='ltr'>susceptae.</span> 
     </span>
     <span class='ocr_line' id='line_1_88' title="bbox 898 2663 1695 2700; baseline 0.001 -10"><span class='ocrx_word' id='word_1_608' title='bbox 898 2663 1102 2698; x_wconf 83' lang='lat' dir='ltr'>prohibuerunt.</span> <span class='ocrx_word' id='word_1_609' title='bbox 1143 2665 1209 2691; x_wconf 87' lang='lat' dir='ltr'>Nam</span> <span class='ocrx_word' id='word_1_610' title='bbox 1228 2673 1314 2700; x_wconf 86' lang='lat' dir='ltr'>quum</span> <span class='ocrx_word' id='word_1_611' title='bbox 1332 2669 1407 2691; x_wconf 75' lang='lat' dir='ltr'>antea</span> <span class='ocrx_word' id='word_1_612' title='bbox 1427 2673 1473 2700; x_wconf 78' lang='lat' dir='ltr'>per</span> <span class='ocrx_word' id='word_1_613' title='bbox 1494 2669 1605 2691; x_wconf 80' lang='lat' dir='ltr'>aetutem</span> <span class='ocrx_word' id='word_1_614' title='bbox 1629 2673 1695 2691; x_wconf 91' lang='lat' dir='ltr'>non-</span> 
     </span>
     <span class='ocr_line' id='line_1_89' title="bbox 897 2701 1694 2739; baseline -0.001 -11"><span class='ocrx_word' id='word_1_615' title='bbox 897 2701 964 2728; x_wconf 89' lang='lat' dir='ltr'>dum</span> <span class='ocrx_word' id='word_1_616' title='bbox 978 2701 1060 2729; x_wconf 88' lang='lat' dir='ltr'>huius</span> <span class='ocrx_word' id='word_1_617' title='bbox 1074 2701 1257 2729; x_wconf 77' lang='lat' dir='ltr'>auctoritatem</span> <span class='ocrx_word' id='word_1_618' title='bbox 1273 2701 1322 2729; x_wconf 91' lang='lat' dir='ltr'>loci</span> <span class='ocrx_word' id='word_1_619' title='bbox 1343 2703 1471 2739; x_wconf 75' lang='lat' dir='ltr'>attingere</span> <span class='ocrx_word' id='word_1_620' title='bbox 1489 2701 1625 2733; x_wconf 78' lang='lat' dir='ltr'>auderem,</span> <span class='ocrx_word' id='word_1_621' title='bbox 1641 2707 1694 2728; x_wconf 79' lang='lat' dir='ltr'>stn—</span> 
     </span>
    </p>
   </div>
  </div>
 </body>
</html>
