1941 3052
231 105 279 128 ’,κο

232 181 272 199 mc·
286 172 430 207 aliqnando
445 182 506 198 cuni
524 172 661 197 similibus
677 173 758 197 nostri
771 172 966 206 rempublicam
978 172 1025 198 dc·-
1046 185 1048 208 ζ

231 210 380 236 (emturum.
423 212 445 235 3.
469 210 506 234 'l'u
524 210 640 243 primurn
660 209 840 235 valetudinem
858 214 929 235 tuam
944 210 1024 236 velim

231 256 322 272 curn-0:
341 246 451 274 ‹lt-inde,
467 246 514 271 tibi
527 246 548 271 si
563 245 710 275 vidi-bitur,
727 246 798 271 villis
812 247 844 271 iis
857 250 943 276 utem,
955 255 1024 281 quac
1046 266 1047 279 ³

232 284 387 316 longis-sini«-
399 283 510 308 utu-runt
522 292 534 307 n
549 282 692 308 rnilititnus.
716 283 809 308 Fundo
822 284 941 317 Arpinati
958 284 1024 309 bone
1046 296 1047 324 ᾗ

231 321 329 355 pote-ri·-v
343 320 379 345 uti
394 328 455 344 cum
470 319 569 344 l'nmilia
583 319 698 349 urbana,
716 320 739 345 si
754 328 857 345 annona
869 321 954 346 carior
966 320 1024 346 Iue-

231 358 272 382 rit.
314 357 405 382 (Iis-ero
418 356 584 381 bellissimus
601 357 649 382 tihi
662 356 777 382 salutem
790 356 934 391 plurimam
946 357 1022 384 dicit.

231 394 315 420 titiam
328 399 406 428 utque
418 394 497 418 etium
511 393 578 419 vale.
601 394 630 419 D.
645 401 681 419 ιιι,
697 393 759 419 Idus
772 394 830 420 lun.

283 470 341 490 vm.
359 469 434 490 ΑΕΘ.
452 470 569 494 Hortatur,
591 473 612 490 nt
629 470 777 490 ulo-tudinem
796 475 856 491 ι-ιιηι
880 475 913 495 tt.
934 471 953 492 ιὶ
971 472 1022 498 quin!

230 505 288 529 novi,
299 509 373 532 pergat
384 505 488 525 urit-en.
517 507 599 527 tt'uullu.
611 508 702 525 martello
713 514 760 525 mu.
773 510 828 527 70⁴.)

349 550 383 576 Μ.
405 550 435 576 T.
457 549 487 576 C.
509 549 537 576 S.
561 551 588 577 Ρ.
613 551 640 577 D.
662 551 900 578 TERENTIAE.

284 582 316 612 Si
330 587 411 618 vales,
425 587 493 613 bene
503 592 555 614 est:
569 596 619 623 ego
631 587 715 614 valeo.
750 588 938 616 Valetudinem
951 594 1023 616 tuam

229 623 309 650 veliin
325 632 403 650 cures
419 623 639 660 diligentissime.
680 626 746 652 Nam
763 626 831 652 mihi
847 631 873 652 et
892 627 1023 661 scriptum

228 666 253 687 et
265 661 415 687 nuntiatum
427 666 476 692 est,
491 667 514 688 te
527 662 553 688 in
567 662 663 689 febrim
675 663 765 689 subito
779 663 917 690 incidisse.
946 663 1023 696 Quod

228 698 350 724 celeriter
362 707 403 725 me
417 698 504 725 Iecisti
519 699 552 725 de
563 699 684 726 Caesaris
700 699 796 727 litteris
812 701 965 731 certiorem,
984 701 1024 727 l'e-

228 736 289 762 cisti
301 736 368 762 mihi
383 740 499 771 gratum.
540 737 605 763 Item
617 737 741 772 posthac,
758 738 782 764 si
797 737 865 773 quid
879 746 948 772 opus
962 739 1020 769 erit,

227 773 251 798 si
263 772 329 808 quid
341 773 468 800 acciderit
479 774 550 804 novi,
567 773 649 800 facies
661 779 690 801 ut
700 775 795 802 sciam.
835 774 918 806 Cura.
937 780 965 802 ut
977 785 1023 802 va-

229 810 293 836 leas.
326 809 400 837 Vale.
431 811 461 837 D.
474 819 510 838 iv.
524 811 612 838 Nonas
623 812 681 838 lun.

279 888 319 908 tx.
336 888 412 909 ABG.
432 888 498 909 Dolet
509 896 596 910 tuorum
608 889 763 909 ualetudinem.

228 925 338 947 abundini,
346 928 386 948 pont
397 930 476 948 pugnum
487 925 705 946 Pl·nn=li‹=m.Cn-ur=
717 927 742 944 II.
753 928 807 944 Serv.
819 926 901 944 Inurico
911 933 956 945 con.

348 968 383 995 M.
405 968 436 995 T.
457 968 487 995 C.
509 968 538 996 S.
559 969 589 996 t‘.
610 969 641 996 D.
662 969 901 996 TERENTIAE.

281 1000 328 1031 Ad
340 1010 441 1032 ceteras
453 1014 526 1032 meas
537 1006 660 1033 miserias
671 1007 783 1033 accessit
794 1006 869 1033 dolor
880 1007 1024 1034 eDolabel-

229 1042 268 1069 lae
284 1042 438 1069 valetudine
459 1048 484 1069 et
499 1043 613 1070 Tulliae.
653 1044 769 1070 Omnino
785 1044 817 1070 de
838 1044 966 1071 omnihus
982 1054 1023 1071 re-

227 1080 292 1110 bus,
306 1088 354 1106 nec
365 1079 432 1115 quid
443 1080 550 1107 consilii
561 1082 680 1115 capiam,
694 1090 742 1107 nec
753 1081 819 1116 quid
831 1081 942 1111 faciam,
955 1083 1021 1109 scio.

227 1117 266 1143 Tu
279 1116 361 1144 velim
373 1121 445 1144 tuam
456 1122 482 1144 et
493 1117 596 1145 Tulliae
610 1118 792 1145 valetudinem
802 1127 890 1145 cures.
931 1119 1002 1145 Vale.

969 927 1022 949 706.)

280 1186 309 1207 X.
325 1186 403 1207 Atto.
418 1186 482 1207 Iubet
492 1193 582 1207 uxorem
594 1188 620 1207 de
630 1187 726 1208 con-ilio
736 1194 783 1208 curn
794 1187 869 1208 Attico
881 1187 950 1213 loqui.

440 1223 550 1244 (unanimi.
562 1224 640 1242 snt-ure
651 1224 742 1242 dietnturc
753 1226 807 1246 707.)

287 1266 321 1292 M.
344 1266 374 1292 T.
396 1266 426 1293 C.
449 1265 477 1293 S.
499 1267 528 1293 P.
550 1267 580 1293 D.
602 1267 828 1294 TERENTIAE
849 1267 960 1295 SUAE.

282 1297 360 1334 Quid
373 1303 429 1329 t'ieri
441 1303 565 1338 placeret,
579 1305 676 1339 scripsi
689 1304 721 1330 ad
733 1305 911 1340 Pomponium
922 1306 1020 1337 serius,

225 1348 306 1374 quam
328 1341 454 1374 oportuit.
495 1341 563 1368 Cum
584 1350 615 1368 eo
635 1343 658 1368 si
678 1341 765 1369 locuta
783 1343 851 1373 eriS.
874 1343 1019 1379 intelliges,

225 1377 292 1411 quid
308 1377 365 1403 lieri
381 1377 473 1404 velim.
513 1378 640 1413 Apertius
655 1379 752 1411 scribi,
770 1379 878 1414 quando
893 1380 927 1406 ad
943 1380 1020 1407 illum

225 1415 400 1449 scripseram,
419 1424 528 1441 necesse
542 1425 595 1443 non
612 1415 673 1443 fuit.
713 1417 750 1442 De
765 1425 796 1443 ea
807 1426 835 1443 re
846 1422 872 1444 et
881 1417 915 1444 de
926 1419 1022 1444 ceteris

225 1451 306 1478 rebus
317 1460 399 1487 quam
410 1453 529 1487 prImum
541 1453 624 1480 velim
635 1453 713 1480 nobis
726 1453 827 1481 litteras
838 1455 938 1482 mittas.
969 1456 1022 1482 Va-

224 1487 374 1557 Ιόειιιάἰιιιειιι
385 1494 458 1517 tuam
469 1499 533 1517 cura
544 1490 698 1528 diligenter.
724 1491 800 1518 Vale.
826 1491 947 1527 Septimo
957 1493 1021 1520 Idus

249 1527 317 1553 uinti
333 1548 338 1553 .

276 1595 317 1617 xl.
333 1595 408 1616 ΑΒΘ.
425 1596 524 1617 Tulliani
535 1597 561 1617 utI
571 1604 595 1617 ue
606 1596 693 1618 venit-e
703 1597 766 1622 «licit,
777 1597 822 1618 nihi
831 1601 902 1618 nutem
913 1597 937 1619 in
947 1598 1020 1619 ιιιίιιιο

224 1637 273 1651 cue
283 1630 352 1651 filiuni
364 1631 390 1651 nd
401 1631 517 1652 ene-arem
528 1631 623 1652 mittere.

437 1667 548 1690 (Brundisii,
559 1669 637 1687 Cacum
647 1669 737 1687 dictatore
748 1671 803 1692 707.)

283 1711 318 1736 M.
341 1711 371 1736 T.
393 1710 423 1737 C.
445 1711 474 1738 S.
495 1711 525 1739 P.
546 1712 576 1739 D.
599 1713 827 1740 TERENTIAE
847 1713 956 1741 SUAE.

279 1744 313 1773 Si
325 1747 412 1779 vales,
429 1748 498 1775 bene
513 1754 566 1776 est:
583 1758 633 1785 ego
647 1750 733 1777 valeo.
773 1750 862 1777 Tullia
872 1756 961 1778 nostra
973 1759 1021 1778 ve-

223 1785 264 1811 nit
278 1784 311 1811 ad
327 1793 369 1811 me
384 1785 472 1819 pridie
487 1785 551 1812 Idus
564 1787 649 1814 Iunii:
671 1788 750 1814 cuius
766 1796 873 1814 summa
885 1789 984 1815 virtute
995 1793 1021 1815 et

223 1821 356 1857 singulari
372 1822 538 1850 humanitate
553 1825 676 1859 graviore
690 1825 771 1851 etiam
782 1833 844 1851 sum
854 1824 944 1852 dolore
956 1825 1020 1852 affe-

223 1863 296 1889 ctus,
312 1864 401 1885 nostra
417 1859 516 1886 factum
528 1869 587 1887 esse
599 1861 776 1898 negligentia.
794 1867 824 1888 ut
838 1861 916 1898 longe
928 1862 980 1889 alia
991 1863 1018 1889 in

225 1895 328 1922 fortuna
339 1901 418 1927 esset.
427 1901 506 1932 atque
517 1898 577 1924 eius
587 1899 673 1933 pietas
684 1907 714 1925 ac
724 1899 844 1935 dignitas
855 1900 1017 1934 postulabat.

224 1932 307 1959 Nobis
318 1937 374 1960 erat
384 1933 412 1960 in
423 1934 521 1965 animo.
537 1934 694 1963 Ciceronem
705 1936 739 1963 ad
749 1936 890 1964 Caesarem
902 1937 1016 1969 mittere,

222 1974 249 1996 et
261 1978 324 1996 cum
335 1978 366 1997 eo
376 1970 425 1997 Cn.
438 1970 608 1999 Sallustium.
647 1973 676 2000 Si
689 1973 826 2008 profectus
840 1975 903 2005 erit,
922 1974 1018 2001 faciam

222 2012 248 2034 te
272 2007 424 2034 certiorem.
463 2008 651 2037 Valetudinem
676 2015 751 2037 tuam
773 2019 837 2038 cura
861 2011 1016 2047 diligenter.

222 2043 296 2071 Vale.
335 2052 404 2072 xvu.
426 2045 559 2073 Kalendas
570 2046 683 2080 Quintil.

274 2113 326 2134 ΧΠ.
343 2113 421 2134 Atta.
440 2114 562 2136 Terentiae
576 2115 650 2136 sah-us
661 2116 684 2136 in
695 2116 783 2137 Italiam
793 2123 895 2138 revenn-
906 2118 933 2139 nd
943 2121 1017 2144 gntu-

222 2147 325 2169 tationem
338 2149 462 2176 respondet.
496 2152 583 2175 (Caesare
593 2153 639 2170 dict.
651 2154 705 2174 707.)

340 2194 376 2220 M.
397 2194 428 2220 T.
449 2194 479 2221 C.
501 2194 529 2222 S.
549 2195 579 2222 P.
600 2196 631 2223 D.
653 2196 892 2224 TERENTIAE.

277 2225 361 2263 Quod
373 2240 420 2258 nos
432 2232 459 2257 in
470 2231 572 2259 Italiam
582 2233 671 2260 salvos
681 2235 790 2261 venisse
799 2234 911 2270 gaudes,
919 2244 1018 2271 perpe-

222 2273 266 2294 tuo
276 2267 396 2304 gaudeas
407 2268 500 2296 velim.
526 2270 588 2301 Sed,
602 2271 751 2306 perturbati
762 2271 852 2299 dolore
864 2274 949 2300 animi
959 2282 1017 2300 ma—

220 2305 336 2341 gnisque
348 2306 465 2337 iniuriis,
474 2311 563 2333 metuo
575 2316 608 2334 ne
619 2308 647 2335 id
656 2308 764 2335 consilii
773 2309 936 2344 ceperimus,
943 2310 1017 2346 quod

221 2350 272 2368 non
283 2341 361 2368 facile
372 2342 507 2378 explicare
517 2345 665 2379 possimus.
705 2345 806 2378 Quare,
822 2352 955 2382 quantum
968 2356 1018 2383 po-

221 2383 268 2408 teS,
283 2379 389 2406 adiuva.
420 2379 492 2412 Quid
503 2386 592 2408 autem
603 2383 702 2417 possis,
715 2383 784 2410 mihi
795 2384 823 2410 in
834 2389 952 2411 mentem
963 2393 1016 2412 non

222 2416 304 2442 venit.
343 2417 372 2443 In
384 2417 456 2443 viam
467 2418 540 2454 quod
556 2423 581 2445 te
596 2420 644 2446 des
659 2420 709 2447 hoc
724 2425 857 2455 tempore,
876 2422 945 2448 nihil
959 2427 1013 2448 est:

221 2456 246 2477 et
257 2451 367 2487 longum
378 2459 418 2480 est
429 2454 491 2486 iter,
509 2460 535 2482 et
545 2464 598 2483 non
610 2461 711 2489 tutum3
728 2462 755 2484 et
770 2466 823 2484 non
837 2458 930 2490 video,
948 2459 1016 2494 quid

221 2487 347 2522 prodesse
363 2491 464 2524 possis,
480 2492 505 2518 si
519 2494 636 2521 veneris.
675 2493 751 2521 Vale.
781 2495 812 2521 D.
833 2495 905 2530 prid.
926 2497 1015 2524 Nonas

221 2524 353 2552 Novemb.
365 2526 518 2555 Brundisio.

273 2596 336 2617 XIII.
354 2598 372 2618 A
379 2598 430 2619 ΒΕ.
447 2601 561 2622 Permittit
569 2603 648 2627 uxori,
659 2606 685 2624 ut
693 2604 720 2624 de
730 2602 809 2624 nuntio
818 2603 951 2626 remittendo
961 2612 1014 2627 eon-

221 2629 296 2652 silium
307 2631 380 2660 cupiat
390 2640 418 2654 ex
428 2636 530 2662 tempore.
560 2639 673 2662 (Brundisii,
684 2640 761 2659 Caes-re
771 2640 862 2659 dictatore
872 2643 927 2663 707.)

802 104 842 129 88.
878 103 912 128 M.
944 103 973 128 Τ.
1006 103 1281 130 (ztszttttoxts

1198 174 1232 199 M.
1255 174 1285 199 T.
1307 174 1336 199 ⁴2.
1359 174 1385 198 S.
1409 174 1436 199 Ρ,
1460 174 1488 199 I).
1511 174 1746 200 TERENTIAE.

1131 214 1214 250 Quod
1227 219 1323 253 scripsi
1341 218 1372 244 ad
1385 224 1408 244 ιι.-
1425 220 1555 253 proximis
1572 219 1666 246 litu-riu
1676 219 1709 245 de
1721 220 1815 246 nuntio
1827 228 1868 245 re-

1077 255 1219 280 mito-ndo:
1234 264 1302 290 quat·
1314 256 1348 281 nit
1360 256 1436 281 istius
1450 266 1490 282 vis
1503 256 1550 282 lioc
1561 262 1687 291 ternpore.
1696 262 1720 282 et
1731 265 1869 291 quaecun-

1075 293 1165 318 vitatio
1186 291 1382 321 multitudinis,
1414 294 1514 325 ignoro.
1555 294 1582 319 Si
1604 293 1763 320 nwtuendus
1787 296 1869 319 iratus

1045 332 1047 360 ¹,
1076 334 1124 358 est,
1137 330 1216 363 quies
1227 334 1314 355 tamen
1327 329 1360 355 ab
1372 329 1417 355 illo
1429 329 1538 356 sortasse
1551 336 1683 356 nascetur.
1719 331 1813 357 Totum
1828 332 1869 356 iu-

1076 366 1193 394 ‹ln-ubis.
1212 366 1291 401 quale
1307 367 1354 397 εἰη
1373 372 1398 392 ct
1413 367 1485 402 quod
1503 368 1528 393 in
1546 368 1705 394 miserrimis
1722 368 1802 394 rebus
1818 368 1869 394 nti-

1077 404 1148 429 nirnc
1171 404 1299 429 miserum
1321 404 1444 439 putabis,
1468 404 1494 430 id
1516 403 1608 431 facies.
1648 404 1718 431 Vale.
1743 413 1778 431 u.
1806 405 1869 431 tuus

1076 440 1189 473 Quintil.

1130 509 1191 530 xlv.
1209 509 1225 530 A
1235 510 1284 530 Ro.
1302 511 1381 534 Quum,
1389 512 1484 530 (funere
1495 511 1634 534 nitunt-nte,
1646 510 1764 537 Pompeia·
1776 510 1869 534 suri-n(

1075 552 1122 565 eum
1134 550 1210 565 aen-tu
1222 552 1249 565 u
1260 546 1332 569 [riae.
1343 545 1404 565 iubet
1414 551 1466 566 cun
1475 545 1612 569 delita-rue.
1629 550 1759 565 mucul-e
1769 545 1792 565 i·
1802 546 1870 570 [febe.

1076 587 1150 600 necnon
1180 583 1287 602 wincella,
1298 583 1378 600 ltntulo
1389 589 1427 599 ‹m-
1447 584 1500 602 Μ’..)

1091 625 1234 652 TULLIUS
1255 626 1448 652 TERENTIAE
1470 626 1512 652 ΕΤ
1533 625 1640 652 PATER
1663 624 1852 652 TULLIOLAE

1075 663 1205 690 DUABUS
1229 662 1343 689 ANIMIS
1363 663 1436 689 SUlS
1458 663 1500 689 ET
1520 663 1642 690 CICERO
1657 663 1762 689 MATRI
1778 663 1870 690 OPTI-

1202 701 1271 726 MAE
1293 700 1443 727 SUAVISS.
1466 699 1588 726 SORORI
1609 700 1636 726 S.
1658 700 1688 726 P.
1710 701 1739 726 D.

1133 748 1155 772 l.
1178 741 1211 772 Si
1233 755 1280 772 vos
1301 746 1410 775 valetis.
1433 755 1480 772 nos
1503 745 1634 772 valemus.
1676 746 1796 772 Vestrum
1816 747 1868 773 iam

1075 783 1218 809 consilium
1231 788 1280 813 est,
1289 792 1340 810 non
1353 783 1439 809 solum
1453 792 1552 813 meum.
1561 783 1627 818 quid
1639 784 1674 809 sit
1685 783 1762 809 vobis
1769 783 1870 811 facien-

1074 820 1151 847 dum.
1191 820 1220 847 Si
1237 820 1280 846 ille
1294 821 1404 847 Romam
1418 820 1536 847 modeste
1549 825 1678 847 venturus
1689 826 1742 847 est:
1761 826 1830 847 recte
1842 822 1868 847 in

1075 858 1224 892 praesentia
1241 858 1313 884 domi
1330 867 1389 884 esse
1406 859 1529 893 potestis:
1548 859 1590 884 siu
1608 858 1687 884 homo
1698 867 1791 885 amens
1802 858 1870 884 diri-

1074 895 1201 929 piendam
1214 895 1311 921 Urbem
1323 895 1435 922 daturus
1446 901 1495 926 est,
1509 904 1610 925 vereor,
1625 900 1653 921 ut
1665 895 1798 922 Dolabella
1812 896 1871 930 ipse

1074 933 1140 958 satis
1155 932 1233 958 nobis
1249 932 1375 967 prodesse
1392 933 1486 967 possit.
1526 932 1613 959 Etiam
1630 932 1697 958 illud
1713 938 1815 962 metuo,
1837 941 1870 959 ne

1076 970 1128 996 iam
1142 969 1408 1000 intercludamur,ut,
1421 978 1506 1005 quum
1519 969 1608 996 velitis
1619 971 1702 999 exire.
1716 979 1767 996 non
1781 969 1868 996 liceat.

1075 1006 1220 1041 Reliquum
1235 1012 1289 1038 est,
1303 1007 1375 1042 quod
1389 1008 1461 1042 ipsae
1473 1008 1573 1041 optime
1585 1007 1804 1037 considerabitis.
1824 1016 1870 1033 ve-

1074 1044 1122 1070 stri
1133 1044 1237 1070 similes
1250 1043 1364 1071 l'eminae
1375 1045 1463 1070 sintne
1476 1045 1583 1070 Romae.
1608 1043 1637 1070 Si
1647 1044 1720 1070 enim
1732 1053 1784 1070 non
1795 1049 1868 1075 sunt,

1075 1081 1224 1107 videndum
1235 1086 1288 1112 est,
1303 1086 1332 1108 ut
1343 1081 1452 1108 honeste
1464 1090 1511 1107 vos
1523 1089 1581 1107 esse
1593 1082 1713 1116 possitis.
1752 1081 1871 1113 Quomo-

1074 1118 1108 1144 do
1118 1118 1229 1153 quidem
1239 1127 1310 1145 nunc
1321 1127 1349 1145 se
1361 1127 1402 1144 res
1413 1118 1502 1148 habet,
1516 1118 1595 1144 modo
1606 1123 1635 1145 ut
1647 1118 1712 1145 haec
1723 1118 1801 1145 nobis
1813 1118 1869 1145 loca

1075 1160 1164 1182 tenere
1179 1155 1269 1187 liceat,
1291 1155 1441 1182 bellissime
1458 1155 1500 1181 vel
1521 1164 1641 1186 mecum,
1664 1155 1706 1182 vel
1724 1156 1750 1182 in
1772 1157 1870 1183 nostris

1073 1192 1193 1228 praediis
1214 1201 1274 1219 esse
1290 1193 1421 1228 poteritis.
1461 1193 1549 1219 Etiam
1571 1192 1639 1219 illud
1654 1192 1802 1219 verendum
1818 1198 1868 1225 est,

1074 1239 1106 1256 ne
1118 1230 1195 1256 brevi
1207 1235 1325 1264 tempore
1338 1230 1422 1257 fames
1433 1231 1460 1256 in
1473 1230 1542 1256 Urbe
1553 1231 1598 1257 sit.
1638 1232 1664 1257 2.
1686 1230 1733 1256 tiis
1743 1230 1776 1257 de
1788 1230 1870 1257 rebus

1074 1267 1156 1294 velim
1167 1276 1230 1294 curn
1240 1268 1387 1302 Pomponio
1395 1288 1401 1298 ,
1414 1276 1477 1294 cum
1487 1267 1600 1294 Camillo
1608 1288 1614 1299 ,
1630 1276 1693 1294 cum
1704 1267 1805 1303 quibus
1822 1276 1870 1294 vo-

1073 1305 1116 1332 bis
1129 1304 1280 1336 videbitur,
1293 1305 1483 1332 consideretis:
1500 1304 1533 1331 ad
1545 1313 1679 1331 summam
1688 1325 1694 1335 .
1707 1305 1797 1332 animo
1809 1304 1870 1332 sorti

1073 1342 1144 1369 sitis.
1184 1341 1320 1368 Labienus
1331 1351 1388 1369 rem
1400 1342 1538 1369 meliorem
1549 1341 1621 1368 fecit.
1660 1341 1778 1369 Adiuvat
1788 1343 1868 1369 etiam

1074 1380 1144 1410 Piso,
1159 1379 1232 1414 quod
1243 1379 1277 1406 ab
1287 1379 1359 1406 Urbe
1369 1379 1485 1406 discedit
1496 1385 1521 1406 et
1531 1379 1641 1406 sceleris
1652 1379 1812 1406 condemnat
1821 1388 1870 1416 ge-

1073 1425 1169 1444 nerum
1180 1425 1272 1443 suum.
1312 1417 1378 1448 Vos,
1397 1425 1470 1443 meae
1481 1417 1636 1443 carissimae
1650 1417 1769 1447 animae,
1786 1425 1869 1452 quam

1073 1455 1232 1489 saepissime
1244 1454 1278 1481 ad
1289 1463 1332 1481 me
1343 1454 1466 1485 scribite,
1480 1459 1506 1481 et
1517 1463 1564 1481 vos
1575 1453 1642 1489 quid
1653 1455 1738 1490 agatis
1746 1475 1752 1485 ,
1765 1459 1791 1480 et
1801 1453 1868 1489 quid

1073 1493 1134 1518 istic
1149 1496 1253 1527 agatur.
1293 1491 1410 1524 Quintus
1425 1497 1500 1527 pater
1514 1496 1540 1518 et
1561 1491 1633 1518 [ilius
1649 1496 1675 1518 et
1689 1490 1776 1518 Rufus
1790 1491 1869 1518 vobis

1072 1529 1187 1556 salutem
1198 1528 1302 1556 dicunt.
1342 1528 1443 1556 Valete.
1474 1537 1531 1555 vm.
1543 1528 1656 1556 Kalend.
1671 1527 1785 1561 Quintil.
1797 1529 1869 1555 Min-

1073 1572 1170 1594 turnis.

1124 1644 1176 1665 XV.
1195 1643 1272 1664 ΑΒΘ.
1291 1642 1385 1664 Liberos
1399 1650 1423 1663 ιε
1437 1643 1494 1670 apud
1505 1650 1528 1663 ιε
1538 1646 1686 1667 retentum-1,
1699 1647 1773 1664 eeter-
1781 1643 1868 1664 Teren-

1071 1679 1126 1701 tim
1136 1686 1165 1700 ex
1173 1678 1238 1700 Sicu
1248 1677 1371 1699 auditur-m
1383 1677 1469 1699 serit-it.
1499 1679 1611 1702 (Brundisii.
1621 1679 1699 1697 eumn
1709 1679 1801 1697 dicuin
1812 1679 1868 1702 τοι.)

1135 1725 1172 1751 Μ.
1193 1723 1224 1750 Τ.
1245 1722 1275 1750 C.
1296 1722 1324 1749 S.
1344 1723 1374 1750 P.
1394 1723 1425 1750 D.
1447 1722 1673 1749 TERENTIAE
1691 1721 1802 1749 SUAE.

1125 1757 1159 1788 Si
1169 1760 1258 1791 vales,
1273 1759 1341 1787 bene
1352 1765 1402 1786 est.
1442 1760 1686 1790 Constitueramus,
1700 1764 1730 1786 ut
1740 1759 1774 1786 ad
1784 1765 1809 1786 te
1819 1768 1868 1786 an-

1071 1804 1112 1826 tea
1127 1799 1304 1833 scripseram,
1325 1797 1435 1824 obviam
1451 1797 1606 1824 Ciceronem
1622 1796 1730 1823 Caesari
1745 1797 1864 1827 mittere;

1070 1836 1119 1863 sed
1130 1835 1296 1862 mutavimus
1306 1835 1450 1862 consilium
1459 1856 1465 1865 ,
1482 1835 1546 1870 quia
1562 1834 1595 1861 de
1609 1833 1684 1860 illius
1695 1834 1813 1860 adventu
1823 1834 1867 1860 ni—

1071 1873 1109 1900 hil
1121 1873 1310 1900 audiebamus.
1351 1873 1386 1898 De
1397 1873 1493 1899 ceteris
1505 1871 1600 1901 rebus.
1612 1872 1663 1897 etsi
1673 1871 1742 1897 nihil
1754 1876 1809 1898 erat
1818 1880 1867 1897 no—

1071 1912 1108 1942 vi,
1116 1916 1216 1941 tamen,
1227 1909 1295 1944 quid
1306 1909 1423 1936 velimus
1435 1914 1461 1936 et
1471 1908 1538 1944 quid
1550 1909 1600 1935 hoc
1611 1913 1729 1943 tempore
1739 1913 1866 1943 putemus

1069 1957 1138 1983 opus
1149 1956 1222 1978 esse,
1239 1955 1273 1972 ex
1283 1946 1358 1973 Sicca
1369 1947 1469 1982 poteris
1480 1954 1652 1982 cognoscere.
1690 1945 1806 1972 Tulliam
1817 1945 1868 1972 ad-

1070 1985 1124 2012 huc
1135 1993 1242 2012 mecum
1253 1988 1340 2010 teneo.
1382 1983 1571 2011 Valetudinem
1581 1988 1655 2010 tuam
1669 1991 1734 2010 cura
1747 1982 1866 2019 diligen-

1070 2027 1120 2050 ter.
1149 2021 1224 2050 Vale.
1245 2029 1297 2049 xn.
1307 2021 1442 2048 Kalendas
1451 2020 1566 2054 Quintil.

1121 2108 1185 2130 XVI.
1203 2109 1248 2129 AR
1255 2108 1282 2130 G.
1299 2108 1334 2129 De
1343 2107 1440 2131 litteris.
1451 2106 1478 2127 de
1486 2105 1618 2130 Volumnia.
1629 2106 1656 2127 de
1665 2112 1706 2126 tuo
1716 2104 1800 2126 dolote.

1204 2145 1322 2169 (Brundisii,
1332 2145 1411 2163 Caes-te
1420 2144 1446 2162 11.
1456 2144 1511 2162 Serv.
1521 2143 1603 2161 lunden
1613 2149 1659 2161 mu.
1670 2143 1726 2165 7⁰⁶.)

1123 2189 1160 2215 M.
1184 2189 1216 2215 T.
1238 2188 1268 2216 C.
1289 2188 1318 2215 S.
1339 2188 1369 2215 P.
1390 2188 1422 2214 D.
1443 2185 1670 2214 TERENTIAE
1691 2185 1803 2212 SUAE.

1124 2221 1159 2252 Si
1169 2225 1254 2257 vales,
1267 2226 1337 2252 bene
1347 2230 1401 2252 est:
1414 2224 1500 2251 valeo.
1530 2224 1589 2250 Etsi
1599 2222 1733 2250 eiusmodi
1745 2227 1864 2257 tempora

1068 2268 1156 2290 nostra
1167 2268 1240 2294 sunt,
1253 2268 1283 2290 ut
1294 2262 1362 2290 nihil
1376 2262 1499 2292 habeam.
1515 2261 1587 2296 quod
1597 2264 1643 2287 aut
1652 2269 1665 2286 a
1677 2264 1702 2286 te
1714 2259 1863 2286 litterarum

1067 2305 1222 2336 exspectem
1234 2305 1279 2327 aut
1289 2301 1349 2335 ipse
1359 2299 1392 2326 ad
1403 2304 1428 2326 te
1438 2299 1570 2325 scribam:
1591 2302 1679 2324 tamen
1693 2297 1785 2338 nescio
1794 2304 1864 2331 quo-

1068 2337 1147 2364 modo
1161 2342 1187 2364 et
1202 2338 1261 2372 ipse
1276 2342 1379 2364 vestras
1395 2336 1496 2363 litteras
1510 2338 1649 2370 exspecto.
1676 2338 1702 2360 et
1719 2333 1809 2360 scrlbo
1828 2333 1863 2360 ad

1067 2383 1128 2407 vos,
1145 2383 1231 2410 quum
1247 2375 1347 2405 habeo,
1364 2375 1413 2409 qui
1424 2373 1500 2400 ferat.
1539 2371 1681 2398 Volumnia
1692 2370 1826 2397 debuitin
1836 2375 1863 2397 te

1066 2412 1213 2438 officiosior
1227 2420 1300 2443 esse,
1317 2420 1400 2447 quam
1416 2410 1481 2441 fuit,
1499 2414 1525 2436 et
1537 2408 1566 2435 id
1581 2409 1685 2444 ipsum,
1703 2406 1859 2449 quodsecit,

1066 2450 1154 2484 potuit
1164 2449 1323 2485 diligentius
1335 2448 1422 2475 facere
1435 2452 1461 2474 et
1472 2447 1588 2474 cautius.
1627 2445 1798 2480 Quamquam
1808 2443 1862 2470 alia

1066 2492 1138 2518 sunt,
1152 2495 1222 2522 quae
1233 2487 1321 2522 magis
1331 2493 1458 2512 curemus
1469 2484 1611 2519 magisque
1621 2481 1775 2509 doleamus:
1791 2489 1861 2517 quae

1066 2532 1109 2549 me
1120 2524 1156 2550 ita
1167 2523 1323 2554 conficiunt,
1335 2527 1366 2550 ut
1375 2523 1396 2549 ii
1406 2521 1558 2551 voluerunt,
1571 2520 1619 2555 qui
1630 2528 1674 2546 me
1683 2519 1717 2545 de
1728 2527 1788 2545 mea
1797 2527 1861 2545 sen-

1065 2562 1147 2587 tentia
1162 2561 1345 2588 detruserunt.
1381 2559 1464 2589 Cura,
1481 2562 1511 2584 ut
1524 2556 1625 2584 valeas.
1664 2555 1756 2583 Pridie
1770 2556 1861 2582 Nonas

1064 2598 1169 2625 Ianuar.
