1941 3052
248 148 294 172 3203
817 150 848 172 *23
894 148 926 172 Μ.

247 225 319 245 rum.
337 218 361 243 in
377 217 449 243 Ponti
464 225 507 242 ore
521 221 546 242 ct
559 217 702 249 ειιαιιειίἰιν
724 218 843 246 toruum,
865 216 936 250 quod
952 216 1030 251 Syru-

245 255 317 280 cuni<
331 259 390 279 ante
407 254 510 279 Verrem
527 259 668 287 prm-torem
685 253 743 278 fuit.

247 292 279 317 ita
299 300 330 317 ex
349 291 411 316 aede
426 300 472 315 sun
492 290 612 319 mistnlit.
635 295 662 315 ιιι
677 291 702 315 in
717 290 858 323 Capitolio,
881 290 929 315 ho<-
946 295 986 315 est
1005 291 1030 316 in

247 329 360 354 tem-stri
375 327 509 352 domu-ilio
524 327 599 355 lovis,
617 331 732 360 poneret.

245 370 283 390 cut
297 365 328 389 nd
345 367 478 390 introitum
495 364 581 390 Ponti,
603 363 642 392 id,
662 372 746 397 quum
767 368 818 389 tarn
838 364 919 389 multa
939 364 1032 389 exilio

777 328 831 351 130.
852 326 927 358 Quod
942 331 1030 352 autem
1053 325 1054 332 ¹

246 403 308 428 {itari
330 401 396 426 bella
416 401 582 429 erm-rserint,
604 405 654 425 tam
676 400 757 426 multa
777 409 854 434 porro
872 401 898 426 in
919 401 1029 426 l’onturn
1053 402 1055 407 “

245 440 344 465 iuvet-ta
359 439 424 466 sint,
447 445 530 470 usquo
549 437 580 462 nd
599 437 665 462 hanc
683 437 752 462 diem
772 439 904 470 integrum
920 438 1031 464 inviola-

245 481 354 508 tnmqm·
368 479 500 499 servatum
515 478 563 498 cst.
599 474 651 499 Iloc
666 475 780 503 tertium,
796 474 868 509 quod
883 479 938 500 erat
952 475 1031 510 Syra-

243 513 325 541 cusis,
341 510 411 545 quod
425 511 458 535 M.
473 510 620 540 Marcellus,
637 516 753 537 armatus
767 517 791 537 ct
808 513 902 542 victor,
920 512 1028 542 viderat,

242 548 312 582 quod
328 548 446 580 religioni
465 552 641 578 concesserat,
662 548 733 583 quod
752 549 823 574 cives
838 554 916 583 atque
932 549 1030 575 incolae

242 585 400 620 Syracusani
415 584 511 613 volere,
528 585 644 611 advenae
658 594 708 611 non
724 586 810 612 solum
827 587 920 616 visere,
938 595 1029 612 verum

241 623 318 648 ctiam
335 622 451 647 venerari
466 622 598 648 solebant:
615 622 641 648 id
657 623 684 649 C.
699 623 792 649 Verres
802 632 834 650 ex
850 623 948 658 templo
962 624 1030 650 Iovis
1052 644 1061 657 ,,

241 658 359 684 sustulit.
400 660 456 684 tat.
473 659 505 685 Ut
517 659 625 694 saepius
639 660 671 686 ad
686 661 719 686 M.
737 660 890 687 Marcellum
905 666 1027 691 revertar,

242 696 351 726 iudices,
367 696 405 721 sic
421 696 552 722 habetote:
570 696 660 731 plures
675 706 732 724 esse
744 707 756 723 a
768 698 941 725 Syracusanis
953 699 1029 724 istius
1052 710 1059 733 χ

1058 739 1060 749 ’
1081 736 1148 765 dios,
1166 740 1194 761 ut
1208 735 1343 770 Ialysum?
1367 736 1433 771 quid
1447 736 1634 766 Athenienses,
1652 742 1679 762 ut
1693 745 1726 763 ex
1740 745 1871 764 marmore

241 733 355 759 adventu
373 733 450 764 deos,
470 742 550 768 (piam
571 735 677 760 victoria
693 728 808 761 Marcelli
824 735 944 762 homines
959 735 1029 761 desi-

241 770 352 796 derato&
394 770 497 796 Etenim
516 771 560 797 ille
575 772 719 806 requisisse
733 772 830 798 dicitur
843 773 922 799 etiam
937 773 1029 799 Archi-

241 807 344 833 medem
364 807 454 838 illum,
474 816 580 835 summo
598 809 704 843 ingenio
719 809 852 836 hominem
866 819 896 836 ac
909 810 1030 844 discipli-

242 853 285 875 na,
306 853 422 879 eumque
435 853 519 879 quum
535 845 653 872 audisset
671 846 851 877 intersectum,
872 847 1028 881 permoleste

241 881 348 908 tulisse:
369 883 418 908 iste
432 883 533 913 omnia,
554 891 622 917 quae
637 884 788 918 requisivit.
810 893 861 910 non
881 889 909 910 ut
923 893 1029 910 conser-
1050 901 1051 923 3

242 923 320 948 varet,
339 927 430 945 verum
445 924 473 945 ut
487 925 638 954 asportaret.
656 921 805 956 requisivit.
828 922 895 948 LIX.
909 923 961 947 Iam
973 922 1027 951 illa,
1050 931 1052 941 ·

239 957 301 991 quia
324 956 419 982 leviora
439 956 610 987 videbuntur,
632 957 691 984 ideo
709 958 868 993 praeteribo:
893 959 964 993 quod
981 959 1028 984 iste

240 1002 346 1019 mensas
360 993 499 1027 Delphicas
517 1003 530 1020 e
550 1003 692 1026 marmore,
713 1000 826 1022 crateras
844 1004 877 1022 ex
895 1005 954 1022 aere
969 996 1029 1030 pul-

239 1030 396 1060 cherrimas,
422 1031 475 1056 vim
491 1032 633 1058 maximam
648 1041 771 1059 vasorum
786 1033 981 1059 Corinthiorum
996 1042 1028 1059 ex
1058 1062 1059 1071 ἵ

213 1078 217 1085 ·
239 1067 364 1094 omnibus
378 1067 488 1094 aedibus
503 1070 583 1095 sacris
598 1069 737 1105 Syracusis
751 1070 870 1097 abstulit.
906 1072 963 1097 ⁴32.
979 1071 1028 1097 Ita-

239 1112 305 1139 que,
325 1104 441 1136 iudices,
461 1105 501 1136 hi,
522 1107 569 1141 qui
585 1107 702 1141 hospites
717 1107 749 1134 ad
767 1116 810 1138 ea,
831 1116 899 1142 quae
918 1108 1027 1134 visenda
1050 1107 1051 1125 ἶ

238 1146 310 1172 sunt,
326 1141 422 1168 ducere
436 1142 521 1169 solent
534 1147 560 1169 et
573 1152 657 1170 unum
668 1145 788 1179 quidque
798 1145 944 1175 ostendere,
959 1153 1027 1180 quos
1050 1155 1059 1181 ζ,

1050 1185 1058 1191 ”
1079 1192 1160 1217 quam
1179 1183 1362 1209 Mamertinam
1381 1188 1489 1218 propter
1507 1182 1665 1218 praedarum
1685 1192 1714 1209 ac
1737 1182 1868 1209 furtorum

595 1219 670 1249 Nam,
687 1224 716 1245 ut
729 1224 788 1246 ante
802 1219 1025 1250 demonstrabant,
1050 1226 1058 1256 l,

1049 1263 1051 1270 ¹
1079 1257 1210 1284 nobilium
1225 1262 1249 1283 et
1264 1257 1439 1284 formosarum
1454 1258 1551 1293 gratia,
1567 1266 1681 1292 quarum
1697 1258 1747 1283 iste
1760 1257 1870 1284 arbitrio

239 1178 278 1205 illi
302 1184 471 1215 mystagogos
490 1185 596 1211 vocant,
621 1190 775 1208 conversam
795 1183 847 1208 iam
867 1182 964 1208 habent
981 1183 1028 1208 de-

238 1221 454 1243 monstrationem
468 1226 554 1244 suam.

237 1253 303 1288 quid
318 1254 418 1288 ubique
431 1259 514 1281 esset:
539 1256 573 1281 ita
588 1264 671 1285 nunc,
695 1256 761 1291 quid
775 1257 894 1291 undique
909 1257 1026 1283 ablatum

237 1291 281 1321 sit,
297 1291 449 1317 ostendunt.

292 1327 362 1360 Quid
377 1327 452 1354 tum?
464 1328 626 1356 mediocrine
641 1330 747 1356 tandem
761 1330 850 1357 dolore
864 1340 908 1357 eos
921 1331 1026 1358 affectos

236 1373 296 1391 esse
306 1365 490 1392 arbitramini?
504 1367 560 1392 Non
572 1367 607 1392 ita
617 1372 666 1397 est,
683 1368 798 1394 iudices:
815 1369 941 1403 primum,
954 1368 1026 1403 quod

236 1410 329 1429 omnes
347 1402 475 1438 religione
494 1408 647 1435 moventur,
668 1409 694 1430 et
711 1405 774 1431 deos
792 1406 904 1439 patrios.
925 1414 993 1440 quos
1011 1415 1024 1432 a

237 1439 382 1466 maioribus
396 1445 566 1475 acceperunt,
583 1441 707 1468 colendos
721 1442 774 1468 sibi
789 1442 932 1478 diligenter
945 1448 971 1470 et
984 1452 1026 1470 re-

237 1476 359 1503 tinendos
377 1485 436 1503 esse
450 1478 625 1505 arbitrantur:
650 1479 746 1505 deinde
762 1479 804 1506 hic
817 1485 939 1511 ornatus,
961 1481 1025 1507 haec

235 1522 314 1548 opera
332 1517 411 1548 atque
429 1515 552 1546 artificia,
573 1516 662 1551 signa,
683 1516 788 1543 tabulae
805 1518 892 1552 pictae
910 1517 1024 1544 Graecos

237 1551 358 1577 homines
376 1551 460 1578 nimio
477 1560 556 1587 opere
574 1552 715 1580 delectant,
754 1554 847 1589 Itaque
865 1563 899 1581 ex
916 1555 1023 1582 illorum

235 1589 411 1623 querimoniis
425 1589 575 1626 intelligere
588 1598 743 1625 possumus,
761 1591 825 1618 haec
838 1591 893 1618 illis
907 1593 1024 1619 acerbis-

235 1626 303 1652 sima
317 1625 415 1657 videri,
430 1634 499 1661 quae
513 1627 623 1654 forsitan
638 1628 716 1654 nobis
731 1628 799 1655 levia
813 1634 838 1655 et
851 1633 1024 1656 contemnen-

235 1663 267 1689 da
285 1671 344 1689 esse
363 1663 513 1690 videantur.
553 1664 620 1691 Mihi
639 1665 750 1696 credite,
771 1666 887 1697 iudices,
908 1666 1023 1701 (tametsi

236 1701 412 1735 vosmetipsos
430 1700 495 1728 haec
517 1701 609 1728 eadem
633 1702 725 1728 audire
747 1707 819 1729 certo
840 1704 917 1738 scio,)
937 1712 1023 1739 quum

235 1736 332 1764 multas
346 1739 495 1773 acceperint
507 1747 555 1773 per
569 1739 647 1766 hosce
661 1748 744 1766 annos
755 1740 821 1766 socii
831 1745 911 1775 atque
919 1745 1023 1767 exterae

236 1775 354 1801 nationes
368 1774 532 1802 calamitates
545 1781 571 1802 et
583 1777 709 1809 iniurias;
726 1776 814 1803 nullas
828 1777 922 1804 Graeci
936 1778 1023 1805 homi-

235 1819 282 1837 nes
295 1812 404 1847 gravius
418 1812 544 1844 tulerunt,
561 1822 609 1840 nec
623 1813 724 1844 ferunt,
740 1823 821 1849 quam
836 1814 1022 1842 huiuscemodi

235 1847 405 1883 spoliationes
420 1849 542 1876 fanorum
561 1855 640 1886 atque
657 1851 827 1886 oppidorum.
870 1853 927 1878 ⁴33.
951 1853 1023 1879 Licet

235 1886 284 1911 iste
298 1885 367 1912 dicat
381 1887 479 1913 emisse
493 1896 535 1918 se,
555 1888 635 1914 sicuti
654 1888 721 1915 solet
734 1889 835 1915 dicere:
860 1889 959 1916 credite
974 1890 1023 1916 hoc

235 1922 315 1953 mihi,
340 1924 454 1950 iudices:
481 1924 554 1951 nulla
577 1934 705 1960 umquam
724 1926 818 1953 civitas
842 1930 894 1953 tota
912 1926 975 1953 Asia
997 1931 1023 1953 et

235 1960 343 1987 Graecia
357 1961 464 1996 signum
476 1961 571 1993 ullum,
588 1962 670 1989 ullam
682 1963 799 1990 tabulam
811 1964 918 1998 pictam,
936 1964 1021 1991 ullum

234 1996 350 2032 denique
366 2003 551 2025 ornamentum
570 1999 658 2031 urbis,
679 2009 728 2027 sua
746 2000 882 2027 voluntate
895 2002 1021 2036 cuiquam

236 2033 367 2060 vendidit:
388 2035 439 2061 nisi
454 2035 519 2062 forte
537 2037 711 2069 existimatis,
731 2042 904 2073 posteaquam
923 2038 1021 2065 iudicia

234 2080 325 2098 severa
339 2072 436 2098 Romae
450 2072 506 2099 fieri
520 2073 662 2106 desierint,
682 2075 796 2102 Graecos
815 2075 938 2102 homines
957 2075 1022 2102 haec

235 2108 369 2135 venditare
382 2110 510 2144 coepisse,
526 2119 595 2146 quae
609 2116 666 2138 tum
680 2120 733 2139 non
746 2112 825 2139 modo
835 2121 888 2139 non
900 2113 1022 2139 vendita-

235 2146 304 2176 bant,
319 2154 404 2180 quum
418 2147 516 2174 iudicia
530 2148 635 2180 fiebant,
652 2158 746 2176 verum
759 2150 839 2176 etiam
850 2150 1018 2177 coemebant:

232 2187 277 2209 aut
288 2183 340 2209 nisi
350 2183 516 2211 arbitramini
530 2185 559 2212 L.
571 2185 675 2217 Crasso,
691 2186 722 2219 Q.
734 2186 885 2218 Scaevolae,
901 2187 928 2214 C.
941 2187 1021 2214 Clau-

232 2219 276 2246 dio
289 2221 484 2254 potentissimis
498 2221 667 2255 hominibus,
686 2232 802 2259 quorum
815 2224 964 2251 aedilitates
977 2233 1020 2251 oi*

233 2257 385 2284 natissimas
396 2258 523 2291 vidimus,
535 2261 724 2288 commercium
734 2261 846 2288 istarum
857 2270 946 2288 rerum
957 2270 1019 2288 cum

232 2294 340 2320 Graecis
354 2294 509 2322 bominibus
523 2306 575 2324 non
589 2297 688 2331 fuisse;
704 2298 756 2329 his,
771 2299 819 2333 qui
833 2303 894 2333 post
906 2299 1021 2326 iudicio-

232 2339 290 2357 rum
304 2331 508 2359 dissolutionem
522 2334 621 2361 aediles
636 2335 698 2362 facti
711 2340 782 2367 sunt,
798 2335 893 2362 fuisse.

285 2368 342 2395 LX.
358 2370 415 2396 ⁴34.
434 2370 603 2398 Acerbiorem
621 2373 701 2399 etiam
718 2373 812 2399 scitote
830 2381 890 2399 esse
903 2373 1019 2400 civitati-

232 2405 282 2431 bus
296 2405 390 2432 i'alsam
404 2407 483 2434 istam
497 2412 523 2434 et
535 2409 689 2436 simulatam
702 2411 879 2445 emptionem,
898 2419 980 2446 quam
994 2411 1018 2437 si

231 2443 294 2476 quis
306 2442 374 2469 clam
388 2445 527 2479 surripiat,
543 2450 589 2472 aut
601 2447 697 2482 eripiat
710 2447 798 2482 palam
812 2451 891 2482 atque
905 2447 1016 2474 auferat.

233 2479 297 2504 Nam
311 2481 504 2514 turpitudinem
519 2491 652 2510 summam
667 2493 726 2510 esse
739 2484 909 2515 arbitrantur,
926 2485 1016 2511 referri

233 2515 258 2541 ἰιι
273 2515 385 2548 tabulas.
401 2520 485 2552 pretio
498 2519 638 2547 adductam
653 2521 789 2548 civitatem
802 2526 828 2548 et
840 2522 926 2557 pretio
936 2531 1018 2557 parvo

231 2560 269 2593 eal,
284 2560 353 2586 quae
366 2556 510 2589 accepisset
519 2565 533 2583 a
544 2558 699 2590 maioribus,
716 2559 871 2585 vendidisse
882 2563 961 2594 atque
970 2559 1018 2586 ab·-

231 2587 370 2630 alienasse.
392 2591 496 2619 Etenim
511 2595 662 2621 mirandum
674 2596 701 2622 in
712 2595 822 2622 modum
832 2596 926 2623 Graeci
936 2596 1017 2623 rebus

231 2629 304 2666 istis,
328 2634 395 2660 quas
413 2637 460 2655 nos
478 2632 687 2663 contemnimus,
712 2632 885 2660 delectantur.
926 2634 1017 2668 ltaque

232 2669 344 2689 maiores
358 2666 440 2691 nostri
455 2665 530 2693 facile
539 2669 707 2702 patiebantur
718 2670 782 2696 haec
793 2678 852 2697 esse
863 2679 944 2705 quam
955 2670 1017 2706 plu-

962 147 990 172 Τ.
1028 147 1301 173 CICERONIS

1052 217 1054 222 ’
1082 217 1147 242 rima
1162 216 1232 250 apud
1247 216 1346 244 socios,
1368 220 1395 241 ut
1410 217 1521 250 imperio
1535 221 1625 242 nostro
1637 225 1718 251 quam
1732 218 1872 244 ornatissi-

782 253 849 278 Illud
866 253 1030 278 Flamininus
1052 262 1054 266 ·

1083 255 1117 278 ini
1134 252 1369 286 florentissimique
1379 257 1481 279 essent:
1497 253 1567 288 apud
1579 262 1624 279 eos
1634 258 1731 284 autem,
1747 263 1814 289 quoa
1827 263 1872 281 ve—

1083 290 1193 322 ctigales
1207 295 1251 315 ant
1266 289 1454 323 stipendiarios
1470 289 1592 321 fecerant,
1611 295 1697 317 tamen
1713 290 1776 317 haec
1790 291 1872 318 relin-

1082 328 1208 360 quebant.
1226 331 1254 352 ut
1268 326 1316 357 illi,
1332 326 1433 361 quibus
1447 336 1476 353 ea
1491 327 1606 354 iucunda
1621 332 1696 358 sunt,
1712 336 1780 363 quae
1794 328 1872 355 uobis

1084 364 1150 389 levin
1167 363 1299 393 videntur,
1316 363 1443 390 haberent
1457 364 1520 390 haec
1533 364 1726 392 oblectamenta
1740 370 1765 391 et
1779 366 1871 392 sot-tia

1082 401 1231 426 servitutis.
1260 402 1316 426 ⁴35.
1331 400 1402 432 Quid
1416 401 1582 428 arbitramini
1598 403 1741 437 Rheginos.
1757 403 1804 438 qui
1819 403 1871 429 iarn

1081 439 1153 463 cives
1169 438 1278 464 Itomani
1294 443 1364 467 sunt,
1382 447 1482 464 merere
1498 439 1574 469 velle,
1591 444 1619 466 ut
1632 440 1714 465 abeis
1727 449 1872 467 marmorea

1084 475 1171 500 Venus
1187 475 1230 500 illa
1249 474 1402 501 auferatur?
1426 475 1492 510 quid
1507 476 1674 507 Tarentinos.
1697 482 1724 503 ut
1739 477 1872 512 Europam

1083 513 1108 537 in
1125 517 1198 538 tauro
1211 512 1348 538 sedentem
1367 512 1507 538 amittant?
1534 518 1561 539 ut
1575 513 1714 548 Satyrum,
1734 515 1780 549 qui
1801 514 1872 549 apud

1083 549 1141 575 illos
1157 550 1182 575 in
1197 549 1260 574 aede
1272 549 1364 575 Vestae
1379 549 1437 575 est?
1452 550 1591 576 utcetera?
1603 550 1669 585 quid
1681 551 1870 586 Thespienscs,

1083 592 1110 612 ut
1125 586 1266 620 Cupidinis
1284 587 1407 621 signum,
1429 592 1535 622 propter
1552 588 1623 622 quod
1644 596 1726 614 unum
1748 589 1872 615 visuntur

1082 623 1232 658 Thespiae?
1256 623 1321 658 quid
1341 624 1462 654 Cnidios,
1485 629 1513 650 ut
1532 624 1658 651 Venerem
1679 625 1873 652 marmoream?

1081 661 1156 695 quid.
1166 665 1193 686 ut
1204 661 1311 695 pictam,
1320 661 1405 687 Coos?
1415 661 1480 696 quid
1489 661 1628 696 Ephesios.
1639 662 1872 689 utAtexandrum‘?

1081 698 1147 732 quid
1161 698 1319 733 Cyzicenos,
1340 703 1368 724 ut
1381 699 1488 725 Aiacem
1503 704 1547 725 aut
1562 698 1699 725 Medeam?
1720 699 1786 734 quid
1802 699 1871 726 libo-

1081 773 1202 799 Iacchum
1226 777 1271 798 aut
1289 771 1410 799 Paralum
1430 773 1540 807 pictum,
1561 777 1607 800 aut
1625 782 1658 800 ex
1675 783 1734 800 aere
1753 774 1870 810 Myronis

1081 809 1224 836 buculam?
1250 810 1370 845 Longum
1389 815 1429 836 est
1446 815 1472 836 et
1489 820 1541 837 non
1560 811 1740 837 necessarium
1754 819 1872 838 comme-

1050 855 1052 861 *
1081 856 1191 878 morare,
1207 856 1275 882 quae
1289 847 1360 881 apud
1374 856 1496 883 quosque
1511 848 1621 874 visenda
1635 854 1697 874 sunt
1710 852 1760 874 tota
1771 848 1834 875 Asin
1846 853 1871 875 et

1081 885 1203 911 Graecia:
1225 894 1317 910 verum
1333 884 1399 910 illud
1414 890 1466 915 cst,
1488 885 1662 919 quamobrem
1678 885 1741 911 hacc
1754 894 1871 912 comme-

1081 931 1190 951 morem,
1207 921 1277 956 quod
1289 922 1442 948 existimare
1458 931 1504 948 vos
1520 922 1568 949 hoc
1582 922 1650 953 volo,
1666 923 1764 949 mirum
1775 931 1871 958 quem—

1080 959 1140 985 dam
1155 959 1272 985 dolorem
1287 960 1406 993 accipere
1420 968 1478 989 eos,
1499 968 1531 986 cx
1548 968 1663 994 quorum
1679 960 1792 986 urbibus
1807 960 1870 987 baec

1080 996 1243 1022 auferantur.
1279 996 1346 1022 LXI.
1364 998 1420 1023 ⁴36.
1436 997 1531 1032 Atque,
1549 1002 1577 1023 ut
1589 1002 1690 1024 ceteros
1703 997 1867 1028 omittamus,

1079 1033 1112 1060 de
1131 1034 1198 1068 ipsis
1212 1034 1388 1069 Syracusanis
1406 1034 1570 1069 cognoscite:
1591 1033 1623 1060 ad
1641 1043 1709 1069 quos
1723 1042 1772 1070 ego
1785 1043 1869 1070 quum

1081 1072 1224 1102 venissem,
1241 1072 1279 1097 sic
1290 1071 1377 1105 primo
1387 1071 1583 1102 existimabam,
1600 1076 1629 1097 ut
1639 1071 1736 1098 Romae
1748 1080 1781 1098 ex
1791 1072 1870 1098 istius

1079 1109 1172 1134 amicis
1195 1117 1360 1143 acceperam,
1385 1108 1520 1135 civitatem
1543 1108 1736 1144 Syracusanam
1763 1112 1870 1144 propter

1080 1145 1192 1171 Ileraclii
1215 1146 1388 1172 hereditatem
1413 1154 1464 1172 non
1487 1146 1577 1172 minus
1600 1154 1659 1172 esse
1682 1146 1726 1172 isti
1745 1147 1866 1177 amicam,

1078 1221 1199 1246 omnium
1214 1221 1378 1246 societatem:
1403 1220 1485 1246 simul
1500 1225 1525 1246 et
1539 1220 1661 1249 verebar,
1678 1229 1710 1246 ne
1724 1220 1868 1247 mulierum

1078 1299 1227 1329 praeturam
1243 1303 1290 1329 per
1304 1295 1448 1321 triennium
1462 1299 1594 1330 gesserat,
1611 1295 1792 1329 virorumque,
1807 1295 1869 1330 qui-

1077 1332 1192 1358 buscum
1207 1331 1268 1358 illae
1282 1337 1380 1366 nuptae
1394 1337 1476 1362 erant,
1493 1332 1575 1358 nimia
1590 1332 1617 1358 in
1631 1332 1713 1358 istum
1728 1340 1780 1358 non
1790 1331 1869 1358 modo

1078 1368 1235 1399 lenitudine,
1252 1369 1299 1395 sed
1314 1369 1393 1395 etiam
1406 1368 1564 1395 liberalitate
1573 1377 1751 1405 oppugnarer,
1768 1369 1791 1395 si
1802 1368 1869 1404 quid

1054 1415 1055 1419 ¹
1077 1415 1110 1433 ex
1125 1406 1219 1432 litteris
1234 1406 1462 1442 Syracusanorum
1476 1406 1672 1441 conquirerem.
1705 1407 1762 1432 ⁴37.
1777 1407 1868 1441 Itaque

1076 1443 1215 1479 Syracusis
1229 1452 1290 1470 cum
1309 1444 1416 1470 civibus
1430 1444 1556 1470 Romanis
1575 1452 1660 1470 eram:
1681 1452 1772 1470 eorum
1791 1443 1869 1470 tabu-

1077 1480 1115 1507 las
1127 1481 1311 1516 exquirebam,
1325 1481 1436 1507 iniurias
1447 1480 1653 1517 choscebam:
1668 1489 1754 1516 quum
1765 1481 1867 1508 diutius

1076 1519 1102 1544 in
1118 1519 1224 1554 negotio
1236 1527 1353 1553 curaque
1367 1517 1483 1549 sueram,
1503 1523 1533 1544 ut
1550 1519 1745 1553 requiescerem
1763 1526 1868 1544 curam-

1075 1564 1128 1590 que
1141 1556 1224 1582 animi
1239 1556 1410 1586 remitterem,
1426 1555 1458 1581 ad
1469 1555 1614 1590 Carpinatii
1627 1555 1775 1590 praeclaras
1791 1555 1868 1582 tabu-

1076 1592 1115 1619 las
1133 1593 1297 1625 revertebat-3
1323 1592 1369 1619 ubi
1388 1601 1449 1619 cum
1468 1592 1606 1627 equitibus
1623 1593 1751 1619 Romanis
1770 1601 1803 1618 ex
1821 1591 1867 1619 illo

1074 1634 1207 1656 conventu
1222 1630 1422 1656 honestissimis
1433 1629 1494 1656 illos
1505 1630 1650 1660 Verrutios,
1666 1629 1699 1655 de
1709 1629 1810 1664 quibus
1820 1638 1867 1656 an-

1076 1672 1100 1693 te
1113 1667 1180 1698 dixi,
1196 1666 1376 1702 explicabam:
1398 1675 1411 1693 a
1425 1666 1599 1702 Syracusanis
1614 1675 1723 1701 prorsus
1738 1666 1805 1693 nihil
1820 1665 1867 1693 ad-

1075 1705 1188 1730 iumenti
1203 1713 1289 1739 neque
1304 1704 1410 1738 publice
1425 1712 1511 1739 neque
1525 1704 1650 1739 privatim
1661 1703 1863 1739 exspectabam:

1074 1750 1162 1776 neque
1176 1745 1230 1767 erat
1244 1742 1271 1768 in
1285 1742 1374 1768 animo
1388 1740 1532 1776 postulare.
1566 1740 1656 1773 Quum
1671 1741 1735 1768 haec
1748 1749 1863 1777 agerem,

1074 1783 1182 1813 repente
1195 1778 1228 1805 ad
1242 1787 1284 1804 me
1299 1779 1371 1804 venit
1384 1778 1521 1805 Heraclius
1534 1779 1572 1809 is,
1592 1778 1640 1813 qui
1655 1783 1711 1804 tum
1726 1778 1866 1814 magistra-

1074 1821 1131 1842 tum
1145 1816 1284 1851 Syracusis
1299 1815 1425 1846 habebat,
1446 1815 1526 1842 homo
1544 1815 1656 1846 nobilis,
1677 1815 1724 1850 qui
1743 1814 1865 1842 sacerdos

1073 1854 1143 1880 Iovis
1162 1853 1270 1884 suisset,
1294 1853 1341 1888 qui
1360 1853 1444 1879 honos
1461 1851 1533 1887 apud
1551 1852 1732 1888 Syracusanos
1751 1856 1791 1878 est
1808 1860 1865 1879 am-

1074 1890 1228 1925 plissimus:
1245 1890 1299 1925 agit
1313 1898 1428 1921 mecum,
1444 1894 1469 1916 et
1482 1898 1544 1916 cum
1559 1889 1637 1916 fratre
1647 1897 1716 1920 meo,
1731 1893 1770 1920 ut,
1785 1890 1808 1916 si
1818 1897 1866 1916 no-

1073 1928 1116 1954 bis
1130 1927 1274 1957 videretur,
1290 1927 1426 1953 adiremus
1439 1927 1472 1954 ad
1483 1935 1575 1954 eorum
1586 1931 1723 1953 senatum:
1739 1925 1865 1962 frequen-

1074 1969 1113 1991 tes
1127 1973 1186 1991 esse
1201 1965 1228 1990 in
1242 1965 1328 1990 curia:
1345 1973 1374 1990 se
1387 1965 1465 1991 iussu
1479 1969 1587 1990 senatus
1601 1972 1615 1990 a
1629 1963 1707 1991 nobis
1721 1967 1820 1999 petere,
1835 1967 1865 1990 ut

1073 2002 1236 2028 veniremus.
1260 2003 1316 2028 ⁴38.
1329 2002 1418 2028 Primo
1431 2001 1508 2028 nobis
1522 2001 1574 2028 fuit
1586 2001 1710 2031 dubium,
1726 1999 1792 2036 quid
1802 2009 1865 2037 age-

1073 2047 1177 2065 remus:
1192 2038 1290 2065 deinde
1303 2039 1355 2065 cito
1369 2039 1442 2065 venit
1455 2039 1483 2065 in
1497 2043 1624 2069 mentem,
1640 2046 1692 2065 non
1703 2046 1764 2064 esse
1777 2037 1864 2064 vitan—

1072 2076 1138 2103 dum
1152 2075 1230 2103 nobis
1243 2075 1322 2102 illum
1335 2080 1497 2103 conventum
1511 2080 1537 2102 et
1550 2075 1647 2102 locum.
1677 2075 1757 2102 LXII.
1771 2075 1863 2110 Itaque

1072 2114 1099 2140 in
1113 2114 1215 2139 curiam
1227 2114 1362 2139 venimus.
1383 2112 1531 2140 Honorilice
1542 2121 1606 2139 sane
1615 2121 1714 2139 consur
1733 2112 1799 2138 itur:
1815 2120 1863 2138 nos

1071 2155 1164 2187 rogatu
1177 2151 1350 2186 magistratus
1364 2150 1526 2177 assedimus.
1565 2149 1663 2185 Incipit
1675 2149 1700 2176 is
1724 2149 1798 2184 oqui,
1813 2149 1861 2184 qui

1071 2192 1097 2214 et
1109 2188 1265 2214 auctoritate
1279 2193 1304 2214 et
1317 2192 1400 2214 aetate
1414 2191 1448 2218 et,
1464 2191 1494 2214 ut
1506 2186 1575 2214 mihi
1589 2187 1679 2213 visum
1693 2190 1743 2216 est,
1758 2193 1811 2212 usu
1821 2194 1864 2212 r&

1070 2234 1130 2252 rum
1145 2224 1325 2255 antecedebat,
1341 2224 1471 2252 Diodorus
1485 2223 1662 2251 Timarchidi:
1682 2223 1760 2250 cuius
1774 2223 1862 2250 omnis

1070 2263 1153 2289 oratio
1167 2262 1235 2288 banc
1248 2262 1342 2288 habuit
1355 2262 1443 2297 primo
1453 2262 1626 2288 sententiam:
1642 2264 1764 2287 senatum
1775 2268 1863 2295 popu-

1071 2299 1181 2334 lumque
1191 2299 1388 2335 Syracusanum
1397 2298 1508 2325 moleste
1516 2298 1686 2334 graviterque
1698 2296 1776 2328 serre,
1789 2297 1862 2333 quod

1069 2345 1127 2372 ego,
1143 2345 1229 2371 quum
1243 2337 1270 2363 in
1284 2336 1379 2362 ceteris
1389 2335 1495 2362 Siciliae
1507 2335 1662 2362 civitatibus
1675 2338 1798 2360 senatum
1813 2342 1862 2370 po-

1069 2373 1219 2409 pulumque
1232 2373 1394 2404 docuissem,
1409 2373 1476 2408 quid
1489 2373 1524 2399 iis
1537 2371 1670 2403 utilitatis,
1685 2370 1752 2406 quid
1765 2370 1861 2398 salutis

1069 2411 1198 2441 afferrem.
1215 2415 1240 2437 et
1253 2419 1338 2446 quum
1352 2410 1386 2437 ab
1397 2410 1524 2437 omnibus
1537 2409 1670 2440 mandata,
1687 2407 1796 2444 legatos,
1816 2408 1861 2435 tit-

1069 2452 1138 2474 teras
1157 2448 1363 2483 testimoniaque
1381 2447 1575 2482 sumpsissem,
1594 2447 1623 2472 in
1637 2445 1683 2472 illa
1696 2445 1804 2472 civitate
1817 2445 1860 2472 ni-

1069 2484 1107 2512 hil
1126 2485 1259 2511 eiusmodi
1278 2484 1401 2511 facerem.
1439 2483 1590 2519 Respondi,
1610 2491 1698 2518 neque
1714 2482 1813 2509 Romae
1830 2482 1858 2508 in

1067 2527 1201 2549 conventu
1214 2521 1376 2552 Siculorum,
1391 2529 1477 2557 quum
1491 2530 1505 2547 a
1519 2529 1562 2547 me
1575 2520 1708 2547 auxilium
1721 2527 1858 2546 commum

1067 2560 1190 2586 omnium
1200 2559 1363 2595 legationum
1373 2557 1485 2585 oonsilio
1496 2558 1644 2593 petebatur,
1659 2564 1808 2592 caussaque
1818 2559 1858 2583 to-
1894 2590 1897 2595 Ι

1068 2597 1122 2623 tius
1136 2597 1289 2631 provinciae
1302 2596 1336 2623 ad
1349 2603 1392 2622 me
1405 2595 1582 2626 deserebatur,
1599 2595 1698 2631 legatos
1712 2593 1858 2630 Syracusa-

1067 2642 1163 2660 norum
1181 2633 1302 2664 afl'uisse,
1327 2641 1413 2668 neque
1431 2640 1474 2658 me
1492 2632 1640 2667 postulare,
1660 2636 1690 2658 ut
1707 2631 1855 2666 quidquam

1067 2675 1157 2697 contra
1171 2670 1200 2697 C.
1215 2670 1323 2697 Verrem
1337 2669 1522 2696 decerneretur
1535 2670 1562 2696 in
1576 2677 1606 2696 ea
1615 2669 1698 2698 curia,
1713 2668 1741 2695 in
1751 2675 1804 2703 qua
1813 2667 1856 2694 in-
