1941 3052
245 166 292 188 :uui
819 160 859 186 2³.
894 158 928 184 M.
959 157 988 184 Τ.

243 233 371 259 hut-nuum
390 238 414 259 vt
433 234 461 259 (ἶ,
482 233 603 260 liius-«ius,
626 232 650 257 iu
670 240 738 265 quo—s
753 234 808 256 tum
823 229 947 256 consules
962 230 1034 255 deni-

240 276 334 304 gnutus
350 271 417 296 idem
434 270 499 296 illud
516 275 622 294 ιει-ιιηῑιικ>
637 269 800 293 ‹lm-reverit?
825 269 879 293 Nou
900 267 1031 293 tulerunt:

240 308 349 342 etqui-ul
366 312 391 333 tu
409 308 476 333 Aviti
498 307 607 341 pei-unia
628 305 724 331 rm-tum
745 314 803 330 esse
823 305 925 337 arguis,
947 312 1033 339 neque

242 346 266 370 ιιΙ
287 345 339 370 ullu
361 344 400 369 vel
421 345 575 369 tonui-muna
595 342 748 376 suspicione
762 342 912 371 confirmas,
934 340 1031 367 fac-tuin

240 387 279 407 est
295 383 379 416 primo
395 382 499 406 illorum
515 380 645 414 nequitate
659 379 823 413 etsapieutia
835 378 986 409 consulum,
1005 383 1033 404 ut

241 419 279 448 id,
301 419 371 452 quod
387 423 494 443 senatus
513 417 665 442 decreverat
683 416 715 441 ud
736 416 801 441 illud
822 416 937 442 invidiae
956 424 1032 450 prac-
1054 440 1055 450 ἵ

239 465 300 481 sens
313 455 463 481 incendium
477 453 706 486 restingui-mlum.
724 453 750 479 id
762 458 851 487 postea
864 453 1031 479 referendum
1054 466 1055 470 ι

239 493 270 518 nd
286 492 414 526 populum
431 501 481 516 nou
496 491 696 516 arbitrarentur.
731 491 789 525 lpse
803 490 900 516 deinde
916 490 1032 525 populus
1054 503 1055 507 =

240 531 385 559 llomanus,
406 529 451 563 qui
469 529 496 554 L.
513 528 614 559 Quintii
635 528 734 553 tribuni
755 528 841 562 plebis
861 528 928 553 fictis
942 529 1032 563 queri—

239 567 334 592 moniis
349 570 422 592 annea
438 566 594 596 concitatus,
612 574 666 591 rem
682 565 753 591 illam
769 570 795 591 et
809 566 970 599 rogationem
987 564 1032 591 fla-

237 605 344 637 gitarat,
366 603 434 629 idem
454 604 483 629 (Σ.
505 603 572 629 lunii
593 602 653 633 filii,
675 603 749 637 pueri
770 603 888 637 parvuli.
915 602 1031 628 lacrimis

237 645 398 670 eouuuotus,
420 640 536 667 maximo
550 640 664 666 clamore
679 645 703 666 et
716 649 847 666 concursu
864 645 942 666 totam
958 640 1030 666 illam
1053 651 1054 678 ι

236 678 418 712 quaestionem
435 682 459 704 et
475 677 558 711 legem
575 677 734 712 repudiavit.
759 680 814 703 ⁴3⁸.
832 678 870 703 Ex
885 686 938 712 quo
952 677 1032 704 intel-

237 715 281 749 ligi
299 715 384 749 potuit
398 715 437 746 id,
454 711 525 750 quod
540 724 619 750 saepe
633 715 735 741 dictum
750 720 802 741 est:
820 720 849 741 ut
864 724 942 743 mare,
959 714 1030 749 quod
1052 738 1054 755 ¹,

236 761 283 778 sua
299 757 391 778 natura
406 752 580 787 tranquillum
596 753 638 782 sit.
656 757 795 778 ventorum
812 753 837 778 vi
848 753 939 787 agitari
952 757 1031 787 utque

237 790 350 822 turbari:
377 790 415 816 sic
434 794 459 816 et
478 790 607 824 populum
624 790 772 816 Romanum
791 798 840 816 sua
859 795 954 824 sponte
972 798 1031 816 esse
1052 812 1053 815 ,

237 827 383 862 placatum:
409 827 548 853 homiuum
567 827 755 854 seditiosorum
776 827 901 856 vocibus.
927 832 956 854 ut
975 828 1031 853 vio-

237 865 394 891 lentissimis
409 865 620 899 tempestatibus,
637 865 772 891 concitari.

293 902 322 928 L.
343 902 390 928 Est
403 903 482 928 etiam
498 902 598 937 reliqua
615 911 757 937 permagna
771 903 927 932 auctoritas,
948 910 1029 937 quam

235 947 285 973 ego
299 939 411 974 turpiter
426 948 509 974 paene
524 941 659 974 praeterii:
682 949 738 966 mea
757 941 828 966 enim
848 948 907 966 esse
921 939 1028 965 dicitur.
1052 938 1053 953 ¹

236 977 543 1008 Recitavitcxoratione,
560 978 719 1012 nest-ioqua,
735 977 831 1008 Attius,
848 986 928 1012 (luam
945 985 1029 1003 meam

235 1023 294 1040 esse
316 1014 434 1045 dicebat,
458 1014 664 1041 cohortationem
687 1015 831 1050 quamdam
854 1015 974 1040 iudicum
998 1014 1030 1040 ad

213 1082 217 1088 Ι
238 1052 347 1078 honeste
361 1052 545 1083 iudicandum,
561 1056 586 1078 et
600 1053 878 1078 commemorationem
894 1056 949 1078 tum
965 1051 1031 1077 alio-

237 1098 296 1115 rum
312 1089 482 1120 iudiciorum,
499 1098 567 1124 quae
583 1090 688 1124 probata
705 1099 755 1116 non
770 1094 867 1121 essent,
885 1093 941 1115 tum
957 1089 1030 1115 illius

234 1127 321 1161 ipsius
336 1126 428 1153 iudicii
444 1127 560 1153 Iuniani:
582 1127 692 1161 proinde
710 1127 787 1162 quasi
802 1136 851 1163 ego
866 1135 916 1153 non
931 1127 964 1152 ab
978 1127 1031 1152 ini·

235 1164 271 1190 tio
285 1164 367 1190 huius
382 1163 545 1191 defensionis
559 1164 682 1195 dixerim,
699 1164 864 1191 invidiosum
880 1164 947 1190 illud
963 1163 1031 1190 fuis-
1052 1189 1053 1194 ,

234 1210 263 1228 se
277 1201 422 1228 iudicium:
443 1206 501 1232 aut,
522 1211 607 1237 quum
627 1202 660 1228 de
674 1201 783 1228 infamia
799 1202 958 1228 iudiciorum
974 1201 1031 1227 dis-

234 1243 364 1273 putarem.
382 1240 512 1273 potuerim
528 1239 604 1269 illud,
620 1239 692 1274 quod
708 1244 759 1265 tam
771 1239 899 1274 populare
910 1243 989 1269 esset,
1003 1239 1028 1264 in
1051 1259 1053 1276 3

234 1276 280 1302 illo
295 1280 412 1311 tempore
427 1277 578 1312 praeterire.
609 1278 665 1303 439.
681 1277 737 1312 Ego
752 1285 822 1303 vero.
838 1277 861 1302 si
875 1276 942 1311 quid
956 1277 1030 1302 eius-

235 1314 306 1340 modi
321 1314 391 1345 dixi,
409 1323 495 1349 neque
508 1315 645 1350 cognitum
659 1314 865 1341 commemoravi
881 1322 967 1349 neque
982 1322 1029 1349 pro

233 1351 385 1377 testimonio
402 1351 474 1378 dixi:
498 1356 523 1378 et
546 1352 589 1378 illa
609 1354 691 1378 oratio
710 1353 799 1387 potius
819 1353 946 1387 temporis
964 1352 1026 1383 mei,

232 1397 313 1423 quam
329 1388 422 1414 iudicii
436 1393 462 1415 et
475 1390 638 1416 auctoritatis
654 1389 714 1416 fuit.
754 1389 844 1422 Quum
859 1390 929 1416 enim
949 1398 1027 1416 aceu-

232 1434 317 1452 sarem
333 1430 358 1452 et
372 1426 438 1452 mihi
452 1427 528 1453 initio
542 1427 756 1462 proposuissem.
777 1432 806 1453 ut
824 1428 926 1454 animos
941 1432 967 1453 et
980 1435 1029 1462 po—

232 1463 290 1498 puli
313 1464 424 1490 Romani
452 1468 478 1490 et
500 1465 620 1491 iudicum
648 1473 857 1495 commoverem.
886 1472 1028 1500 quumque

232 1509 324 1527 omnes
342 1500 500 1527 offensiones
519 1502 680 1529 iudiciorum
700 1511 751 1529 non
769 1510 802 1529 ex
819 1511 877 1528 mea
891 1503 1026 1537 opinione,
1048 1536 1050 1539 ι

231 1538 279 1564 sed
293 1547 327 1564 ex
340 1538 481 1565 hominum
491 1548 598 1566 rumore
609 1539 768 1574 proferrem:
785 1540 864 1566 istam
876 1548 942 1571 rem,
957 1548 1027 1575 quae

232 1580 285 1602 tam
305 1576 469 1610 populariter
486 1581 556 1604 esset
573 1577 684 1612 agitata,
710 1577 852 1612 praeterire
869 1585 922 1604 non
940 1577 1025 1612 potui.

231 1613 284 1639 Sed
298 1618 367 1640 errat
381 1613 564 1646 vehementer,
581 1615 604 1640 si
618 1615 681 1650 quis
695 1615 723 1641 in
737 1615 902 1641 orationibus
917 1615 1025 1645 nostris,

231 1659 298 1685 quas
312 1650 339 1677 in
354 1650 461 1677 iudiciis
477 1651 635 1683 habuimus,
655 1653 824 1679 auctoritates
842 1657 946 1678 nostras
964 1660 1028 1678 con-

231 1689 348 1723 signatas
363 1697 391 1714 se
407 1688 503 1715 habere
517 1689 668 1716 arbitratur.
694 1689 794 1716 Omnes
807 1689 879 1716 enim
893 1688 955 1716 illae
969 1698 1028 1716 ora-

231 1726 315 1752 tiones
333 1734 490 1752 caussarum
510 1735 539 1753 ac
558 1731 708 1762 temporum
722 1731 798 1758 sunt,
819 1735 871 1753 non
885 1726 1025 1753 hominum

230 1763 351 1797 ipsorum
366 1767 411 1789 aut
425 1768 607 1798 patronorum.
637 1765 714 1795 Nam,
730 1765 754 1790 si
768 1772 878 1790 caussae
891 1764 965 1798 ipsae
979 1772 1027 1799 pro

231 1808 259 1826 se
274 1799 347 1835 loqui
362 1805 478 1835 possent.
496 1809 574 1828 nemo
584 1801 722 1828 adhiberet
731 1806 871 1828 oratorem.
893 1802 970 1828 Nunc
980 1801 1027 1828 ad-

230 1837 368 1868 hibemur,
386 1842 415 1864 ut
427 1846 457 1864 ea
471 1838 606 1869 dicamus,
623 1847 674 1865 non
688 1847 757 1874 quae
771 1843 860 1865 nostra
873 1839 1027 1865 auctoritate

230 1874 438 1906 constituantur,
459 1875 506 1902 sed
520 1884 589 1911 quae
603 1884 636 1902 ex
649 1884 677 1902 re
690 1877 749 1911 ipsa
762 1884 912 1911 caussaque.
926 1876 1027 1903 ducan-

231 1917 283 1938 tur.
305 1913 362 1938 ⁴40.
378 1912 516 1939 Hominem
532 1913 712 1949 ingeniosum⁷
728 1914 764 1940 M.
780 1914 935 1945 Antonium,
952 1914 1027 1940 aiunt

230 1949 340 1976 solitum
354 1958 413 1976 esse
431 1949 532 1981 dicere,
552 1953 651 1977 idcirco
667 1960 694 1978 se
711 1953 810 1977 nullum
827 1960 948 1984 umquam
965 1960 1027 1977 ora-

231 1989 323 2013 tionem
335 1989 477 2020 scripsisse,
493 1992 530 2019 ut,
545 1990 568 2014 si
582 1990 644 2022 quid
656 1990 806 2022 aliquando,
823 1991 890 2022 quod
904 1997 953 2014 non
964 1997 1027 2022 opus

229 2029 300 2054 esset,
315 2026 348 2050 ab
360 2033 387 2050 se
398 2030 461 2051 esset
474 2026 582 2055 dictum,
597 2030 679 2058 posset
692 2034 719 2052 se
731 2034 826 2059 neqare
837 2027 950 2052 dixisse:
964 2034 1026 2060 pro-

229 2061 291 2087 inde
305 2061 397 2096 quasi,
413 2062 437 2088 si
450 2062 517 2097 quid
532 2071 546 2088 a
560 2062 637 2089 nobis
651 2062 752 2089 dictum
768 2067 814 2089 aut
827 2067 915 2089 actum
929 2063 977 2093 sit,
998 2063 1025 2089 id

229 2099 281 2124 nisi
302 2098 396 2125 litteris
415 2099 646 2131 mandaverimus,
668 2100 808 2127 hominum
828 2101 953 2126 memoria
973 2109 1024 2127 non

227 2135 478 2171 comprehendatur.
519 2137 560 2163 LI.
576 2137 632 2173 Ego
646 2146 708 2164 vero
722 2138 749 2164 in
763 2138 815 2164 isto
827 2146 925 2174 genere
940 2137 1026 2164 liben-

228 2173 282 2199 tius
296 2182 382 2208 quum
397 2173 553 2205 multorum,
570 2179 627 2201 tum
641 2175 759 2201 hominis
773 2174 988 2210 eloquentissimi
1000 2180 1026 2201 et

227 2211 434 2245 sapientissimi,
463 2212 493 2238 L.
518 2211 606 2238 Crassi
629 2213 810 2239 auctoritatem
837 2221 948 2248 sequor,
977 2213 1024 2247 qui

226 2257 312 2283 quum
331 2248 379 2275 Cn.
396 2248 523 2276 Plancum
541 2249 707 2281 defenderet,
728 2255 868 2276 accusante
882 2251 918 2276 M.
933 2251 1022 2282 Bruto,

227 2285 335 2312 homine
349 2286 376 2312 in
390 2285 503 2313 dicendo
518 2287 668 2314 vehementi
682 2292 708 2314 et
726 2286 837 2314 callido:
857 2296 943 2322 quum
957 2288 1026 2314 Bru—

227 2328 278 2354 ως,
295 2322 402 2350 duobus
416 2324 600 2351 recitatoribus
614 2325 780 2356 constitutis,
797 2333 831 2351 ex
843 2324 950 2351 duabus
965 2325 1024 2351 eius

225 2360 391 2387 orationibus
405 2361 491 2396 capita
505 2361 613 2393 alterna,
629 2362 700 2388 inter
712 2371 741 2389 se
754 2363 894 2393 contraria,
911 2363 1024 2389 recitan-

225 2397 258 2423 da
269 2402 402 2425 curasset:
417 2399 490 2433 quod
502 2399 529 2426 in
540 2399 709 2426 dissuasione
720 2400 865 2435 rogationis
876 2400 944 2431 eius,
953 2408 1023 2435 quae

225 2439 314 2461 contra
340 2435 470 2462 coloniam
489 2437 690 2464 Narbonensem
715 2437 862 2468 ferebatur,
890 2442 1022 2472 quantum

226 2476 324 2505 potest,
344 2472 378 2498 de
396 2474 550 2500 auctoritate
568 2479 678 2501 senatus
695 2474 823 2505 detrahit,
851 2475 879 2501 in
897 2475 1022 2501 suasione

228 2508 293 2543 legis
312 2509 441 2536 Serviliae
459 2512 575 2538 summis
592 2516 668 2538 ornat
685 2516 808 2538 senatum
833 2511 972 2538 laudibus:
996 2517 1023 2538 et

226 2545 309 2571 multa
323 2547 350 2572 in
365 2547 469 2582 equites
481 2549 612 2575 Romanos
622 2557 708 2584 quum
721 2557 755 2575 ex
769 2557 799 2575 ea
812 2549 930 2576 oratione
944 2557 1022 2584 aspe-

225 2582 282 2608 rius
300 2582 369 2609 dicta
387 2585 536 2617 recitasset.
556 2594 611 2621 quo
628 2586 711 2612 animi
730 2586 839 2612 illorum
856 2586 979 2613 iudicum
993 2587 1020 2613 in

225 2618 351 2646 Crassum
365 2621 582 2650 incenderentur:
608 2623 776 2658 aliquantum
794 2631 853 2649 esse
870 2628 1020 2650 commotus

225 2655 333 2698 dieitur.
376 2658 433 2684 itt.
453 2659 543 2694 Itaque
561 2660 588 2687 in
607 2660 792 2695 respondendo
806 2660 923 2694 primum
938 2669 1020 2696 expo-

225 2698 280 2720 suit
294 2695 435 2730 utriusque
449 2697 576 2724 rationem
592 2697 731 2732 temporis,
756 2702 785 2725 ut
802 2698 884 2724 oratio
902 2706 936 2724 ex
953 2707 981 2725 re
994 2702 1020 2725 et

1021 156 1295 185 CICERONIS

1055 233 1065 265 ἰ
1087 239 1118 256 vx
1129 239 1222 255 «minnan
1236 230 1323 256 babita
1336 230 1483 258 videretur:
1499 231 1604 263 deinde,
1618 238 1646 259 ut
1656 232 1806 268 intelligere
1817 242 1879 269 po&

1062 270 1063 273 ’
1086 273 1123 292 set
1139 268 1248 297 ltrutun,
1268 277 1349 302 quem
1370 269 1517 299 bominem.
1538 275 1563 296 et
1582 279 1632 296 non
1651 271 1738 297 solum
1756 280 1809 306 qua
1823 271 1878 298 elo-

1084 305 1207 338 quentia,
1229 314 1321 331 verum
1339 305 1417 331 etiam
1436 314 1490 341 quo
1509 306 1596 342 lepore
1614 312 1640 333 et
1657 309 1758 342 quibua
1776 308 1879 336 facetiis

1062 350 1063 366 ι
1086 341 1234 375 prae-ditum
1251 342 1412 369 lacessisset:
1437 348 1490 369 tres
1507 350 1533 370 et
1547 345 1604 379 ipse
1618 346 1744 371 excitavit
1757 346 1877 372 recitato-

1061 379 1063 413 ξ
1085 387 1125 404 res
1139 387 1200 404 curn
1215 379 1331 412 singulis
1348 379 1455 411 libellis,
1471 389 1539 416 quos
1551 382 1584 407 M.
1596 382 1701 412 Brutus.
1719 383 1876 417 futen-illius

1060 417 1063 428 '
1084 417 1294 447 accusatoriade
1305 417 1361 443 iure
1371 417 1444 444 civili
1456 419 1573 453 reliquit.
1595 419 1693 446 Eorum
1705 420 1779 446 initia
1790 429 1876 456 quum

1085 453 1266 484 recitarentur.
1282 462 1321 484 ea,
1336 462 1405 489 quae
1421 455 1496 482 vobis
1510 461 1568 482 nota
1583 465 1641 482 ease
1655 457 1780 484 arbitror:
1805 466 1877 484 voa—

1083 499 1115 516 ΤΕ
1135 499 1255 522 evenit,
1276 500 1310 517 UT
1327 501 1395 518 aunt
1414 501 1441 518 ΙΝ
1460 502 1801 524 PntVt213Artzs⁶tnct.
1822 504 1878 522 860

1084 537 1117 554 m
1135 537 1243 555 anurus
1261 537 1370 555 vimus:
1397 529 1509 556 fundum
1530 531 1708 557 Privernatem
1729 531 1875 565 flagitabat:

1084 574 1111 591 13(
1125 575 1238 592 ALuAflo
1251 575 1366 592 ΖΗΛ-ΠΕ
1381 575 1435 593 tut)
1448 576 1481 593 ΕΤ
1495 577 1604 594 laurus
1615 569 1876 597 51L1c52Alb³num

1084 603 1223 637 poscebat:
1249 612 1276 629 ιιι
1294 613 1417 630 navari:
1437 613 1527 631 rona
1546 614 1623 635 occu
1643 615 1875 637 Assentsstflcs‚

1084 649 1137 665 eoo
1156 649 1189 666 ετ
1207 649 1315 667 taurus
1334 650 1443 668 viatus:
1471 642 1608 669 Tiburtem
1628 642 1743 670 fundum
1757 645 1877 679 require-

1083 677 1140 704 bat:
1166 678 1276 704 Brutum
1291 683 1394 710 autem.
1415 679 1549 706 hominem
1564 680 1726 714 sapientem,
1741 681 1813 716 quod
1828 681 1876 708 filii

1084 716 1229 749 nequitiam
1245 715 1358 746 videret,
1375 724 1443 751 quae
1458 717 1563 752 praedia
1577 718 1600 743 ei
1616 718 1786 752 relinqueret.
1803 719 1877 745 testi-

1053 756 1054 759 ’
1083 753 1153 779 ficari
1169 752 1287 779 voluisse
1300 753 1417 780 dicebat:
1433 754 1504 789 quod
1515 755 1537 780 si
1549 755 1678 789 potuisset
1690 755 1799 782 honeste
1810 756 1878 782 scri·

1082 790 1157 819 bere.
1182 799 1211 816 se
1230 791 1256 817 in
1276 790 1378 817 balneis
1395 800 1457 818 cum
1477 791 1503 818 id
1522 793 1614 818 aetatis
1633 793 1687 818 lilio
1701 792 1797 823 fuisse.
1824 802 1876 820 non

1083 828 1265 862 praeterisset:
1281 836 1326 854 eas
1339 837 1368 854 se
1383 833 1469 855 tamen
1484 829 1517 855 ab
1531 837 1561 855 eo
1575 830 1683 856 balneas
1694 839 1744 856 non
1755 839 1788 857 ex
1801 830 1876 857 libris

1083 866 1174 899 patris,
1190 865 1237 891 sed
1252 874 1284 892 ex
1299 865 1397 892 tabulis
1411 871 1437 893 et
1451 875 1484 893 ex
1496 875 1578 893 censu
1593 875 1729 902 quaerere.
1763 868 1876 894 Crassus

1052 907 1053 935 g
1083 907 1138 928 tum
1158 903 1192 929 ita
1207 903 1317 929 Brutum
1338 903 1410 929 ultus
1428 909 1480 935 est,
1502 908 1531 930 ut
1546 904 1622 930 illum
1637 905 1798 931 recitationis
1811 913 1877 932 suae

1082 941 1236 974 poeniteret.
1278 940 1387 967 Moleste
1401 942 1472 967 enim
1487 940 1597 968 fortasse
1612 941 1720 972 tulerat.
1740 951 1769 968 se
1787 943 1814 969 in
1834 942 1876 969 his

1082 978 1246 1004 orationibus
1261 978 1467 1012 reprehensum,
1487 987 1554 1013 quas
1568 979 1601 1005 de
1614 979 1751 1013 republica
1766 980 1876 1006 habuis-

1052 1022 1053 1032 *
1082 1019 1134 1041 set:
1156 1015 1183 1041 in
1200 1016 1301 1050 quibus
1321 1015 1428 1042 forsitan
1447 1017 1533 1051 magis
1551 1017 1701 1051 requiratur
1718 1018 1874 1044 constantia.

1084 1053 1140 1078 tte.
1160 1052 1217 1088 Ego
1234 1057 1322 1079 autem
1341 1052 1386 1079 illa
1405 1054 1510 1080 recitata
1528 1062 1587 1080 esse
1606 1063 1658 1080 non
1677 1053 1786 1081 moleste
1810 1054 1874 1081 fero.

1082 1090 1175 1124 Neque
1189 1090 1260 1116 enirn
1275 1090 1308 1116 ab
1322 1090 1369 1117 illo
1383 1095 1514 1126 tempore,
1534 1091 1607 1126 quod
1626 1096 1682 1118 tum
1701 1097 1768 1122 erat.
1789 1100 1876 1127 neque

1082 1127 1116 1153 ab
1129 1136 1158 1153 ea
1172 1136 1275 1158 caussa,
1291 1136 1360 1162 quae
1372 1132 1428 1154 tum
1440 1128 1576 1164 agebatur,
1592 1128 1677 1155 aliena
1693 1128 1813 1156 fuerunt:
1829 1137 1876 1156 ne-

1082 1173 1135 1199 que
1149 1165 1215 1191 mihi
1230 1165 1379 1200 quidquam
1392 1166 1481 1192 oneris
1499 1166 1620 1201 suscepi,
1640 1174 1725 1201 quum
1744 1167 1793 1193 ista
1807 1166 1874 1198 dixi,

1081 1210 1135 1236 quo
1158 1203 1248 1228 minus
1271 1202 1381 1229 honeste
1400 1203 1468 1229 hanc
1485 1211 1607 1229 caussam
1626 1208 1651 1230 et
1670 1204 1751 1230 libere
1769 1212 1875 1239 possem

1081 1239 1234 1266 defendere.
1274 1239 1351 1272 Quod
1365 1241 1388 1266 si
1403 1240 1484 1267 velim
1498 1240 1630 1272 confiteri,
1651 1249 1693 1267 me
1705 1249 1828 1268 caussam
1841 1242 1874 1268 A.

1051 1277 1052 1283 ¹
1081 1276 1197 1303 Cluentii
1216 1285 1287 1304 nunc
1300 1286 1442 1313 cognosse.
1462 1282 1538 1304 antea
1553 1277 1638 1304 fuisse
1651 1279 1679 1304 in
1693 1278 1738 1304 illa
1751 1279 1876 1313 opinione

1080 1314 1217 1350 populari:
1233 1315 1296 1349 quis
1310 1315 1416 1341 tandem
1431 1315 1458 1341 id
1473 1316 1557 1350 possit
1571 1315 1782 1350 reprehendere?
1799 1324 1876 1351 prae-

1080 1353 1186 1384 sertim,
1203 1352 1319 1383 indices,
1338 1360 1424 1387 quum
1438 1361 1452 1378 a
1467 1352 1544 1379 vobis
1557 1361 1666 1388 quoque
1679 1353 1748 1388 ipsis
1762 1353 1811 1380 hoc
1823 1354 1876 1380 im-

1081 1391 1178 1425 petrari
1192 1390 1227 1416 sit
1240 1391 1446 1425 aequissimum,
1461 1390 1534 1426 quod
1548 1398 1597 1426 ego
1610 1394 1636 1417 et
1648 1390 1682 1417 ab
1695 1391 1771 1417 initio
1780 1391 1873 1426 petivi.

1079 1432 1105 1454 et
1119 1436 1190 1454 nunc
1203 1432 1276 1463 peto,
1296 1432 1339 1459 ut,
1359 1429 1383 1454 si
1400 1436 1482 1463 quarn
1497 1428 1550 1455 huc
1563 1429 1713 1464 graviorem
1726 1428 1760 1455 de
1773 1428 1820 1456 itto
1832 1429 1876 1455 iu-

1079 1465 1149 1492 dicio
1161 1466 1314 1500 opinionem
1329 1465 1469 1497 attulistis,
1486 1465 1562 1497 hanc,
1577 1474 1672 1492 caussa
1685 1470 1823 1502 perspecta
1835 1470 1876 1493 at-

1079 1511 1133 1538 que
1146 1503 1219 1529 omni
1234 1503 1345 1530 veritate
1358 1503 1472 1539 cognita,
1489 1502 1637 1538 deponatis.

1135 1541 1189 1567 Lu.
1207 1541 1263 1567 ⁴⁴3.
1283 1541 1373 1572 Nunc,
1392 1541 1520 1576 quoniam
1539 1540 1572 1567 ad
1584 1541 1687 1572 omnia,
1706 1548 1775 1576 quae
1787 1539 1837 1568 abs
1850 1545 1876 1568 te

1078 1577 1148 1604 dicta
1162 1582 1239 1609 sunt,
1255 1578 1285 1604 T.
1300 1578 1364 1608 Atti.
1381 1577 1414 1604 de
1427 1577 1569 1613 Oppianici
1582 1577 1752 1605 damnatione
1765 1585 1876 1614 respon-

1079 1615 1120 1646 di,
1140 1615 1280 1642 confiteare
1294 1623 1402 1642 necesse
1416 1620 1469 1647 est.
1490 1620 1516 1642 te
1532 1616 1686 1650 opinionem
1705 1615 1821 1642 multum
1836 1615 1876 1642 fe-

1080 1651 1194 1683 fellisse,
1215 1652 1289 1687 quod
1306 1653 1482 1684 existimaris.
1502 1660 1546 1679 me
1562 1661 1687 1679 caussam
1705 1653 1737 1679 A.
1757 1652 1874 1680 Cluentii

1079 1698 1130 1716 non
1145 1689 1214 1716 facto
1226 1690 1298 1721 eius,
1314 1689 1361 1716 sed
1377 1689 1434 1726 lege
1447 1689 1633 1717 defensurum.
1670 1690 1737 1716 Nam
1751 1689 1802 1717 hoc
1814 1698 1876 1726 per·

1078 1735 1158 1762 saepe
1171 1727 1264 1753 dixisti
1280 1727 1328 1754 tibi
1341 1727 1381 1754 sic
1394 1727 1555 1758 renuntiari,
1575 1735 1619 1754 me
1633 1727 1731 1754 habere
1744 1728 1772 1754 in
1785 1728 1876 1756 animo

1078 1773 1200 1791 caussam
1217 1764 1284 1791 hanc
1294 1764 1428 1799 praesidio
1438 1764 1505 1800 legis
1514 1764 1667 1791 defendere.
1689 1765 1761 1791 Itane
1770 1763 1829 1792 aet?
1840 1765 1875 1792 ab

1078 1802 1172 1828 amicis
1190 1801 1317 1828 videlicet
1333 1801 1520 1837 imprudentes
1537 1801 1690 1837 prodimur;
1715 1806 1742 1829 et
1763 1807 1804 1829 est
1827 1811 1876 1830 ne-

1078 1840 1134 1866 scio
1147 1839 1210 1874 quis
1224 1839 1257 1865 de
1272 1839 1328 1871 his,
1349 1848 1418 1875 quos
1431 1839 1531 1866 amicos
1544 1839 1623 1866 nobis
1636 1838 1810 1871 arbitramur,
1825 1840 1874 1875 qui

1078 1914 1128 1941 hoc
1145 1913 1327 1940 renuntiavit?
1347 1914 1410 1949 quis
1432 1918 1486 1941 tam
1508 1914 1648 1949 improbus
1667 1913 1736 1941 fuit?
1757 1914 1802 1941 cui
1824 1922 1875 1951 ego

1078 1956 1167 1978 autem
1181 1950 1304 1978 narravi?
1329 1952 1426 1983 Nemo,
1445 1956 1476 1978 ut
1487 1952 1594 1987 opinor.
1613 1952 1642 1979 in
1655 1950 1735 1986 culpa
1748 1955 1802 1979 est:
1825 1950 1874 1979 sed

1078 1989 1206 2015 nimirum
1221 1989 1269 2015 tibi
1283 1989 1354 2016 istuc
1367 1988 1411 2016 lex
1423 1989 1482 2024 ipsa
1493 1989 1665 2016 renuntiavit.
1685 1988 1737 2015 Sed
1748 1997 1814 2016 num
1824 1988 1873 2016 tibi

1077 2027 1112 2053 ita
1130 2025 1284 2053 defendisse
1302 2026 1408 2058 videor,
1431 2030 1463 2053 ut
1479 2030 1532 2053 tota
1549 2027 1578 2053 in
1594 2034 1690 2053 caussa
1709 2026 1872 2053 mentionem

1078 2063 1161 2090 ullam
1175 2063 1284 2090 fecerim
1298 2063 1384 2100 legis?
1397 2072 1462 2090 num
1476 2072 1555 2090 secus
1569 2063 1638 2090 hanc
1646 2071 1769 2090 caussam
1779 2063 1874 2090 defen-

1077 2101 1188 2132 dissem,
1204 2109 1234 2127 ae
1247 2101 1270 2127 si
1285 2100 1343 2137 lege
1355 2101 1452 2128 Avitus
1466 2100 1617 2128 teneretur?
1642 2100 1726 2133 Certe.
1741 2106 1772 2128 ut
1785 2100 1874 2128 homi·

1077 2147 1138 2165 nem
1156 2138 1313 2165 confirmare
1331 2142 1446 2174 oportet,
1466 2137 1560 2165 nullus
1577 2142 1618 2165 est
1636 2137 1710 2165 locus
1723 2146 1738 2164 a
1751 2146 1795 2164 me
1807 2145 1874 2174 pur-

1076 2175 1157 2211 gandi
1176 2176 1256 2202 istius
1274 2176 1403 2203 invidiosi
1420 2176 1542 2202 criminis
1555 2175 1771 2211 praetermissus.
1811 2175 1870 2202 tu.

1077 2213 1148 2246 Quid
1161 2222 1225 2249 ergo
1238 2213 1296 2240 est?
1307 2213 1423 2246 Quaeret
1435 2212 1546 2240 fortasse
1555 2213 1702 2248 quispiam,
1717 2211 1872 2248 displiceat—

1078 2259 1110 2277 ne
1124 2250 1200 2282 mihi,
1218 2250 1308 2287 legum
1321 2250 1456 2286 praesidio
1468 2259 1483 2277 a
1496 2251 1582 2286 capite
1595 2249 1747 2285 periculum
1760 2249 1873 2286 propul-

1077 2287 1154 2314 sare?
1173 2288 1240 2314 Mihi
1254 2297 1330 2320 vero,
1345 2288 1463 2319 iudices,
1478 2296 1532 2315 non
1544 2287 1679 2322 displicet.
1695 2287 1743 2314 sed
1756 2291 1817 2314 utor
1828 2287 1873 2314 in-

1076 2326 1170 2352 stituto
1183 2333 1252 2352 meo.
1273 2326 1303 2352 In
1317 2325 1434 2352 hominis
1448 2325 1553 2352 honesti
1567 2324 1762 2360 prudentisque
1771 2323 1872 2351 iudicio

1076 2371 1128 2389 non
1150 2362 1239 2389 solum
1260 2371 1321 2390 meo
1337 2363 1449 2390 oonsilio
1466 2363 1506 2389 uti
1523 2362 1664 2393 consuevi,
1688 2361 1737 2388 sed
1754 2360 1870 2388 multum

1075 2400 1156 2426 etiam
1166 2400 1235 2431 eius,
1251 2408 1333 2435 quem
1342 2399 1466 2432 defendo.
1482 2404 1509 2426 et
1516 2399 1630 2426 consilio
1640 2404 1666 2426 et
1678 2398 1809 2426 voluntati
1822 2398 1872 2426 ob-
1899 2423 1901 2425 .

1075 2442 1203 2472 tempero.
1229 2438 1306 2470 Nam.
1321 2442 1353 2464 ut
1366 2437 1432 2464 haec
1444 2436 1478 2464 ad
1491 2445 1535 2463 me
1548 2445 1643 2463 caussa
1656 2435 1743 2463 delata
1757 2440 1806 2468 est,
1821 2435 1871 2472 qui

1075 2474 1148 2511 leges
1161 2483 1220 2506 eas,
1247 2474 1280 2501 ad
1293 2483 1361 2510 quas
1375 2474 1548 2506 adhibemur,
1572 2478 1598 2501 et
1614 2474 1643 2500 in
1660 2473 1762 2509 quibus
1779 2481 1871 2500 versa-
1912 2470 1921 2509 >Ῐ

1073 2521 1148 2544 mur,
1169 2520 1247 2539 nosse
1264 2512 1404 2539 deberem:
1430 2511 1487 2538 dixi
1505 2511 1584 2538 Avito
1601 2511 1705 2543 statim,
1723 2510 1810 2546 capite
1827 2518 1867 2541 eo,

1072 2558 1121 2580 0111
1135 2558 1267 2580 cotsst31·‚
1282 2559 1338 2580 ouo
1350 2558 1416 2580 ouis
1429 2557 1702 2579 consumunmt,
1716 2547 1796 2575 illum
1808 2555 1869 2574 esse
1908 2574 1909 2580 ,

1072 2586 1202 2613 liberum:
1222 2587 1306 2613 teneri
1319 2591 1408 2613 autem
1422 2590 1543 2613 nostrum
1556 2586 1688 2613 ordinem.
1720 2585 1808 2620 Atque
1822 2583 1868 2611 ille
1902 2581 1907 2589 ’

1071 2632 1115 2650 me
1127 2632 1201 2650 orare
1215 2628 1242 2650 et
1257 2624 1396 2651 obsecrare
1412 2624 1513 2659 coepit.
1532 2627 1563 2650 ut
1580 2631 1614 2650 ne
1630 2631 1689 2649 sese
1703 2622 1762 2658 lege
1774 2621 1868 2648 defen—

1070 2661 1172 2687 derem.
1211 2660 1302 2693 Quum
1316 2669 1378 2697 ego,
1394 2669 1464 2696 quae
1476 2660 1544 2687 mihi
1559 2660 1724 2692 viderentur,
1739 2659 1865 2690 dicerem,
1896 2668 1905 2693 ι,

1072 2698 1190 2725 traduxit
1207 2706 1251 2726 me
1268 2698 1303 2726 ad
1320 2706 1397 2726 suam
1415 2698 1585 2725 sententiam.
1623 2696 1782 2724 Affirmahat
1793 2696 1865 2724 enim
1900 2703 1901 2706 ¹

1078 1881 1167 1903 nostra
1184 1876 1295 1903 consilia
1313 1876 1346 1903 ad
1360 1876 1526 1903 adversarios
1539 1876 1657 1903 deferat?
1682 1876 1811 1909 Quisnam
1824 1877 1874 1904 tihi
1911 1878 1913 1882 '
