1941 3052
416 131 463 157 IN
494 130 695 158 VERREM
727 130 880 157 ACT.ll.

75 210 135 229 rum
150 200 313 232 addidisses,
333 201 401 227 bene
414 200 447 227 de
461 201 612 236 republica,
634 201 702 228 bene
720 201 754 228 de
772 201 871 237 populo

76 240 194 266 Romano
207 238 318 265 meritus
332 238 461 265 viderere.

131 313 218 348 Atque
236 312 347 347 perinde
366 312 471 348 loquor,
496 313 573 348 quasi
592 313 620 339 in
638 322 668 340 eo
687 313 722 340 sit
744 313 872 348 iniquitas

78 351 135 378 eius
153 350 383 385 reprehendenda,
409 350 481 385 quod
500 355 606 385 propter
623 350 722 386 gloriae
739 350 873 385 cupidita-

78 393 144 419 tem,
164 393 194 414 ut
211 387 315 422 aliquos
334 396 439 414 summa
458 387 632 414 decumarum
651 388 779 419 vinceret,
800 396 873 414 acer-

77 425 178 452 biorem
193 425 292 460 legem,
309 425 415 451 duriora
430 424 514 451 edicta
529 425 730 459 interposuerit,
750 425 872 451 omnium

77 462 246 498 superiorum
264 463 445 488 auctoritatem
463 462 619 496 repudiarit.
661 463 701 488 49.
723 462 820 497 Magno
843 466 872 488 tu

76 499 203 526 decumas
217 499 372 526 vendidisti.
414 499 497 532 Quid,
518 500 541 525 si
555 499 650 530 doceo,
671 504 696 525 te
714 507 766 525 non
781 499 872 525 minus

78 537 188 563 domum
202 541 274 563 tuam
289 537 429 567 avertisse,
451 545 532 572 quam
545 537 655 563 Romam
671 536 776 562 misisse
790 536 873 562 decu-

77 583 181 600 marum
205 573 331 600 nomine‘?
356 574 422 609 quid
450 574 528 600 habet
554 573 681 608 populare
707 573 790 599 oratio
816 578 869 604 tua,

76 620 162 647 quum
181 620 215 637 ex
232 612 367 646 provincia
389 611 482 646 populi
500 611 611 637 Romani
634 619 746 645 aequam
770 614 871 644 partem

76 653 105 676 tu
128 649 178 675 tibi
200 649 362 684 sumpseris,
389 653 468 683 atque
491 648 591 682 populo
608 648 725 673 Romano
749 646 872 673 miseris‘?

76 683 156 721 quid,
177 687 200 712 si
218 686 324 712 duabus
342 686 463 721 partibus
481 686 562 711 doceo
576 689 600 711 te
614 684 730 719 amplius
745 684 872 710 frumenti

77 723 234 755 abstulisse,
254 732 336 758 quam
354 723 454 758 populo
468 723 585 749 Romano
603 722 723 748 misisse:
749 726 872 748 tamenne

76 765 203 796 putamus
221 765 362 795 patronum
381 765 458 786 tuum
477 760 504 786 in
524 760 573 785 hoc
586 759 697 785 erimine
710 758 871 785 cerviculam

75 799 248 829 iactaturum,
269 802 294 824 et
312 797 411 832 populo
425 805 453 823 se
467 806 496 823 ac
510 805 620 823 coronae
633 795 778 822 daturum‘?
803 796 872 822 Haec

76 844 124 862 vos
139 840 222 866 antea,
239 834 350 866 iudices,
367 834 494 861 audistis:
512 843 605 860 verum
622 833 731 860 fortasse
745 834 780 860 ita
795 833 873 860 audi-

75 873 137 904 stis,
158 877 187 898 ut
200 876 333 898 auctorem
347 880 480 898 rumorem
501 871 647 902 haberetis,
668 880 872 906 sermonemque

75 910 206 936 omnium.
237 909 392 945 Cognoscite
407 918 478 935 nunc
492 908 716 935 innumerabilem
730 909 872 944 pecuniam

75 946 249 973 frumentario
263 947 370 973 nomine
384 951 515 981 ereptam:
536 951 566 973 ut
579 946 660 972 simul
676 945 749 972 illam
764 955 872 981 quoque

75 985 133 1011 eius
148 993 238 1011 vocem
252 984 401 1019 improbam
416 985 573 1020 agnoscatis,
590 984 638 1019 qui
652 992 680 1010 se
694 992 748 1010 uno
758 988 871 1018 quaestu

74 1021 249 1048 decumarum
267 1022 355 1048 omnia
374 1030 422 1048 sua
446 1021 564 1056 pericula
587 1021 789 1056 redempturum
813 1030 872 1047 esse

74 1059 187 1085 dicebat.
227 1059 290 1085 XX.
313 1060 354 1085 50.
376 1059 510 1085 Audimus
534 1059 583 1085 hoc
609 1059 724 1090 iamdiu,
753 1058 870 1085 iudices:

74 1105 142 1132 nego
155 1105 319 1132 quemquam
334 1105 392 1122 esse
411 1101 544 1128 vestrum,
564 1097 631 1131 quin
650 1105 728 1131 saepe
747 1096 870 1127 audierit,

74 1134 159 1160 socios
174 1134 252 1160 istius
267 1133 351 1160 fuisse
366 1134 538 1160 decumanos.
580 1133 652 1160 Nihil
668 1133 741 1160 aliud
759 1133 872 1159 arbitror

73 1171 102 1198 in
120 1171 202 1198 istum
221 1171 288 1198 falso
305 1180 363 1198 esse
382 1171 484 1198 dictum
503 1171 536 1197 ab
554 1171 601 1202 iis,
621 1172 669 1206 qui
688 1171 756 1197 male
775 1171 807 1196 de
821 1171 872 1197 isto

73 1209 260 1240 existimarint,
277 1209 329 1235 nisi
344 1209 403 1236 hoc.
426 1210 492 1235 Nam
507 1209 573 1235 socii
587 1208 700 1243 putandi
714 1213 786 1239 sunt,
802 1217 870 1243 quos

72 1246 142 1272 inter
155 1255 196 1273 res
209 1247 404 1273 communicata
418 1251 467 1273 est.
501 1247 559 1281 Ego
573 1255 628 1272 rem
643 1250 723 1272 totam
739 1245 872 1272 fortunas-

73 1291 126 1318 que
149 1288 281 1310 aratorum
304 1292 397 1310 omnes
418 1284 498 1310 istius
518 1283 602 1310 fuisse
620 1284 693 1310 dico:
721 1283 869 1318 Apronium

73 1321 253 1356 Veneriosque
273 1330 377 1352 servos,
403 1321 475 1356 quod
496 1322 546 1347 isto
563 1325 682 1355 praetore
701 1320 751 1347 fuit
770 1329 870 1347 novum

72 1366 158 1394 genus
174 1358 387 1393 publicanorum,
404 1363 559 1394 ceterosque
569 1358 731 1384 decumanos
746 1366 872 1393 procura·
892 1376 894 1395 ἶ

73 1400 141 1422 tores
157 1396 235 1422 istius
250 1400 377 1430 quaestus
392 1400 417 1422 et
431 1396 602 1423 administros
617 1396 771 1430 rapinarum
787 1395 870 1421 fuisse

72 1433 141 1459 dico.
183 1435 225 1459 5⁴.
247 1433 305 1465 Quo
320 1433 398 1460 modo
413 1433 462 1460 hoc
475 1432 572 1460 doces‘?
589 1433 647 1465 Quo
662 1433 740 1459 modo
754 1442 787 1459 ex
802 1432 871 1459 loca-

72 1471 142 1497 tione
160 1470 206 1496 illa
224 1470 410 1497 columnarum
429 1471 508 1497 docui
528 1472 609 1497 istum
624 1479 683 1497 esse
697 1469 871 1505 praedatum?

72 1507 186 1542 Opinor,
203 1517 236 1534 ex
250 1517 280 1535 eo
294 1509 418 1539 maxime,
435 1508 507 1544 quod
523 1509 643 1543 iniquam
659 1507 745 1543 legem
761 1516 871 1534 novam-

71 1553 125 1580 que
142 1545 265 1572 dixisset.
305 1545 372 1578 Quis
391 1547 462 1572 enim
483 1554 612 1581 umquam
630 1549 740 1572 conatus
758 1550 798 1571 est
813 1545 870 1571 iura

71 1582 160 1609 Omnia
182 1587 207 1609 ei.
229 1583 451 1610 consuetudinem
475 1584 595 1609 omniun]
619 1587 782 1609 commutare
808 1591 870 1608 cum
899 1613 900 1620 ἵ

74 1620 267 1655 vituperatione
285 1621 343 1647 sine
361 1620 495 1656 quaestu‘?
520 1621 631 1655 Pergam
650 1624 730 1655 atque
743 1620 871 1654 insequar

71 1656 188 1694 longiuS.
214 1658 308 1693 Iniqua
323 1658 381 1694 lege
395 1658 539 1689 vendebas,
555 1666 610 1693 quo
623 1657 709 1692 pluris
730 1657 868 1684 venderes.

71 1694 137 1727 Cur¹
155 1695 207 1721 iam
221 1695 334 1722 addictis
349 1700 374 1722 et
389 1695 504 1722 venditis
518 1695 653 1726 decumis,
669 1703 755 1731 quum
771 1695 822 1721 iam
837 1694 870 1720 ad

71 1740 204 1759 summam
219 1732 393 1759 decumarum
408 1733 485 1764 nihil,
503 1733 535 1759 ad
550 1737 627 1759 tuum
641 1737 783 1768 quaestum
799 1731 871 1758 mul-

70 1774 128 1796 tum
147 1774 237 1804 posset
254 1770 391 1802 accedere,
411 1770 501 1797 subito
519 1775 598 1806 atque
617 1778 651 1796 ex
669 1775 787 1805 tempore
802 1778 869 1796 nova

71 1807 248 1834 nascebantur
261 1807 364 1834 edicta‘?
385 1808 452 1834 Nam
467 1812 496 1835 ut
511 1808 695 1834 vadimonium
709 1807 866 1838 decumano,

70 1852 243 1880 quocumque
256 1845 280 1872 is
294 1845 386 1877 vellet,
408 1846 620 1881 promitteretur,
638 1850 667 1872 ut
680 1854 714 1872 ex
728 1854 800 1875 area,
817 1845 868 1871 nisi

69 1886 164 1916 pactus
178 1887 256 1914 esset,
273 1887 358 1909 arator
372 1891 404 1909 ne
419 1882 529 1914 tolleret,
546 1887 576 1909 ut
589 1887 650 1909 ante
664 1882 776 1909 Kalend.
793 1882 867 1909 Sext.

70 1918 197 1946 decumas
215 1919 365 1955 deportatas
384 1920 506 1947 haberet:
535 1920 599 1946 haec
613 1920 714 1952 omnia,
736 1920 789 1946 iam
803 1928 869 1946 ven-

69 1955 132 1983 ditis
150 1957 286 1989 decumis,
307 1966 376 1984 anno
394 1957 470 1984 tertio
489 1962 512 1984 te
531 1957 648 1984 edixisse
662 1957 734 1990 dico;
762 1965 831 1992 quae
845 1957 868 1983 si

68 1993 232 2029 reipublicae
250 2003 344 2021 caussa
363 1994 474 2026 faceres,
495 1995 522 2022 in
543 1994 687 2021 vendundo
705 2000 795 2021 essent
807 2003 871 2029 pro-

69 2031 204 2058 nuntiata:
224 2032 288 2067 quia
302 2036 346 2058 tua
360 2040 455 2058 caussa
469 2031 593 2063 faciebas,
609 2032 681 2067 quod
696 2036 751 2058 erat
764 2033 869 2067 impru‘

68 2068 158 2095 dentia
172 2069 406 2104 praetermissum,
427 2069 454 2096 id
472 2074 587 2105 quaestu
600 2078 630 2095 ac
645 2074 762 2104 tempore
777 2070 870 2096 admo-

69 2105 142 2132 nitus
156 2106 360 2141 reprehendisti.
383 2107 425 2133 52.
441 2106 510 2133 lllud
522 2115 584 2133 vero
593 2106 637 2133 cui
651 2107 756 2142 probari
771 2111 866 2142 potest,

68 2147 94 2170 te
107 2143 165 2170 sine
179 2147 224 2170 tuo
235 2148 359 2179 quaestu,
372 2152 402 2170 ac
414 2144 530 2171 maximo
541 2149 664 2179 quaestu,
682 2149 780 2170 tantam
795 2149 868 2171 tuam

68 2179 220 2212 infamiam,
244 2185 346 2207 tantum
364 2181 459 2216 capitis
474 2181 511 2208 tui
527 2181 749 2217 fortunarumque
763 2182 869 2217 pericu-

70 2217 125 2244 lum
149 2217 312 2254 neglexisse,
338 2222 380 2250 ut,
404 2227 490 2254 quum
515 2219 595 2246 totius
618 2218 724 2246 Siciliae
747 2219 868 2254 quotidie

67 2255 185 2291 gemitus
199 2256 436 2291 querimoniasque
450 2255 570 2288 audires;
596 2265 695 2292 quum,
712 2261 741 2283 ut
755 2257 812 2292 ipse
826 2256 868 2283 di-

69 2292 145 2324 xisti,
171 2301 246 2319 reum
266 2297 290 2320 te
309 2293 363 2320 fore
382 2297 502 2328 putares,
531 2302 616 2329 quum
640 2294 753 2320 huiusce
774 2294 867 2320 iudicii

68 2329 212 2357 discrimen
231 2330 264 2357 ab
281 2331 406 2365 opinione
425 2334 469 2357 tua
489 2339 540 2357 non
558 2331 725 2358 abhorreret:
750 2336 868 2366 paterere

68 2371 156 2394 tamen
171 2372 285 2394 aratores
299 2368 497 2404 indignissimis
509 2368 615 2395 iniuriis
627 2368 716 2395 vexari
728 2377 758 2395 ac
768 2368 868 2403 diripi?

68 2403 196 2436 Profecto,
212 2414 377 2440 quamquam
392 2414 420 2432 es
433 2405 565 2441 singulari
579 2405 735 2432 crudelitate
749 2406 867 2432 etauda-

68 2441 122 2473 cia,
143 2446 230 2469 tamen
245 2442 292 2469 abs
307 2447 331 2469 te
346 2446 425 2469 totam
440 2442 548 2469 alienari
564 2443 743 2478 provinciam,
764 2447 801 2470 tot
819 2443 867 2469 ho—

69 2478 155 2505 mines
169 2479 372 2507 honestissimos
387 2488 416 2506 ac
432 2480 657 2515 locupletissimos
672 2480 720 2506 tibi
736 2480 866 2506 inimicis-

68 2515 151 2542 simos
166 2516 222 2543 fieri
238 2516 330 2548 nolles.
348 2517 399 2544 uisi
415 2517 482 2544 hanc
497 2518 624 2544 rationem
639 2522 665 2543 et
677 2517 865 2552 cogitationem

67 2551 162 2580 salutis
177 2558 238 2581 tuae
252 2555 380 2589 pecuniae
394 2554 527 2590 cupiditas
537 2564 567 2581 ac
577 2563 703 2589 praesens
713 2554 758 2580 illa
769 2554 866 2589 praeda

67 2595 213 2625 superaret.
245 2592 287 2618 53.
308 2592 423 2624 Etenim,
440 2592 567 2628 quoniam
582 2600 717 2618 summam
732 2596 757 2618 et
770 2600 867 2618 nume—

67 2635 127 2654 rum
139 2627 307 2660 iniuriarum,
321 2629 432 2659 iudices.
445 2629 521 2656 vobis
533 2638 584 2656 non
596 2637 706 2664 possum
717 2637 863 2664 exponere,

66 2664 225 2701 singillatim
238 2670 327 2693 autem
341 2666 374 2693 de
388 2667 470 2694 unius
483 2667 617 2703 cuiusque
636 2666 805 2694 incommodo
823 2666 866 2693 di-

915 131 934 157 L
949 132 958 157 l
972 131 1001 157 Β.
1024 132 1067 157 111.
1102 131 1121 158 C
1135 131 1156 158 A
1171 132 1199 158 P.
1236 133 1266 158 Π
1286 148 1323 152 -
1342 134 1384 159 23.
1668 134 1718 159 ⁶289

923 211 981 228 cere
995 201 1131 228 infinitum
1145 206 1198 229 est:
1223 211 1320 238 genera
1337 203 1396 238 ipsa
1414 203 1588 234 iniuriarum,
1608 211 1717 238 quaeso,

923 239 1082 275 cognoscite.

979 277 1053 302 XXI.
1075 276 1201 312 Nympho
1214 280 1253 303 est
1267 276 1472 312 Centuripinus,
1492 277 1572 304 homo
1589 286 1675 304 navus
1695 282 1722 304 et

923 313 1087 344 industrius,
1108 314 1357 348 experientissimus
1375 323 1405 340 ac
1423 314 1649 350 diligentissimus
1663 323 1722 340 ara-

924 355 972 377 tor.
1014 352 1038 377 Is
1056 359 1141 386 quum
1160 351 1290 378 arationes
1309 360 1419 387 magnas
1438 352 1582 378 conductas
1601 352 1718 382 haberet,

925 388 1006 423 (quod
1021 388 1143 414 homines
1156 389 1236 415 etiam
1251 388 1411 424 locupletes,
1428 390 1498 415 sicut
1512 389 1557 415 ille
1571 394 1619 420 est,
1636 390 1662 415 in
1678 388 1722 415 Si-

924 425 985 451 cilia
1004 425 1089 451 facere
1112 426 1335 461 eonsueverunt,)
1357 435 1456 461 easque
1479 435 1575 461 magna
1598 427 1720 461 impensa

925 471 1074 498 magnoque
1088 463 1266 489 instrumento
1279 468 1410 490 tueretur:
1427 468 1498 490 tanta
1512 464 1545 489 ab
1560 464 1610 490 isto
1620 464 1722 498 iniqui-

924 504 975 525 tate
989 508 1134 534 oppressus
1149 504 1201 531 est,
1223 505 1252 526 ut
1270 509 1321 527 non
1341 501 1418 527 modo
1436 501 1566 527 arationes
1585 500 1721 536 relinque-

924 541 975 567 ret,
996 537 1043 562 sed
1062 538 1141 563 etiam
1162 546 1194 563 ex
1208 537 1299 563 Sicilia
1318 538 1470 573 profugeret
1484 539 1648 573 Romamque
1668 546 1720 564 una

923 582 985 599 cum
1000 574 1092 600 multis
1106 574 1139 600 ab
1153 574 1204 600 isto
1223 575 1313 601 eiectis
1334 577 1444 601 veniret.
1486 576 1570 606 Fecit,
1593 581 1621 602 ut
1639 575 1721 602 decu-

924 619 1020 637 manus
1035 611 1221 646 Nymphonem
1236 617 1343 647 negaret
1357 621 1390 638 ex
1409 613 1494 639 edicto
1513 613 1558 639 illo
1576 613 1718 648 praeclaro.

923 648 996 682 quod
1010 647 1112 674 nullam
1127 648 1160 674 ad
1175 648 1253 674 aliam
1269 658 1333 680 rem,
1350 650 1400 675 nisi
1417 650 1449 676 ad
1464 650 1620 676 huiusmodi
1638 659 1721 685 quae-

923 689 981 711 stus
999 685 1160 719 pertinebat,
1182 694 1324 712 numerum
1343 687 1466 722 iugerum
1485 687 1635 722 professum
1650 696 1719 714 esse.

923 723 964 748 54.
981 722 1106 757 Nympho
1119 731 1204 757 quum
1218 732 1247 748 se
1262 723 1341 749 vellet
1355 732 1440 758 aequo
1454 725 1554 751 iudicio
1567 725 1718 756 defendere,

923 759 973 785 iste
987 760 1058 785 viros
1073 760 1187 793 optimos
1206 765 1403 795 recuperatores
1422 761 1478 792 dat,
1499 762 1623 788 eumdem
1642 762 1720 788 illum

924 796 1060 823 medicum
1083 796 1236 824 Cornelium
1260 797 1292 833 (is
1316 803 1355 824 est
1374 798 1557 825 Artemidorus
1576 799 1718 834 Pergaeus,

923 835 970 869 qui
991 834 1017 861 in
1037 844 1085 861 sua
1104 836 1188 870 patria
1206 834 1263 861 dux
1282 835 1326 861 isti
1345 835 1480 870 quondam
1499 841 1524 862 et
1542 837 1669 872 magister
1687 836 1720 863 ad

924 871 1130 906 despoliandum
1149 873 1246 899 Dianae
1265 872 1396 908 templum
1417 872 1488 909 fuit.)
1506 878 1531 899 et
1550 874 1720 908 haruspicem

923 909 1065 936 Volusium
1084 914 1109 936 et
1127 910 1261 936 Valerium
1281 919 1448 945 praeconem.
1489 911 1626 947 Nympho,
1647 915 1721 937 ante—

923 955 1004 982 quam
1019 947 1097 981 plane
1111 948 1237 979 constitit,
1253 948 1455 975 condemnatur.
1486 948 1592 981 Quanti,
1610 948 1721 974 fortasse

922 984 1061 1019 quaeritis.
1102 984 1181 1010 Nulla
1200 990 1255 1011 erat
1272 985 1351 1012 edicti
1366 995 1449 1021 poena
1463 990 1542 1012 certa.
1583 986 1720 1012 Frumenti

923 1022 982 1048 eius
995 1022 1092 1053 omnis,
1109 1022 1180 1057 quod
1195 1024 1223 1049 in
1237 1023 1304 1049 areis
1319 1028 1398 1050 esset.
1433 1023 1476 1050 Sic
1491 1024 1624 1058 Apronius
1639 1023 1721 1049 decu-

924 1068 1033 1091 manus,
1054 1068 1107 1086 non
1121 1060 1262 1086 decumam
1276 1060 1407 1092 debitam,
1429 1070 1479 1087 non
1500 1060 1664 1087 frumentum
1680 1069 1720 1086 re—

924 1101 1025 1123 motum
1041 1102 1120 1132 atque
1134 1097 1263 1129 celatum,
1288 1098 1335 1124 sed
1355 1098 1434 1124 tritici
1449 1103 1551 1133 septem
1566 1098 1650 1124 millia
1664 1106 1720 1124 me-

923 1134 1046 1160 dimnum
1061 1143 1093 1161 ex
1108 1135 1277 1170 Nymphonis
1291 1136 1454 1162 arationibus
1468 1136 1546 1162 edicti
1562 1144 1653 1170 poena,
1668 1144 1719 1161 non

923 1171 1114 1206 redemptionis
1132 1172 1222 1207 aliquo
1239 1173 1297 1199 iure
1316 1173 1391 1199 tollit.
1431 1173 1516 1199 XXII.
1533 1174 1574 1199 55.
1600 1173 1719 1199 Xenonis

923 1209 1053 1241 Menaeni,
1071 1209 1233 1236 nobilissimi
1248 1210 1374 1240 hominis,
1391 1211 1482 1237 uxoris
1498 1210 1598 1237 fundus
1612 1215 1666 1236 erat
1676 1219 1720 1236 co-

923 1246 983 1273 lono
999 1246 1109 1273 locatus.
1149 1247 1279 1276 Colonus.
1295 1248 1369 1283 quod
1383 1248 1592 1274 decumanorum
1607 1248 1719 1274 iniurias

923 1283 990 1310 ferre
1005 1293 1056 1311 non
1071 1289 1180 1319 poterat,
1196 1293 1230 1311 ex
1243 1294 1306 1321 agro
1320 1285 1480 1321 profugerat.
1516 1286 1609 1312 Verres
1624 1286 1650 1311 in
1665 1285 1719 1311 Xe-

922 1329 1019 1347 nonem
1039 1322 1169 1348 iudicium
1189 1322 1268 1349 dabat
1286 1322 1354 1349 illud
1373 1332 1454 1349 suum
1472 1323 1667 1349 damnatorium
1687 1322 1719 1348 de

922 1359 1046 1394 iugerum
1062 1359 1235 1394 professione.
1266 1360 1342 1386 Xeno
1356 1360 1389 1386 ad
1402 1370 1431 1386 se
1446 1361 1577 1395 pertinere
1592 1360 1716 1395 negabat:

922 1395 1036 1422 fundum
1052 1396 1181 1423 elocatum
1197 1406 1255 1423 esse
1269 1397 1382 1424 dicebat.
1418 1398 1499 1424 Dabat
1513 1398 1562 1424 iste
1577 1397 1716 1426 iudicium,

899 1448 900 1456 i
921 1442 945 1459 s1
961 1443 1106 1465 paneam,
1128 1434 1218 1469 iugera
1233 1435 1291 1461 cius
1306 1434 1382 1461 fundi
1397 1444 1456 1461 esse
1470 1435 1559 1470 plura,
1581 1444 1661 1469 quam
1675 1443 1719 1460 co-

923 1470 1000 1497 lonus
1015 1476 1084 1497 esset
1097 1471 1244 1506 professus,
1262 1476 1318 1498 tum
1334 1473 1372 1498 uti
1383 1472 1459 1498 Xeno
1473 1473 1652 1498 damnaretur.
1674 1472 1719 1498 Di-

899 1525 900 1547 }
921 1508 997 1534 cebat
1010 1508 1064 1539 ille,
1081 1518 1133 1534 non
1149 1508 1226 1535 modo
1241 1518 1291 1535 non
1303 1518 1390 1535 arasse
1402 1519 1438 1540 se,
1455 1510 1482 1536 id
1493 1509 1565 1544 quod
1579 1510 1642 1535 satis
1653 1514 1716 1539 erat,

899 1550 900 1556 ¹
922 1545 969 1571 sed
984 1554 1031 1572 nec
1045 1546 1185 1572 dominum
1196 1547 1254 1572 eius
1265 1556 1323 1573 esse
1335 1547 1410 1573 fundi
1423 1556 1470 1573 nce
1481 1547 1635 1573 locatorem:
1652 1555 1719 1572 uxo—

922 1583 958 1609 ris
977 1592 1049 1609 esse:
1071 1592 1127 1609 eam
1148 1584 1233 1618 ipsam
1253 1593 1333 1610 suum
1353 1585 1488 1620 negotium
1507 1593 1611 1620 gerere:
1632 1585 1717 1618 ipsum

924 1620 1061 1647 locavisse.
1088 1621 1249 1647 Defendebat
1263 1622 1400 1648 Xenonem
1416 1622 1495 1648 homo
1508 1630 1615 1648 summo
1628 1621 1718 1656 splen-

899 1687 900 1694 *
921 1657 984 1684 dore
1002 1662 1027 1684 et
1045 1667 1150 1684 summa
1170 1660 1324 1685 auctoritate
1343 1659 1492 1694 praeditus,
1514 1660 1549 1685 M.
1566 1659 1715 1685 Cossutius.

899 1697 900 1706 ¹
922 1696 973 1721 Iste
992 1695 1168 1722 nihilominus
1187 1696 1318 1722 iudicium
1340 1696 1413 1733 [Il-S
1429 1695 1514 1733 cxxx]
1531 1697 1619 1722 dabat.
1660 1695 1715 1726 llle,

923 1733 1026 1759 tametsi
1042 1738 1240 1768 recuperatores
1254 1734 1287 1760 de
1301 1734 1408 1761 cohorte.
1424 1734 1554 1760 latronum
1568 1734 1619 1760 sibi
1632 1735 1716 1768 parari

898 1786 900 1803 s
922 1770 1037 1802 videbat,
1054 1775 1141 1797 tamen
1156 1771 1288 1797 iudicium
1303 1777 1474 1806 accepturum
1488 1780 1517 1797 se
1531 1780 1589 1797 esse
1603 1771 1715 1797 dicebat.

921 1808 990 1834 Tum
1005 1808 1055 1834 iste
1070 1817 1165 1844 magna
1181 1817 1244 1835 voce
1259 1809 1377 1835 Veneriis
1393 1810 1519 1843 imperat,
1537 1813 1566 1835 ut
1580 1808 1656 1834 Xeno
1670 1817 1718 1834 au-

921 1845 1001 1876 diret,
1018 1846 1084 1871 Dum
1099 1855 1139 1872 res
1153 1848 1290 1877 iudicetur,
1305 1848 1429 1872 haimim-m
1444 1851 1470 1872 ul
1484 1851 1626 1877 assc1·i·eiil;
1641 1855 1718 1879 qutun

922 1885 1063 1909 iudicatum
1080 1886 1126 1913 sil,
1146 1886 1181 1910 ad
1198 1892 1224 1910 se
1241 1886 1380 1910 adducant.
1420 1884 1452 1910 Et
1472 1883 1539 1909 illud
1554 1883 1634 1909 simul
1650 1883 1718 1909 dixit

920 1928 949 1946 se
963 1929 1015 1947 non
1034 1925 1140 1955 putare,
1161 1920 1254 1953 illum,
1275 1922 1297 1947 si
1318 1926 1423 1956 propter
1437 1920 1545 1947 divitias
1560 1930 1657 1956 poenas
1671 1920 1718 1946 da-

921 1958 1064 1984 mnationis
1091 1962 1284 1990 contemneret,
1317 1959 1396 1984 etiam
1423 1959 1512 1995 virgas
1537 1963 1715 1984 contemnere.

920 1995 973 2021 liae
987 1995 1032 2021 ille
1048 1996 1073 2022 vi
1087 2000 1113 2022 et
1127 1995 1176 2022 hoc
1191 2001 1264 2022 metu
1278 1995 1419 2027 adductus,
1436 2001 1538 2022 tantum
1549 1995 1715 2027 decumanis,

919 2037 1051 2067 quantum
1066 2033 1116 2059 iste
1131 2033 1285 2068 imperavit,
1302 2033 1426 2060 exsolvit.
1468 2033 1564 2059 XXIII.
1581 2035 1622 2059 56.
1644 2033 1718 2059 I‘olc·

921 2070 1046 2096 marchus
1060 2075 1100 2097 est
1113 2070 1311 2106 Murgentinus,
1329 2071 1369 2097 vir
1384 2071 1470 2097 bonus
1484 2075 1563 2106 atque
1579 2071 1715 2096 honestus.

920 2108 958 2138 Is,
979 2116 1065 2142 quum
1083 2116 1131 2142 pro
1146 2108 1286 2144 iugeribus
1300 2109 1495 2143 quinquaginta
1511 2108 1643 2134 medimna
1660 2117 1716 2133 μιν(

920 2145 1048 2171 decumae
1063 2145 1271 2180 imperarentur,
1291 2145 1364 2181 quod
1383 2145 1534 2176 recusabat,
1554 2145 1664 2171 deinum
1684 2145 1716 2170 ad

920 2183 1002 2209 istum
1015 2181 1052 2219 [in
1067 2181 1120 2219 ius]
1131 2183 1245 2209 eductus
1259 2188 1311 2209 est:
1328 2187 1361 2213 et,
1378 2191 1462 2218 quum
1479 2183 1528 2208 iste
1542 2183 1620 2209 etiam
1635 2183 1716 2208 cubu-

919 2224 966 2250 ret,
984 2219 1011 2246 in
1025 2219 1182 2246 cubiculum
1198 2220 1365 2246 introductus
1380 2224 1428 2251 est,
1444 2219 1526 2254 quod,
1544 2220 1594 2246 nisi
1610 2219 1716 2245 mulieri

896 2276 898 2296 i
919 2262 945 2283 et
958 2257 1114 2288 decumano,
1133 2257 1237 2292 patebat
1252 2257 1297 2284 alii
1312 2257 1420 2283 nemini.
1451 2257 1499 2287 tbi,
1515 2265 1600 2291 quum
1616 2257 1715 2291 pugnis

896 2297 898 2315 ἕ
919 2299 945 2320 et
957 2293 1077 2320 calcibus
1091 2295 1245 2321 conscissus
1259 2299 1342 2324 esset,
1359 2295 1406 2329 qui
1422 2303 1467 2319 nc(
1487 2294 1630 2320 medimnis
1644 2294 1715 2320 deci-

919 2331 982 2357 dere
1001 2331 1144 2362 noluisset,
1165 2331 1239 2358 mille
1258 2331 1389 2366 promisit.
1431 2331 1580 2357 Eubulides
1594 2337 1633 2356 cst
1648 2332 1715 2357 Gro-

918 2368 1013 2403 sphus,
1030 2369 1231 2403 Centuripinus,
1248 2368 1327 2395 homo
1337 2377 1423 2403 quum
1436 2369 1532 2394 virtute
1544 2373 1568 2394 et
1580 2368 1715 2394 nobilitate.

918 2406 990 2432 «lomi
1009 2414 1088 2436 suae,
1109 2410 1165 2432 tum
1185 2406 1263 2432 ctiam
1283 2407 1396 2440 pecunia
1411 2406 1545 2440 princeps.
1587 2406 1653 2431 lluic
1668 2406 1715 2431 bo-

919 2443 998 2474 mini,
1023 2442 1139 2474 iudices,
1166 2443 1369 2469 honestissimae
1391 2443 1506 2469 civitatis·
1526 2443 1715 2469 honestissimo

895 2482 897 2499 l
919 2489 971 2506 nnn
990 2479 1068 2506 modo
1088 2479 1214 2507 frumenti
1233 2481 1338 2511 scitote,
1358 2480 1405 2506 sed
1424 2480 1502 2506 etiam
1523 2480 1590 2506 vitae
1609 2485 1633 2506 et
1652 2490 1715 2506 sau-

917 2518 1008 2551 guinis
1024 2521 1126 2543 tautum
1142 2517 1262 2544 relictum
1278 2526 1345 2548 esse,
1361 2522 1492 2552 quantum
1507 2518 1616 2552 Apronii
1632 2517 1715 2544 libido

918 2554 988 2581 tulit.
1011 2555 1076 2581 Nam
1092 2555 1127 2585 vi,
1144 2555 1222 2585 malo,
1240 2554 1325 2590 plagis
1339 2554 1471 2581 adductus
1483 2560 1530 2585 est,
1548 2559 1576 2581 ut
1588 2554 1713 2582 frumenti

917 2591 999 2622 daret.
1017 2600 1067 2618 uon
1082 2597 1212 2627 quantum
1229 2592 1345 2623 liaberet,
1361 2592 1408 2618 scd
1423 2597 1553 2627 «intantum
1563 2598 1711 2628 cogeretur.

894 2660 895 2667 ἵ
917 2629 959 2655 57.
975 2628 1110 2655 Sostratus
1124 2634 1149 2655 et
1161 2630 1310 2656 Numenius
1324 2634 1349 2656 et
1361 2629 1575 2664 Nuuphodorus.
1592 2629 1713 2656 eiusdem

916 2666 1046 2697 civitatis,
1063 2675 1149 2702 quum
1163 2675 1196 2694 cx
1210 2667 1295 2703 agris,
1312 2671 1364 2694 tres
1380 2658 1472 2694 fratres
1486 2672 1634 2698 consortes,
1652 2675 1713 2702 pro-

1473 2716 1503 2740 ³7
