1941 3052
795 127 825 150 ,μ

795 144 835 151 ..,

222 129 268 154 -illt
871 125 903 150 M.

221 207 289 228 rum,
304 199 430 224 miserum
443 197 582 223 exsilium:
597 196 642 222 sed
655 201 740 222 tamen
754 197 862 222 inomni
875 194 1010 221 calamita-
1030 222 1032 226 Α

221 241 244 262 tc
260 236 386 262 retinetur
397 234 504 269 aliquod
519 234 660 266 vestigium
675 233 812 259 libertatis.
853 233 922 258 Mora
934 232 1011 258 deni·
1030 237 1032 266 1

219 282 272 308 «pie
284 274 306 298 si
320 272 482 307 proponitur,
497 272 522 297 in
537 271 653 296 libertate
666 271 822 301 moriamur,
835 269 953 295 carnifex
967 277 1011 295 vo·
1031 293 1033 306 Ι

221 321 248 337 ro
260 315 284 336 et
295 310 420 335 obductio
431 309 524 342 eapitis
536 313 560 333 et
573 316 666 333 nomen
680 308 768 341 ipsum
780 308 867 333 crueis
878 307 947 333 absit
959 315 1010 332 non
1032 319 1033 335 i

221 348 299 374 mmlo
309 357 322 373 u
334 355 441 381 corpore
452 346 551 371 civium
565 345 750 374 Romanorum,
765 344 811 370 sed
823 345 901 370 etiam
914 353 927 369 a
939 344 1012 378 rog·
1032 340 1033 350 ¹

221 386 324 414 tutione,
338 383 432 413 oculis,
446 382 566 408 auribus.
598 382 694 407 llarum
707 383 778 408 enini
790 382 910 408 omnium
923 390 1010 407 rerum

221 432 271 448 non
284 421 370 447 solum
383 425 494 446 eventus
506 424 584 454 atque
597 420 745 453 perpessio,
763 419 809 445 sed
825 420 904 445 etiam
920 419 1012 445 condi-

222 461 268 487 tiu=
292 458 466 492 exspectatio,
491 457 590 482 mentio
606 457 662 491 ipsa
683 456 800 491 denique
823 457 931 490 indigna
953 457 1011 482 cive

222 497 336 522 llnmuno
347 499 426 529 atquc
439 494 545 520 bomine
559 494 641 520 libero
651 498 700 520 est.
737 495 775 520 An
790 502 850 520 vero
861 502 952 519 servos
965 502 1012 519 no—

220 538 287 559 stros
305 533 398 558 borum
415 531 609 566 suppliciorum
624 531 745 557 omniurn
759 536 829 557 metu
842 531 1010 557 dominorum

221 570 369 603 benignitas
382 577 433 595 una
447 569 561 594 vindicta
576 569 681 595 liberat:
706 578 753 595 nos
765 579 777 594 a
791 569 960 599 verberibus,
979 568 1011 594 ab

221 616 295 637 unco,
309 616 322 632 a
334 607 420 632 crucis
432 606 548 641 denique
561 611 656 632 terrore
668 615 754 641 neque
766 616 807 632 res
817 611 916 641 gestae,
926 614 1012 641 neque
1032 606 1033 635 J

219 650 273 670 arta
295 649 379 674 aetas,
403 652 489 678 neque
511 644 590 670 vestri
613 643 725 670 bonores
747 644 940 670 vindicabunt?
970 644 1010 669 Π.

219 681 396 714 Quamobrem
409 680 503 712 fateor,
517 686 595 716 atque
607 682 695 711 etiam.
709 682 738 707 T.
753 682 876 712 Labiene,
890 681 1012 716 profiteor
1032 694 1033 708 1

219 724 243 745 et
256 727 317 754 prae
330 727 371 745 me
383 717 451 750 sero,
465 723 489 744 to
501 727 533 745 ex
546 718 589 745 illa
601 718 712 749 crudeli,
727 719 886 753 importuna,
902 728 952 745 non
966 719 1012 744 tri-

219 757 325 782 bunicia
338 756 452 786 actione.
471 756 518 782 sed
530 756 615 791 regia,
633 764 692 782 meo
702 756 826 788 consilio,
846 757 950 787 virtute,
965 765 1012 782 au-
1039 759 1041 782 ἶ

219 794 336 820 ctoritate
347 802 406 819 csso
417 793 570 828 depulsum.
593 793 649 826 Qua
661 799 688 819 tu
700 795 726 820 in
737 795 838 820 actione
846 802 1010 829 quamquam
1039 799 1040 804 ¹

219 831 306 858 omnia
318 830 440 866 exempla
453 832 591 862 maiorum,
605 840 698 857 omnes
711 832 790 867 leges.
804 841 909 858 omnem
922 836 1012 857 aueto-
1032 837 1040 866 ψ

219 869 323 895 ritatem
339 873 460 899 senatus,
479 877 571 895 omnes
587 868 728 903 religiones
740 874 819 904 atque
830 870 1010 904 auspiciorum

220 906 326 941 publica
339 906 395 932 iura
408 906 564 941 neglexisti:
587 911 673 932 tamen
686 915 699 932 a
712 915 753 932 me
765 907 842 937 baec,
860 908 886 933 in
899 907 947 932 boc.
959 912 1010 932 tam

204 944 317 981 ¹exiguo
333 952 392 969 meo
408 948 537 978 tempore,
561 952 612 969 non
624 943 726 970 audies.
768 944 893 970 Liberum
906 949 1011 979 tempus

220 981 297 1007 nobis
309 980 417 1006 dabitur
428 981 459 1007 ad
473 981 550 1007 istam
562 981 791 1015 disceptationem.

276 1018 318 1045 vl.
329 1020 367 1044 ¹8.
382 1018 457 1044 Nunc
468 1018 500 1044 de
512 1018 648 1044 Saturnini
660 1019 772 1044 crimine
784 1027 813 1045 ac
824 1018 856 1044 de
868 1018 1011 1044 clarissimi

220 1056 306 1090 patrui
319 1056 356 1081 tui
369 1060 451 1081 morte
463 1055 593 1081 dicemus.
635 1056 741 1091 Arguis,
755 1057 872 1082 occisum
885 1064 944 1082 esse
955 1065 968 1082 a
981 1056 1009 1083 C.

221 1093 326 1119 Rabirio
342 1093 370 1119 L.
384 1092 572 1119 Saturninum:
595 1098 621 1119 et
636 1093 662 1119 id
678 1094 706 1120 C.
724 1093 849 1119 Rabirius
866 1093 1010 1120 multorum

219 1131 388 1161 testimoniis,
401 1130 431 1162 Q.
441 1131 578 1157 Hortensio
589 1131 773 1165 copiosissime
784 1130 951 1162 defendente,
965 1140 1012 1158 an-

219 1173 259 1194 tea
272 1167 369 1194 falsum
381 1176 439 1193 esse
451 1168 550 1194 docuit.
572 1168 628 1203 Ego
639 1172 736 1198 autem,
750 1169 772 1194 si
785 1169 851 1194 mibi
863 1173 933 1195 esset
944 1169 1012 1195 inte-

218 1214 310 1241 grum,
329 1205 492 1240 susciperem
506 1205 554 1232 boc
565 1206 677 1236 crimen,
696 1214 880 1241 agnoscerem,
903 1206 1012 1232 confite*

220 1251 270 1269 rer.
301 1242 406 1269 Utinam
420 1242 487 1269 banc
499 1243 564 1269 mibi
577 1242 727 1269 facultatem
740 1252 835 1270 caussa
846 1243 1009 1274 concederet,

219 1284 249 1306 ut
260 1288 365 1314 possem
383 1280 432 1306 boc
447 1280 611 1315 praedicare,
630 1280 658 1307 C.
671 1281 771 1307 Rabirii
783 1289 863 1307 manu
877 1281 906 1307 L.
920 1281 1012 1307 Satur-

219 1318 323 1348 ninum,
337 1317 440 1343 hostem
454 1317 546 1352 populi
558 1318 682 1349 Romani,
696 1318 878 1344 interfectum!
891 1334 928 1338 —
938 1318 1011 1345 Nihil

218 1363 261 1381 me
272 1354 370 1380 clamor
381 1355 431 1380 iste
441 1360 599 1386 commovet,
613 1355 660 1381 sed
671 1356 831 1387 consolatur,
844 1365 930 1391 quum
942 1356 1013 1382 indi-

217 1396 259 1418 cat
278 1400 337 1418 esse
357 1392 488 1427 quosdam
504 1393 577 1418 cives
593 1393 744 1428 imperitos,
767 1393 814 1420 sed
829 1402 881 1420 non
902 1393 1010 1420 multos.

218 1430 385 1464 Numquam,
404 1430 470 1456 mibi
481 1429 592 1461 credite,
611 1431 727 1465 populus
738 1431 875 1457 Romanus
891 1431 947 1462 hic,
965 1431 1011 1466 qui

217 1467 290 1498 silet,
308 1466 446 1493 consulem
458 1475 500 1493 me
511 1466 631 1499 fecisset,
649 1468 672 1494 si
684 1473 772 1495 vestro
782 1468 896 1495 clamore
907 1473 1014 1504 pertur-

218 1504 310 1530 batum
325 1504 358 1530 iri
373 1504 555 1531 arbitraretur.
595 1505 700 1538 Quanto
714 1507 766 1532 iam
784 1507 867 1533 levior
877 1511 917 1533 est
928 1506 1013 1532 accla-

218 1541 311 1568 matio!
334 1541 405 1574 Quin
416 1543 559 1569 continetis
572 1551 677 1575 vocem,
695 1544 812 1570 indicem
823 1543 953 1570 stultitiae
966 1552 1013 1570 ve-

217 1583 296 1610 strae,
318 1583 412 1605 testem
434 1580 586 1614 paucitatis.
608 1595 645 1601 —
666 1583 706 1607 ⁴9.
729 1582 866 1613 Libenter,
889 1583 1009 1617 inquam,

217 1616 363 1648 confiterer,
377 1617 400 1643 si
413 1625 474 1643 vere
486 1626 602 1652 possem,
616 1619 761 1650 autetiam,
775 1619 799 1645 si
811 1619 877 1645 mihi
889 1624 960 1645 esset
970 1619 1013 1646 in—
1032 1611 1041 1638 l=

217 1658 336 1690 tegrum,
359 1653 388 1681 C.
405 1654 506 1681 Rabirii
526 1663 608 1681 manu
624 1655 654 1682 L.
672 1655 847 1682 Saturninum
868 1665 927 1683 esse
942 1657 1013 1683 occi—

217 1700 292 1718 sum:
306 1695 331 1718 et
341 1691 368 1718 id
380 1691 482 1718 facinus
492 1691 706 1727 pulcherrimum
716 1701 775 1720 esse
785 1693 940 1720 arbitrarer:
953 1694 1010 1725 sed,

217 1730 344 1764 quoniam
355 1728 382 1755 id
394 1728 478 1756 facere
490 1738 541 1756 non
552 1738 677 1765 possum,
691 1731 836 1757 confitebor
846 1731 882 1762 id,
895 1731 968 1766 quod
979 1731 1012 1757 ad

218 1765 324 1792 laudem
336 1767 426 1793 minus
437 1766 545 1799 valebit,
563 1767 596 1794 ad
607 1768 708 1795 crimen
720 1777 771 1795 non
783 1769 883 1794 minus.
924 1768 1013 1795 Conli-

218 1808 286 1834 teor,
304 1803 479 1831 interficiendi
492 1804 629 1832 Saturnini
640 1814 736 1832 caussa
747 1805 776 1833 C.
789 1805 928 1832 Rabirium
940 1815 1012 1832 arma

217 1841 331 1875 cepisse.
371 1840 442 1873 Quid
456 1847 508 1873 est,
532 1842 666 1870 Labiene?
685 1852 768 1879 quam
784 1852 797 1870 a
809 1852 852 1869 me
862 1844 1011 1879 graviorem

217 1877 427 1910 consessionem,
444 1884 490 1906 aut
500 1880 572 1915 quod
584 1881 610 1907 in
622 1880 695 1907 hunc
706 1881 794 1907 maius
804 1881 905 1907 crimen
916 1889 1013 1916 exspe-

217 1914 292 1942 ctas?
311 1916 369 1942 Nisi
380 1924 443 1942 vero
453 1917 581 1944 interesse
591 1917 695 1954 aliquid
707 1923 785 1953 putas
796 1919 865 1944 inter
875 1927 936 1944 eum
945 1939 951 1949 ,
964 1919 1011 1954 qui

219 1953 354 1979 bominem
365 1953 473 1986 occidit,
491 1959 517 1981 et
527 1963 604 1987 eum,
621 1956 741 1991 quicum
753 1955 806 1982 telo
815 1955 953 1982 occidendi
965 1956 1013 1982 ho-

218 1990 300 2016 minis
310 1998 405 2017 caussa
417 1990 477 2017 suit.
509 1992 537 2019 Si
553 1993 666 2020 interfici
677 1992 853 2020 Saturninum
864 1993 938 2020 nefas
951 1993 1010 2025 tuit,

218 2036 291 2054 arma
301 2032 409 2063 sumpta
420 2037 478 2055 esse
489 2034 578 2056 contra
589 2030 765 2058 Saturninum
775 2031 834 2057 sine
845 2030 944 2057 scelere
959 2039 1012 2058 non

218 2069 345 2099 possunt:
368 2065 390 2092 si
402 2074 473 2092 arma
488 2067 547 2093 iure
561 2073 669 2104 sumpta
683 2068 820 2100 concedis¹
843 2068 1013 2095 interfectum

217 2103 276 2129 iure
287 2102 415 2129 concedas
427 2112 534 2131 necesse
545 2110 594 2132 est.

385 2141 470 2168 Pauca
484 2145 609 2175 quaedam
622 2145 705 2170 deesse
718 2145 844 2170 videntur.

274 2177 329 2203 V11.
346 2179 387 2204 20.
410 2178 452 2204 Fit
462 2184 571 2206 senatus
582 2180 748 2212 consultum,
766 2185 796 2207 ut
806 2180 835 2208 C.
848 2180 963 2212 Marius,
980 2181 1011 2207 L.

218 2213 349 2245 Valerius,
357 2215 490 2246 consules,
498 2217 656 2244 adhiberent
665 2218 788 2245 tribunos
799 2218 887 2253 plebis
899 2223 924 2244 et
935 2227 1013 2253 prae-

218 2257 298 2283 tores,
310 2260 379 2287 quos
390 2253 428 2279 eis
441 2253 584 2286 videretur,
597 2263 760 2290 operamque
770 2255 872 2287 darent,
887 2260 917 2282 ut
927 2256 1013 2290 impe-

218 2290 288 2316 rium
300 2289 393 2324 populi
404 2290 515 2318 Romani
525 2293 704 2328 maiestasque
715 2298 927 2320 conservaretur.
957 2293 1013 2320 Ad-

219 2327 312 2353 hibent
331 2336 424 2354 omnes
446 2328 568 2356 tribunos
588 2329 676 2365 plebis
700 2335 804 2365 praeter
824 2330 1009 2362 Saturninum,

220 2368 351 2397 praetores
363 2370 466 2399 praeter
476 2366 630 2393 Glauciam:
643 2368 692 2402 qui
703 2367 897 2403 rempublicam
908 2367 1012 2394 salvam

218 2409 277 2427 esse
288 2401 400 2434 vellent,
417 2411 489 2430 arma
504 2412 598 2439 capere
609 2409 635 2431 et
645 2413 674 2431 se
684 2406 762 2440 sequi
773 2405 876 2432 iubent.
916 2405 1013 2432 Parent

218 2446 321 2465 omnes.
351 2439 393 2466 Ex
403 2440 515 2467 aedibus
525 2442 608 2468 sacris
618 2443 885 2478 armamentariisque
895 2442 1012 2477 publicis

219 2483 290 2501 arma
301 2476 401 2510 populo
411 2477 542 2510 Romano,
560 2478 589 2505 C.
601 2479 684 2506 Mario
697 2480 808 2506 consule
823 2480 1010 2511 distribuente,

219 2511 324 2538 dantur.
346 2513 394 2540 Hic
404 2514 466 2546 iam,
479 2520 510 2542 ut
519 2516 638 2542 omittam
649 2521 743 2548 cetera,
756 2517 790 2543 de
800 2522 826 2543 te
835 2518 904 2552 ipso,
917 2517 1013 2544 Labie-

220 2557 265 2579 ne,
281 2557 393 2584 quaero:
410 2559 496 2585 quum
508 2552 668 2580 Saturninus
679 2554 841 2589 Capitolium
855 2559 957 2581 teneret
971 2563 1013 2581 ar-

219 2590 316 2617 matus,
330 2591 399 2613 esset
410 2596 462 2614 una
473 2589 502 2615 C.
515 2589 634 2622 Glaucia,
648 2590 676 2618 C.
685 2591 819 2623 Saufeius,
833 2592 912 2618 etiam
923 2591 970 2618 ille
980 2600 1014 2618 ex

219 2623 395 2658 compedibus
411 2629 489 2659 atque
505 2627 639 2662 ergastulo
650 2628 801 2655 Gracchus:
824 2628 920 2655 addam
936 2629 1014 2664 (quo-

219 2660 291 2686 niam
304 2661 337 2687 ita
349 2661 400 2696 vis)
411 2662 503 2688 eodem
515 2662 545 2695 Q.
560 2664 716 2697 Labienum,
733 2670 859 2700 patruum
871 2671 962 2692 tuum:
985 2667 1013 2692 in

939 125 968 151 Τ.
999 123 1271 151 ‹zttztittoxtss

1063 195 1117 220 [oro
1128 199 1215 220 autem
1227 195 1256 221 C.
1270 194 1369 220 Mariua
1380 199 1405 220 et
1417 194 1574 221 euterius
1585 195 1704 226 Ftnccus,
1717 196 1850 226 mnaulea.

1063 237 1121 266 post
1132 237 1244 258 cunctus
1256 237 1377 261 senatus,
1395 237 1474 267 atque
1486 232 1530 258 ille
1542 238 1663 263 senatus,
1681 241 1760 268 quem
1773 234 1852 260 etiarn

1064 278 1109 295 tos
1123 269 1186 303 ipsi,
1200 270 1246 303 qui
1259 269 1306 294 bos
1319 274 1404 303 patrea
1415 271 1730 305 conscripun,‹1uinuric
1741 276 1812 300 sunt.
1827 272 1853 297 in

1064 306 1192 332 invidiam
1206 307 1313 336 umus,
1327 315 1380 341 quo
1392 305 1497 332 facilius
1507 306 1540 333 de
1553 308 1600 333 hoc
1611 313 1703 334 senatu
1716 308 1854 334 detrabe-ro

1064 344 1180 378 possitis,
1191 343 1493 369 lauilareconsuevixtiu:
1505 353 1590 379 quum
1601 350 1723 380 equester
1733 345 1807 371 ordo:
1820 346 1854 372 'at

1063 390 1177 416 (piorum
1189 382 1310 415 equitum
1320 402 1325 410 ,
1337 381 1375 406 dii
1389 381 1563 407 immortates!
1587 387 1690 416 patrum
1704 388 1853 409 nostrorum

1063 424 1142 453 atque
1158 419 1217 444 eius
1233 419 1337 447 aetatis,
1356 427 1424 453 quae
1440 423 1496 444 tum
1513 427 1634 451 magnam
1652 425 1751 454 partem
1765 421 1855 455 reipu-

1064 456 1147 482 blicae
1168 461 1247 490 atque
1263 465 1368 481 ornnem
1385 456 1540 488 dignitatern
1554 456 1712 483 iudiciorum
1725 457 1856 491 tenebatz)

1063 502 1147 528 ‘l¹¹¹¹¹¹¹
1159 502 1252 519 omnes
1263 494 1383 519 omnium
1395 493 1518 519 ordinum
1533 494 1663 525 homines,
1680 495 1728 530 qui
1744 495 1770 520 in
1782 495 1855 520 satu-

1064 536 1087 557 te
1109 531 1271 566 reipublicae
1292 530 1404 556 salutem
1421 539 1497 556 sunni
1514 531 1655 566 repositam
1671 540 1730 557 csse
1745 532 1855 558 arbitra-

1064 569 1173 598 bantur,
1191 578 1262 594 arina
1279 569 1425 602 cepissent:
1448 568 1514 603 quid
1530 568 1636 594 tandem
1653 569 1682 595 C.
1694 569 1801 595 Rabirio
1817 569 1855 595 (a-

1062 606 1186 632 ciendum
1201 606 1268 631 l'uit‘?
1287 607 1327 631 et.
1342 606 1376 631 De
1388 611 1411 631 te
1424 606 1489 640 ipso.
1505 607 1623 641 inquam,
1638 606 1760 636 Labiene.
1773 615 1856 641 quae-

1063 652 1104 669 ro:
1125 652 1210 678 quum
1223 643 1254 669 ml
1267 652 1337 669 arma
1349 643 1473 669 consules
1484 652 1517 669 ex
1528 649 1636 669 senatus
1647 644 1768 670 consulto
1779 652 1855 669 voca-

1064 682 1178 709 vissein:
1202 690 1286 716 quum
1299 686 1416 706 armatus
1429 681 1462 706 M.
1477 681 1621 711 Aemilius.
1639 682 1762 716 princeps
1779 689 1855 707 sena—

1064 723 1120 749 tus,
1143 719 1169 745 in
1186 719 1294 744 comitio
1308 719 1484 744 constitisset:
1507 719 1567 753 qui,
1590 727 1675 753 quum
1691 718 1796 754 ingredi
1810 719 1856 745 vix

1063 761 1164 791 posset.
1189 765 1239 782 non
1256 756 1287 781 ad
1304 755 1499 790 insequendum
1516 756 1567 782 sibi
1585 756 1731 782 tarditatem
1745 756 1853 791 pedum,

1063 793 1108 819 sed
1125 793 1156 819 ad
1175 793 1331 829 fugiendum
1349 793 1540 828 impedimento
1556 793 1609 819 fore
1626 794 1746 828 putabat:
1769 802 1854 828 quum

1063 831 1178 866 denique
1190 832 1218 863 Q.
1232 831 1366 861 Scaevola,
1379 830 1514 856 conlectus
1527 835 1670 860 senectute,
1684 831 1855 866 praepeditus

1039 869 1040 878 ¹
1064 869 1167 897 morbo.
1192 877 1302 895 mancus
1317 874 1341 894 et
1359 869 1486 894 membris
1497 869 1624 894 omnibus
1635 874 1728 903 eaptus
1739 877 1769 894 ac
1780 868 1855 895 debi-

1065 906 1109 937 lis.
1124 906 1213 932 hastili
1227 907 1319 936 nixuS,
1337 911 1362 932 et
1373 906 1454 931 animi
1468 907 1522 932 vim
1534 911 1559 931 et
1570 907 1750 932 infirmitatem
1762 914 1856 940 corpo—

1063 944 1100 969 ris
1110 944 1273 970 ostenderet:
1287 952 1372 978 quum
1385 944 1414 969 L.
1428 944 1560 973 Metellus,
1574 943 1632 969 Ser.
1645 943 1738 973 Galba,
1752 943 1781 970 C.
1795 943 1856 969 Scr-

1032 990 1033 997 ¹
1062 990 1157 1011 ranus.
1171 981 1197 1007 P.
1210 982 1336 1011 Rutilius.
1350 981 1378 1007 C.
1393 981 1518 1011 Fimbria,
1531 981 1562 1012 Q.
1576 980 1686 1007 Catulus
1697 989 1853 1015 omnesque,

1063 1019 1110 1053 qui
1128 1023 1183 1045 tum
1200 1024 1286 1049 erant,
1303 1018 1457 1045 consulares
1474 1027 1520 1052 pro
1536 1018 1621 1044 salute
1636 1019 1771 1044 communi
1784 1026 1855 1044 arma

1062 1057 1210 1091 cepissent:
1232 1065 1316 1091 quum
1328 1064 1420 1082 omnes
1433 1060 1573 1090 praetores,
1586 1060 1680 1081 cuncta
1693 1055 1816 1082 nobilitas
1827 1064 1856 1081 ac

1040 1098 1041 1122 ζ
1063 1094 1190 1120 iuventus
1201 1099 1361 1124 accurreret,
1375 1094 1423 1120 Cn.
1436 1098 1461 1119 et
1473 1094 1502 1119 L.
1516 1093 1630 1123 Domitii.
1646 1093 1674 1119 L.
1688 1093 1809 1122 Crassus,
1822 1091 1854 1125 Q.

1064 1132 1181 1161 Mucius,
1196 1130 1224 1157 C.
1237 1131 1380 1161 Claudius,
1395 1131 1429 1156 M.
1442 1131 1558 1157 Drusus:
1578 1139 1664 1165 quum
1675 1139 1768 1157 omnes
1779 1130 1857 1157 Octa-

1063 1169 1109 1199 vii.
1123 1168 1231 1199 Metelli,
1246 1168 1315 1199 Iulii,
1330 1168 1423 1198 Cassii.
1437 1168 1557 1198 Catones,
1571 1168 1704 1202 Pompeii:
1727 1176 1812 1203 quum
1824 1168 1854 1193 L.

1063 1206 1213 1241 Philippus=
1228 1207 1256 1232 L.
1265 1205 1363 1240 Scipio,
1376 1214 1461 1240 quum
1474 1206 1508 1231 M.
1518 1205 1643 1240 Lepidus,
1656 1214 1741 1240 quum
1754 1206 1782 1231 D.
1790 1205 1856 1231 Bru-

1064 1249 1120 1274 ωε,
1143 1252 1228 1278 quum
1245 1243 1288 1269 hic
1303 1244 1360 1278 ipse
1372 1243 1400 1269 P.
1414 1243 1559 1273 Servilius,
1582 1251 1636 1277 quo
1647 1248 1675 1268 tu
1687 1243 1853 1277 imperatore.

1040 1276 1042 1322 Ι
1064 1281 1191 1311 Labiene,
1216 1281 1350 1307 meruisti:
1373 1289 1458 1315 quum
1472 1280 1514 1306 bic
1525 1280 1557 1312 Q.
1570 1279 1694 1311 Catulus,
1711 1279 1856 1306 admodum

1040 1323 1042 1350 ζ
1064 1323 1120 1345 tum
1137 1318 1304 1349 adolescens,
1327 1327 1411 1353 quum
1428 1317 1471 1344 bic
1482 1318 1512 1344 C.
1525 1318 1617 1348 Curio,
1639 1325 1724 1353 quum
1740 1317 1857 1352 denique

1063 1365 1156 1383 omnes
1176 1356 1319 1382 clarissimi
1340 1355 1390 1382 viri
1411 1364 1472 1381 cum
1492 1355 1649 1381 consulibus
1665 1359 1768 1381 essent:
1790 1354 1856 1390 quid

1064 1394 1169 1420 tandem
1181 1393 1210 1420 C.
1220 1393 1355 1420 Rabirium
1369 1392 1453 1419 facere
1463 1392 1605 1419 convenit?
1616 1392 1709 1419 Utrum
1721 1391 1857 1418 inclusum

1064 1436 1144 1467 atque
1155 1431 1276 1457 abditum
1289 1430 1368 1457 latere
1379 1431 1407 1456 in
1419 1430 1530 1460 occulto,
1543 1435 1622 1465 atque
1633 1430 1768 1465 ignaviam
1780 1437 1856 1456 suam

1064 1469 1232 1495 tenebrarum
1244 1477 1273 1495 ac
1284 1469 1414 1503 parietum
1426 1467 1556 1494 custodiis
1572 1472 1672 1503 tegere,
1695 1476 1727 1493 an
1740 1468 1767 1493 in
1779 1466 1858 1501 Capi—

1064 1506 1158 1533 tolium
1175 1514 1284 1541 pergere
1299 1511 1378 1541 atque
1394 1505 1431 1532 ibi
1443 1514 1472 1531 se
1483 1514 1544 1531 cum
1556 1509 1602 1531 tuo
1613 1509 1706 1540 patruo
1716 1509 1741 1531 et
1751 1505 1855 1535 ceteris,

1041 1560 1042 1578 1
1063 1544 1096 1570 ad
1118 1548 1229 1570 mortem
1250 1548 1356 1578 propter
1375 1543 1444 1569 vitae
1465 1542 1659 1577 turpitudinem
1679 1541 1858 1577 confugienti-

1040 1581 1042 1587 '
1063 1581 1128 1612 bus,
1142 1580 1320 1617 congregare?
1339 1589 1372 1606 an
1383 1589 1445 1606 cum
1457 1581 1552 1611 Mario,
1565 1579 1673 1609 Scauro.
1687 1579 1789 1610 Catulo,
1802 1579 1858 1605 Me-

1064 1618 1135 1649 tello,
1149 1618 1284 1649 Scaevola,
1297 1626 1358 1644 cum
1371 1618 1448 1644 bonis
1459 1618 1576 1652 denique
1586 1617 1713 1643 omnibus
1723 1617 1793 1643 coire
1804 1625 1857 1643 non

1040 1655 1042 1670 ⁵
1063 1655 1142 1683 modo
1153 1656 1262 1687 salutis,
1275 1664 1368 1682 verum
1380 1656 1459 1681 etiam
1472 1654 1583 1690 periculi
1594 1653 1765 1681 societatem?

1121 1694 1186 1720 Vlll.
1199 1695 1242 1720 22.
1255 1693 1295 1719 Tu
1307 1693 1432 1727 denique.
1447 1692 1572 1723 Labiene,
1584 1691 1651 1727 quid
1663 1691 1761 1718 taceres
1773 1690 1818 1717 tali
1829 1691 1858 1718 in

1064 1740 1091 1757 re
1102 1739 1132 1757 ac
1142 1729 1279 1765 tempore?
1293 1739 1379 1765 quum
1391 1730 1512 1765 ignaviae
1524 1729 1589 1756 ratio
1600 1733 1624 1755 te
1636 1729 1663 1755 in
1676 1728 1766 1765 fugam
1778 1733 1858 1763 atque

1063 1769 1090 1795 in
1103 1768 1216 1795 latebras
1228 1767 1390 1802 impelleret:
1404 1767 1562 1802 improbitas
1572 1771 1599 1793 et
1610 1766 1683 1793 furor
1693 1766 1723 1792 L.
1736 1765 1859 1792 Saturni-

1064 1806 1090 1832 ni
1102 1806 1129 1832 in
1141 1805 1302 1840 Capitolium
1313 1809 1472 1831 arcesseret:
1493 1803 1618 1831 consules
1628 1804 1662 1830 ad
1673 1804 1773 1838 patriae
1783 1803 1858 1829 salu-

1063 1848 1116 1869 tem
1132 1851 1162 1870 ac
1178 1842 1325 1869 libertatem
1340 1846 1476 1868 vocarent:
1499 1850 1580 1877 quam
1596 1841 1701 1868 tandem
1717 1841 1859 1867 auctorita-

1063 1885 1130 1911 tem,
1143 1889 1225 1916 quam
1237 1888 1343 1911 vocem,
1355 1880 1434 1906 cuius
1446 1884 1544 1906 sectam
1555 1879 1642 1914 sequi.
1655 1879 1734 1905 cuius
1745 1878 1858 1913 imperio

1040 1938 1041 1951 ,
1064 1926 1155 1953 parere
1167 1918 1337 1953 potissimum
1349 1916 1451 1944 velles?
1461 1917 1584 1947 Patruus,
1597 1917 1694 1951 inquit,
1707 1924 1785 1942 meus
1795 1923 1858 1942 cum

1064 1955 1207 1982 Saturnino
1217 1955 1277 1982 suit.
1297 1953 1386 1987 Quid?
1398 1959 1470 1989 pater
1480 1953 1609 1989 quicum?
1619 1953 1704 1989 quid?
1714 1953 1858 1988 propinqui

1064 1993 1154 2024 vestri,
1169 1993 1273 2028 equites
1283 1991 1414 2018 Romani?
1427 1991 1512 2027 quid?
1531 1991 1619 2018 omnis
1630 1989 1804 2026 praefectura,
1816 1998 1859 2016 r&

1064 2031 1122 2066 gio,
1139 2031 1262 2057 vicinitas
1278 2028 1384 2056 vestra?
1402 2028 1488 2064 quid?
1506 2037 1569 2065 ager
1582 2029 1696 2055 Picenus
1714 2027 1859 2054 universus

1065 2073 1155 2095 utrum
1167 2068 1342 2094 tribunicium
1356 2066 1481 2097 furorem.
1493 2075 1528 2093 an
1539 2065 1706 2093 consularem
1717 2065 1859 2092 auctorita-

1064 2111 1116 2132 tem
1129 2110 1239 2132 secutus
1250 2104 1309 2132 est?
1337 2106 1379 2131 23.
1401 2104 1535 2139 Equidem
1545 2104 1596 2130 hoc
1605 2102 1723 2134 affirmo,
1739 2101 1814 2138 quod
1827 2106 1859 2128 tu

1064 2151 1136 2170 nunc
1147 2143 1180 2169 de
1191 2147 1237 2169 tuo
1248 2147 1342 2178 patruo
1353 2141 1503 2177 praedicas,
1520 2141 1655 2168 neminem
1670 2147 1800 2175 umquam
1811 2138 1859 2165 ad-

1040 2182 1042 2207 :
1064 2180 1118 2207 huc-
1127 2180 1162 2207 de
1172 2188 1232 2206 sese
1246 2188 1307 2206 esse
1321 2179 1489 2206 consessum:
1511 2186 1590 2205 nemo
1604 2182 1657 2209 est,
1674 2178 1799 2212 inquam,
1815 2177 1859 2203 in-

1040 2246 1041 2251 ,
1064 2222 1162 2244 ventus
1182 2222 1236 2244 tam
1257 2216 1421 2253 profligatus,
1444 2221 1497 2242 tarn
1513 2215 1643 2251 perditus,
1666 2219 1720 2241 tam
1735 2213 1769 2240 ab
1783 2214 1858 2240 omni

1064 2264 1117 2281 non
1129 2255 1208 2281 modo
1218 2255 1365 2285 honestate,
1378 2254 1427 2280 sed
1437 2254 1518 2280 etiam
1528 2251 1700 2279 simulatione
1710 2251 1857 2278 honestatis

1063 2292 1186 2323 relictus,
1203 2292 1252 2327 qui
1267 2301 1296 2318 se
1311 2292 1339 2318 in
1351 2290 1481 2326 Capitolio
1496 2290 1580 2317 fuisse
1590 2298 1653 2315 cum
1664 2288 1809 2315 Saturnino
1818 2287 1859 2315 fa-

1063 2335 1172 2356 teretur.
1197 2330 1232 2356 At
1243 2329 1293 2356 suit
1304 2333 1391 2355 vester
1401 2333 1522 2364 patruus.
1552 2326 1656 2354 Fuerit:
1669 2331 1695 2352 et
1705 2325 1786 2352 fuerit
1795 2325 1859 2352 nul—

1064 2367 1088 2394 la
1098 2367 1283 2402 desperatione
1293 2375 1383 2393 rerum
1393 2374 1504 2392 suarum
1511 2385 1517 2396 ,
1535 2363 1618 2391 nullis
1633 2363 1786 2390 domesticis
1796 2362 1859 2389 vul-

1063 2405 1173 2431 neribus
1185 2409 1307 2431 coactus:
1329 2403 1467 2430 induxerit
1480 2410 1541 2428 eum
1553 2402 1584 2428 L.
1596 2401 1732 2427 Saturnini
1743 2399 1859 2427 familia-

1064 2442 1140 2473 ritas,
1171 2446 1202 2468 ut
1221 2441 1366 2468 amicitiam
1386 2441 1485 2476 patriae
1505 2443 1692 2474 praeponeret:
1723 2437 1858 2464 idcircone

1063 2479 1214 2514 oportuitC.
1222 2479 1361 2506 Rabirium
1371 2478 1519 2505 desciscere
1530 2485 1545 2502 a
1555 2474 1711 2511 republica?
1721 2483 1774 2501 non
1783 2483 1858 2501 oom-

1063 2525 1155 2551 parere
1165 2517 1193 2543 in
1203 2516 1250 2543 illa
1259 2521 1359 2542 armata
1368 2514 1541 2542 multitudine
1549 2511 1699 2540 bonorum?
1709 2511 1857 2539 Consulum

1063 2555 1122 2580 voci
1137 2559 1217 2589 atque
1232 2554 1346 2588 imperio
1360 2561 1413 2579 non
1427 2550 1554 2578 obedire?
1573 2551 1615 2578 24.
1627 2550 1709 2585 Atqui
1719 2548 1854 2580 videmus,

1063 2591 1128 2618 haec
1139 2592 1167 2618 in
1178 2599 1268 2617 rerum
1279 2595 1372 2617 natura
1383 2590 1433 2616 tria
1444 2588 1543 2615 fuisse:
1565 2592 1596 2614 ut
1606 2592 1723 2614 autenm
1735 2586 1858 2613 Saturni-

1064 2637 1098 2655 no
1113 2633 1195 2659 esset,
1218 2633 1264 2654 aut
1278 2636 1340 2654 eum
1356 2627 1444 2657 bonis,
1461 2631 1507 2652 aut
1519 2625 1618 2652 lateret.
1655 2625 1748 2651 Latere
1761 2623 1857 2650 mortis

1063 2670 1118 2692 erat
1129 2666 1213 2692 instar
1223 2665 1408 2701 turpissimae:
1425 2672 1488 2690 cum
1499 2663 1642 2690 Saturnino
1653 2670 1712 2689 esse
1722 2661 1820 2688 furoris
1830 2664 1856 2686 et
