1941 3052
479 111 533 136 DE
567 110 797 137 ORATORE
831 111 918 136 Ltss.

47 186 72 209 et
93 190 123 208 ea
145 181 319 211 disceremus.
344 190 413 216 quae
436 181 531 208 Crasso
552 181 694 216 placerent,
711 186 737 207 et
749 181 783 207 ab
797 180 840 206 his

47 219 208 249 doctoribus,
233 219 334 253 quibus
356 219 402 245 ille
425 223 553 249 uteretur,
570 218 748 249 erudiremur,
761 219 839 244 etiam

47 257 115 284 illud
128 265 207 291 saepe
221 256 404 282 intelleximus
422 256 512 291 (quod,
532 265 618 291 quum
632 264 754 282 essemus
769 256 842 282 eius-

47 294 127 325 modi,
148 294 191 320 vel
209 294 287 328 pueri
305 294 403 320 sentire
421 293 584 328 poteramus)
601 293 679 319 illurn
699 298 724 319 et
742 293 841 319 Graece

46 333 85 358 sic
104 331 186 367 loqui,
208 330 310 357 nullam
328 336 359 357 ut
372 340 450 358 nosse
464 330 543 357 aliam
559 331 679 366 linguam
693 330 838 361 videretur,

47 374 72 396 et
84 369 237 395 doctoribus
252 369 350 395 nostris
363 377 392 394 ea
407 377 504 403 ponere
518 369 546 395 in
560 367 747 403 percontando,
757 376 840 402 eaque

47 407 137 442 ipsum
155 407 227 432 omni
245 407 273 432 in
288 414 409 432 sermone
424 410 542 437 tractare,
558 410 588 431 ut
602 405 668 431 nihil
683 414 741 431 esse
755 406 779 431 ei
794 413 842 431 no—

46 453 120 475 vum,
137 443 203 470 nihil
218 444 370 470 inauditum
385 443 529 470 videretur.
552 445 576 469 3.
589 443 624 468 De
638 443 752 468 Antonio
767 451 838 472 vero,

45 489 210 516 quamquam
233 489 312 516 saepe
334 490 367 507 ex
390 481 586 507 humanissimo
604 480 720 510 homine,
747 484 841 514 patruo

46 522 143 549 nostro,
160 527 356 553 acceperamus,
373 517 601 553 quemadmodum
615 516 660 542 ille
674 516 716 543 vel
728 517 840 543 Athenis
862 539 863 551 ,

45 555 87 582 vel
109 555 196 582 Rhodi
218 564 247 582 se
269 555 484 582 doctissimorum
507 555 647 580 hominum
670 554 839 580 sermonibus

45 593 175 626 dedisset3
204 597 292 619 tamen
310 593 368 628 ipse
382 591 605 622 adolescentulus,
618 596 750 626 quantum
765 591 839 617 illius

44 631 163 657 ineuntis
181 631 273 656 aetatis
292 638 365 656 meae
383 630 533 664 patiebatur
550 629 644 664 pudor,
665 628 748 655 multa
762 638 795 655 ex
810 637 840 655 eo

44 667 123 702 saepe
136 667 268 702 quaesivi.
303 668 360 693 Non
379 667 429 693 erit
442 666 558 701 profecto
572 666 629 697 tibi,
654 666 725 701 quod
740 666 836 697 scribo,

45 705 93 731 hoc
107 713 216 736 novum,
233 704 304 739 (nam
318 704 371 730 iam
386 709 443 730 tum
457 713 491 731 ex
504 713 547 730 me
561 703 710 739 audiebas,)
724 704 790 729 mihi
805 704 839 729 il-

45 741 100 768 lum
115 750 149 768 ex
161 742 255 768 multis
269 742 405 776 variisque
419 742 589 768 sermonibus
602 741 703 767 nullius
714 742 760 771 rei,
769 749 838 776 quae

43 779 154 815 quidem
172 784 242 805 esset
259 779 287 805 in
306 779 348 805 his
367 779 478 809 artibus,
499 779 531 805 de
549 779 650 814 quibus
664 778 766 814 aliquid
781 779 839 804 exi-

43 817 150 844 stimare
172 825 292 851 possem,
320 816 413 843 rudem
438 821 484 843 aut
506 817 628 852 ignarum
655 825 713 842 esse
736 816 836 842 visum.

44 855 67 881 t.
83 853 136 881 Sed
158 853 210 880 fuit
230 854 280 880 hoc
303 854 329 880 in
353 859 466 889 utroque
489 862 590 885 eorum,
610 858 640 880 ut
659 854 771 880 Crassus
786 862 837 879 non

44 896 95 918 tam
114 892 260 918 existimari
275 891 354 918 vellet
368 900 420 918 non
435 891 570 922 didicisse.
591 900 672 926 quam
687 891 732 917 illa
746 891 837 926 despi-

42 937 100 956 cere
117 933 143 955 et
161 934 310 956 nostrorum
327 929 466 955 hominum
480 929 508 955 in
522 929 594 955 omni
608 937 705 964 genere
720 930 838 963 pruden-

43 967 106 993 tiam
124 966 232 993 Graecis
250 966 392 999 anteferre;
421 966 553 992 Antonius
571 971 660 992 autem
675 966 837 1001 probabilio-

42 1013 97 1030 rem
121 1004 170 1031 hoc
193 1004 293 1039 populo
312 1005 457 1030 orationem
478 1003 533 1030 fore
554 1004 679 1030 censebat
702 1013 788 1034 suam,
813 1004 836 1030 si

41 1042 150 1068 omnino
167 1042 293 1068 didicisse
312 1050 461 1076 numquam
480 1046 630 1076 putaretur;
656 1047 736 1076 atque
754 1041 789 1067 ita
808 1050 836 1067 se

43 1083 154 1114 uterque
167 1080 316 1114 graviorem
333 1078 395 1110 sore,
416 1080 439 1105 si
454 1079 519 1105 alter
531 1084 708 1111 contemnere,
726 1078 790 1105 alter
804 1087 836 1105 ne

42 1125 120 1143 nosse
133 1117 243 1151 quidem
258 1117 371 1143 Graecos
386 1117 529 1143 videretur.

96 1155 121 1180 5.
141 1153 260 1186 Quorum
279 1154 422 1181 consilium
440 1153 519 1189 quale
539 1153 626 1184 suerit.
644 1153 711 1180 nihil
726 1162 789 1180 sane
803 1153 836 1180 ad

43 1191 90 1218 hoc
105 1196 220 1226 tempus.
254 1191 324 1218 Illud
345 1196 434 1218 autem
457 1196 497 1218 est
514 1191 597 1217 huius
614 1192 752 1217 institutae
769 1192 836 1217 scri-

40 1229 139 1264 ptionis
157 1238 187 1256 ac
206 1230 340 1264 temporis,
362 1230 495 1256 neminem
514 1228 674 1264 eloquentia,
691 1238 743 1255 non
757 1229 835 1255 modo

40 1267 98 1293 sine
116 1266 222 1293 dicendi
240 1267 367 1298 doctrina,
388 1267 435 1293 sed
455 1275 486 1293 ne
504 1267 562 1293 sine
576 1267 648 1293 omni
663 1267 773 1301 quidem
792 1275 835 1292 sa—

39 1304 140 1339 pientia
154 1303 245 1330 ssorere
259 1313 388 1339 umquam
403 1308 428 1330 et
441 1308 574 1339 praestare
589 1304 717 1338 potuisse.
745 1305 776 1330 11.
789 1304 835 1330 Et-

39 1341 111 1367 enim
133 1345 234 1368 ceterae
257 1341 310 1368 sere
326 1346 394 1368 artes
412 1350 441 1368 se
458 1342 532 1376 ipsae
550 1350 598 1376 per
615 1350 644 1367 se
658 1345 766 1368 tuentur
779 1342 835 1368 sin-

39 1378 131 1414 gulae;
152 1379 219 1405 bene
233 1379 320 1406 dicere
334 1383 431 1410 autem,
447 1379 519 1414 quod
533 1384 573 1405 est
586 1379 699 1405 scienter
713 1384 738 1405 et
751 1380 835 1414 perite

39 1420 65 1442 et
77 1421 167 1442 ornate
185 1416 281 1448 dicere,
303 1425 354 1443 non
370 1416 450 1443 habet
463 1416 599 1443 definitam
614 1416 733 1452 aliquam
748 1417 835 1452 regio—

39 1462 109 1484 nem.
133 1454 212 1480 cuius
232 1454 352 1480 terminis
371 1459 444 1489 septa
460 1459 587 1480 teneatur.
621 1453 726 1485 Omnia,
752 1463 835 1489 quae-

39 1499 155 1526 cumque
174 1492 200 1518 in
215 1491 355 1518 hominum
370 1492 588 1526 disceptationem
603 1491 696 1517 cadere
710 1496 831 1526 possunt,

39 1528 106 1555 bene
119 1533 182 1555 sunt
195 1529 218 1555 ei
232 1529 353 1560 dicenda,
369 1530 417 1564 qui
433 1529 482 1555 hoe
495 1538 523 1555 se
537 1537 616 1564 posse
630 1530 775 1564 profitetur,
790 1533 834 1555 aut

39 1565 204 1601 eloquentiae
218 1575 313 1593 nornen
329 1566 535 1601 relinquendum
550 1571 599 1592 est.
622 1568 646 1592 6.
659 1566 745 1598 Quare
757 1567 835 1601 equi-

0 1608 2 1630 ῖ
38 1603 99 1630 dem
122 1608 147 1630 et
169 1604 197 1630 in
220 1609 308 1631 nostra
330 1604 436 1630 civitate
459 1609 484 1630 et
502 1605 528 1630 in
547 1604 605 1638 ipsa
625 1604 743 1635 Graecia,
764 1612 833 1639 quae

0 1656 2 1672 ;
39 1649 143 1676 semper
156 1641 220 1668 haec
234 1650 340 1668 summa
354 1641 439 1673 duxit,
456 1641 555 1668 multos
569 1646 595 1668 et
609 1642 724 1677 ingeniis
738 1646 764 1668 et
778 1651 834 1667 ma-

38 1686 89 1714 gna
104 1678 181 1705 laude
195 1679 300 1706 dicendi
315 1680 373 1705 sine
387 1687 492 1705 summa
507 1688 595 1705 rerum
609 1679 730 1705 omnium
746 1679 834 1705 scien·

39 1715 73 1742 tia
92 1715 176 1742 fuisse
194 1716 288 1743 fateor:
316 1716 395 1743 talem
414 1725 477 1743 vero
495 1717 623 1743 exsistere
641 1716 830 1752 eloquentiam,

38 1752 125 1787 qualis
140 1753 220 1780 suerit
234 1754 260 1780 in
275 1754 369 1781 Crasso
382 1758 408 1780 et
421 1753 543 1784 Antonio.
557 1763 608 1781 non
623 1755 737 1789 cognitis
752 1754 832 1780 rebus

37 1791 248 1826 omnibus,quae
263 1791 295 1818 ad
310 1796 407 1818 tantam
423 1791 590 1827 prudentiam
603 1792 764 1826 pertinerent
775 1796 832 1818 tan-

38 1831 145 1863 tamque
163 1828 269 1855 ‹licendi
287 1829 400 1864 copiam,
421 1833 520 1864 quanta
540 1829 565 1855 in
582 1829 635 1855 illis
650 1828 762 1865 su[er]it,
780 1838 831 1856 non

37 1866 155 1900 potuisse
169 1866 304 1893 confirmo.
320 1867 346 1892 7.
358 1866 416 1898 Quo
430 1867 508 1892 etiam
521 1866 569 1893 scei
583 1866 719 1898 libentius,
730 1871 758 1893 ut
769 1875 830 1893 euin

37 1910 195 1935 sermonem,
213 1912 294 1938 quem
313 1903 353 1930 illi
371 1903 506 1938 quondam
523 1904 590 1930 inter
603 1912 632 1930 se
646 1905 678 1930 de
694 1904 736 1930 his
750 1904 831 1931 rebus

36 1938 201 1972 habuissent,
216 1941 367 1967 mandarem
384 1941 491 1974 litteris3
509 1941 550 1968 vel
563 1941 645 1968 utilla
656 1942 831 1977 opinio.quae
853 1959 854 1963 ,

36 1985 142 2012 semper
155 1977 260 2009 fuisset,
277 1978 419 2010 tolleretur,
437 1978 549 2005 alterum
565 1987 616 2005 non
631 1979 828 2010 doctissimum,

36 2013 147 2041 alterum
167 2014 244 2049 plane
263 2015 398 2042 indoctum
414 2016 511 2049 fuisse3
536 2016 578 2043 vel
593 2021 622 2042 ut
635 2025 674 2048 ea,
690 2025 759 2051 quae
773 2017 831 2043 cxi-

35 2051 171 2078 stimarem
190 2060 204 2078 a
222 2053 337 2079 summis
356 2053 504 2080 oratoribus
519 2053 551 2080 de
565 2053 716 2089 eloquentia
730 2054 830 2081 divini-

35 2093 79 2115 tus
93 2097 151 2115 esse
166 2089 243 2120 dicta,
259 2090 419 2117 custodirem
435 2090 537 2122 litteris,
558 2092 581 2117 si
596 2091 651 2118 ullo
666 2091 744 2118 modo
758 2101 830 2118 asse-

0 2146 2 2150 ,
35 2126 82 2161 qui
97 2125 291 2161 complectique
306 2128 466 2162 potuissem;
487 2128 528 2154 vel
541 2128 693 2155 mehercule
704 2130 792 2160 etiam,
802 2133 830 2156 ut

36 2161 142 2190 laudem
156 2172 248 2190 eorum
268 2164 319 2190 iam
334 2173 414 2200 prope
428 2171 618 2197 senescentem,
634 2171 765 2201 quantum
780 2175 829 2202 ego

35 2207 150 2236 possem,
172 2201 205 2227 ab
223 2201 357 2228 oblivione
371 2202 510 2229 hominum
529 2208 608 2238 atque
621 2212 635 2230 a
649 2203 756 2230 silentio
770 2205 830 2230 vin-

35 2237 160 2264 dicarem.
183 2240 207 2265 8.
224 2239 289 2265 Nam
304 2239 327 2265 si
342 2248 375 2266 ex
389 2240 495 2275 scriptis
509 2241 631 2277 cognosci
647 2242 697 2276 ipsi
712 2242 770 2268 suis
781 2250 829 2276 po-

36 2275 156 2307 tuissent,
178 2276 267 2302 minus
286 2276 334 2303 hoc
353 2276 463 2303 fortasse
481 2278 547 2304 mihi
566 2287 624 2304 esse
639 2283 774 2313 putassem
792 2279 829 2305 la-

34 2310 196 2347 borandum3
220 2313 267 2340 sed
286 2322 372 2348 quum
387 2313 451 2341 alter
466 2323 516 2341 non
532 2315 655 2347 multum,
671 2316 753 2352 (quod
767 2317 828 2351 qui-

35 2348 95 2376 dem
109 2350 244 2386 exstaret.)
258 2355 284 2378 ct
297 2351 324 2378 id
339 2352 429 2386 ipsum
444 2352 607 2383 adolescens,
623 2352 689 2379 alter
702 2353 768 2380 nihil
781 2354 827 2380 ad-

35 2386 144 2414 modum
167 2389 258 2423 scripti
282 2389 448 2424 reliquisset:
477 2389 567 2416 deberi
587 2389 635 2416 hoc
655 2399 668 2416 a
687 2399 729 2416 me
748 2391 827 2417 tantis

35 2422 174 2451 hominum
193 2425 309 2461 ingeniis
327 2427 428 2461 putavi,
450 2431 488 2457 ut,
504 2435 589 2461 quum
608 2427 686 2453 etiarn
702 2437 772 2454 nunc
787 2429 827 2454 vi-

34 2468 95 2488 vam
108 2461 214 2489 illorum
230 2464 384 2490 memoriam
398 2468 558 2495 teneremus,
571 2464 638 2490 hanc
651 2464 825 2492 immortalem

35 2497 180 2531 redderem,
196 2500 219 2526 si
234 2508 350 2535 possem.
373 2503 397 2527 9.
417 2501 493 2534 Quod
517 2501 565 2527 hoc
579 2502 657 2527 etiam
672 2510 720 2536 spe
733 2511 827 2538 aggre-

34 2533 92 2562 dior
105 2536 202 2563 maiore
217 2537 250 2564 ad
264 2538 441 2572 probandum,
462 2539 525 2573 quia
541 2548 591 2565 non
606 2538 638 2564 de
653 2538 710 2565 Ser.
726 2539 826 2566 Galbae

34 2575 80 2599 nat
99 2572 128 2600 C.
143 2573 270 2602 Carbonis
289 2575 439 2611 eloquentia
454 2576 542 2603 scribo
556 2576 668 2611 aliquid,
684 2577 711 2602 in
725 2585 780 2612 quo
795 2577 825 2603 li-

34 2613 90 2636 ceat
102 2610 169 2637 mihi
183 2610 218 2637 {in
239 2620 291 2643 ere.
303 2613 325 2639 si
340 2613 407 2648 quid
419 2613 509 2645 velim,
523 2613 626 2640 nullius
636 2614 762 2640 memoria
773 2614 824 2640 iam

35 2645 181 2681 refellente,
193 2619 239 2675 sc}
250 2649 299 2677 edo
310 2649 374 2677 baec
383 2650 417 2677 iis
427 2650 618 2687 cognoscenda,
627 2651 674 2687 qui
685 2659 730 2678 eos
741 2651 748 2677 i
751 2660 823 2687 psos,

858 976 860 991 ⁴

852 2056 854 2080 l

852 2124 854 2137 l

851 2172 853 2200 l
858 2197 860 2201 ,

851 2218 853 2234 A

851 2243 852 2274 l

848 2593 857 2643 ΙΝ

858 2135 861 2148 l

954 110 1253 137 11.CAP.i——4.
1657 116 1683 140 9¹

893 180 925 206 tle
939 181 1039 215 quibus
1055 180 1156 215 loquor,
1173 190 1252 216 saepe
1266 182 1421 215 audierunt,
1443 188 1472 209 ut
1485 184 1552 210 duos
1566 194 1688 211 summos

894 218 965 244 viros
980 219 1023 249 iis,
1044 219 1091 253 qui
1107 223 1231 245 neutrum
1247 219 1353 245 illorum
1369 220 1492 251 viderint,
1509 230 1609 253 eorum,
1626 223 1689 257 qui—

893 255 944 281 bus
963 256 1042 282 ambo
1061 255 1100 281 illi
1119 260 1234 282 oratores
1247 257 1345 292 cogniti
1359 258 1421 288 sint,
1438 258 1560 284 vivorum
1573 264 1598 285 et
1612 268 1689 294 prae-

893 293 1009 318 sentium
1029 294 1155 319 memoria
1175 298 1240 319 teste
1254 294 1483 321 commendemus.
1517 297 1560 322 111.
1579 298 1618 322 ⁴0.
1636 297 1688 323 Nec

893 338 955 356 vero
970 331 1148 361 te,carissime
1162 330 1241 357 frater
1254 336 1334 366 atque
1347 333 1455 366 optime,
1469 333 1606 360 rhetoricis
1617 343 1689 360 nunc

892 368 1056 401 quibusdam
1076 368 1161 399 libris,
1187 377 1256 403 quos
1274 373 1302 394 tu
1317 374 1433 404 agrestes
1448 375 1536 404 putas,
1562 371 1688 406 insequor

893 409 921 430 ut
936 405 1067 431 erudiam:
1088 405 1155 439 quid
1169 407 1240 431 enim
1256 410 1299 432 tua
1314 411 1399 441 potest
1412 408 1528 434 oratione
1543 413 1588 434 aut
1602 409 1689 434 subti-

870 459 871 463 η
893 441 944 467 lius
959 447 1004 468 aut
1017 443 1136 468 ornatius
1151 442 1228 469 esse‘?
1250 443 1300 469 Sed
1316 452 1490 479 quamquam,
1506 445 1564 471 sive
1578 445 1685 472 iudicio.

894 483 922 504 ut
940 479 1009 505 soles
1028 480 1125 510 dicere,
1146 481 1212 511 sive,
1233 485 1262 507 ut
1282 481 1326 507 ille
1345 487 1418 516 pater
1432 482 1599 517 eloquentiae
1613 484 1646 509 de
1660 492 1688 509 se

891 517 1019 542 Isocrates
1034 517 1141 551 scripsit
1155 518 1221 552 ipse,
1239 518 1340 552 pudore
1354 528 1367 545 a
1382 519 1495 546 dicendo
1509 525 1533 547 et
1548 521 1688 547 timiditate

892 554 1009 589 ingenua
1023 554 1139 588 quadam
1154 554 1287 590 refugisti,
1309 557 1375 587 sive,
1393 562 1422 583 ut
1440 558 1498 592 ipse
1511 558 1592 584 iocari
1607 558 1684 588 soleS.

891 600 976 616 unum
991 592 1091 625 putasti
1105 592 1169 618 satis
1184 601 1242 618 esse
1257 602 1307 619 non
1324 594 1401 620 modo
1416 595 1442 621 in
1454 604 1506 621 una
1517 595 1616 622 familia
1628 596 1688 622 rhe-

891 633 983 658 torem,
1000 628 1047 654 sed
1062 637 1144 663 paene
1158 630 1185 655 in
1200 634 1251 655 tota
1266 631 1386 657 civitate:
1408 641 1459 658 non
1475 637 1562 659 tamen
1576 633 1688 659 arbitror

891 666 939 691 tibi
954 665 1002 692 hos
1018 665 1099 692 libros
1114 667 1140 692 in
1155 675 1185 692 eo
1199 666 1254 693 sore
1267 677 1373 702 genere,
1386 670 1458 704 quod
1473 671 1567 696 merito
1581 675 1688 705 propter

890 711 991 734 eorum,
1012 703 1059 738 qui
1077 703 1111 729 de
1128 703 1235 730 dicendi
1254 706 1353 731 ratione
1367 706 1547 741 disputarunt,
1563 709 1687 734 ieiunita—

890 745 943 766 tem
967 740 1097 766 bonarum
1121 741 1218 767 artium
1237 743 1322 776 possit
1336 743 1425 770 illudi.
1462 746 1501 770 Η.
1527 745 1599 771 Nihil
1615 747 1686 772 enim

867 791 869 800 .
890 778 956 803 mihi
979 778 1090 812 quidem
1115 778 1221 805 videtur
1242 780 1270 805 in
1290 780 1378 807 Crassi
1397 786 1421 807 et
1438 781 1546 808 Antonii
1565 792 1686 809 sermone

889 823 948 841 esse
966 816 1148 850 praeteritum,
1169 816 1242 851 quod
1261 818 1406 852 quisquam
1425 820 1540 846 summis
1558 820 1683 855 ingeniis,

889 853 1025 879 acerrimis
1039 853 1146 884 studiis,
1172 855 1270 888 optima
1285 855 1412 887 doctrina,
1438 858 1554 884 maximo
1573 866 1624 883 usu
1643 867 1688 883 co-

888 890 980 925 gnosci
995 899 1024 916 ac
1039 891 1138 925 percipi
1155 892 1274 925 potuisse
1285 893 1469 921 arbitraretur:
1490 895 1562 929 quod
1574 900 1601 921 tu
1612 895 1687 921 facil-

866 931 867 940 *
890 927 952 953 lime
976 928 1075 962 poteris
1099 928 1226 961 iudicare,
1251 930 1298 964 qui
1318 931 1488 965 prudentiam
1504 933 1686 967 rationemque

888 965 994 991 dicendi
1009 974 1056 1000 per
1071 970 1094 992 te
1108 966 1208 1000 ipsum,
1230 976 1310 993 usum
1325 973 1413 994 autem
1428 978 1474 1003 per
1489 979 1536 996 nos
1551 970 1686 1004 percipere

890 1002 1008 1029 voluisti.
1036 1002 1098 1034 Sed,
1114 1012 1168 1038 quo
1182 1005 1261 1030 citius
1277 1005 1334 1036 hoc,
1351 1006 1424 1040 quod
1438 1008 1617 1042 suscepimus,
1635 1016 1685 1034 non

888 1040 1020 1066 mediocre
1043 1050 1143 1067 munus
1166 1042 1295 1068 conficere
1318 1044 1463 1077 possimus,
1485 1045 1583 1071 omissa
1598 1050 1685 1071 nostra

888 1078 1069 1104 adhortatione
1096 1078 1129 1104 ad
1152 1087 1253 1110 eorum,
1274 1089 1342 1114 quos
1365 1083 1565 1116 proposuimus,
1585 1091 1686 1109 sermo-

888 1124 949 1141 nem
963 1115 1228 1151 disputationemque
1243 1118 1392 1144 veniamus.

944 1154 982 1179 ⁴2.
998 1153 1105 1179 Postero
1124 1154 1207 1189 igitur
1220 1154 1273 1185 die,
1290 1164 1371 1190 quam
1392 1156 1437 1183 illa
1452 1161 1526 1183 erant
1540 1162 1605 1188 acta,
1622 1158 1684 1184 hora

887 1189 942 1216 fere
956 1190 1083 1222 secunda,
1099 1200 1185 1225 quum
1200 1193 1279 1218 etiam
1295 1198 1351 1219 tum
1366 1194 1393 1220 in
1409 1194 1475 1221 lecto
1489 1195 1601 1221 Crassus
1616 1201 1685 1222 esset

887 1232 912 1253 et
930 1228 1002 1262 apud
1021 1237 1083 1254 eum
1102 1228 1240 1263 Sulpicius
1259 1230 1370 1262 sederet,
1391 1232 1522 1258 Antonius
1541 1237 1629 1259 autem
1644 1234 1686 1259 in-

887 1265 1037 1292 ambularet
1050 1274 1112 1292 cum
1127 1266 1200 1293 Cotta
1220 1268 1247 1293 in
1262 1268 1374 1302 porticu,
1392 1275 1498 1304 repente
1513 1279 1543 1296 eo
1557 1270 1588 1302 Q.
1605 1270 1685 1298 Catu-

887 1302 929 1329 lus
944 1312 1027 1329 senex
1042 1312 1104 1330 cum
1119 1303 1147 1331 C.
1163 1305 1231 1331 lulio
1246 1305 1324 1332 fratre
1340 1307 1421 1333 venit.
1455 1306 1532 1340 Quod
1547 1309 1592 1334 ubi
1609 1309 1684 1335 audi*

887 1341 933 1372 vit,
958 1346 1108 1367 commotus
1131 1341 1243 1368 Crassus
1265 1345 1382 1370 surrexit
1400 1354 1548 1380 omnesque
1562 1346 1684 1372 admirati

887 1378 1014 1404 maiorem
1033 1378 1151 1413 aliquam
1170 1388 1228 1406 esse
1247 1389 1369 1408 caussam
1385 1391 1476 1409 eorum
1492 1383 1623 1409 adventus
1638 1393 1684 1410 su-

886 1416 981 1450 spicati
995 1420 1067 1442 sant.
1092 1418 1132 1443 43.
1147 1416 1198 1449 Qui
1213 1427 1299 1452 quum
1314 1419 1382 1446 inter
1395 1430 1432 1450 se,
1447 1425 1476 1446 ut
1487 1421 1606 1455 ipsorum
1619 1430 1684 1447 usus

887 1452 995 1484 ferebat,
1004 1453 1167 1480 amicissime
1178 1455 1402 1484 consalutassent:
1419 1457 1489 1489 Quid
1502 1467 1548 1484 vos
1561 1458 1685 1485 tandem?

887 1490 1008 1522 Crassus,
1026 1499 1090 1517 num
1105 1491 1245 1526 quidnam,
1263 1493 1358 1528 inquit,
1376 1494 1456 1521 novi‘?
1478 1495 1549 1521 Nihil
1561 1497 1683 1526 sanein-

885 1528 944 1562 quit
964 1528 1089 1554 Catulus:
1117 1530 1214 1555 etenim
1235 1530 1310 1556 vides
1328 1540 1387 1557 csse
1407 1532 1498 1565 1udos;
1526 1533 1573 1559 sed
1588 1534 1639 1567 (vel
1656 1539 1682 1560 tu

886 1574 933 1591 nos
951 1566 1056 1600 ineptos
1076 1566 1144 1597 licet,
1163 1565 1282 1604 [inquit,]
1299 1568 1340 1594 vel
1356 1569 1480 1596 molestos
1497 1570 1583 1605 putes)
1597 1580 1682 1606 quum

885 1602 918 1628 ad
937 1611 979 1629 me
998 1604 1025 1629 in
1045 1604 1238 1636 Tusculanum,
1260 1606 1356 1640 inquit,
1374 1607 1429 1633 lieri
1446 1609 1550 1642 vesperi
1566 1609 1683 1635 venisset

885 1640 981 1667 Caesar
994 1640 1027 1666 de
1042 1641 1194 1668 Tusculano
1207 1651 1265 1674 suo,
1294 1644 1362 1670 dixit
1377 1645 1442 1670 mihi
1458 1654 1470 1671 a
1485 1654 1513 1671 se
1528 1645 1681 1673 Scaevolam

885 1678 948 1704 hinc
965 1683 1073 1704 euntem
1095 1688 1154 1705 esse
1167 1685 1338 1711 conventum,
1355 1690 1389 1708 ex
1401 1691 1456 1717 quo
1470 1683 1535 1709 mira
1550 1684 1681 1718 quaedam

884 1724 912 1741 se
926 1715 1035 1742 audisse
1049 1716 1167 1749 dicebat,
1185 1722 1217 1748 te,
1234 1727 1315 1753 quem
1330 1727 1387 1755 ego,
1405 1720 1481 1746 toties
1495 1722 1568 1747 omni
1583 1723 1682 1748 ratione

884 1757 997 1784 tentans,
1016 1753 1048 1779 ad
1062 1754 1255 1789 disputandum
1271 1755 1366 1782 elicere
1381 1766 1432 1783 non
1447 1758 1604 1792 potuissem,
1623 1768 1682 1794 pcr-

883 1790 967 1817 multa
981 1791 1014 1817 de
1027 1790 1179 1826 eloquentia
1193 1801 1255 1819 cum
1270 1793 1384 1821 Antonio
1397 1795 1559 1822 disseruisse
1576 1801 1601 1822 ct
1617 1802 1682 1822 tam-

882 1837 964 1863 quam
983 1829 1010 1855 in
1029 1829 1119 1855 schola
1140 1838 1220 1864 prope
1235 1830 1267 1856 ad
1282 1831 1444 1858 Graecorum
1458 1834 1680 1860 consuetudinem

882 1866 1045 1900 disputasse.
1070 1868 1108 1893 tt.
1126 1867 1161 1893 lta
1177 1876 1218 1894 me
1234 1867 1312 1894 frater
1326 1871 1453 1901 exoravit,
1469 1879 1501 1897 ne
1516 1871 1604 1906 ipsum
1620 1874 1681 1906 qui—

883 1903 944 1929 dem
967 1912 981 1929 a
999 1903 1090 1931 studio
1109 1904 1236 1931 audiendi
1256 1907 1336 1933 nimis
1351 1907 1546 1939 abhorrentem,
1563 1909 1609 1935 scd
1625 1918 1681 1935 m«.L

883 1940 991 1967 hercule
1010 1946 1154 1973 verentem,
1175 1951 1208 1969 ne
1226 1943 1332 1970 molesti
1350 1945 1426 1971 vobis
1446 1946 1677 1976 interveniremus,

882 1983 912 2004 ut
930 1979 982 2005 huc
1000 1988 1092 2005 secum
1112 1980 1242 2007 venirem.
1277 1981 1431 2008 Scaevolam
1451 1984 1521 2009 enim
1544 1984 1578 2010 ita
1593 1984 1680 2011 dicere

881 2016 976 2048 aiebat,
993 2017 1089 2043 bonam
1105 2022 1205 2052 partem
1221 2020 1352 2046 sermonis
1367 2020 1392 2046 in
1406 2020 1477 2046 hunc
1487 2021 1558 2047 diem
1571 2030 1628 2048 esse
1639 2022 1679 2048 di-

882 2053 971 2080 latam.
1006 2055 1060 2081 Hoc
1074 2055 1096 2081 si
1112 2060 1139 2081 tu
1154 2056 1281 2090 cupidius
1296 2056 1395 2083 factum
1410 2058 1557 2089 existimas,
1575 2059 1678 2085 Caesari

881 2091 1023 2124 attribues,
1040 2093 1063 2118 si
1078 2092 1245 2124 familiarius,
1263 2095 1370 2129 utrique
1385 2100 1516 2122 nostrum.
1551 2097 1604 2122 Nos
1617 2098 1679 2131 qui-

880 2129 950 2160 dem,
960 2130 1012 2156 nisi
1028 2129 1092 2156 sorte
1107 2130 1211 2157 molesti
1227 2132 1430 2163 intervenimus,
1441 2134 1545 2159 venisse
1555 2134 1675 2160 delcetat.

880 2167 922 2193 lv.
940 2168 980 2193 ⁴5.
997 2167 1064 2193 Tum
1080 2168 1206 2194 Crassus:
1233 2169 1570 2205 Equidem,quaecumque
1584 2180 1677 2197 caussa

881 2212 928 2230 vos
947 2204 1000 2231 huc
1018 2204 1160 2236 attulisset,
1177 2205 1295 2237 laetarer,
1315 2216 1401 2241 quum
1416 2207 1487 2242 apud
1503 2217 1545 2234 me
1560 2208 1676 2235 viderem

881 2241 1002 2268 homines
1017 2243 1083 2268 mihi
1098 2243 1250 2270 carissimos
1265 2249 1290 2270 et
1303 2245 1495 2277 amicissimos,
1516 2245 1562 2271 sed
1579 2251 1674 2276 tamen.

880 2287 941 2305 vere
955 2279 1174 2315 dicam,quaevis
1189 2281 1296 2307 mallem
1313 2281 1415 2312 suisset,
1431 2291 1512 2316 quam
1529 2283 1675 2318 ista.quam

879 2316 956 2342 dicis.
990 2317 1047 2352 Ego
1061 2317 1132 2343 enim
1153 2318 1200 2352 (ut,
1221 2319 1449 2353 quemadmodum
1464 2320 1557 2350 sentio,
1575 2319 1676 2355 loquar)

880 2362 1028 2388 numquam
1053 2354 1118 2380 mihi
1139 2355 1238 2385 minus,
1259 2364 1340 2390 quam
1361 2356 1484 2382 hesterno
1501 2357 1552 2386 die,
1576 2357 1673 2392 placui.

880 2391 965 2426 magis
988 2391 1053 2417 adeo
1076 2391 1103 2417 id
1128 2391 1261 2423 facilitate,
1281 2402 1362 2427 quam
1382 2393 1432 2419 alia
1453 2393 1505 2419 ulla
1523 2394 1602 2429 culpa
1618 2404 1674 2421 mea

856 2440 858 2449 x
878 2428 1001 2463 cornil-{iu
1029 2429 1086 2463 qui,
1106 2428 1171 2455 dum
1186 2429 1320 2464 obsequor
1333 2430 1555 2462 adolescentibus,
1577 2441 1619 2458 me
1633 2442 1675 2458 sm

879 2474 938 2491 uem
953 2474 1012 2491 esse
1025 2465 1126 2492 oblitus
1140 2475 1200 2492 sum
1216 2466 1320 2502 fecique
1335 2467 1371 2498 id,
1387 2468 1458 2502 quod
1474 2477 1506 2494 ne
1519 2469 1674 2496 adolescens

878 2502 988 2537 quidem
1008 2502 1130 2533 feceram,
1151 2508 1179 2530 ut
1199 2504 1231 2530 iis
1249 2504 1282 2530 do
1300 2505 1390 2535 rebus,
1409 2514 1479 2540 quae
1493 2506 1611 2533 doctrina
1625 2507 1674 2533 ali-

877 2548 930 2574 qua
944 2541 1152 2572 continerentur,
1168 2541 1344 2576 disputarem.
1371 2542 1424 2569 Sed
1439 2543 1488 2569 hoc
1504 2548 1591 2571 tamen
1605 2546 1674 2571 coci-

877 2577 916 2603 dit
939 2577 1005 2603 mihi
1028 2583 1232 2613 peropportune,
1258 2579 1340 2614 quod,
1366 2581 1504 2607 transactis
1530 2582 1582 2608 iam
1606 2583 1672 2608 meis

877 2614 1007 2649 partibus,
1023 2614 1056 2641 ad
1070 2615 1215 2642 Antonium
1229 2617 1394 2643 audiendum
1410 2618 1530 2645 venistis.
1548 2621 1587 2645 ⁴6.
1604 2619 1671 2645 Tum

877 2651 980 2682 Caesar,
997 2652 1139 2687 Equidem,
1156 2653 1252 2689 inquit,
1269 2654 1371 2685 Crasse,
1388 2655 1423 2681 ita
1436 2664 1497 2682 sum
1512 2656 1628 2691 cupidus
1649 2662 1672 2682 tc

1408 2705 1436 2728 12·
1453 2702 1463 2713 ‘
