1941 3052
216 167 264 192 ³³2
781 165 821 190 25.
857 164 891 189 M.

214 238 292 263 etiam
308 245 348 262 ren
363 236 394 262 nd
411 245 503 262 manua
518 241 595 269 atque
609 234 640 260 ml
657 243 773 268 pugnam
791 234 919 259 veniebat.
950 234 999 259 bito

214 275 285 300 enim
301 279 402 308 praetor
416 282 525 298 sevi-rus
539 282 568 297 ιιι·
582 272 705 303 diligi-ns,
721 272 767 305 qui
784 271 874 305 populi
890 271 998 296 Romani
1020 302 1021 307 1

216 311 318 344 legitimi
334 319 477 344 nuuiquain
494 310 636 343 paruisset,
663 308 715 333 illis
729 307 869 340 diligenter
884 307 998 340 tegibus,

213 357 281 382 quau·
301 348 326 373 in
347 348 447 381 poculis
467 346 642 380 ponebantur,
662 345 869 378 obtemperabat.
910 345 1000 379 ltaque

213 390 285 411 erant
300 385 386 410 exitus
401 383 544 412 eiusmodi,
567 387 594 407 ut
608 382 676 407 alius
692 382 758 407 inter
772 390 866 407 manua
881 390 894 406 e
909 382 1000 407 convi-

215 423 256 447 vio
276 427 407 455 tamquam
427 429 440 445 e
459 419 556 453 praelio
574 418 733 444 auferretur:
761 418 842 448 alius.
864 423 999 453 tamquam
1020 434 1021 439 =

213 460 329 486 occisus.
356 458 560 491 relinqui-retum
586 455 704 490 pli-rique
725 455 776 481 tusi
794 456 852 481 aine
871 461 958 481 mente
971 464 1000 482 ac
1020 459 1022 464 '

1020 511 1029 530 Ἰ,
1052 493 1161 527 pudoris
1176 498 1201 519 et
1215 493 1372 527 pudicitiae.
1390 494 1415 520 vi
1430 499 1454 519 et
1468 494 1577 521 audaci·
1590 496 1702 529 ceperit,
1717 495 1784 530 quid
1799 503 1841 522 me

1020 535 1021 539 ¹
1051 531 1142 556 attinet
1159 530 1246 556 dicere
1265 535 1309 556 aut
1327 531 1487 566 coniungere
1505 540 1565 557 cum
1585 532 1663 558 istius

774 566 831 593 xu.
847 569 887 593 29.
911 567 999 599 Quum
1020 565 1022 569 “

212 497 269 521 nine
285 495 338 520 ullo
353 503 432 519 sensu
449 494 569 522 iacerent,
586 493 675 527 quivis
691 497 727 522 ut,
742 501 827 526 quum
842 493 998 527 aspexisset.

213 541 263 559 non
281 540 309 556 sc
329 531 453 565 praetoris
472 530 638 560 convivium,
658 529 704 555 sed
724 534 752 555 ut
767 530 931 556 Cannensem
951 538 1001 564 pu-

212 578 290 603 gnam
306 568 437 601 nequitiae
453 567 540 593 videre
555 567 732 592 arbitraretur.

213 615 273 631 vcro
287 610 371 630 aestas
385 613 489 630 summa
503 613 561 630 esse
581 605 631 630 iam
650 608 782 638 coeperat,
802 604 874 638 quod
894 608 1000 639 tempus

211 651 302 668 ‹aiuws
317 642 421 667 Siciliae
439 650 544 676 semper
563 646 694 676 praetores
708 641 734 667 in
750 642 890 668 itineribus
903 650 1001 668 consu·
1020 651 1022 654 ⁴

212 688 282 705 merc
299 683 495 704 consueverunt
513 683 661 713 propterea,
684 678 756 713 quod
776 683 831 705 tum
847 683 940 713 putant
952 679 1000 705 ob-
1028 702 1029 711 ,

211 716 324 742 eundam
340 725 397 742 esse
413 716 526 742 maxime
542 716 713 750 provinciam,
729 724 814 750 quum
827 716 853 742 in
865 717 932 742 areis
944 716 1000 742 Iru-

212 758 297 779 menta
311 758 382 782 sunt,
398 753 468 787 qnod
483 758 508 779 et
521 752 633 779 l'ainiliac
643 758 844 788 congregantur,
861 758 886 779 et
897 754 1000 789 magni-

212 791 274 816 tudo
288 791 387 816 scrvitii
404 791 574 824 perspicitur.
595 794 619 816 et
639 789 711 816 labor
728 791 815 825 operis
831 791 946 817 maxime
959 790 1000 817 of·

212 827 340 857 lenditur,
360 832 386 853 et
401 827 523 853 frumenti
537 827 612 861 copia
630 832 792 859 commonet,
813 832 919 862 tempus
937 829 998 854 anni
1020 839 1028 844 ’-

211 873 261 891 non
277 865 400 899 impedit:
421 869 489 893 tum.
507 865 628 899 inquam,
649 873 734 899 quum
749 870 906 892 concursant
919 866 997 892 ceteri

211 906 350 936 praetores,
368 902 416 927 iste
431 910 498 927 novo
510 901 625 936 quodam
636 910 668 928 ex
678 911 775 937 genere
786 903 927 937 imperator
939 902 999 937 pul·
1020 906 1021 914 ¹

209 940 340 965 cherrimo
354 939 544 967 Svracusarum
565 939 620 965 loco
638 940 731 966 stativa
749 940 800 966 sibi
819 945 903 966 castra
919 940 999 966 facie·

211 976 263 1002 bat.
287 978 328 1002 30.
345 969 409 1002 Nam
424 976 450 1002 in
466 977 524 1010 ipso
538 976 610 1002 aditu
625 981 704 1011 atquo
714 985 758 1003 ore
770 982 870 1012 portus,
887 978 932 1003 ubi
945 978 999 1012 pri·
1019 990 1021 1011 ς

211 1022 283 1040 mum
298 1022 329 1039 ex
344 1013 395 1039 alto
409 1014 484 1039 sinus
499 1013 531 1039 ad
546 1013 639 1040 urbem
653 1014 686 1040 ab
702 1013 775 1040 litore
790 1014 943 1045 inflectitur,
961 1019 999 1040 ta-

211 1050 350 1076 bernacula
364 1050 495 1077 carbaseis
509 1051 607 1077 intenta
622 1051 688 1078 velis
702 1051 854 1078 collocabat.
895 1052 952 1078 lluc
966 1060 999 1078 ex

209 1079 254 1114 illa
268 1088 345 1114 domo
360 1088 494 1122 praetoria.
511 1097 580 1123 quae
594 1089 663 1124 regis
674 1089 794 1115 Hieronis
807 1089 864 1119 fuit,
881 1089 919 1115 sic
932 1090 999 1115 emi·
1020 1084 1021 1091 ¹

208 1125 307 1160 grabat,
325 1129 353 1151 ut
367 1133 413 1159 per
425 1133 470 1151 eos
483 1125 540 1151 dies
556 1134 632 1152 nemo
646 1126 727 1152 istum
737 1131 809 1153 extra
822 1126 898 1152 illum
912 1126 997 1152 locum

210 1162 298 1188 videre
318 1167 415 1196 posset.
455 1163 484 1189 In
502 1171 564 1189 eum
583 1167 671 1189 autem
689 1164 778 1198 ipsum
799 1163 885 1190 locum
909 1163 998 1190 aditus

209 1204 263 1225 erat
278 1200 384 1230 nemini,
402 1200 453 1226 nisi
467 1201 514 1234 qui
529 1204 574 1226 aut
588 1201 676 1227 socius
690 1205 735 1227 aut
746 1201 866 1227 minister
878 1201 997 1227 libidinis

208 1245 266 1263 esse
285 1241 382 1271 posset.
422 1237 479 1263 Huc
496 1246 588 1264 omnes
608 1237 745 1269 mulieres,
765 1238 929 1273 quibuscum
949 1238 997 1264 iste

208 1278 391 1304 consueverat,
416 1275 622 1305 conveniebant,
647 1284 761 1310 quarum
785 1275 940 1301 incredibile
958 1280 998 1301 est

207 1316 304 1345 quanta
320 1311 464 1338 multitudo
479 1311 557 1338 suerit
572 1312 725 1347 Syracusis:
750 1312 802 1338 huc
821 1313 942 1339 homines
955 1312 998 1338 di-

207 1349 252 1383 gni
268 1349 345 1374 istius
359 1349 483 1380 amicitia,
500 1349 574 1385 digni
590 1350 642 1375 vita
653 1349 698 1375 illa
709 1350 895 1384 conviviisque
906 1350 998 1376 venie—

208 1386 279 1411 bant.
314 1386 383 1412 Inter
396 1386 528 1413 eiusmodi
543 1387 613 1413 viros
627 1396 657 1413 ac
670 1386 796 1413 mulieres
810 1387 899 1413 adulta
914 1391 997 1413 aetate

208 1422 278 1448 lilius
293 1423 460 1451 versabatur:
485 1428 514 1450 ut
531 1433 606 1454 eum.
627 1425 731 1450 etiamsi
746 1419 838 1450 na'tura
853 1433 866 1450 a
881 1425 997 1459 parentis

207 1460 383 1486 similitudine
397 1461 537 1495 abriperet,
553 1461 718 1488 consuetudo
732 1466 818 1488 tamen
833 1470 862 1488 ac
875 1461 998 1496 discipli-

207 1506 239 1523 na
258 1498 338 1531 patris
356 1498 471 1524 similem
491 1507 549 1524 esse
567 1503 679 1534 cogeret.
720 1499 761 1525 3⁴.
781 1499 838 1525 Huc
851 1499 937 1525 Tertia
952 1498 996 1525 illa

206 1534 331 1569 perducta
346 1543 392 1569 per
405 1535 496 1562 dolum
511 1540 589 1570 atque
603 1535 716 1562 insidias
729 1536 762 1562 ab
772 1536 875 1563 Rhodio
889 1536 997 1562 tibicine

206 1572 335 1598 maximas
344 1573 370 1598 in
382 1573 459 1599 istius
470 1573 562 1599 castris
572 1573 690 1599 effecisse
700 1573 790 1600 turbas
797 1573 996 1608 dicitur,quum

206 1609 314 1644 indigne
329 1614 461 1644 pateretur
475 1619 542 1637 uxor
551 1610 701 1636 Cleomenis
712 1610 881 1646 Syracusani,
899 1610 996 1638 nobilis

206 1646 314 1677 mulier,
335 1647 453 1682 itemque
471 1647 652 1678 Aeschrionis,
674 1647 784 1674 honesto
803 1647 858 1674 loco
875 1652 947 1679 nata,
969 1648 994 1674 in

205 1688 365 1710 conventum
383 1693 464 1710 suum
483 1685 558 1710 mimi
577 1684 670 1711 Isidori
689 1685 770 1710 liliam
789 1685 903 1711 venisse.
944 1685 995 1711 Iste

205 1725 292 1746 autem
312 1721 454 1752 Hannibal,
479 1722 525 1756 qui
545 1721 571 1747 in
590 1722 648 1747 suis
665 1722 758 1748 castris
776 1722 873 1748 virtute
892 1726 995 1757 putaret

204 1762 336 1792 oportere,
358 1767 408 1784 non
427 1767 523 1794 genere
540 1759 646 1789 certari,
667 1759 706 1785 sic.
720 1759 787 1785 lianc
801 1759 914 1786 Tertiam
928 1758 996 1785 dile·

205 1795 252 1825 xit,
269 1799 298 1821 ut
311 1803 368 1821 eam
383 1804 474 1822 secum
490 1804 522 1822 ex
537 1796 670 1830 provincia
686 1796 842 1831 deportaret.
873 1797 942 1823 XIII.
958 1796 995 1823 Ac

205 1840 252 1866 per
269 1840 314 1858 eos
332 1832 401 1863 dies.
422 1842 507 1868 quum
526 1834 575 1859 iste
588 1842 649 1859 cum
664 1833 745 1868 pallio
759 1842 893 1868 purpureo
907 1833 995 1860 talari-

204 1877 257 1903 que
271 1870 359 1895 tunica
374 1875 522 1896 versaretur
536 1871 562 1896 in
581 1871 711 1897 conviviis
730 1870 921 1902 muliebribus,
943 1880 994 1897 non

204 1906 404 1933 offendebantur
418 1907 552 1940 humines;
577 1916 663 1942 neque
681 1907 791 1934 moleste
812 1908 930 1935 ferebant
947 1908 995 1934 ab-

204 1952 262 1969 esse
276 1952 289 1969 a
305 1943 360 1970 t‘oro
373 1945 566 1980 magistratum,
583 1946 689 1971 nonius
699 1945 761 1976 dici,
778 1954 829 1972 non
839 1945 937 1972 iudicia
948 1946 995 1972 lie-

204 1981 239 2012 ri;
260 1980 347 2007 locum
367 1981 443 2008 illum
463 1981 557 2008 littoris
576 1991 729 2017 percrepare
748 1987 831 2009 totum
850 1983 993 2009 mulierum

204 2018 315 2044 vocibus
328 2023 461 2054 cantuque
475 2020 658 2055 symphoniae,
675 2020 701 2046 in
717 2019 772 2047 t‘oro
785 2020 922 2047 silentium
935 2029 994 2047 esse

204 2063 340 2081 summum
355 2065 510 2083 caussarum
525 2062 604 2092 atque
619 2057 692 2088 iuris,
709 2066 760 2084 non
776 2057 893 2084 terebant
908 2057 994 2085 homi-

205 2100 251 2117 nes
270 2092 388 2119 moleste.
430 2094 485 2120 Non
504 2095 575 2120 enim
594 2095 636 2120 ius
649 2095 743 2120 abesse
757 2094 897 2121 videbatur
910 2104 924 2121 a
938 2094 994 2121 soro

204 2137 290 2163 neque
305 2130 410 2161 iudicia,
427 2131 474 2157 sed
489 2131 530 2157 vis
544 2136 569 2157 et
581 2131 724 2158 crudelitas
738 2136 764 2158 et
777 2132 907 2158 bonorum
921 2141 994 2159 acer-

204 2165 237 2191 ba
251 2170 329 2201 atque
343 2167 450 2203 indigna
465 2168 587 2203 direptio.
626 2170 666 2195 32.
682 2169 757 2195 Hunc
771 2174 799 2195 tu
813 2170 895 2205 igitur
908 2169 994 2204 impe-

204 2207 314 2229 ratorem
329 2213 387 2230 esse
400 2205 535 2237 desendiS,
555 2205 693 2232 Hortensi?
720 2206 801 2232 huius
821 2206 902 2238 furta,
923 2207 994 2241 rapi-

204 2248 264 2270 naS,
284 2241 469 2275 cupiditatem,
489 2243 685 2275 crudelitatem,
706 2244 874 2278 superbiam,
893 2243 991 2275 scelus,

203 2277 340 2304 audaciam
359 2287 447 2305 rerum
464 2285 599 2315 gestarum
618 2281 801 2316 magnitudine
815 2286 894 2316 atque
909 2281 994 2315 impe-

204 2315 305 2340 ratoriis
321 2315 445 2343 laudibus
459 2321 545 2352 tegere
563 2317 684 2344 conaris?
710 2318 756 2344 Hic
770 2318 871 2345 scilicet
884 2323 924 2344 est
937 2326 994 2346 me-

204 2351 345 2383 tuendum,
372 2362 403 2379 ne
421 2354 453 2380 ad
472 2355 573 2381 exitum
591 2355 754 2382 defensionis
772 2360 833 2382 tuae
851 2360 928 2382 vetus
946 2355 992 2381 illa

204 2388 350 2415 Antoniana
367 2390 471 2417 dicendi
491 2392 556 2418 ratio
573 2397 652 2427 atque
670 2393 810 2419 auctoritas
829 2392 990 2427 proseratur:

205 2433 236 2450 ne
250 2427 378 2452 excitetur
392 2428 493 2459 Verres,
510 2437 542 2455 ne
556 2429 708 2456 denudetur
720 2439 733 2456 a
748 2434 861 2464 pectore,
877 2438 910 2456 ne
923 2430 993 2456 cica—

205 2462 281 2487 trices
296 2464 411 2497 populus
422 2465 554 2492 Romanus
564 2467 683 2501 aspiciat,
699 2475 732 2493 ex
742 2467 887 2493 mulierum
902 2475 992 2494 morsu

205 2499 315 2540 vestigia
332 2500 449 2527 libidinis
463 2507 541 2537 atque
555 2504 698 2538 nequitiae.
730 2506 772 2530 33.
787 2505 828 2530 Dii
843 2504 947 2534 saciant,
964 2509 993 2530 ut.

204 2543 240 2561 rei
255 2535 390 2565 militaris,
407 2543 435 2564 ut
448 2539 511 2566 belli
526 2541 686 2567 mentionem
702 2540 786 2567 facere
799 2541 907 2568 audeas.
943 2541 993 2568 Co-

203 2577 364 2606 gnoscentur
377 2575 447 2601 enim
461 2577 548 2603 omnia
561 2577 639 2603 istius
650 2586 708 2604 aera
717 2577 761 2604 illa
774 2583 869 2609 vetera,
885 2583 923 2609 ιιι,
940 2587 991 2605 non

203 2609 290 2651 solum
306 2610 332 2636 in
347 2610 470 2645 imperio,
490 2622 583 2640 verum
602 2615 681 2641 etiam
699 2615 726 2641 in
745 2615 886 2650 stipendiis
903 2615 992 2651 qualis

204 2645 296 2678 fuerit,
321 2647 485 2683 intelligatis.
524 2651 704 2678 Renovabitur
722 2652 807 2686 prima
824 2652 870 2679 illa
885 2652 988 2683 militia,

202 2692 287 2717 quum
303 2685 352 2711 iste
366 2694 380 2712 e
394 2685 449 2713 soro
462 2686 566 2718 abduci,
584 2697 643 2720 non,
660 2693 689 2715 ιιι
703 2689 760 2724 ipse
773 2689 915 2724 praedicat,
931 2698 992 2725 per-

925 164 955 189 T.
990 163 1263 190 CICERONIS

1019 232 1029 243 ¹
1051 234 1112 260 duci
1131 233 1240 260 solebat.
1281 232 1410 260 Aleatori·
1423 234 1567 261 Placentini
1581 240 1664 261 cantra
1678 244 1840 263 commemo-

1052 271 1192 300 rabuntur,
1213 271 1238 296 in
1257 271 1357 305 quibu»
1374 280 1458 306 quum
1478 271 1603 307 [minens
1622 272 1731 304 ῐυιικι,
1751 278 1839 300 tamen

1052 317 1109 334 aere
1132 307 1238 334 dirutus
1260 312 1308 333 est.
1350 308 1431 334 Multa
1454 309 1511 335 eius
1535 310 1561 336 in
1585 310 1725 344 stipendiis
1743 310 1839 337 damn·

1052 344 1229 379 proferentur,
1248 353 1317 379 quae
1335 345 1368 371 ab
1387 346 1437 372 isto
1453 347 1545 372 aetatis
1564 346 1650 373 fructu
1667 347 1797 374 dissoluta
1815 352 1840 374 et

1051 387 1218 416 compensata
1234 386 1306 408 suni.
1347 382 1388 408 36.
1415 383 1467 409 Iam
1483 392 1552 413 vero,
1567 393 1652 418 quum
1668 385 1693 410 in
1708 384 1839 411 eiusmodi

1052 419 1176 453 patientia
1191 418 1364 453 turpitudinis
1378 418 1475 449 aliena.
1497 429 1547 446 non
1561 429 1609 446 sua
1623 421 1741 447 satietate
1753 421 1841 447 cluiu-

1052 457 1162 482 ruisset.-
1187 457 1234 490 qui
1251 457 1290 482 vir
1304 455 1391 487 fuerit,
1407 461 1472 491 quot
1486 457 1626 491 praesidio,
1641 467 1722 492 quam
1737 459 1839 485 munita

1734 533 1780 559 itio
1792 541 1841 559 cu-

1052 568 1175 602 iusquam
1200 572 1331 602 praeterea
1354 568 1489 594 dedecus?
1515 569 1571 595 Non
1590 531 1838 599 faciamqqiudioea:

1050 605 1138 631 omnia
1158 610 1243 631 vetera
1263 605 1482 639 praetermittam:
1506 605 1560 632 dun
1578 605 1633 632 sola
1651 607 1764 633 recentia
1782 607 1841 634 aine

1051 642 1209 677 cuiusquam
1230 641 1337 668 infamia
1356 651 1466 677 ponam;
1491 651 1524 669 ex
1542 643 1644 677 quibus
1661 643 1839 670 coniecturam

1051 679 1135 705 lacere
1149 679 1181 705 de
1194 680 1320 705 omnibus
1333 680 1454 714 possiti&
1472 688 1555 706 unum
1571 679 1646 710 illud.
1663 680 1733 715 quod
1745 681 1778 707 ita
1790 680 1841 707 tuit

1051 717 1153 743 illustre
1169 721 1314 751 notumque
1328 717 1467 747 omnibus,
1488 722 1516 743 ut
1531 725 1608 743 nemo
1622 722 1673 743 tam
1688 718 1840 744 rusticanus

1051 754 1128 780 bomo
1146 754 1175 780 L.
1191 754 1302 780 Lucullo
1320 758 1346 780 et
1363 754 1398 780 M.
1414 754 1486 780 Cotta
1505 754 1662 781 consulibua
1679 755 1788 781 Romam
1806 763 1840 782 ex

1026 795 1029 813 t
1051 791 1105 817 ullo
1120 792 1266 826 municipio
1281 791 1424 817 vadimonii
1439 800 1532 817 caussa
1548 792 1656 822 venerit,
1672 792 1738 826 quin
1749 793 1837 823 sciret,

1051 829 1107 855 iura
1120 829 1208 855 omnia
1223 829 1349 863 praetoris
1364 829 1457 855 urbani
1473 833 1538 855 nutu
1553 834 1632 864 atque
1649 828 1758 856 arbitrio
1771 829 1840 856 Che-

1052 866 1147 892 lidonis
1160 865 1342 892 meretriculae
1352 866 1508 901 gubernari:
1523 866 1644 897 alterum,
1659 866 1741 901 quod.
1753 874 1839 901 quum

1050 903 1192 938 paludatus
1210 903 1309 929 exisset
1328 908 1441 938 votaque
1459 912 1506 938 pro
1524 904 1635 938 imperio
1651 912 1700 929 sun
1717 912 1839 930 commu-

1026 938 1027 946 *
1050 941 1130 975 nique
1145 939 1236 975 populi
1251 940 1360 966 Romani
1371 945 1560 975 nuncupasset,
1576 945 1653 967 noctu
1665 941 1750 975 stupri
1761 949 1840 967 caus-

1049 986 1077 1004 sa
1097 977 1187 1004 lectica
1206 978 1232 1003 in
1252 977 1348 1004 Urbem
1368 977 1498 1004 introferri
1517 977 1611 1004 solitus
1629 982 1670 1004 est
1687 977 1719 1004 ad
1743 978 1839 1004 mulie-

1050 1024 1118 1045 rem.
1143 1018 1252 1049 nuptam
1267 1015 1328 1045 uni,
1354 1015 1515 1049 propositam
1528 1015 1664 1045 omnibus,
1683 1019 1773 1041 contra
1787 1014 1837 1046 sas,

1049 1057 1137 1078 contra
1156 1051 1288 1086 auspicia.
1309 1056 1398 1078 contra
1415 1060 1508 1078 omnes
1525 1051 1631 1079 divinas
1649 1056 1729 1087 atque
1743 1052 1839 1079 huma-

1050 1098 1097 1116 nas
1111 1089 1264 1124 religiones.

1104 1126 1174 1153 XIV.
1199 1127 1238 1152 35.
1262 1125 1284 1152 0
1301 1125 1338 1152 dii
1357 1125 1532 1153 immortales!
1557 1125 1623 1160 quid
1641 1127 1749 1153 interest
1771 1127 1839 1153 inter

1050 1168 1151 1190 mentes
1165 1163 1305 1190 hominum
1319 1167 1344 1190 et
1356 1163 1542 1199 cogitationes!
1561 1164 1596 1189 Ita
1611 1163 1676 1190 mibi
1691 1172 1776 1190 meam
1792 1171 1839 1190 vo-

1050 1200 1178 1227 luntatem
1202 1209 1332 1236 spemque
1353 1201 1470 1236 reliquae
1494 1201 1562 1227 vitae
1585 1205 1669 1227 vestra
1692 1200 1838 1235 populique

1048 1238 1158 1265 Romani
1173 1238 1334 1264 existimatio
1351 1238 1516 1273 comprobet.
1538 1243 1567 1264 ut
1583 1246 1644 1273 ego.
1664 1246 1732 1273 quos
1750 1237 1838 1264 adhuc

1049 1275 1115 1302 mihi
1129 1275 1300 1311 magistratus
1314 1275 1430 1310 populus
1440 1275 1575 1301 Romanus
1587 1275 1730 1306 mandavit,
1745 1275 1838 1301 siceos

1019 1310 1021 1316 '
1048 1313 1150 1347 accepi,
1172 1317 1201 1339 ut
1215 1320 1257 1338 me
1270 1313 1390 1339 omnium
1403 1312 1552 1339 officiorum
1565 1312 1697 1348 obstringi
1710 1311 1838 1348 religione

1048 1350 1196 1376 arbitrarer.
1217 1350 1254 1376 lta
1265 1354 1389 1385 quaestor
1402 1358 1463 1376 sum
1478 1349 1572 1380 tactus.
1588 1354 1618 1376 ut
1631 1350 1697 1376 mihi
1712 1349 1837 1376 honorem

1048 1386 1125 1413 illum
1141 1392 1196 1413 tum
1211 1395 1262 1414 non
1276 1386 1364 1413 solum
1377 1386 1483 1417 datum,
1503 1386 1550 1413 sed
1568 1387 1646 1413 etiam
1664 1386 1794 1413 creditum
1808 1394 1838 1412 ac

1047 1425 1222 1451 commissum
1244 1428 1374 1459 putarem.
1414 1423 1459 1450 Sic
1483 1424 1588 1450 obtinui
1613 1428 1784 1459 quaesturam
1810 1424 1837 1450 in

1048 1462 1197 1496 provincia,
1218 1466 1247 1488 ut
1264 1462 1384 1488 omnium
1402 1460 1493 1488 oculos
1511 1461 1538 1488 in
1553 1469 1594 1487 me
1608 1469 1693 1488 unum
1705 1461 1838 1487 coniectos

1047 1499 1200 1531 arbitrarer;
1220 1503 1250 1525 ut
1263 1507 1304 1525 me
1318 1503 1544 1534 quaesturamque
1558 1506 1643 1525 meam
1657 1499 1734 1533 quasi
1748 1498 1775 1524 in
1789 1497 1838 1525 ali-

1047 1545 1101 1571 quo
1118 1541 1247 1562 terrarum
1265 1536 1337 1563 orbis
1356 1536 1456 1562 theatro
1474 1536 1572 1562 versari
1590 1536 1784 1562 existimarem:
1809 1540 1839 1562 ut

1047 1574 1135 1600 omnia
1148 1581 1266 1608 semper,
1282 1581 1351 1608 quae
1364 1573 1480 1599 iucunda
1494 1581 1553 1599 esse
1567 1572 1698 1604 videntur.
1715 1581 1767 1599 nou
1781 1580 1838 1599 mo-

1047 1610 1081 1637 do
1099 1611 1141 1637 his
1159 1610 1374 1637 extraordinariis
1391 1610 1598 1645 cupiditatibus,
1622 1609 1669 1636 sed
1687 1609 1767 1636 etiam
1784 1609 1837 1644 ipsi

1047 1652 1154 1674 naturae
1168 1656 1197 1674 ac
1211 1647 1361 1674 necessitati
1374 1647 1543 1683 denegarem.
1569 1648 1610 1674 36.
1626 1647 1702 1673 Nunc
1715 1655 1776 1673 sum
1790 1646 1838 1673 de-

1046 1685 1167 1721 signatus
1185 1684 1293 1711 aedilis:
1316 1684 1400 1711 habeo
1413 1685 1549 1715 rationem,
1565 1683 1631 1719 quid
1644 1692 1658 1710 a
1673 1683 1773 1718 populo
1786 1684 1838 1710 ao-

1047 1731 1124 1748 mano
1142 1722 1302 1757 acceperim:
1327 1721 1393 1748 mihi
1418 1721 1494 1748 ludos
1515 1721 1697 1748 sanctissimos
1721 1721 1835 1747 maxima

1046 1768 1108 1786 cum
1122 1759 1280 1786 caerimonia
1291 1758 1387 1789 Cereri,
1403 1758 1499 1785 Libero
1509 1759 1672 1793 Liberaeque
1686 1757 1835 1789 faciundos,

1046 1797 1112 1823 mihi
1123 1797 1227 1823 Floram
1242 1801 1351 1822 matrem
1366 1795 1464 1830 populo
1478 1795 1603 1830 plebique
1614 1795 1746 1822 Romanae
1760 1794 1838 1822 ludo-

1046 1842 1105 1860 rum
1115 1833 1266 1860 celebritate
1277 1833 1441 1868 placandam,
1457 1833 1523 1859 mibi
1535 1832 1612 1859 ludos
1623 1833 1835 1867 antiquissimos,

1045 1872 1092 1906 qui
1111 1871 1191 1906 primi
1204 1871 1315 1897 Romani
1333 1875 1397 1896 sunt
1415 1870 1555 1900 nominati,
1581 1870 1697 1896 maxima
1714 1877 1776 1896 cum
1794 1869 1837 1896 di—

1044 1909 1144 1944 gnitate
1157 1917 1187 1935 ac
1200 1908 1327 1944 religione
1337 1908 1401 1938 lovi,
1418 1907 1511 1934 Iunoni
1525 1907 1712 1941 Minervaeque
1725 1914 1783 1933 esse
1797 1905 1837 1933 fa-

1044 1945 1166 1976 ciundos,
1183 1945 1251 1972 mihi
1263 1953 1398 1972 sacrarum
1412 1945 1519 1971 aedium
1532 1944 1752 1979 procurationem,
1768 1943 1835 1970 mihi

1046 1987 1125 2010 totam
1144 1983 1242 2009 Urbem
1261 1982 1386 2009 tuendam
1405 1990 1464 2008 esse
1480 1982 1664 2008 commissam:
1688 1980 1722 2007 ob
1744 1989 1835 2007 earum

1045 2028 1134 2047 rerum
1154 2020 1270 2046 laborem
1287 2024 1314 2046 et
1329 2019 1537 2046 sollicitudinem
1556 2018 1659 2045 fructus
1675 2017 1736 2045 illos
1749 2017 1834 2049 datos,

1045 2058 1222 2092 antiquiorem
1236 2058 1264 2084 in
1277 2061 1370 2084 senatu
1385 2057 1529 2083 sententiae
1541 2055 1668 2082 dicendae
1684 2054 1780 2086 locum,
1796 2059 1837 2081 to-

1044 2104 1105 2130 gam
1124 2099 1298 2129 praetextam.
1323 2094 1417 2121 sellam
1434 2093 1569 2124 curulem,
1593 2093 1637 2119 ius
1654 2092 1780 2128 imaginis
1802 2091 1836 2118 ad

1045 2132 1199 2158 memoriam
1217 2132 1450 2166 posteritatemque
1469 2129 1628 2165 prodendae.
1668 2130 1710 2156 37.
1733 2129 1774 2156 Ex
1792 2129 1835 2156 his

1045 2178 1094 2204 ego
1107 2169 1187 2195 rebus
1197 2169 1332 2200 omnibus,
1347 2168 1459 2199 iudices,
1475 2169 1510 2194 ita
1521 2167 1588 2194 mihi
1597 2167 1661 2193 deos
1671 2174 1764 2193 omnes
1774 2174 1837 2201 pro-

1045 2207 1124 2241 pitios
1137 2215 1196 2232 esse
1210 2206 1300 2237 velim,
1317 2210 1355 2236 ut,
1371 2205 1474 2232 etiamsi
1489 2205 1555 2231 mihi
1569 2203 1781 2230 iucundissimus
1795 2207 1836 2230 est

1045 2244 1127 2270 honos
1141 2243 1247 2278 populi,
1268 2248 1355 2270 tamen
1370 2250 1538 2277 nequaquam
1552 2245 1654 2268 tantum
1667 2241 1743 2275 capio
1757 2240 1836 2267 volu·
1877 2240 1883 2246 '

1045 2281 1133 2315 ptatis.
1149 2285 1280 2316 quantum
1294 2279 1484 2307 sollicitudinis
1498 2283 1523 2305 et
1537 2278 1642 2308 laboris,
1659 2282 1688 2303 ut
1699 2278 1761 2304 haec
1775 2278 1833 2312 ipsa

1043 2317 1164 2344 aedilitas
1178 2327 1240 2349 non,
1255 2318 1318 2353 quia
1329 2325 1436 2344 necesse
1447 2316 1535 2346 fuerit,
1550 2315 1630 2341 alicui
1639 2314 1778 2341 candidato
1787 2314 1835 2341 da-

1044 2360 1081 2386 ta.
1097 2355 1158 2386 sed,
1174 2356 1237 2390 quia
1251 2356 1289 2381 sic
1303 2354 1459 2389 oportuerit,
1476 2357 1544 2379 recte
1557 2351 1681 2392 colloca-ta
1695 2356 1721 2378 et
1734 2351 1835 2378 iudicio

1043 2392 1135 2427 populi
1159 2393 1186 2419 in
1209 2392 1264 2418 loco
1288 2392 1372 2426 posita
1393 2399 1452 2417 esse
1471 2390 1599 2416 videatur.
1639 2388 1698 2415 XV.
1717 2390 1758 2415 38.
1782 2389 1832 2419 Tu,

1043 2438 1128 2464 quum
1147 2438 1220 2456 esses
1237 2434 1340 2464 praetor
1357 2428 1536 2457 renuntiatus,
1555 2434 1665 2461 quoquo
1682 2425 1774 2458 mod03
1796 2440 1834 2445 —-

1044 2467 1119 2493 mitto
1132 2468 1204 2493 enim
1219 2471 1245 2493 et
1257 2471 1400 2501 praetereo,
1415 2464 1481 2500 quid
1495 2468 1552 2490 tum
1565 2464 1601 2489 sit
1613 2467 1716 2495 actum;
1731 2477 1768 2482 -—
1785 2462 1833 2489 sed

1043 2513 1128 2539 quum
1142 2512 1215 2530 esses
1229 2504 1409 2534 renuntiatus,
1429 2506 1460 2528 ut
1472 2501 1542 2532 dixi,
1558 2509 1611 2527 non
1624 2500 1682 2535 ipsa
1694 2500 1832 2534 praeconis

1045 2550 1107 2567 voce
1125 2541 1254 2568 excitatus
1273 2549 1314 2572 es,
1339 2540 1387 2575 qui
1405 2544 1430 2566 te
1447 2547 1548 2565 'torres
1565 2546 1713 2564 semonnia
1731 2544 1832 2578 iosip-

1043 2587 1159 2608 ιιυιιουιι
1178 2586 1336 2605 essi-unns
1353 2585 1418 2603 ιιιο
1435 2584 1548 2602 soson
1562 2583 1662 2601 urici
1676 2578 1833 2608 pronuntia-

1043 2615 1095 2646 vit,
1117 2619 1144 2642 ut
1158 2615 1207 2642 hoc
1220 2619 1340 2650 putares,
1360 2613 1477 2648 aliquam
1491 2611 1653 2647 reipublicae
1666 2615 1768 2646 partem
1782 2610 1832 2636 tibi

1041 2651 1187 2678 creditam?
1211 2661 1312 2679 annum
1330 2651 1378 2677 tibi
1395 2650 1473 2677 illum
1492 2658 1578 2676 uuum
1595 2649 1674 2675 domo
1686 2647 1831 2674 carendum

1042 2698 1101 2716 esse
1114 2689 1278 2716 meretricis?
1290 2696 1376 2724 quum
1390 2687 1438 2714 tibi
1452 2691 1521 2714 sorte
1534 2686 1682 2722 obtigisset,
1697 2689 1727 2711 ut
1735 2685 1779 2711 ius
1788 2683 1832 2710 di-
