1941 3052
259 133 319 158 ¹25⁸
831 128 886 151 ⁴138.
919 125 953 151 M.

253 212 286 227 121·
308 203 346 228 liis
373 203 446 234 ipsis,
470 203 493 225 ni
511 200 572 232 quid
595 202 685 223 meur!
704 198 775 222 honi.-
800 200 937 230 propterca
954 200 978 221 et
993 196 1046 221 otio

255 239 335 267 fruor.
360 247 410 264 non
434 236 478 262 illo
497 235 621 270 quidem.
644 242 698 268 quo
713 233 827 259 debebat
844 233 879 263 is.
917 233 942 258 ui
959 241 1046 266 quon-

255 276 316 301 dum
333 275 479 309 peperisset
495 273 578 298 otium
595 271 711 300 civitati.
737 279 784 296 ucc
800 278 858 296 earn
874 278 901 295 so
915 269 1045 295 itudinem

256 313 381 345 languere
403 310 499 345 patior.
522 318 602 343 (piam
625 308 691 334 milii
708 307 793 333 adfert
808 307 966 336 necessitas.
994 314 1045 332 non

255 350 387 376 voluntas.
428 348 451 373 t.
467 348 635 379 Quamquam
647 344 788 371 Africanus
800 344 925 369 maiori-m
940 343 1046 369 laudem

255 396 313 413 ineo
330 385 429 411 iudicio
444 382 646 417 assequebatur.
688 381 765 407 Nulla
781 382 853 407 enim
869 381 928 406 eius
945 380 1045 415 ingenii

255 426 424 449 monumenta
442 420 562 446 mandata
581 419 689 448 litteris,
708 417 813 444 nullum
827 427 896 452 opus
907 418 968 446 otii.
985 416 1046 443 nul-

255 460 309 486 lum
325 458 479 484 solitudinis
497 465 596 482 munus
612 461 707 482 exstat.
749 455 788 481 Ex
803 464 857 489 quo
875 454 987 490 intelligi
999 454 1047 479 de-

254 497 310 526 bet.
334 496 409 521 illum
428 495 523 520 mentis
539 494 695 527 agitatione.
720 492 978 527 investigationeque
1002 499 1047 517 ea-

254 542 312 560 rum
333 540 434 561 rerum.
461 540 528 565 quas
549 530 689 565 cogitando
709 529 936 564 consequebatur.
960 536 1046 563 neque

251 572 366 596 otiosum
383 578 430 595 nec
441 568 527 594 solum
541 576 668 602 umquam
683 566 775 592 fuisse.
817 567 870 592 Nos
881 571 984 595 autem.
998 565 1045 600 qui

253 616 304 634 non
321 611 422 633 tantum
438 605 540 631 roboris
558 605 702 633 habemus,
722 608 750 629 ut
764 604 922 638 cogitatione
939 603 1015 629 tacita
1031 611 1045 628 a

252 643 398 670 solitudine
419 642 619 672 abstrahamur.
643 640 675 667 ad
697 641 765 667 lianc
786 640 922 666 scribendi
937 648 1044 674 operam

251 690 329 707 omne
344 680 465 707 studium
477 687 623 714 curamque
634 679 825 704 convertimus.
867 678 956 711 Itaque
969 676 1045 711 plura

253 719 328 745 brevi
341 723 472 752 tempore.
486 725 591 746 eversa.
605 724 685 750 quam
698 715 790 741 multis
801 715 892 744 annis.
909 719 993 740 stante
1004 722 1046 740 re-

252 755 374 791 publica.
393 755 562 789 scripsimus.

252 793 329 828 pliia.
349 792 385 818 nii
397 792 500 821 Cicero,
519 789 646 826 frugifera
658 795 683 816 et
695 789 844 819 fructuosa.
858 797 906 815 nec
918 788 971 814 ulla
984 796 1044 823 pars

251 831 311 856 eius
333 828 430 855 inculta
448 837 477 854 ac
496 827 599 854 deserta
614 828 658 857 sit.
678 832 734 853 tum
751 826 842 852 nullus
855 825 966 852 feracior
977 826 1003 851 in
1015 833 1044 851 ea

253 867 327 893 locus
339 871 437 892 estnec
450 865 571 894 uberior.
584 873 665 899 (inam
677 864 710 890 de
720 863 827 893 officiis,
841 872 854 888 a
869 863 970 898 quibus
981 871 1045 888 con-

252 909 351 931 stanter
362 903 524 937 honesteque
536 901 644 928 vivendi
657 905 795 936 praecepta
807 900 952 926 ducuntur.
973 899 1046 932 Qua-

252 950 280 968 re
295 949 459 976 quamquam
475 949 488 966 a
507 939 631 973 Cratippo
643 944 743 969 nostro.
762 938 882 972 principe
896 937 976 963 huius
989 945 1046 963 me-

235 975 351 1005 'moriae
368 977 603 1012 pbilosophorum.
622 976 686 1002 haec
703 981 726 1002 te
742 975 850 1001 assidue
862 974 954 1000 audire
965 979 1044 1009 atque

604 754 634 779 ΙΙ.
656 754 681 779 5,
697 751 750 778 Sed
765 760 850 787 quum
863 756 913 778 tota
926 750 1046 786 philoso-
1072 768 1073 772 ,

987 125 1017 151 Τ.
1047 124 1298 151 CICERONIS

1099 203 1206 220 necesse
1227 199 1266 220 est
1288 199 1385 220 restare
1405 194 1520 220 tertiam.
1566 194 1700 221 Praeterea
1725 195 1751 221 in
1772 200 1892 222 extremo

1099 232 1166 257 libro
1177 231 1254 257 tertio
1264 233 1294 256 de
1304 233 1351 257 linc
1360 230 1611 265 parteimlliceturne
1619 234 1734 266 deinceps
1745 241 1798 258 cue
1807 234 1891 258 dictu-

1098 278 1164 293 rum.
1208 270 1246 294 to.
1265 268 1374 294 Accedit
1385 267 1478 294 eodem
1491 269 1565 294 testis
1578 268 1706 304 locuples.
1720 269 1889 299 Posidonius.

1097 306 1144 340 qui
1157 306 1236 330 etiam
1248 305 1342 331 scribit
1354 306 1380 331 in
1392 305 1508 340 quadam
1520 305 1645 339 epistola.
1663 306 1689 332 Ρ.
1703 307 1826 332 Rutilium
1839 307 1892 332 ltn-

1097 346 1149 375 (mn
1165 344 1249 367 dicere
1261 344 1354 371 ualere.
1373 343 1420 377 qui
1438 342 1592 368 Panaetium
1609 342 1741 373 audierat.
1759 343 1806 369 ¹-L’t
1821 352 1892 368 vuemo

1096 382 1180 412 pictor
1190 384 1252 405 enaet
1264 382 1386 406 inventus.
1399 382 1443 412 qui
1451 380 1516 405 Coae
1526 379 1627 405 Vneris
1637 389 1691 406 eam
1700 386 1807 413 partem.
1815 389 1892 414 quam

1098 417 1196 449 :tprttn
1214 418 1358 442 inchoatum
1379 418 1533 450 reliquisset,
1554 418 1718 447 antelmus
1736 418 1800 451 (oris
1818 417 1891 443 enim

1099 453 1271 487 pulchritudo
1291 453 1388 488 reliqui
1407 453 1527 488 corporis
1548 453 1670 480 imitandi
1691 462 1766 488 spem
1786 454 1893 480 ausere-

1099 490 1141 516 bat
1150 490 1167 524 2)
1179 493 1228 517 »nic
1239 500 1268 516 ea
1276 511 1281 520 ,
1298 499 1363 524 quae
1375 490 1511 516 Panaetius
1519 493 1730 524 praeter-misinen
1741 496 1763 517 et
1774 500 1823 517 non
1833 500 1892 524 per-

1096 530 1207 560 fecisset.
1222 532 1328 560 propter
1337 536 1437 557 eorum,
1454 537 1520 561 quae
1531 530 1690 561 perfecisset.
1704 532 1891 561 praestant-'am

1098 567 1219 590 neminem
1231 574 1283 590 esse
1292 569 1472 597 persecutuma

1152 602 1194 627 ΙΙΙ.
1218 603 1258 628 Η.
1279 601 1459 634 Quamobrem
1473 601 1506 628 de
1522 601 1622 628 iudicio
1638 601 1755 628 Panaetii
1771 601 1891 628 dubitari

1097 646 1148 664 non
1161 643 1260 673 potest:
1277 644 1381 665 rectene
1392 644 1480 665 autern
1491 639 1559 665 hanc
1570 639 1674 665 tertiam
1687 644 1788 674 partem
1799 638 1832 665 ad
1843 647 1892 665 ex-

1096 675 1259 710 quirendum
1275 675 1395 702 officium
1410 676 1577 706 adiunxerit.
1593 685 1626 702 an
1642 684 1734 706 secus.
1751 676 1784 702 de
1795 684 1826 702 eo
1838 675 1892 702 sor-

1097 718 1166 739 tasse
1185 713 1318 748 disputari
1339 718 1434 748 potest.
1475 714 1541 740 Nam
1563 715 1621 739 sive
1641 713 1782 739 honestum
1802 712 1891 739 solum

1097 750 1197 776 bonum
1209 755 1258 781 est.
1272 756 1300 777 ut
1311 750 1408 777 Stoicis
1420 750 1514 785 placet.
1527 750 1674 785 sive.quod
1687 750 1828 777 honestum
1839 754 1890 780 est,

1072 795 1073 799 ¹
1098 786 1124 813 id
1137 788 1171 814 ita
1183 796 1320 814 summum
1333 788 1433 815 bonum
1444 793 1498 818 est.
1515 787 1744 823 quemadmodum
1757 788 1892 822 Peripate-

252 1017 372 1050 accipere
392 1014 508 1044 confido.
532 1011 619 1040 tame'n
639 1013 786 1039 conducere
797 1012 922 1042 arbitror,
945 1011 1045 1038 talibus
1072 1036 1073 1051 3

252 1061 330 1079 aures
343 1057 401 1078 tuas
416 1051 529 1078 vocibus
541 1050 662 1085 undique
673 1051 880 1079 circumsonare,
896 1057 944 1075 nec
954 1057 1008 1079 eas.
1021 1049 1044 1074 si

253 1090 309 1116 fieri
326 1089 423 1123 possit,
440 1088 589 1123 quidquam
602 1087 674 1113 aliud
687 1087 790 1113 audire.
831 1088 855 1112 6.
871 1085 947 1118 Quod
959 1094 1043 1121 quum

251 1126 378 1153 omnibus
397 1131 436 1152 est
451 1125 615 1155 faciendum.
633 1125 680 1159 qui
693 1125 773 1150 vitam
790 1124 926 1150 honestam
940 1122 1044 1158 ingredi

251 1164 377 1199 cogitant,
391 1168 447 1189 tum
461 1162 530 1188 haud
543 1163 606 1191 scio.
620 1170 651 1187 an
665 1162 766 1188 nemini
777 1162 876 1196 potiuS,
889 1169 970 1195 quam
983 1160 1042 1186 tibi.

252 1200 375 1227 Sustines
392 1201 463 1226 enim
476 1208 526 1225 non
540 1207 649 1234 parvam
661 1199 887 1233 exspectationem
900 1197 1044 1224 imitandae

252 1237 399 1264 industriae
426 1241 543 1267 nostrae,
571 1245 696 1271 magnam
719 1236 863 1266 honorum.
887 1234 1044 1261 nonnullam

252 1274 361 1301 fortasse
382 1274 509 1300 nominis.
549 1273 696 1308 Suscepisti
717 1282 786 1299 onus
808 1277 943 1307 praeterea
963 1280 1044 1308 grave

251 1317 275 1338 et
291 1311 455 1338 Athenarum
488 1315 513 1337 et
528 1310 661 1345 Cratippi:
684 1310 718 1336 ad
732 1319 799 1345 quos
811 1318 895 1345 quum
908 1314 1044 1344 tamquam

250 1348 283 1375 ad
304 1354 479 1375 mercaturam
500 1348 630 1374 bonarum
649 1349 746 1374 artium
762 1349 800 1373 sis
815 1346 964 1382 profectus,
986 1347 1045 1372 ina-

250 1394 312 1412 nem
333 1385 420 1412 redire
436 1386 623 1421 turpissimum
640 1390 692 1415 est,
710 1384 914 1411 dedecorantem
930 1388 956 1410 et
968 1383 1045 1410 urbis

250 1424 433 1450 auctoritatem
455 1428 480 1449 et
501 1423 632 1458 magistri.
672 1422 774 1454 Quare.
795 1426 926 1456 quantum
942 1421 1044 1448 conniti

249 1461 339 1486 animo
350 1465 438 1495 potes.
455 1465 587 1494 quantum
601 1459 689 1485 labore
699 1459 872 1489 contendere,
892 1458 926 1493 (si
937 1458 1045 1484 discen-

249 1497 277 1524 di
298 1497 370 1524 labor
391 1502 430 1523 est
450 1498 552 1532 potius.
575 1505 655 1532 quam
672 1496 821 1531 voluptas.)
837 1500 940 1522 tantum
961 1495 1001 1521 sac
1016 1500 1045 1522 ut

249 1534 363 1561 efficias:
388 1543 454 1560 neve
465 1535 630 1564 committas,
643 1539 680 1563 ut.
694 1542 779 1568 quum
791 1532 1046 1568 omniasuppedita-
1065 1552 1067 1558 ,

250 1576 273 1598 ta
294 1572 347 1598 sint
358 1580 371 1597 a
384 1571 474 1601 nobis.
496 1576 550 1598 tute
563 1571 611 1597 tibi
623 1570 743 1597 defuisse
755 1570 873 1596 videare.
914 1570 967 1596 Sed
979 1570 1044 1596 haec

250 1608 392 1635 hactenus:
421 1608 504 1635 multa
524 1609 596 1635 enim
615 1617 693 1642 saepe
705 1607 738 1634 ad
750 1613 774 1634 te
790 1607 947 1634 cohortandi
958 1608 1042 1643 gratia

249 1654 418 1680 scripSlmuS.

249 1682 393 1709 divisionis
404 1688 579 1709 revertamur.

304 1721 329 1746 7.
352 1720 492 1746 Panaetius
508 1720 604 1755 igitur,
621 1720 669 1754 qui
681 1720 738 1746 sine
750 1719 929 1745 controversia
941 1718 974 1744 de
984 1717 1046 1745 offi-

249 1757 300 1783 ciis
318 1757 518 1783 accuratissime
537 1757 699 1791 disputavit.
722 1764 858 1791 quemque
875 1764 937 1786 nos.
955 1763 1045 1782 corre-

249 1795 335 1820 ctione
355 1794 472 1829 quadam
493 1794 627 1825 adhibita.
648 1794 821 1829 potissimum
836 1793 921 1819 secuti
936 1801 1042 1824 sumus,

249 1833 331 1857 tribus
343 1834 476 1865 generibus
489 1832 648 1866 propositis.
664 1834 692 1856 in
705 1833 796 1864 quibus
809 1832 951 1856 deliberare
963 1832 1044 1856 homi-

249 1877 293 1894 nes
309 1873 332 1894 et
347 1870 492 1894 consultare
509 1871 539 1895 de
557 1871 640 1902 officio
653 1869 774 1897 solerent,
798 1876 862 1897 uno.
879 1875 956 1900 quum
969 1868 1044 1893 dubi-

250 1909 345 1935 tarent,
364 1907 525 1932 honestumne
543 1907 569 1931 id
582 1909 657 1935 esset.
677 1907 707 1930 dc
724 1913 774 1937 quo
787 1909 919 1937 ayeretur,
939 1912 974 1929 an
987 1908 1045 1930 tur-

246 1941 298 1975 pe?
321 1943 414 1972 altero.
430 1944 534 1972 utilene,
549 1951 584 1968 an
595 1941 703 1968 inutile?
717 1944 803 1971 tertio,
823 1944 846 1967 si
860 1943 898 1971 id,
911 1942 977 1974 quod
987 1949 1044 1974 spe-

250 1981 312 2005 ciem
329 1980 429 2005 haberet
443 1981 552 2008 honesti,
568 1983 694 2012 puynaret
712 1987 767 2004 cum
785 1987 824 2008 eo,
840 1980 907 2012 quod
924 1979 986 2003 utile
1005 1980 1044 2004 vi-

249 2017 364 2045 deretur,
385 2018 506 2049 quomodo
524 2025 552 2041 ea
571 2017 683 2042 discerni
695 2020 833 2048 oporteret,
845 2030 881 2034 —
891 2014 926 2041 de
936 2014 1043 2041 duobus

248 2052 394 2088 generibus
407 2053 502 2087 primis
524 2052 610 2079 tribus
629 2052 705 2078 libris
725 2051 886 2086 explicavit:
918 2053 948 2077 de
969 2055 1044 2078 tertio

249 2094 337 2116 autem
352 2098 442 2123 genere
459 2092 576 2123 deinceps
593 2098 619 2115 se
636 2090 745 2124 scripsit
762 2091 905 2120 dicturum.
931 2097 980 2115 nec
995 2097 1044 2115 ex-

248 2125 342 2157 solvit.
360 2126 433 2161 quod
455 2127 621 2161 promiserat.
662 2128 686 2153 8.
702 2126 778 2158 Quod
799 2135 830 2152 eo
845 2126 932 2162 magis
949 2126 1040 2157 miror,

247 2164 312 2198 quia
327 2164 458 2198 scriptum
473 2172 487 2190 a
498 2163 632 2198 discipulo
643 2164 702 2190 eius
717 2163 858 2190 Posidonio
869 2168 921 2193 est.
936 2166 1043 2196 triyinta

459 1646 536 1672 Nunc
556 1645 589 1671 ad
613 1645 743 1680 reliquam
770 1650 872 1680 partem
893 1645 1044 1679 propositae
1065 1644 1073 1676 ᾖ

1066 1689 1067 1694 ’
1096 1686 1256 1717 pugnarent.

1097 825 1157 850 ticis
1170 826 1265 851 vestris
1278 825 1397 855 videtur.
1415 830 1443 851 ut
1452 826 1541 851 omnia
1557 833 1590 851 ex
1601 825 1681 851 altera
1695 830 1767 860 parte
1778 823 1893 851 colloca-

1097 866 1121 887 ta
1138 862 1184 888 vix
1199 863 1305 888 minimi
1322 863 1449 889 momenti
1467 863 1549 888 instar
1565 862 1692 888 babeant:
1710 861 1891 888 dubitandum

1097 907 1148 925 non
1160 904 1212 929 est.
1230 900 1296 934 quin
1313 908 1460 934 numquam
1473 900 1557 934 possit
1570 899 1670 925 utilitas
1681 907 1743 925 cum
1755 898 1892 925 honestate

1096 936 1265 963 contendere.
1307 937 1396 972 ltaque
1413 937 1580 971 accepimus.
1602 936 1736 962 Socratem
1757 935 1891 962 exsecrari

1072 983 1073 987 ¹
1096 973 1205 1000 solitum
1222 982 1279 1005 eos,
1302 975 1349 1009 qui
1367 975 1484 1008 primum
1501 974 1579 1002 haec,
1603 978 1695 999 natura
1711 973 1889 1002 cohaerentia.

1096 1011 1222 1045 opinione
1238 1010 1436 1037 distraxissent.
1475 1011 1525 1038 Cui
1546 1010 1656 1045 quidem
1677 1011 1710 1037 ita
1727 1015 1790 1036 sunt
1810 1009 1892 1036 Stoici

1096 1049 1209 1078 assensi,
1223 1053 1251 1074 ut
1262 1053 1300 1078 et.
1314 1047 1449 1083 quidquid
1462 1048 1603 1074 honestum
1616 1052 1699 1078 esset.
1717 1047 1743 1073 id
1756 1047 1821 1073 utile
1832 1054 1892 1073 esse

1095 1090 1248 1115 censerent.
1265 1094 1313 1111 nec
1324 1085 1388 1111 utile
1399 1085 1562 1120 quidquam.
1580 1085 1652 1119 quod
1669 1093 1721 1111 non
1737 1084 1890 1111 honestum.

1099 1124 1138 1149 ⁴2.
1153 1122 1230 1154 Quod
1241 1123 1263 1148 si
1277 1123 1300 1148 is
1311 1128 1381 1149 esset
1392 1123 1541 1149 Panaetius,
1555 1123 1602 1156 qui
1616 1123 1740 1148 virtutem
1754 1126 1891 1156 propterea

1095 1159 1234 1186 colendam
1246 1159 1359 1190 diceret.
1373 1159 1445 1194 quod
1456 1167 1486 1185 ea
1497 1159 1617 1185 efficiens
1629 1158 1752 1185 utilitatis
1761 1163 1845 1189 esset,
1863 1162 1893 1184 ut

1097 1197 1125 1227 ii,
1134 1197 1181 1231 qui
1193 1205 1235 1223 res
1246 1196 1410 1231 expetendas
1422 1196 1464 1223 vel
1476 1196 1611 1231 voluptate
1624 1195 1664 1221 vel
1677 1195 1823 1222 indolentia
1835 1203 1894 1221 me-

1097 1235 1212 1265 tiuntur3
1236 1233 1327 1260 liceret
1346 1235 1371 1260 ei
1386 1233 1489 1264 dicere.
1512 1233 1654 1260 utilitatem
1669 1231 1815 1268 aliquando
1829 1240 1892 1258 cum

1097 1271 1233 1297 honestate
1245 1279 1376 1307 pugnare.
1417 1271 1483 1301 Sed.
1500 1279 1586 1306 quum
1597 1271 1633 1296 sit
1644 1270 1680 1300 is.
1698 1270 1746 1305 qui
1763 1269 1790 1296 id
1803 1268 1893 1296 solum

1096 1308 1197 1335 bonum
1211 1309 1324 1339 iudicet.
1342 1308 1415 1343 quod
1427 1309 1569 1335 honestum
1580 1308 1628 1339 sit,
1646 1315 1714 1342 quae
1727 1311 1815 1333 autem
1827 1306 1893 1333 huic

1096 1351 1246 1381 repugnent
1256 1346 1346 1381 specie
1357 1345 1473 1381 quadam
1486 1344 1623 1375 utilitatis.
1645 1353 1737 1371 eorum
1749 1352 1837 1379 neque
1847 1351 1893 1370 ac-

1096 1384 1216 1410 cessione
1233 1383 1370 1410 meliorem
1387 1384 1470 1409 vitam
1485 1382 1556 1411 fieri.
1579 1390 1627 1408 nee
1642 1382 1797 1408 decessione
1818 1381 1893 1415 peio-

1097 1428 1166 1453 rem;
1184 1429 1237 1447 non
1254 1420 1361 1447 videtur
1376 1419 1511 1446 eiusmodi
1526 1419 1655 1446 debuisse
1671 1418 1892 1445 deliberationem

1096 1457 1278 1487 introducere.
1299 1458 1326 1484 in
1342 1466 1408 1492 qua.
1431 1457 1504 1492 quod
1519 1456 1585 1483 utile
1600 1456 1750 1486 videretur,
1772 1463 1834 1481 cum
1849 1463 1891 1483 eo.

1095 1495 1168 1530 quod
1180 1495 1321 1521 honestum
1334 1500 1382 1523 est.
1395 1499 1603 1529 compararetur.
1646 1495 1686 1519 ta.
1702 1493 1808 1519 Etenim
1819 1491 1893 1527 quod

1095 1541 1234 1558 summum
1246 1532 1345 1559 bonum
1359 1541 1373 1558 a
1385 1532 1480 1558 Stoicis
1494 1531 1608 1562 dicitur,
1624 1530 1805 1557 c0m·em·emer
1816 1534 1893 1555 natu-

1095 1579 1140 1596 rae
1150 1573 1248 1596 vivere:
1262 1569 1289 1595 id
1301 1569 1380 1596 habet
1392 1569 1474 1599 hanc.
1490 1573 1519 1595 ut
1529 1569 1632 1603 opinor,
1648 1567 1816 1598 sententiam,
1829 1574 1892 1593 cum

1096 1607 1194 1633 virtute
1205 1615 1352 1642 congruere
1363 1615 1482 1641 semper;
1500 1611 1586 1632 cetera
1598 1610 1687 1631 autem
1695 1625 1701 1635 ,
1715 1612 1784 1639 quae
1795 1611 1893 1630 seeun—

1096 1644 1161 1670 dum
1174 1649 1294 1670 naturam
1310 1649 1413 1674 essent.
1431 1644 1467 1670 ita
1479 1643 1580 1679 legere,
1598 1643 1622 1668 si
1637 1651 1666 1668 ea
1682 1642 1774 1668 virtuti
1787 1649 1839 1668 non
1850 1648 1893 1667 re-

1297 1681 1373 1713 Quod
1385 1689 1470 1716 quum
1480 1681 1515 1706 ita
1526 1681 1571 1709 sit,
1583 1684 1677 1714 putant
1689 1678 1810 1714 quidam,
1823 1677 1893 1704 banc

1066 1720 1067 1755 ζ
1095 1719 1320 1753 comparationem
1334 1727 1386 1744 non
1397 1722 1467 1744 recte
1479 1716 1666 1746 introductam.
1679 1724 1729 1742 nec
1738 1715 1849 1742 omnino
1858 1714 1893 1741 de

1066 1761 1067 1770 ¹
1095 1764 1126 1781 eo
1146 1764 1244 1791 genere
1258 1755 1409 1790 quidquam
1425 1753 1646 1788 praecipiendum
1669 1752 1763 1779 fuisse.

1804 1753 1892 1786 Atque

1072 1800 1073 1807 ¹
1096 1792 1164 1818 illud
1175 1792 1287 1827 quidem
1299 1794 1436 1821 honesturn,
1451 1791 1524 1826 quod
1535 1791 1642 1825 proprie
1653 1798 1770 1824 vereque
1781 1788 1890 1819 dicitur.

1066 1827 1073 1837 ”
1096 1829 1123 1855 id
1135 1830 1161 1855 in
1173 1831 1330 1862 sapientibus
1344 1833 1384 1854 est
1399 1828 1478 1858 solis.
1495 1836 1582 1862 neque
1593 1837 1609 1853 a
1621 1830 1714 1854 rii-tute
1725 1826 1820 1852 divelli
1831 1834 1893 1852 um-

247 2203 324 2227 anm's
342 2203 440 2227 vixisse
458 2201 618 2231 Pometiam,
637 2206 803 2234 posteaquam
821 2203 879 2226 illos
897 2202 975 2226 libros
988 2202 1043 2226 edi-
1064 2217 1065 2221 =

247 2240 332 2264 disset.
371 2237 456 2270 Quem
474 2237 562 2264 locum
578 2238 660 2264 miror
671 2246 684 2264 a
698 2237 838 2264 Posidonio
852 2238 971 2264 breviter
983 2245 1042 2263 esse

246 2279 347 2301 tactum
358 2275 386 2301 in
392 2275 556 2310 quibusdam
563 2275 776 2301 commentariis:
792 2275 949 2310 praesertim
956 2283 1042 2309 quum
1064 2288 1065 2291 =

247 2312 360 2343 scribat,
372 2314 470 2338 mettum
481 2321 532 2339 esse
546 2314 627 2339 Iocum
646 2315 672 2338 in
691 2316 742 2338 tota
757 2313 917 2345 philosophia
933 2317 984 2338 tam
998 2320 1042 2337 ne-

248 2352 394 2375 cessarium.
433 2350 458 2375 9.
478 2350 590 2376 Minime
605 2358 668 2376 vero
679 2350 810 2376 assentior
820 2349 854 2375 iis
863 2369 869 2379 ,
882 2349 931 2384 qui
944 2353 1043 2384 negant

246 2394 302 2411 eum
320 2388 402 2413 Iocum
414 2396 431 2413 a
441 2387 562 2413 Panaetio
572 2389 793 2420 praetermissam,
812 2388 856 2412 sed
874 2388 987 2412 consulto
1000 2395 1042 2412 re-

248 2424 347 2453 lictum,
363 2432 408 2450 nec
425 2426 527 2450 omnino
540 2426 701 2451 scribendum
718 2426 809 2457 fuisse,
828 2425 891 2486 qtga
904 2431 1043 2486 numqu'am
1062 2435 1071 2463 J}

875 2468 889 2486 e
904 2468 958 2495 quo
975 2469 990 2487 a
1003 2465 1042 2487 te-
1062 2466 1071 2486 :i

244 2465 328 2492 posset
347 2462 447 2487 utilitas
469 2470 525 2487 cum
547 2463 676 2487 honestate
689 2469 814 2494 pugnare.

248 2504 307 2522 rum
318 2501 404 2531 potest
415 2497 513 2524 habere
524 2497 733 2528 dubitationem.
750 2496 970 2524 adhibendumne
981 2497 1042 2524 fue-

247 2532 281 2558 rit
292 2532 341 2559 hoc
356 2542 455 2568 genus.
473 2535 545 2569 quod
557 2536 584 2561 in
595 2535 730 2561 divisione
742 2535 859 2560 Panaetii
870 2535 978 2561 tertium
989 2539 1038 2566 est.

249 2577 281 2595 sn
296 2569 373 2604 plane
384 2571 576 2598 omittendum:
616 2571 728 2598 alterum
740 2571 860 2597 dubitari
874 2579 927 2598 non
937 2576 1037 2607 potest,

247 2607 314 2640 quin
330 2614 344 2632 a
359 2607 483 2634 Panaetio
496 2613 653 2643 susceptum
669 2609 716 2639 sit.
734 2608 782 2634 sed
797 2607 930 2635 relictum.
971 2609 1039 2635 Nam

246 2643 295 2678 qui
310 2651 324 2669 e
334 2643 470 2671 divisione
480 2646 610 2680 tripartita
621 2645 689 2672 duas
699 2650 788 2680 partes
798 2644 958 2677 absolverit,
974 2645 1040 2673 huic

1063 2310 1074 2351 is

1062 2489 1071 2508 il

1062 2517 1071 2559 l}

1061 2556 1071 2627 l

1061 2628 1071 2673 li

1095 1874 1176 1901 quam
1189 1871 1288 1901 potest;
1305 1866 1379 1892 iniis
1390 1870 1492 1895 autem,
1507 1866 1533 1891 in
1545 1864 1647 1900 quibus
1660 1864 1792 1898 sapientia
1803 1862 1892 1898 perse-

1095 1909 1136 1930 cta
1147 1912 1199 1930 non
1211 1908 1263 1934 est.
1281 1904 1371 1937 ipsum
1389 1902 1455 1929 illud
1466 1901 1577 1937 quidem
1590 1901 1738 1936 perfectum
1749 1900 1892 1927 honestum

1095 1940 1170 1967 nullo
1180 1940 1272 1971 modo.
1289 1939 1484 1966 similitudines
1499 1939 1604 1966 honesti
1615 1947 1674 1965 esse
1685 1942 1808 1973 possunt.
1851 1937 1890 1963 14.

1095 1978 1164 2003 llaec
1175 1978 1248 2004 enim
1259 1978 1349 2003 omnia
1360 1979 1454 2010 officia,
1466 1976 1499 2002 de
1510 1976 1612 2011 quibus
1624 1975 1668 2002 bis
1680 1975 1757 2002 libris
1768 1974 1892 2009 disputa-

1095 2023 1165 2045 mus,
1179 2017 1261 2041 media
1272 2014 1355 2041 Stoici
1365 2013 1510 2049 appellant.
1523 2022 1553 2040 ea
1564 2013 1718 2040 communia
1729 2016 1830 2039 suntet
1841 2010 1891 2037 late

1094 2057 1197 2087 patent;
1219 2060 1288 2087 quae
1303 2057 1329 2078 et
1340 2052 1443 2087 ingenii
1454 2051 1572 2078 bonitate
1583 2049 1662 2076 multi
1673 2053 1856 2084 assequuntur
1865 2053 1893 2074 et

1094 2090 1282 2125 progressione
1297 2088 1432 2115 discendi.
1471 2087 1542 2114 lllud
1557 2092 1645 2114 autem
1660 2086 1795 2117 officium,
1817 2084 1892 2121 quod

1094 2131 1190 2153 rectum
1206 2126 1289 2152 iidem
1305 2125 1454 2160 appellant.
1471 2124 1622 2160 perfectum
1635 2129 1716 2159 atque
1735 2122 1891 2150 absolutum

1093 2168 1146 2194 est,
1164 2168 1202 2194 et.
1220 2168 1250 2189 ut
1264 2162 1347 2189 iidem
1363 2162 1470 2193 dicunt.
1487 2171 1581 2189 omnes
1592 2169 1719 2188 numeros
1729 2160 1823 2190 habet,
1840 2167 1891 2186 nec

1093 2205 1198 2236 praeter
1212 2201 1361 2235 sapientem
1376 2199 1471 2226 cadere
1487 2200 1515 2226 in
1530 2207 1696 2234 quemquam
1711 2202 1806 2233 potest.
1849 2197 1888 2223 ⁴5.

1093 2238 1183 2270 Quum
1194 2242 1283 2264 autem
1295 2237 1399 2272 aliquid
1414 2242 1503 2264 actum
1518 2241 1571 2267 est.
1588 2237 1615 2262 in
1631 2243 1686 2270 quo
1699 2234 1787 2261 media
1802 2232 1890 2261 officia

1093 2279 1273 2310 compareant,
1282 2274 1309 2300 id
1316 2274 1452 2300 cumulate
1463 2273 1572 2300 videtur
1581 2281 1640 2299 esse
1652 2271 1815 2307 perfeetum:
1827 2278 1890 2305 pro-

1093 2317 1183 2347 pterea
1194 2311 1267 2347 quod
1278 2311 1388 2347 vulgus,
1397 2311 1464 2346 quid
1475 2311 1546 2337 absit
1557 2319 1570 2336 a
1582 2309 1708 2345 perlecto.
1717 2317 1769 2336 non
1781 2308 1835 2334 fere
1846 2308 1890 2333 in-

1093 2349 1204 2385 telligit:
1217 2353 1350 2384 quatenus
1361 2354 1451 2375 autem
1462 2347 1598 2383 intelligit.
1607 2346 1675 2373 nihil
1686 2350 1762 2381 putat
1772 2349 1890 2380 praeter-

1093 2387 1219 2412 missum.
1259 2385 1336 2418 Quod
1351 2387 1416 2412 item
1430 2387 1458 2412 in
1473 2385 1604 2420 poematis
1617 2389 1643 2410 et
1662 2384 1690 2410 in
1707 2383 1820 2418 picturis
1836 2389 1888 2408 usu

1093 2424 1175 2453 venit,
1190 2424 1217 2450 iu
1229 2423 1345 2458 aliisque
1356 2422 1553 2457 compluribus,
1561 2426 1591 2448 ut
1601 2420 1766 2447 delectentur
1776 2419 1890 2454 imperi-

1093 2461 1113 2487 ti
1123 2460 1287 2495 laudentque
1297 2469 1337 2492 ea,
1345 2469 1414 2495 quae
1425 2458 1558 2486 laudanda
1571 2467 1624 2484 non
1635 2458 1698 2487 sint,
1706 2456 1741 2483 ob
1751 2465 1818 2487 eam,
1829 2464 1889 2482 cro.h

1092 2497 1136 2529 do,
1149 2506 1282 2528 caussam.
1295 2497 1368 2532 quod
1379 2497 1443 2524 insit
1454 2497 1482 2522 iu
1493 2497 1527 2522 iis
1537 2494 1642 2530 aliquid
1652 2493 1730 2528 probi
1738 2514 1744 2524 ,
1759 2493 1833 2528 quod
1843 2501 1889 2519 ca-

1091 2535 1148 2569 piat
1159 2535 1279 2570 ignaroS‚
1290 2535 1339 2570 qui
1349 2535 1461 2570 quidem
1469 2553 1475 2564 ,
1488 2532 1556 2568 quid
1567 2533 1595 2558 in
1605 2539 1658 2557 una
1668 2539 1777 2566 quaque
1789 2539 1816 2557 re
1827 2530 1888 2556 vitii

1091 2573 1135 2603 sit.
1151 2576 1285 2607 nequeant
1296 2571 1426 2598 iudicare.
1459 2571 1551 2604 ltaque
1561 2576 1646 2604 quum
1658 2573 1722 2594 suut
1731 2567 1803 2594 docti
1813 2576 1828 2594 a
1839 2575 1889 2602 pe-

1092 2609 1159 2640 ritis.
1173 2608 1307 2636 desistunt
1319 2609 1396 2636 facile
1407 2607 1548 2635 sententia.
1587 2605 1631 2631 tv.
1653 2605 1722 2631 Haec
1733 2606 1817 2641 igitur
1827 2603 1889 2631 offi-

1091 2646 1146 2676 cia,
1169 2646 1203 2672 de
1218 2645 1321 2680 quibus
1337 2646 1380 2673 his
1396 2645 1474 2672 libris
1489 2643 1664 2673 disserimus,
1686 2645 1762 2676 quasi
1775 2643 1888 2668 secunda
