1941 3052
225 135 287 159 itm.
799 129 853 152 125.
886 126 920 152 M.

220 198 705 232 Sedniitnttennn11g1nnnamunianti.
739 197 842 229 Quaero
853 202 950 226 nutem.
963 205 1011 222 cur
1031 196 1041 237 [ζ

222 239 372 266 Alexandro
394 243 444 264 tam
467 236 568 262 illustre
583 235 732 264 winnium.
757 239 808 260 tam
824 239 940 261 certum.
964 242 1011 259 nec
1032 244 1041 280 'I

812 270 1009 305 Mihiquitlem.
1032 285 1041 307 !=

223 277 285 303 huie
301 275 387 301 eidem
403 274 481 303 alias.
504 282 551 298 nec
567 271 649 297 iiutltn
665 271 770 297 veteris.

222 318 324 348 praeter
337 313 383 338 hor·
397 311 556 339 Mariunum.
576 309 643 334 nihil
655 318 731 338 sane.
747 308 819 343 quod
831 308 1010 334 meminerim.
1032 331 1035 346 ,

223 351 326 376 Frustra
345 349 425 381 igitur
439 351 612 380 t-‹msuinptne
627 350 663 371 tot
675 350 763 371 noctes
775 350 827 371 tam
841 345 916 380 longa
931 345 956 370 in
968 353 1012 370 ne·
1032 368 1035 373 .

222 393 280 413 tute.

221 424 306 450 tensis
317 430 411 456 operae
423 426 447 446 et
460 421 658 446 lucubrationes
672 419 788 448 detraxi.
807 424 832 445 et
847 419 1012 445 meridiano·
1033 440 1035 452 A

221 470 267 487 nes
279 459 384 488 addidi,
401 458 503 493 quibus
520 458 557 483 nti
574 462 649 483 autea
665 466 715 483 non
731 456 864 482 solebam:
883 465 940 487 nec,
959 461 1011 482 tam
1033 467 1035 494 4

221 497 334 523 multum
346 495 491 526 dormiens,
501 494 555 520 ullo
566 495 670 520 somnio
681 503 741 520 sum
753 494 916 524 admonitus,
933 493 1012 519 tantis
1033 519 1035 525 ,

219 534 374 569 praesertim
386 532 419 558 de
432 532 525 558 rebus:
540 540 587 557 nec
600 531 666 557 mihi
679 532 765 566 magii-1
773 539 900 565 umquam
909 530 1009 561 videor.

217 580 298 605 «piam
311 579 395 605 {fluum
407 574 452 595 aut
464 569 490 595 in
503 568 558 595 foro
570 569 750 604 magistratus·
759 573 804 595 aut
816 569 842 594 in
853 568 926 594 curia
933 576 1012 594 sena·
1032 561 1036 666 Ι

1040 610 1041 614 ’
1064 602 1142 629 modo
1156 608 1244 629 autem
1260 602 1393 637 distingui
1409 607 1520 637 possunt
1537 611 1597 628 vera
1612 602 1715 628 somnia
1734 611 1748 628 a
1770 601 1854 631 tanis.

1040 655 1041 669 l

219 614 274 634 tum
288 607 375 638 video,
388 607 531 632 somniare.

274 680 368 708 LXIX.
390 681 496 707 Etenim
517 680 559 715 (ex
579 680 713 706 divisione
730 679 779 706 hoc
797 678 947 705 secundum
963 678 1012 714 est)
1033 673 1041 714 ‚¹

217 728 286 753 quw
297 723 337 745 est
348 718 512 745 continuatio
522 718 728 752 coniunctioque
741 721 849 743 naturae
861 716 965 751 (quam,
983 720 1012 742 ut
1040 716 1041 724 ¹

1040 756 1041 763 ¹
1063 752 1210 782 soleamus.
1233 760 1287 787 quo
1302 751 1380 778 modo
1397 752 1454 783 isti.
1471 752 1494 777 si
1509 751 1646 778 somnium
1663 759 1755 777 verum
1771 751 1857 776 evasit

217 756 289 786 dixi,
307 760 401 782 vocant
412 755 595 790 συμπάθειαν)
610 754 757 784 eiusmodi.
776 759 804 780 ut
820 754 963 780 thesaurus
978 761 1011 780 ex

217 802 267 820 ovo
280 792 394 828 intelligi
405 791 518 818 debeat?
529 792 594 818 Nam
608 791 705 818 medici
716 800 749 817 ex
759 791 1012 826 quibusdamrebus
1032 770 1042 840 ,ζ

217 834 243 857 et
254 829 427 856 advenientes
439 834 463 855 et
474 834 623 855 crescentes
639 828 745 855 morbos
761 828 928 863 intelligunt:
945 837 1012 854 non-

218 867 307 894 nullas
318 867 398 893 etiam
411 866 573 893 valetudinis
584 866 803 901 significationes.
812 865 895 892 uthoc
910 866 1009 900 ipsum.
1033 870 1035 889 ἶ

215 907 285 938 ptem·
297 906 408 930 enectine
418 907 505 934 simus.
514 912 547 930 ex
558 903 674 938 quodam
686 912 782 938 genere
793 903 957 929 somniorum
971 903 1013 928 in-

218 941 303 977 telligi
318 950 397 976 posse
412 940 514 967 dicunt.
555 941 708 966 Thesaurus
724 948 786 966 vero
801 945 826 966 et
843 939 976 966 hereditas
987 944 1012 965 et

218 979 302 1005 llonos
318 983 344 1005 et
359 978 469 1004 victoria
483 983 508 1004 et
524 977 606 1004 multa
622 978 728 1013 generis
743 977 864 1003 eiusdem
881 986 933 1012 qua
949 985 1011 1003 cum

217 1016 330 1042 somniis
342 1015 455 1042 naturali
468 1015 624 1050 cognatione
637 1014 803 1049 iunguntur?
834 1016 889 1040 ⁴43.
911 1015 1012 1040 Dicitur

217 1053 343 1088 quidam,
359 1061 445 1087 quum
456 1053 483 1078 in
493 1053 595 1078 somnis
607 1052 749 1086 complexu
762 1051 874 1077 Venerio
887 1052 1012 1086 iungere-

218 1094 274 1120 tur,
291 1089 408 1116 calculos
424 1090 545 1115 eiecisse.
587 1089 670 1115 Video
685 1089 876 1124 sympathiam.
917 1089 1011 1114 Visum

217 1131 256 1153 cst
268 1127 339 1153 enim
352 1126 402 1153 tale
413 1127 548 1153 obiectum
560 1126 715 1156 dormienti.
734 1131 763 1152 ut
775 1125 814 1156 id,
827 1125 899 1160 quod
911 1126 1010 1156 evenit,

218 1168 327 1190 naturae
339 1165 389 1193 vis.
407 1173 458 1190 non
470 1164 560 1198 opinio
572 1164 668 1189 erroris
680 1162 804 1189 effecerit.
845 1162 918 1194 Quae
930 1163 1012 1198 igitur

218 1206 310 1227 natura
321 1201 418 1227 obtulit
431 1200 502 1226 illam
517 1201 635 1235 speciem
647 1199 794 1230 Simonidi,
812 1209 826 1226 a
842 1208 894 1234 qua
909 1205 1012 1226 vetare-

217 1243 260 1265 tur
272 1237 416 1273 navigare‘?
430 1243 475 1264 aut
490 1237 555 1272 quid
572 1242 679 1264 naturae
695 1237 849 1271 copulatum
862 1237 956 1263 habuit
967 1237 1014 1264 Al-

217 1275 345 1306 cibiadiS,
363 1274 436 1310 quod
450 1275 592 1306 scribitur,
610 1273 764 1300 somnium?
784 1275 831 1308 qui
848 1274 938 1308 paullo
953 1280 1013 1302 ante

217 1313 354 1338 interitum
376 1312 451 1338 visus
472 1317 512 1338 est
533 1313 559 1338 in
579 1313 681 1338 somnis
701 1312 802 1337 amicae
818 1320 877 1337 esse
898 1312 1012 1339 amictus
1036 1335 1037 1339 ,

217 1349 342 1376 amiculo.
358 1350 382 1375 Is
393 1358 478 1384 quum
490 1354 559 1376 esset
570 1349 1013 1384 proiectusinhumatus.abomni-
1036 1359 1043 1388 ¹3

217 1387 322 1421 busque
334 1386 455 1413 desertus
467 1387 576 1413 iaceret:
599 1387 685 1412 amica
701 1395 798 1420 corpus
814 1387 873 1412 eius
885 1387 951 1413 texit
963 1396 1012 1414 suo
1035 1391 1043 1422 ‘53

1035 1424 1037 1428 '
1065 1423 1141 1455 Quod
1152 1424 1215 1449 etin
1228 1422 1345 1448 iislibris
1357 1422 1458 1448 dictum
1471 1422 1574 1457 est‚qui
1586 1426 1648 1448 sunt
1658 1423 1688 1446 de
1699 1421 1859 1446 natur-adeo-

1064 1470 1129 1489 rnm.
1141 1465 1165 1486 et
1176 1460 1225 1486 hac
1236 1459 1417 1494 disputatione
1430 1459 1456 1485 id
1468 1460 1584 1486 maxime
1596 1459 1712 1494 egimus.
1744 1456 1858 1483 Multum

216 1423 304 1459 pallio.
328 1424 399 1459 Ergo
410 1423 460 1450 hoc
471 1424 555 1450 inerat
567 1424 594 1450 in
606 1423 687 1449 rebus
699 1423 797 1450 suturis
808 1428 833 1450 et
843 1431 953 1450 caussas
965 1434 1013 1451 na-

217 1460 315 1487 turales
327 1460 460 1487 habebat?
471 1469 513 1492 an,
526 1465 552 1487 et
563 1465 592 1487 ut
604 1460 740 1487 videretur
750 1465 775 1487 et
786 1465 815 1487 ut
826 1461 953 1492 eveniret,
968 1471 1013 1488 ca-

216 1507 263 1525 sus
275 1497 379 1525 effecit?
417 1498 500 1524 Lxx.
526 1499 580 1524 ⁴44.
603 1497 693 1530 Quid?
704 1499 824 1532 ipsorum
837 1499 1012 1533 interpretum

216 1536 383 1562 coniecturae
404 1544 491 1562 nonne
513 1536 598 1571 magis
620 1536 727 1571 ingenia
752 1535 888 1561 declarant
907 1544 1010 1567 eorum.

216 1582 298 1608 quam
314 1573 369 1599 vim
386 1581 603 1608 consensumque
619 1571 746 1599 naturae?
765 1572 864 1599 Cursor
875 1572 907 1599 ad
919 1573 1013 1609 Olym-

217 1611 260 1645 pia
276 1609 409 1644 proficisci
424 1611 544 1646 cogitans
559 1610 635 1636 visus
650 1610 728 1636 estin
739 1611 842 1636 somnis
852 1618 934 1637 curru
945 1619 1013 1645 qua-

217 1647 355 1683 drigarum
367 1647 440 1673 vehi.
480 1648 556 1673 Mane
567 1647 600 1673 ad
611 1648 798 1673 coniectorem.
834 1647 867 1673 At
878 1647 933 1679 ille,
947 1648 1013 1674 Vin-

217 1693 262 1711 ces
270 1705 276 1715 ,
294 1685 392 1719 inquit.
433 1684 462 1711 Id
477 1685 550 1710 enim
561 1684 683 1711 celeritas
694 1683 829 1720 significat
840 1688 865 1710 et
875 1685 917 1711 vis
928 1693 1013 1720 equo-

218 1730 288 1748 rum.
328 1722 389 1748 Post
401 1721 471 1748 idem
483 1721 516 1748 ad
527 1721 728 1756 Antiphontem.
767 1722 792 1748 Is
803 1726 901 1753 autem,
914 1723 1012 1749 Vinca-

218 1767 258 1789 re,
278 1759 377 1794 inquit,
395 1768 505 1785 necesse
519 1763 568 1785 est.
607 1759 648 1785 An
660 1767 712 1785 non
727 1758 870 1794 intelligis,
887 1765 1013 1794 quattuor

218 1800 278 1822 ante
290 1801 314 1822 te
325 1796 496 1822 cucurrisse?
515 1796 583 1822 Ecce
599 1795 670 1822 alius
685 1804 790 1822 cursor:
810 1797 900 1830 (atque
916 1797 1011 1823 horum

218 1833 393 1864 somniorum,
407 1838 432 1860 ct
443 1832 536 1859 talium
548 1833 644 1868 plenus
656 1837 696 1859 est
706 1833 853 1868 Chrysippi
865 1833 940 1864 liber,
955 1833 1013 1868 ple-

219 1879 269 1896 nus
281 1870 413 1904 Antipatri
422 1870 439 1905 :)
449 1870 496 1896 sed
508 1870 540 1896 ad
553 1878 689 1896 cursorem
699 1870 788 1896 redeo.
829 1869 870 1896 Ad
882 1871 1013 1905 interpre-
1034 1877 1036 1904 j

219 1912 272 1934 tem
284 1907 392 1938 detulit,
406 1907 525 1942 aquilam
536 1916 564 1933 se
576 1908 603 1933 in
615 1907 717 1933 somnis
728 1907 818 1932 visum
830 1915 888 1933 esse
902 1907 1010 1934 Iactum.
1035 1907 1036 1922 ³

219 1945 251 1970 At
268 1943 326 1974 ille,
342 1945 447 1971 Vicisti.
487 1944 537 1970 Ista
549 1945 621 1970 enim
633 1944 676 1970 avi
693 1943 762 1970 votat
778 1943 852 1970 nulla
866 1945 1013 1971 vehemeu—
1035 1941 1036 1946 ¹

219 1982 283 2008 tius.
317 1981 385 2007 Huic
396 1981 506 2015 quidem
518 1981 663 2015 Antiphon,
676 1981 750 2011 Baro,
764 1981 861 2015 inquit,
875 1986 898 2008 te
910 1983 1012 2008 victum
1034 2009 1036 2012 ,

220 2026 278 2044 esse
291 2026 342 2044 non
354 2017 449 2044 vidcs‘?
464 2018 514 2044 lsta
526 2018 598 2044 euim
610 2019 677 2049 avis,
689 2018 823 2044 insectans
833 2018 899 2045 alias
913 2028 976 2045 aves
987 2024 1013 2046 et

219 2055 332 2091 agitans,
351 2063 457 2090 semper
468 2055 525 2089 ipsa
537 2060 669 2090 postrema
680 2060 729 2082 est.
753 2056 808 2082 ⁴45.
824 2056 918 2082 Parere
929 2065 1014 2092 quae—

219 2092 281 2119 dam
297 2097 414 2119 matrona
435 2092 561 2127 cupiens,
583 2092 712 2119 dubitans
731 2098 835 2119 essetne
850 2102 1010 2129 praegnans,

220 2130 278 2155 visa
292 2134 331 2156 est
348 2130 374 2156 in
390 2130 479 2164 quiete
494 2129 663 2165 obsignatam
679 2129 777 2156 habere
789 2135 921 2157 naturam.
961 2131 1014 2157 Re-

220 2166 290 2193 tulit.
324 2167 446 2202 Negavit,
460 2175 528 2197 eam.
541 2168 668 2201 quoniam
679 2167 820 2202 obsignata
832 2167 935 2199 luisset,
949 2177 1014 2195 con-

219 2204 307 2238 cipere
326 2204 455 2238 potuisse.
496 2205 528 2230 At
548 2203 626 2234 alter,
649 2209 839 2240 praegnantem
857 2213 916 2231 esse
931 2205 1010 2232 dixit.

219 2241 287 2267 Nam
303 2241 381 2267 inane
396 2240 533 2276 obsignari
550 2240 617 2267 nihil
632 2241 726 2268 solere.
767 2241 840 2274 Quae
856 2248 895 2269 est
910 2243 959 2269 ista
970 2251 1012 2269 ars

219 2279 391 2309 coniectoris,
408 2277 542 2304 eludentis
558 2278 684 2314 ingenio?
701 2279 741 2305 An
753 2287 798 2309 ea,
815 2288 884 2314 quae
898 2279 970 2311 dixi.
987 2284 1013 2307 et

221 2315 437 2346 innumerabilia,
450 2324 518 2350 quae
529 2315 638 2342 collecta
650 2315 748 2342 habent
758 2316 848 2347 Stoici.
861 2317 1012 2352 quidquam

219 2352 384 2387 significant.
407 2353 460 2379 nisi
476 2361 588 2379 acumen
605 2353 758 2383 hominum,
781 2361 815 2380 ex
832 2353 1012 2381 similitudine
1035 2363 1036 2372 ¹

220 2388 308 2423 aliqua
320 2390 499 2416 coniecturam
512 2390 589 2417 modo
601 2390 663 2421 huc,
672 2390 751 2416 modo
762 2390 826 2416 illue
837 2391 1013 2418 ducentium?

220 2426 316 2452 Medici
330 2427 407 2462 signa
425 2427 557 2462 quaedam
574 2427 672 2454 habent
687 2436 721 2453 ex
737 2428 812 2454 venis
826 2433 851 2454 et
866 2437 900 2455 ex
914 2429 1012 2464 spiritu

221 2464 331 2497 aegroti3
346 2463 493 2499 multisque
504 2473 537 2491 ex
548 2464 608 2490 aliis
620 2464 708 2490 futura
719 2466 913 2498 praesentiunt.
954 2466 1012 2492 Gu-

222 2498 371 2526 bernatores
385 2510 470 2535 quum
485 2501 649 2528 exsultantes
669 2500 792 2536 loligines
814 2502 943 2533 viderint,
966 2507 1012 2529 aut
1034 2503 1035 2517 ¹

221 2534 362 2569 delphinos
373 2546 401 2563 se
413 2538 440 2564 in
451 2544 557 2572 portum
568 2539 755 2569 coniicienteS,
773 2543 957 2573 tempestatem
972 2540 1012 2566 si-
1034 2548 1035 2551 ¹

221 2572 341 2607 gnificat-i
353 2579 454 2607 putant.
495 2576 563 2602 Ilaec
575 2576 674 2602 ratione
685 2575 828 2610 explicari.
848 2581 873 2602 et
889 2577 922 2603 ad
934 2582 1012 2603 natu—

222 2617 277 2634 ram
290 2608 365 2635 facile
375 2613 492 2638 revocari
503 2618 628 2647 possunt:
641 2621 672 2639 ea
683 2621 754 2643 vero.
767 2621 837 2648 quae
848 2613 939 2648 paullo
950 2619 1010 2641 ante

221 2645 287 2675 dixi.
302 2645 375 2673 nullo
385 2647 470 2674 modo.
1033 2649 1041 2677 l.

325 387 379 411 1¹52.
403 385 478 410 Nunc
493 383 603 418 quidem
616 387 723 417 propter
734 382 960 408 intermissionem
973 381 1012 407 so·
1033 400 1042 423 μ

1033 538 1035 542 ⁴
1063 528 1097 554 du
1114 529 1138 554 in
1157 529 1189 554 iis
1204 528 1303 559 stellis,
1323 529 1370 563 qui
1390 537 1441 554 non
1457 527 1609 563 putabatur.

952 126 982 152 Τ.
1013 125 1263 152 etet-:noxis

1118 194 1212 221 LXXI.
1237 195 1292 221 uc.
1314 195 1346 220 At
1361 195 1434 221 enim
1448 194 1600 221 observatio
1614 194 1754 224 diuturna.
1778 194 1853 228 (hacc

1062 232 1134 258 enim
1147 240 1207 266 pars
1220 240 1270 257 una
1282 236 1370 265 restat)
1382 231 1504 258 notandis
1515 232 1596 258 rebus
1608 231 1669 258 iecit
1680 237 1772 258 artem.
1813 232 1853 258 An

1064 269 1168 294 tandem
1188 270 1291 294 somnia
1311 268 1448 294 observari
1469 268 1600 303 manunt?
1617 270 1737 301 Quonam
1759 267 1855 294 inodo?

1062 307 1129 332 Sunt
1140 306 1211 332 enim
1225 305 1435 332 innumerabiles
1448 306 1597 332 varietates.
1630 306 1702 332 Nihil
1715 311 1767 332 tam
1778 314 1855 340 prae-

1064 348 1180 377 postere.
1199 347 1250 369 tam
1268 342 1415 372 incondite.
1433 347 1486 369 tam
1502 348 1668 369 monstruose
1682 343 1792 378 cogitari
1807 351 1856 377 po-

1064 385 1122 410 test,
1138 380 1209 414 quod
1223 389 1273 406 non
1286 380 1422 414 possimus
1432 380 1575 406 somniare.
1614 379 1673 412 Quo
1684 379 1762 406 modo
1774 380 1856 414 igitur

1065 417 1128 443 haec
1145 417 1246 443 inlinita
1263 421 1288 443 et
1303 425 1409 451 semper
1425 425 1492 443 nova
1508 421 1553 443 aut
1564 417 1690 443 memoria
1701 416 1854 451 complecti,

1063 459 1107 480 aut
1117 454 1285 480 observando
1297 459 1385 480 notare
1397 453 1560 488 possumus?
1571 453 1702 489 Astrologi
1715 459 1801 480 motus
1812 463 1855 479 er-

1064 492 1179 517 rantium
1191 491 1328 517 stellarum
1341 496 1507 517 notaverunt.
1541 491 1668 517 Inventus
1679 495 1719 517 est
1729 492 1801 517 enim
1812 499 1856 517 ur-

1650 527 1721 554 Cedo
1736 527 1853 558 tandem,

1063 566 1110 600 qui
1126 566 1162 592 sit
1182 565 1246 592 ordo
1266 570 1311 591 aut
1331 574 1400 600 quae
1415 565 1582 591 concursatio
1596 564 1780 591 somniorum?
1798 564 1857 597 Quo

1063 649 1147 675 quum
1158 641 1250 666 eadem
1263 645 1288 666 et
1299 639 1360 666 aliis
1370 639 1446 666 aliter
1457 639 1571 666 evadant
1581 644 1606 666 et
1618 638 1714 665 iisdem
1726 647 1856 665 nonsem—

1063 687 1110 712 per
1129 677 1222 704 eodem
1244 676 1340 703 modo?
1360 682 1388 703 ut
1409 677 1476 703 mihi
1495 678 1594 703 mirum
1615 676 1749 707 videatur.
1771 684 1856 711 quum

1064 715 1185 741 mendaci
1203 715 1319 745 homini.
1342 723 1374 740 ne
1391 722 1483 740 verum
1495 713 1606 749 quidem
1618 713 1732 744 dicenti,
1749 712 1857 739 credere

1064 789 1186 824 aliquod.
1210 798 1260 816 non
1281 798 1315 816 ex
1335 788 1428 815 multis
1448 789 1537 823 potius
1559 789 1605 814 uni
1622 787 1702 814 iidem
1717 787 1854 823 derogant.

1063 836 1144 862 quam
1157 836 1190 854 ex
1205 835 1258 853 uno
1270 826 1476 853 innumerabilia
1488 825 1655 852 confirmant.

1121 902 1176 928 ⁴47.
1198 901 1226 928 Si
1243 901 1324 936 igitur
1336 909 1422 935 neque
1434 899 1501 926 deus
1512 905 1552 926 est
1562 899 1668 926 effector
1679 899 1854 927 somniorum.

1064 947 1151 974 neque
1163 944 1271 965 naturae
1282 938 1394 964 societas
1407 937 1459 963 ulla
1471 946 1532 963 eum
1544 937 1657 963 somniis
1669 944 1755 971 neque
1765 935 1859 961 obser-

1065 977 1169 1003 vatione
1182 976 1297 1002 inveniri
1309 976 1395 1010 potuit
1406 975 1530 1006 scientim
1545 974 1668 1000 ell'ectum
1679 978 1731 1004 est,
1749 977 1777 998 ut
1789 972 1856 998 nihil

1064 1022 1174 1048 prorsus
1185 1014 1298 1039 somniis
1311 1012 1483 1038 tribuendum
1494 1013 1542 1038 sit:
1556 1011 1712 1046 pracsertim
1724 1018 1809 1045 quum
1818 1009 1857 1035 illi

1065 1051 1126 1085 ipsi.
1140 1051 1187 1085 qui
1199 1059 1228 1076 ea
1241 1049 1340 1079 vident.
1350 1049 1417 1075 nihil
1429 1049 1564 1081 divinent3
1580 1049 1607 1077 ii.
1621 1049 1669 1083 qui
1682 1049 1859 1082 interpretan-

1065 1093 1115 1118 tur.
1129 1089 1308 1114 coniecturam
1320 1086 1478 1117 adhibeant.
1497 1095 1549 1113 non
1561 1091 1697 1112 naturam:
1719 1093 1799 1110 casus
1810 1092 1859 1110 au-

1065 1130 1117 1151 tem
1130 1123 1375 1151 innumerabilibus
1385 1132 1469 1158 paene
1480 1123 1596 1150 saeculis
1609 1124 1635 1149 in
1647 1120 1859 1156 omnibusplura

1065 1162 1212 1192 mirabilia,
1230 1170 1311 1196 quam
1329 1161 1354 1187 in
1365 1162 1531 1187 somniorum
1543 1161 1610 1187 visis
1619 1159 1748 1186 effecerit:
1771 1166 1859 1193 neque

1042 1221 1043 1225 ,
1064 1200 1302 1234 coniectura,quae
1315 1199 1342 1224 in
1355 1199 1442 1224 varias
1453 1203 1541 1233 partes
1551 1198 1715 1232 ducipotest.
1724 1204 1859 1222 nonnum-

1042 1252 1043 1256 «
1064 1245 1145 1271 quam
1166 1237 1245 1263 etiam
1268 1236 1294 1262 in
1316 1236 1474 1267 contrarias,
1495 1235 1646 1270 quidquam
1666 1235 1701 1260 sit
1719 1233 1857 1260 incertius.

1042 1286 1043 1291 =
1066 1274 1171 1300 LXXII.
1190 1275 1246 1299 ΗΒ.
1264 1272 1429 1307 Explodatur
1443 1273 1506 1299 haec
1520 1281 1628 1307 quoque
1638 1271 1805 1298 somniorum
1816 1269 1859 1296 di-

1065 1311 1165 1337 vinatio
1183 1311 1280 1345 pariter
1295 1319 1356 1336 cum
1368 1311 1473 1336 ceteris.
1513 1311 1578 1336 Nam
1592 1314 1620 1335 ut
1632 1317 1693 1335 vere
1706 1308 1855 1343 loquamur.

1064 1349 1234 1383 superstitio,
1257 1347 1315 1374 fusa
1332 1356 1380 1382 per
1394 1353 1501 1383 gentes,
1518 1347 1653 1382 oppressit
1666 1346 1788 1372 omnium
1804 1344 1859 1370 sere

1065 1387 1169 1412 animos
1194 1390 1274 1420 atque
1299 1385 1439 1411 hominum
1470 1384 1682 1411 imbecillitatem
1704 1382 1857 1417 occupavit.

1064 1498 1136 1524 enim
1151 1502 1177 1524 et
1192 1497 1325 1523 nobismet
1342 1497 1422 1531 ipsis,
1445 1502 1471 1523 et
1486 1497 1583 1523 nostris
1599 1495 1732 1530 profuturi
1749 1493 1860 1520 videba-

1065 1543 1138 1565 mur,
1160 1535 1184 1560 si
1204 1542 1262 1560 eam
1280 1534 1401 1560 funditus
1416 1534 1634 1560 sustulissemus.
1674 1533 1727 1558 Nec
1744 1539 1806 1558 vero
1822 1530 1859 1565 (id

1042 1587 1043 1591 =
1064 1573 1136 1598 enim
1152 1571 1296 1607 diligenter
1311 1571 1426 1607 intelligi
1443 1571 1512 1606 volo)
1532 1570 1722 1606 superstitione
1743 1567 1859 1595 tollenda

1064 1609 1159 1645 religio
1171 1609 1281 1635 tollitur.
1306 1609 1373 1635 Nam
1384 1614 1410 1635 et
1421 1609 1551 1635 maiorum
1565 1608 1685 1634 instituta
1696 1606 1765 1633 tueri
1775 1606 1859 1632 sacris

1042 1663 1043 1667 ,
1064 1646 1289 1680 caerimoniisque
1300 1645 1447 1672 retinendis
1458 1646 1588 1680 sapientis
1603 1649 1656 1670 est:
1673 1649 1699 1670 et
1711 1651 1770 1670 esse
1781 1651 1860 1678 prae-

1064 1688 1177 1710 stantem
1189 1683 1308 1717 aliquam
1319 1688 1507 1717 aeternamque
1519 1688 1650 1712 naturam‚
1662 1686 1688 1707 et
1698 1689 1757 1707 eam
1767 1681 1860 1714 suspi-

1064 1720 1187 1747 ciendam
1199 1719 1440 1754 admirandamque
1458 1719 1598 1745 hominum
1613 1718 1719 1754 generi,
1737 1716 1860 1752 pulchri-

1065 1757 1128 1784 tudo
1139 1757 1233 1783 mundi
1249 1757 1367 1791 ordoque
1378 1766 1466 1783 rerum
1478 1756 1634 1783 caelestium
1645 1756 1716 1791 cogit
1727 1754 1857 1781 confiteri.

1068 1796 1122 1821 ⁴49.
1144 1794 1338 1827 Quamobrem,
1362 1799 1390 1820 ut
1411 1793 1505 1829 religio
1526 1792 1696 1829 propaganda
1712 1793 1791 1818 etiam
1808 1797 1856 1817 est.

1042 1851 1043 1856 .
1064 1840 1133 1866 quae
1147 1837 1186 1858 est
1198 1833 1286 1858 iuncta
1298 1840 1359 1857 cum
1372 1832 1523 1866 cognitione
1536 1836 1658 1857 naturae:
1677 1831 1716 1856 sic
1727 1829 1858 1864 supersti-

1065 1870 1144 1895 tionis
1160 1869 1257 1903 stirpes
1267 1877 1360 1895 omnes
1371 1868 1530 1894 eiiciendae.
1571 1868 1652 1894 Instat
1663 1867 1736 1893 enim
1746 1871 1772 1892 et
1783 1871 1859 1901 urget

1064 1911 1102 1937 et,
1120 1915 1174 1941 quo
1189 1911 1212 1932 te
1226 1914 1343 1940 cumque
1355 1907 1478 1935 verteris,
1497 1905 1680 1940 persequitur;
1703 1905 1801 1930 sivetu
1812 1911 1860 1929 va-

1064 1949 1126 1974 tem,
1135 1944 1192 1970 sive
1205 1949 1232 1970 tu
1243 1951 1320 1969 omen
1333 1942 1463 1975 audieris3
1478 1943 1536 1969 sive
1548 1941 1704 1970 immolaris.
1713 1941 1771 1967 sive
1781 1948 1859 1966 avem

1064 1981 1214 2015 aspexeris:
1238 1981 1261 2006 si
1277 1980 1455 2011 Chaldaeum.
1473 1981 1495 2006 si
1512 1980 1684 2014 haruspicem
1703 1977 1817 2010 videris3
1835 1979 1860 2003 si

1042 2014 1043 2038 ἶ
1065 2018 1177 2048 fulserit,
1191 2018 1214 2044 si
1226 2018 1349 2048 tonuerit.
1363 2018 1385 2043 si
1398 2022 1496 2044 tactum
1509 2016 1613 2052 aliquid
1623 2017 1673 2042 erit
1683 2015 1716 2042 de
1727 2014 1813 2046 caelo;
1835 2015 1859 2040 si

1064 2056 1160 2082 ostenti
1172 2054 1262 2081 simile
1274 2060 1365 2081 natum
1377 2054 1511 2081 factumve
1521 2054 1676 2089 quippiam:
1689 2060 1859 2088 quorumne·

1064 2101 1138 2119 cesse
1150 2098 1189 2118 est
1201 2091 1360 2127 plerumque
1372 2091 1476 2127 aliquid
1487 2092 1605 2122 eveniat;
1622 2095 1651 2117 ut
1665 2097 1813 2125 numquam
1825 2088 1859 2115 li-

1065 2135 1121 2156 ceat
1136 2130 1226 2164 quieta
1243 2134 1330 2155 niente
1341 2130 1497 2155 consistere.
1540 2129 1595 2154 ⁴50.
1613 2127 1770 2163 Perfugium
1781 2125 1859 2152 vide-

1065 2173 1108 2194 tur
1117 2167 1239 2193 omnium
1255 2166 1377 2193 laborum
1391 2171 1417 2193 et
1431 2165 1646 2192 sollicitudinum
1661 2173 1720 2191 esse
1734 2171 1855 2190 somnus.

1065 2205 1097 2231 At
1118 2213 1152 2230 ex
1171 2212 1202 2230 eo
1221 2205 1280 2238 ipso
1301 2204 1433 2238 plurimae
1448 2211 1528 2229 curae
1543 2207 1684 2237 metusque
1700 2205 1852 2228 nascuntur.

1064 2242 1116 2274 Qui
1130 2240 1242 2276 quidem
1259 2241 1311 2275 ipsi
1327 2249 1375 2275 per
1389 2249 1418 2267 se
1430 2241 1520 2267 minus
1531 2239 1651 2266 valerent
1661 2243 1687 2265 et
1696 2238 1782 2273 magis
1793 2245 1858 2264 eon—

1065 2283 1254 2309 temnerentur‚
1271 2279 1324 2304 nisi
1335 2279 1500 2304 somniorum
1512 2277 1691 2312 patrocinium
1701 2274 1857 2310 philosophi

1064 2316 1258 2350 suscepissent.
1282 2323 1330 2341 nec
1346 2316 1365 2341 ii
1380 2315 1492 2350 quidem
1507 2313 1743 2348 contemptissimi.
1765 2311 1812 2338 sed
1828 2312 1856 2337 in

1063 2353 1159 2388 primis
1170 2353 1240 2379 acuti
1252 2358 1276 2379 et
1286 2353 1477 2387 consequentia
1491 2357 1517 2378 et
1527 2350 1702 2386 repugnantia
1717 2348 1853 2375 videntes:

1062 2391 1109 2425 qui
1122 2398 1203 2424 prope
1215 2391 1268 2416 iam
1279 2389 1396 2416 absoluti
1405 2395 1431 2416 et
1441 2389 1551 2424 perfecti
1562 2391 1697 2423 putantur.
1735 2385 1855 2418 Quorum

1064 2427 1186 2453 licentiae
1198 2428 1251 2453 nisi
1262 2426 1412 2453 Carneades
1422 2427 1576 2456 restitisset,
1593 2423 1665 2450 haud
1675 2424 1744 2453 scio,
1761 2431 1794 2449 an
1805 2422 1856 2449 soli

1063 2465 1116 2490 iam
1128 2463 1283 2499 philosophi
1295 2464 1487 2490 iudicarentur.
1527 2462 1595 2489 Cum
1604 2460 1706 2496 quibus
1717 2461 1805 2486 omnis
1816 2459 1856 2486 ἰε-

1063 2510 1090 2528 re
1106 2502 1184 2528 nobis
1199 2501 1358 2536 disceptatio
1371 2501 1558 2534 contentioque
1573 2503 1627 2524 est:
1650 2506 1702 2524 non
1717 2496 1790 2532 quod
1809 2505 1855 2523 eos

1062 2540 1180 2565 maxime
1191 2544 1407 2568 contemnamus.
1422 2537 1470 2563 sed
1480 2535 1553 2572 quod
1563 2535 1689 2562 videntur
1699 2535 1855 2561 acutissime

1062 2576 1208 2602 sententias
1223 2584 1286 2602 suas
1297 2575 1560 2610 prudentissimeque
1570 2571 1724 2598 defendere.
1763 2571 1854 2603 Quum

1062 2618 1150 2639 autem
1165 2613 1303 2647 proprium
1319 2613 1354 2639 sit
1364 2611 1532 2641 Academiae,
1550 2609 1682 2636 iudicium
1697 2617 1779 2635 suum
1792 2607 1855 2634 nul-

1063 2650 1118 2676 lum
1130 2651 1311 2685 interponere,
1329 2658 1359 2675 ea
1373 2648 1498 2683 probare.
1513 2655 1582 2682 quae
1593 2646 1733 2673 simillima
1743 2646 1802 2672 veri
1811 2645 1855 2671 vi-
