1941 3052
238 115 300 140 tur,
794 112 851 137 122.
886 110 921 136 M.

235 190 285 214 tur,
300 193 383 219 euque
395 182 519 208 euimlem
532 190 567 207 Mi
581 182 718 213 signorum
730 180 822 206 orbem
834 180 911 206 annis
920 187 1027 205 utcon—

236 223 302 251 lit-it,
316 221 490 254 easdemque,
504 228 572 253 quini
583 218 688 243 Saturni
701 217 790 247 stella.
809 217 891 243 eflicit
908 217 933 242 iu
945 224 1026 242 cursu

236 259 384 284 varietati-³⁴.
426 259 466 282 511.
490 256 556 282 lluic
582 260 668 280 nutem
695 255 848 289 proximum
875 253 1026 279 inferiorem

233 296 325 321 ortu-iu
343 299 411 321 tvm-t
428 293 552 327 ΙΙυρὺιικ,
576 301 644 326 quae
665 291 740 317 stt-lla
757 292 847 317 Martis
867 290 1025 325 appellatur,

234 342 318 367 eaque
332 341 350 357 ii
367 337 392 356 et
406 339 438 355 xx
454 329 601 358 nwnsnbus.
617 337 650 357 νι,
661 333 688 354 ut
699 329 802 363 opinor,
816 328 914 353 diebus
926 329 1025 357 minus,

235 369 358 395 euimlem
374 368 464 393 lustrat
476 366 577 396 urbem,
591 375 671 400 quem
683 365 752 391 dum·
764 366 925 400 superiores.
958 364 1026 390 {ntra

234 412 321 432 autem
336 406 402 431 lianc
414 404 488 429 stella
501 404 623 429 Mercurii
636 408 688 429 est:
707 412 736 428 ea
749 404 863 437 Σιίλςίων
879 401 1028 436 appellatur

234 453 247 469 a
261 443 382 471 firma-iffi
401 450 469 476 quae
485 450 553 466 nnno
566 440 618 466 sere
632 445 748 466 vertente
759 439 920 473 signiferum
935 439 1028 464 lustrat

233 480 324 505 orlwm
342 487 427 513 neque
443 487 456 503 a
472 478 526 503 sole
544 478 649 511 longius
666 486 793 512 umquam
807 477 888 503 unius
903 476 973 510 signi
987 477 1028 502 in-
1050 485 1057 503 ,¹

234 516 343 543 tervallu
363 515 478 542 discedit
499 520 552 542 tum
575 519 742 541 antevertens
764 519 820 540 tum
845 513 1025 548 subsequens.

234 554 325 580 intima
337 558 376 579 cst
390 553 511 588 quinque
523 552 667 578 errantium
681 557 818 586 terraeque
830 551 951 585 proxima
963 550 1027 576 stel-
1056 551 1057 560 ¹

235 591 256 616 la
269 591 392 620 Veneris,
406 599 474 625 quae
488 589 631 624 ‘lutat-qaino:
642 590 751 620 Graece,
766 589 857 615 Latine
869 588 1028 614 diciturLu-

232 628 311 658 ciser,
328 636 412 662 quum
430 627 612 662 antegreditur
627 626 724 657 solem,
747 635 831 661 quum
851 626 1028 660 subsequitur

233 670 334 694 autem,
347 666 485 699 ''liurnagm‚·.
526 665 562 690 Ea
577 673 687 690 cursum
704 672 773 690 anno
783 663 889 689 coniicit
901 667 925 689 et
938 662 1028 688 latitu-

232 703 324 728 dinem
338 701 453 728 lustrans
465 701 588 734 signiferi
602 701 675 727 orbis
687 706 712 728 et
724 700 934 736 longitudinem:
955 699 1026 735 quod

234 740 304 766 idem
327 739 426 766 faciunt
441 739 533 765 stellae
554 739 719 773 superiores:
742 747 829 773 neque
849 746 977 772 umquam
995 737 1027 762 ab

232 777 287 803 sole
299 777 414 803 (luorum
426 777 565 812 signorum
577 775 717 802 intervallo
729 775 835 809 longius
846 775 961 801 discedit
971 779 1026 801 tum

232 814 392 840 antecedens
409 819 463 840 tum
481 813 661 848 subsequens.
703 813 776 839 xxi.
798 814 839 839 55.
863 813 1028 847 llancigitur

233 852 260 878 in
272 851 358 878 stellis
371 851 561 881 constantiam,
581 851 648 877 hanc
665 855 763 877 tantam
780 855 832 876 tam
848 850 930 876 variis
941 849 1029 875 cursi-

233 889 284 915 bus
298 889 323 915 in
334 889 407 914 omni
419 889 571 914 aeternitate
583 889 797 914 convenientiam
813 892 962 922 temporum
976 895 1027 912 non

233 935 378 961 possumus
400 925 549 959 intelligere
569 926 626 951 sine
643 930 744 954 mente,
768 925 881 955 ratione,
904 923 1026 950 consilio.

232 964 306 995 Quae
317 972 402 998 quum
416 963 441 989 in
452 963 588 989 sideribus
601 963 688 988 inesse
701 962 850 992 videamus,
868 970 918 988 non
932 969 1029 996 possu—

232 1009 294 1026 mus
310 1009 338 1026 ea
357 1001 414 1035 ipsa
431 1009 482 1026 non
498 1001 524 1026 in
540 999 651 1026 deorum
668 1008 779 1026 numero
795 1008 932 1034 reponere.

232 1046 296 1064 vero
307 1037 398 1064 stellae
410 1046 469 1068 eae,
482 1046 550 1072 quae
562 1038 708 1064 inerrantes
721 1041 861 1067 vocantur,
880 1045 930 1062 non
942 1036 1029 1071 signi-

233 1075 312 1101 ficant
323 1075 445 1101 eamdem
458 1079 572 1101 mentem
585 1080 664 1109 atque
672 1074 975 1109 prudentiam,quarum
989 1078 1030 1099 est

232 1112 403 1146 quotidiana,
427 1112 590 1138 conveniens
606 1117 784 1146 constansque
804 1111 957 1141 conversio,
981 1119 1029 1136 nec

233 1149 332 1176 habent
346 1149 482 1175 aethereos
498 1158 594 1175 cursus
610 1157 696 1184 neque
712 1148 784 1175 caelo
801 1149 983 1178 inhaerentes,
1000 1152 1029 1174 ut

232 1187 354 1221 plerique
375 1186 469 1212 dicunt
489 1186 617 1222 physicae
639 1187 748 1212 rationis
770 1186 867 1221 ignari.
908 1186 964 1211 Non
989 1189 1029 1211 est

232 1225 304 1250 enim
326 1224 441 1250 aetheris
458 1232 487 1249 ea
504 1228 610 1254 natura,
632 1228 661 1250 ut
677 1224 703 1249 vi
719 1231 767 1249 sua
783 1222 874 1249 stellas
887 1221 1028 1257 complexa

231 1266 413 1296 contorqueat.
454 1261 520 1287 Nam
541 1261 630 1287 tenuis
645 1269 675 1286 ac
689 1260 831 1295 perlucens
849 1265 875 1286 et
892 1259 1029 1294 aequabili

232 1298 318 1325 calore
330 1298 450 1324 suffusus
465 1298 556 1324 aether
571 1307 622 1324 non
636 1299 701 1324 satis
717 1303 796 1332 aptus
810 1297 843 1323 ad
859 1297 951 1324 stellas
965 1305 1030 1323 con-

231 1335 355 1362 tinendas
368 1335 483 1362 videtur.
525 1337 567 1362 55.
591 1335 693 1362 liabent
704 1335 787 1370 igitur
797 1344 874 1361 suam
886 1335 1028 1370 sphaeram

231 1373 323 1399 stellae
335 1373 496 1403 inerrantes.
518 1373 551 1399 ab
566 1372 688 1399 aetherea
698 1373 886 1399 coniunctione
898 1377 1028 1398 secretam

231 1415 257 1437 et
278 1410 400 1437 liberam.
441 1410 540 1436 Earum
561 1414 649 1436 autem
670 1418 811 1445 peremnes
831 1419 928 1436 cursus
948 1414 1028 1444 atque

230 1448 355 1482 perpetui
366 1456 428 1474 cum
440 1447 594 1473 admirabili
607 1447 815 1482 incredibilique
826 1447 974 1474 constantia
981 1446 1029 1472 de-

231 1484 332 1511 clarant
343 1485 370 1511 in
382 1485 424 1511 his
436 1485 491 1511 vim
503 1489 528 1511 et
542 1489 658 1511 mentem
674 1493 733 1510 esse
749 1484 884 1511 divinam:
904 1489 945 1515 ut,
964 1484 1029 1510 haec

231 1523 289 1556 ipsa
301 1523 348 1557 qui
361 1531 412 1549 non
424 1523 520 1548 sentiat
531 1522 643 1548 deorum
654 1522 710 1548 vim
718 1522 825 1553 habere,
835 1522 857 1548 is
864 1521 1030 1548 nihilomni-

231 1568 265 1586 no
275 1568 406 1586 sensurus
417 1568 475 1586 esse
487 1559 619 1586 videatur.
659 1561 701 1585 56.
723 1559 801 1585 Nulla
820 1560 903 1595 igitur
919 1559 945 1585 in
956 1558 1029 1585 caelo

231 1605 280 1623 nec
293 1596 396 1623 fortuna
408 1605 456 1623 nec
467 1598 602 1623 temeritas
614 1605 662 1623 nec
673 1597 769 1623 erratio
781 1605 829 1623 nec
837 1597 1026 1627 vanitasinest‚

231 1639 376 1669 contraque
386 1635 474 1660 omnis
484 1634 557 1664 ordo,
566 1635 673 1665 veritas,
683 1635 758 1664 ratio,
771 1635 929 1660 constantia.
941 1634 1030 1666 Quae-

230 1679 284 1706 que
296 1671 339 1697 his
351 1676 458 1702 vacant,
472 1672 598 1697 ementita
610 1676 635 1698 et
647 1671 712 1698 falsa
724 1670 858 1706 plenaque
869 1672 979 1702 erroris,
998 1679 1027 1697 ea

231 1709 332 1734 circum
350 1713 432 1735 terras
444 1708 512 1735 inl'ra
525 1708 630 1739 lunam,
648 1717 716 1743 quae
730 1709 852 1735 omnium
868 1708 963 1735 ultima
977 1713 1026 1739 est,

232 1746 259 1771 in
281 1746 413 1780 terrisque
433 1751 583 1772 versantur.
624 1745 786 1772 Caelestium
802 1754 865 1782 ergo
881 1745 1029 1772 admirabi-

232 1782 283 1808 lem
300 1783 422 1809 ordinem
443 1783 686 1818 incredibilemque
707 1784 898 1814 constantiam,
921 1791 955 1809 ex
975 1791 1028 1817 qua

231 1821 398 1846 conservatio
410 1825 435 1846 et
446 1820 519 1847 salus
529 1821 651 1847 omnium
663 1821 752 1846 omnis
761 1821 858 1851 oritur,
874 1821 922 1855 qui
934 1828 1028 1846 vacare

231 1863 319 1883 mente
332 1862 415 1892 putat,
429 1858 451 1883 is
463 1858 520 1892 ipse
532 1858 630 1883 mentis
640 1866 736 1892 expers
749 1857 890 1883 habendus
901 1862 951 1884 est.
985 1858 1027 1883 57.

232 1894 307 1920 Haud
319 1903 394 1930 ergo,
409 1899 438 1920 nt
447 1895 551 1929 opinor,
568 1903 690 1921 erravero
699 1915 705 1924 ,
723 1895 746 1920 si
757 1903 771 1920 a
783 1895 904 1929 principe
916 1895 1030 1920 investi-

231 1931 334 1966 gandae
360 1932 478 1957 veritatis
494 1932 576 1958 huius
591 1931 781 1966 disputationis
795 1932 962 1966 principium
977 1931 1030 1957 du-

232 1976 305 1994 xero.
346 1968 431 1995 xxu.
453 1969 522 1995 Zeno
534 1969 617 2004 igitu‘r
627 1973 748 1995 naturam
760 1969 795 1995 ita
806 1969 912 2000 definit,
929 1974 958 1995 ut
969 1977 1028 1995 eam

232 2005 303 2031 dicat
317 2005 407 2041 ignem
419 2014 477 2032 esse
489 2006 663 2032 artificiosum
672 2026 678 2037 ,
695 2006 728 2032 ad
738 2006 906 2041 gignendum
919 2015 1030 2041 progre-

231 2042 350 2068 dientem
370 2043 424 2069 via.
464 2043 561 2069 Censet
579 2044 651 2069 enim
673 2044 737 2069 artis
753 2044 870 2069 maxime
889 2045 1029 2078 proprium
1050 2057 1052 2063 ›

231 2088 290 2106 csse
306 2088 395 2106 creare
411 2084 436 2106 et
449 2081 573 2115 gignere3
596 2079 723 2115 quodque
740 2081 766 2107 in
783 2081 911 2115 operibus
926 2086 1030 2107 nostra·
1050 2093 1052 2104 v

231 2125 292 2142 rum
308 2118 405 2143 artium
423 2126 518 2143 manus
533 2117 645 2147 el'liciat,
663 2117 689 2143 id
701 2117 786 2144 multo
797 2118 969 2144 artificiosius
981 2127 1029 2144 na-

231 2158 319 2180 turam
334 2153 452 2185 efficere,
473 2154 500 2180 id
516 2159 569 2185 est,
595 2159 624 2181 ut
638 2154 710 2186 dixi,
729 2155 819 2191 ignem
840 2155 1026 2187 artificiosum,

231 2192 391 2227 magistrum
412 2192 510 2218 artium
531 2191 707 2226 reliquarum.
748 2193 835 2227 Atque
852 2192 901 2218 hac
915 2193 1027 2227 quidem
1050 2222 1051 2228 ¹

231 2229 332 2255 ratione
347 2229 436 2255 omnis
451 2234 543 2255 natura
561 2229 702 2255 artificiosa
714 2234 767 2260 est,
785 2229 858 2264 quod
870 2229 1028 2265 habetqua-

231 2266 255 2291 si
275 2266 346 2292 viam
367 2266 512 2300 quamdam
529 2271 554 2292 et
571 2271 684 2297 sectam,
707 2275 789 2301 quam
805 2272 943 2302 sequatur.
984 2269 1026 2294 58.

230 2303 319 2337 Ipsius
331 2311 394 2329 vero
410 2303 518 2334 mundi,
536 2305 584 2338 qui
599 2304 689 2330 omnia
704 2303 847 2338 complexu
862 2313 911 2331 suo
924 2309 1028 2331 coercet

231 2344 257 2365 et
267 2341 392 2370 continet.
407 2346 500 2366 natura
512 2350 563 2367 non
575 2340 717 2367 artificiosa
729 2341 827 2372 solum,
836 2341 883 2367 sed
894 2341 974 2376 plane
984 2351 1028 2368 ar-

231 2376 296 2403 tifex
308 2377 341 2403 ab
351 2377 445 2404 eodem
456 2379 560 2404 Zenone
575 2378 687 2409 dicitur,
709 2378 860 2404 consultrix
874 2384 899 2405 et
914 2379 1027 2413 provida

230 2414 377 2440 utilitatum
388 2417 672 2450 opportunitatumque
681 2416 814 2441 omnium.
846 2416 933 2451 Atque
944 2421 973 2442 ut
983 2425 1028 2443 ce—

232 2454 301 2476 terae
313 2456 420 2478 naturae
432 2453 490 2478 suis
501 2452 652 2478 seminibus
663 2461 788 2487 quaeque
799 2453 962 2488 gignuntur,
978 2463 1028 2480 au-

231 2493 352 2521 gescunt,
366 2490 549 2515 continentur:
571 2490 610 2515 sic
622 2494 714 2516 natura
727 2490 823 2515 mundi
833 2498 926 2516 omnes
938 2496 1027 2517 motus

234 2523 312 2565 habet
324 2524 487 2552 voluntarios
497 2531 664 2561 conatusque
675 2531 701 2552 et
711 2527 897 2561 appetitiones,
906 2536 974 2562 quas
981 2528 1026 2563 ὁρ-

232 2570 283 2593 μας
298 2561 392 2587 Graeci
409 2568 515 2594 vocant,
538 2568 564 2590 et
580 2564 624 2595 his
639 2568 830 2590 consentaneas
849 2566 966 2591 actiones
986 2566 1027 2591 sic

233 2595 350 2627 adhibet,
365 2603 392 2624 ut
404 2601 570 2634 nosmetipsi,
583 2601 630 2636 qui
642 2601 740 2627 animis
751 2609 892 2627 movemur
903 2607 928 2628 et
938 2603 1027 2628 sensi-

234 2632 294 2659 bus.
335 2634 406 2661 Talis
418 2636 499 2672 igitur
511 2646 586 2664 mens
597 2638 692 2665 mundi
703 2646 790 2674 quum
800 2639 848 2670 sit,
866 2639 900 2665 ob
912 2647 1026 2675 eamque
1047 2642 1051 2669 l

1056 372 1057 381 ¹
1080 365 1253 400 pulchritudo
1263 366 1298 391 sit
1309 370 1388 400 atque
1398 366 1487 392 omnis
1497 371 1615 393 ornatus.

955 109 985 135 T.
1019 108 1295 135 CICERONIS

1078 188 1200 205 caussam
1219 179 1259 205 vel
1277 179 1416 214 prudentia
1430 179 1471 206 vel
1483 180 1651 215 providentia
1663 180 1791 216 appellari
1803 186 1872 208 recte

1079 217 1172 251 possit,
1182 217 1290 249 (Graece
1297 217 1369 242 enim
1378 216 1486 252 πρόνοια
1493 217 1592 244 dicitur
1601 229 1617 252 :l
1625 218 1688 244 haec
1701 219 1872 254 'mtissimurn

1079 253 1215 288 providet,
1233 259 1258 280 et
1277 254 1302 280 in
1319 254 1362 279 his
1374 254 1490 280 maxime
1501 260 1541 281 est
1554 260 1695 290 occupata,
1715 256 1832 290 primum
1845 261 1874 283 ut

1079 290 1197 317 nunnius
1208 299 1289 325 quam
1300 291 1457 325 aptissimus
1468 292 1503 317 ait
1514 291 1546 318 ad
1559 293 1780 327 permanendum.
1796 293 1874 320 dein-

1079 328 1111 353 de
1125 327 1236 354 utnulla
1254 337 1280 353 re
1296 333 1385 363 egeat.
1408 329 1524 355 maxime
1541 334 1628 356 autem
1646 335 1674 356 ut
1691 331 1716 356 in
1732 340 1763 356 eo
1773 330 1873 357 eximia

1657 367 1752 394 xxm.
1769 369 1811 393 59.
1829 367 1875 394 Dl-

1079 408 1150 428 ctum
1163 407 1202 428 est
1213 402 1246 428 de
1259 403 1386 428 universo
1397 402 1511 433 mundo.
1529 403 1631 429 dictum
1647 410 1686 430 est
1700 406 1779 431 etiam
1792 405 1825 430 de
1837 405 1875 431 si-

1079 439 1203 469 deribus,
1223 445 1250 466 ut
1265 440 1316 466 iam
1329 440 1522 474 propemodum
1535 447 1660 475 appareat
1671 441 1815 468 multitudo
1827 450 1875 468 nec

1079 477 1242 503 cessantium
1255 477 1381 508 deorum,
1399 486 1447 503 nec
1457 486 1500 507 ea,
1518 486 1587 512 quae
1599 484 1687 513 agant.
1705 479 1874 506 molientium

1079 523 1140 540 cum
1159 514 1247 540 labore
1261 523 1373 548 operoso
1389 523 1418 540 ac
1434 514 1555 541 molesto.
1597 516 1653 542 Non
1669 516 1741 542 enim
1759 517 1834 543 venis
1850 521 1876 542 et

1080 552 1170 578 nervis
1190 556 1215 578 et
1230 552 1338 577 ossibus
1353 553 1536 583 continentur,
1563 561 1611 578 nec
1630 553 1663 578 iis
1682 554 1752 579 escis
1768 558 1812 580 aut
1827 562 1875 588 po-

1080 589 1199 615 tionibus
1225 594 1383 620 vescuntur,
1411 594 1439 616 ut
1459 594 1504 615 aut
1525 590 1606 616 nimis
1626 599 1699 616 acres
1723 595 1769 617 aut
1793 591 1876 617 nimis

1078 631 1215 653 concretos
1228 626 1354 653 humores
1365 626 1506 661 colligant:
1526 636 1573 653 nec
1589 627 1622 653 iis
1632 627 1790 662 corporibus
1801 632 1874 658 sunt,

1056 678 1057 684 ι
1080 669 1108 690 ιιι
1123 669 1168 690 aut
1183 673 1262 689 casus
1279 669 1324 690 aut
1339 664 1407 690 ictus
1423 664 1613 695 extimescant,
1636 670 1681 691 aut
1698 665 1804 691 morbos
1819 674 1876 691 me-

1079 706 1154 727 tuant
1174 710 1207 727 ex
1227 700 1418 736 defatigatione
1445 701 1637 728 membrorum.
1681 702 1754 734 Quae
1781 711 1876 729 verens

1056 757 1057 762 ,
1079 739 1213 773 Epicurus
1234 747 1449 773 monogrammos
1469 738 1533 765 deos
1551 744 1576 765 et
1592 738 1659 765 nihil
1676 744 1784 775 agentes
1801 748 1876 766 com-

1080 781 1187 802 mentus
1199 780 1248 802 est.
1289 778 1330 802 60,
1354 775 1394 802 11Ιί
1410 781 1498 802 autem
1512 776 1692 811 pulcherrima
1705 776 1787 803 forma
1798 785 1876 812 pree-

1079 813 1128 839 diti
1141 814 1341 848 purissimaque
1357 814 1382 839 in
1400 814 1508 849 regione
1523 813 1591 840 caeli
1604 814 1724 840 collocati
1738 815 1772 841 ita
1784 814 1876 841 [erun-

1080 855 1131 880 tur,
1146 850 1371 885 moderanturque
1382 859 1488 880 cursus.
1506 856 1533 877 ut
1545 851 1577 877 ad
1589 852 1677 878 onmia
1692 851 1876 878 conservanda

1056 900 1059 907 »
1079 893 1105 914 et
1116 887 1213 914 tuenda
1228 889 1398 914 consensisse
1412 888 1562 914 videantur.

1134 925 1232 951 Multae
1243 930 1332 951 autem
1345 925 1411 952 aliae
1424 930 1532 951 naturae
1544 925 1655 952 deorum
1667 934 1700 952 ex
1712 926 1818 962 magnis
1828 925 1878 952 be-

1058 983 1059 986 .
1080 962 1184 988 neliciis
1199 971 1290 988 eorum
1306 971 1357 989 non
1374 963 1432 988 sine
1448 971 1542 989 caussa
1558 968 1583 989 et
1597 972 1610 989 a
1626 964 1752 989 Graeciae
1768 964 1878 998 sapien-

974 999 1029 1024 Nec
1058 1022 1059 1031 ,

1080 1045 1132 1072 que
1145 1041 1217 1062 sunt.

1081 1000 1194 1026 tissimis
1205 1004 1231 1026 et
1241 1009 1255 1025 a
1268 999 1416 1025 maioribus
1428 1001 1525 1026 nostris
1536 1001 1695 1026 constitutae
1712 1001 1878 1027 nominatae-

1257 1036 1397 1072 Quidquid
1409 1038 1481 1063 enim
1494 1046 1618 1072 magnam
1631 1037 1772 1064 utilitatem
1784 1038 1877 1073 generi

1080 1074 1183 1100 afferret
1195 1074 1326 1104 humano,
1348 1074 1374 1100 id
1391 1083 1442 1100 non
1452 1075 1511 1100 sine
1522 1074 1614 1101 divina
1627 1075 1743 1101 bonitate
1754 1084 1816 1111 erga
1829 1075 1878 1102 ho-

1081 1112 1168 1137 mines
1189 1111 1246 1137 lieri
1265 1111 1474 1138 arbitrabantur.
1516 1113 1607 1146 ltaque
1623 1117 1680 1138 tum
1699 1112 1767 1138 ulud
1776 1133 1782 1143 ,
1804 1111 1877 1148 quod

1080 1153 1135 1175 erat
1146 1158 1159 1174 a
1171 1148 1222 1174 deo
1233 1148 1375 1179 donatum,
1392 1149 1500 1175 nomine
1516 1150 1603 1184 ipsius
1613 1148 1657 1175 dei
1669 1149 1874 1184 nuncupabant:

1080 1191 1109 1212 ut
1124 1194 1210 1221 quum
1227 1185 1318 1221 fruges
1334 1186 1456 1213 Cererem
1473 1186 1656 1221 appellamus,
1677 1187 1772 1213 vinum
1788 1192 1876 1214 autem

1081 1223 1222 1255 Liberum;
1239 1231 1274 1250 ex
1284 1232 1338 1258 quo
1350 1223 1417 1249 illud
1429 1223 1555 1254 Terentii,

1154 1275 1191 1280 ——
1201 1263 1256 1286 sine
1269 1261 1287 1287 ζ’
1288 1270 1358 1287 erere
1368 1266 1391 1286 e!
1403 1261 1493 1287 Libero
1502 1264 1578 1294 [riye‘t
1591 1261 1686 1287 Venus.-

1080 1299 1122 1324 61,
1135 1302 1192 1324 tum
1204 1303 1293 1324 autem
1306 1307 1347 1324 res
1360 1298 1427 1333 ipsa,
1442 1298 1468 1324 in
1481 1307 1534 1333 qua
1546 1299 1588 1325 vis
1599 1299 1669 1325 inest
1681 1299 1765 1324 maior
1774 1297 1875 1333 aliqua,

1080 1336 1120 1362 sic
1131 1335 1291 1370 appellatur,
1305 1340 1334 1362 ut
1344 1344 1373 1361 ea
1387 1336 1444 1370 ipsa
1455 1336 1610 1362 nominetur
1620 1335 1696 1365 deus,
1711 1335 1834 1366 umidos,
1849 1340 1878 1362 ut

1058 1375 1059 1378 ’
1081 1374 1169 1399 Mens:
1182 1381 1250 1407 quas
1262 1373 1288 1399 in
1302 1372 1433 1408 Capitolio
1444 1373 1581 1400 dedicatas
1592 1373 1718 1399 videmus
1730 1373 1852 1408 proxime
1863 1382 1877 1399 a

1080 1411 1116 1437 M.
1131 1410 1246 1437 Aemilio
1258 1410 1370 1442 Scauro3
1385 1415 1445 1437 ante
1456 1416 1545 1437 autem
1557 1411 1590 1437 ab
1597 1410 1814 1437 AttilioCalatino
1822 1415 1879 1437 erat

1079 1448 1146 1483 Spes
1154 1448 1164 1459 ⁸
1175 1453 1339 1474 consecrata.
1366 1447 1448 1474 Vides
1460 1448 1572 1474 Virtutis
1582 1447 1723 1483 templum,
1738 1447 1814 1474 vides
1825 1448 1879 1474 Ηο-

1081 1486 1153 1512 noris
1164 1493 1177 1511 a
1190 1486 1225 1511 M.
1238 1484 1363 1511 Marcello
1375 1490 1546 1512 renovatum:
1563 1485 1635 1520 quod
1648 1485 1741 1511 multis
1755 1490 1814 1511 ante
1829 1493 1878 1511 an-

1080 1523 1122 1549 nis
1134 1527 1189 1549 erat
1200 1522 1271 1549 bello
1279 1523 1416 1558 Ligustico
1427 1531 1441 1549 a
1452 1523 1484 1555 Q.
1492 1523 1609 1549 Maximo
1620 1522 1784 1549 dedicatum.
1805 1521 1878 1554 Quid

1057 1567 1058 1586 ἒ
1079 1559 1164 1595 Opis‘?
1173 1560 1240 1594 quid
1250 1559 1368 1586 Salutis?
1382 1560 1449 1595 quid
1461 1559 1642 1587 Concordiae‘?
1656 1559 1817 1586 Libertatis?
1832 1559 1879 1598 Yi-

1057 1628 1058 1632 ¹
1079 1596 1196 1624 ctoriae?
1206 1606 1321 1632 quarum
1332 1598 1454 1623 omnium
1467 1606 1555 1624 rerum
1567 1598 1631 1632 quia
1643 1598 1684 1624 vis
1696 1602 1751 1623 erat
1761 1602 1840 1628 tanta.
1849 1601 1879 1623 ut

1057 1635 1058 1656 ἶ
1079 1636 1138 1661 sine
1150 1634 1200 1661 deo
1211 1635 1268 1670 regi
1281 1643 1332 1661 non
1344 1640 1448 1669 posset,
1471 1635 1528 1669 ipsa
1543 1643 1585 1661 res
1596 1635 1707 1661 deorum
1720 1642 1818 1660 nomen
1829 1633 1879 1660 ob-

1058 1678 1059 1682 *
1081 1673 1172 1698 tinuit.

1212 1671 1271 1704 Quo
1281 1680 1315 1698 ex
1324 1680 1422 1707 genere
1434 1671 1578 1707 Cupidinis
1590 1677 1616 1698 et
1626 1671 1776 1706 Voluptatis
1786 1676 1812 1697 et
1823 1671 1879 1697 Lu-

1057 1711 1059 1750 ¹,
1081 1709 1205 1735 bentinae
1225 1709 1337 1735 Veneris
1354 1708 1484 1735 vocabula
1500 1714 1652 1735 consecrata
1668 1714 1744 1740 sunt;
1766 1709 1879 1734 vitiosa-

1080 1755 1140 1773 rum
1156 1754 1246 1772 rerum
1268 1754 1355 1781 neque
1376 1745 1554 1775 naturalium,
1576 1754 1741 1781 quamquam
1759 1745 1878 1772 Velleius

1081 1783 1158 1810 aliter
1168 1783 1319 1814 existimat,
1341 1783 1388 1809 sed
1404 1788 1491 1810 tamen
1505 1792 1535 1809 ea
1548 1784 1605 1817 ipsa
1617 1784 1681 1809 vitia
1695 1788 1816 1809 naturam
1831 1791 1879 1809 ve-

1081 1821 1234 1847 hementius
1244 1828 1324 1855 saepe
1335 1820 1453 1855 pulsant.
1493 1822 1536 1847 62.
1558 1820 1708 1847 Utilitatum
1725 1821 1807 1855 igitur
1820 1828 1879 1846 ma-

1079 1857 1222 1894 gnitudine
1234 1858 1372 1884 constituti
1383 1863 1446 1884 sunt
1457 1858 1476 1884 ii
1487 1857 1540 1889 dii.
1556 1858 1604 1892 qui
1616 1857 1744 1884 utilitates
1755 1865 1879 1893 quasque

1079 1895 1236 1931 gignebant.
1263 1897 1281 1921 A
1287 1900 1350 1930 tque
1361 1895 1404 1921 his
1414 1895 1527 1930 quidem
1537 1895 1704 1925 nominibus,
1720 1903 1789 1929 quae
1800 1893 1879 1929 paul·-

1082 1933 1106 1959 lo
1116 1937 1175 1959 ante
1187 1932 1256 1959 dicta
1269 1937 1345 1963 sunt,
1362 1941 1432 1967 quae
1447 1933 1489 1959 vis
1503 1933 1550 1963 sit,
1567 1933 1595 1958 in
1608 1940 1717 1967 quoque
1728 1931 1879 1959 declaratur

1080 1970 1140 1996 deo.
1180 1969 1278 1996 XXIV.
1301 1969 1426 2005 Suscepit
1441 1975 1530 1996 autem
1545 1970 1600 1996 vita
1611 1969 1753 1996 hominum
1763 1977 1880 1996 consue-

1082 2006 1200 2042 tudoque
1211 2007 1364 2033 communis
1372 2027 1378 2038 ,
1396 2011 1427 2034 ut
1440 2007 1580 2034 beneficiis
1591 2007 1754 2034 excellentes
1765 2007 1838 2033 viros
1850 2007 1878 2033 in

1080 2044 1186 2071 caelum
1203 2044 1272 2071 fama
1287 2053 1317 2071 ac
1332 2044 1469 2071 voluntate
1485 2044 1616 2071 tollerent.
1657 2044 1724 2070 Hinc
1740 2042 1876 2074 Hercules,

1081 2082 1144 2108 hinc
1155 2081 1247 2108 Castor
1262 2086 1287 2108 et
1302 2081 1411 2113 Pollux,
1429 2082 1493 2108 hinc
1508 2081 1700 2117 Aesculapius,
1719 2080 1782 2107 hinc
1797 2080 1879 2107 Liber

1080 2120 1174 2151 etiam;
1193 2119 1266 2145 hunc
1281 2119 1341 2145 dico
1353 2119 1481 2146 Liberum
1493 2118 1598 2146 Semele
1613 2123 1719 2149 natum,
1735 2126 1789 2144 non
1802 2126 1876 2149 eum,

1079 2165 1162 2191 quem
1173 2157 1256 2182 nostri
1268 2157 1382 2183 maiores
1393 2161 1507 2192 auguste
1518 2161 1663 2191 sancteque
1674 2164 1736 2182 cum
1747 2155 1841 2182 Cerere
1851 2159 1879 2181 et

1080 2193 1176 2220 Libera
1187 2198 1425 2220 consecraverunt:
1447 2194 1522 2229 quod
1536 2193 1617 2229 quale
1630 2193 1679 2224 sit,
1696 2201 1730 2219 ex
1741 2192 1877 2228 mysteriis

1080 2230 1196 2266 intelligi
1206 2235 1303 2265 potest.
1344 2231 1397 2257 Sed
1412 2231 1486 2266 quod
1499 2239 1534 2257 ex
1544 2231 1623 2257 nobis
1633 2235 1708 2257 natos
1720 2229 1819 2256 liberos
1829 2237 1878 2264 ap—

1079 2267 1228 2303 pellamus,
1245 2268 1345 2294 idcirco
1356 2268 1451 2295 Cerere
1467 2269 1522 2295 nati
1538 2268 1669 2294 nominati
1683 2271 1746 2294 sunt
1760 2266 1842 2292 Liber
1851 2271 1878 2293 et

1079 2305 1189 2331 Libera:
1211 2305 1284 2340 quod
1300 2306 1327 2332 in
1340 2306 1435 2332 Libera
1451 2310 1572 2336 servant,
1591 2306 1618 2331 in
1629 2304 1725 2331 Libero
1736 2312 1788 2330 non
1800 2304 1875 2330 item.

1079 2343 1146 2368 Hinc
1166 2343 1247 2369 etiam
1267 2342 1412 2374 Romulus,
1437 2351 1520 2378 quem
1539 2342 1651 2378 quidem
1671 2340 1797 2367 eumdem
1817 2348 1877 2367 esse

1079 2379 1224 2411 Quirinum
1238 2384 1346 2414 putant:
1369 2389 1486 2415 quorum
1505 2388 1592 2415 quum
1607 2382 1774 2405 remanerent
1791 2378 1877 2404 animi

1079 2421 1158 2451 atque
1169 2417 1323 2443 aeternitate
1331 2417 1491 2448 fruerentur,
1499 2417 1538 2443 dii
1548 2417 1597 2443 rite
1603 2420 1667 2442 sunt
1677 2415 1776 2448 habiti3
1788 2423 1876 2450 quum

1078 2459 1104 2480 et
1113 2454 1208 2489 optimi
1218 2459 1309 2480 essent
1319 2459 1345 2481 et
1355 2455 1466 2481 aeterni.

1133 2493 1175 2517 63.
1190 2491 1250 2517 Alia
1258 2500 1366 2526 quoque
1377 2500 1412 2518 ex
1423 2491 1524 2518 ratione
1534 2495 1560 2517 et
1570 2489 1681 2525 quidem
1693 2488 1807 2524 physica
1817 2497 1877 2515 ma-

1077 2536 1130 2563 gua
1142 2527 1220 2555 fluxit
1230 2528 1376 2555 multitudo
1387 2528 1508 2559 deorum,
1516 2527 1564 2562 qui
1576 2527 1664 2553 induti
1675 2527 1766 2561 specie
1777 2526 1876 2552 huma-

1079 2574 1112 2591 na
1130 2564 1236 2591 fabulas
1252 2566 1338 2600 poetis
1354 2565 1610 2600 suppeditaverunt,
1628 2563 1769 2590 hominum
1784 2568 1875 2589 autem

1079 2602 1162 2628 vitam
1177 2603 1368 2637 superstitione
1383 2602 1457 2628 omni
1468 2600 1640 2628 referserunt.
1680 2601 1768 2636 Atque
1779 2600 1824 2626 hic
1836 2599 1876 2626 lo—

1078 2647 1126 2665 cus
1142 2648 1157 2666 a
1167 2640 1272 2666 Zenone
1287 2644 1427 2671 tractatus,
1443 2644 1505 2674 post
1519 2648 1534 2665 a
1544 2638 1671 2666 Cleanthe
1686 2643 1712 2665 et
1722 2638 1875 2674 Chrysippo
