1941 3052
322 87 651 113 EPISTOLARUM

62 160 124 186 teris
145 167 207 185 eum
223 157 256 184 ad
271 162 295 184 te
308 158 398 184 venire
410 157 494 184 nolui.
535 157 633 183 Iisdem
645 158 727 192 igitur
738 161 762 183 te
774 157 854 182 rebus

61 197 141 223 etiam
157 200 236 230 atque
248 196 327 221 etiam
340 195 436 225 hortor,
450 195 551 229 quihus
562 195 748 229 superioribus
761 194 854 221 litteris

62 234 182 260 hortatus
203 241 272 263 sum,
296 236 325 258 ut
339 233 366 257 in
382 241 411 257 ea
426 232 574 266 republica,
600 241 789 266 quaecumque
804 237 852 262 est,

62 279 143 305 quam
155 271 273 305 primum
285 269 353 295 velis
364 278 432 295 esse.
456 269 537 295 Multa
546 269 651 295 videbis
659 268 778 300 fortasse,
787 278 855 304 quae

63 307 144 340 nolis;
178 316 229 333 non
241 306 319 341 plura
330 311 427 337 tamen,
444 315 525 340 quam
538 307 615 332 audis
627 306 757 341 quotidie.
798 308 854 332 Non

63 349 103 371 est
122 353 200 379 porro
215 348 302 375 tuum,
326 352 378 370 uno
395 352 477 369 sensu
488 343 576 370 solum
587 344 726 370 oculorum
738 345 852 369 moveri:

63 390 148 417 quum
160 381 231 407 idem
244 381 311 407 illud
324 381 435 406 auribus
447 382 589 415 percipias,
599 381 671 416 quod
682 382 761 407 etiam
769 382 856 407 maius

64 419 150 445 videri
166 418 240 449 solet,
255 419 345 444 minus
357 418 485 444 laborare.
507 420 532 445 2.
545 418 578 444 At
588 419 638 444 tibi
649 419 701 453 ipsi
711 419 856 444 dicendum

63 457 114 482 erit
134 455 246 490 aliquid,
264 455 337 490 quod
352 464 405 481 non
416 456 528 488 sentias;
552 460 597 482 aut
609 455 770 486 faciendum,
785 455 857 490 quod

65 502 116 520 non
137 493 243 528 probes.
284 493 405 519 Primum
420 493 531 527 tempori
547 492 650 523 cedere,
664 493 692 518 id
703 498 751 524 est,
765 502 857 518 neces-

64 531 135 557 sitati
156 539 256 565 parere,
275 539 382 564 semper
392 530 521 564 sapientis
532 534 571 556 est
583 530 715 556 habitum.
756 530 857 556 Deinde

65 577 116 594 non
138 568 227 599 habet,
245 572 275 594 ut
289 576 360 593 nunc
376 567 486 602 quidem
502 571 550 598 est,
564 567 591 593 id
603 567 662 593 vitii
675 576 726 593 res.
767 568 857 593 Dicere

66 604 185 636 fortasse,
208 614 276 640 quae
298 606 406 635 sentias,
424 613 476 630 non
493 604 566 637 licet,
590 609 676 630 tacere
691 603 770 638 plane
787 604 856 630 licet.

65 642 161 668 Omnia
172 643 244 668 enim
256 642 342 668 delata
353 642 385 668 ad
397 650 481 667 unum
493 645 565 667 sunt.
605 642 629 667 Is
642 642 725 667 utitur
734 641 856 672 consilio,

67 688 98 706 ne
110 688 220 705 suorum
236 679 356 714 quidem,
374 679 421 704 sed
432 687 490 705 suo.
531 677 608 710 Quod
619 687 671 704 non
683 678 767 705 multo
780 687 858 704 secus

68 718 149 748 tieret,
167 717 190 742 si
202 717 223 743 is
234 716 429 751 rempublicam
440 720 549 746 teneret,
563 724 644 750 quem
656 716 740 742 secuti
752 725 857 742 sumus.

68 755 116 784 An,
134 755 181 788 qui
193 755 219 780 in
232 753 310 784 bello,
324 762 409 788 quum
420 753 541 779 omnium
553 758 672 779 nostrum
684 754 858 779 coniunctum

67 796 136 817 esset
156 790 316 825 periculum,
339 799 388 816 suo
406 795 432 816 et
446 794 578 816 certorum
594 790 735 817 hominum
747 791 859 817 minime

68 828 240 863 prudentium
251 827 364 854 consilio
375 832 502 859 uteretur,
516 836 578 853 eum
590 828 676 863 magis
688 837 859 854 communem

67 874 208 891 censemus
228 865 256 891 in
278 865 388 891 victoria
404 865 526 891 futurum
542 864 635 896 fuisse,
657 874 739 900 quam
751 866 859 892 incertis

69 903 94 928 in
111 902 192 928 rebus
208 902 321 928 fuisset‘?
341 907 374 933 et,
388 903 436 937 qui
448 911 495 928 nec
507 907 531 928 te
542 902 652 929 consule
665 907 741 929 tuum
752 903 860 937 sapien-

69 940 203 966 tissimum
215 939 358 966 consilium
369 944 478 966 secutus
492 944 571 971 esset,
585 949 642 971 nec,
652 939 730 966 fratre
742 945 786 967 tuo
797 949 861 966 con-

68 977 186 1004 sulatum
206 986 240 1003 ex
255 978 409 1004 auctoritate
424 981 469 1003 tua
484 981 601 1012 gerente,
615 977 693 1004 vobis
705 977 860 1004 auctoribus

69 1015 107 1040 uti
119 1014 240 1045 voluerit,
258 1023 330 1040 nunc
340 1015 430 1041 omnia
441 1019 585 1046 tenentem,
599 1019 702 1041 nostras
714 1016 860 1041 sententias

68 1051 282 1078 desideraturum
303 1061 396 1078 censes
417 1051 521 1078 fuisse?
544 1054 569 1078 3.
582 1052 678 1078 Omnia
689 1057 753 1079 sunt
764 1053 861 1078 misera

69 1090 96 1115 in
107 1088 186 1115 bellis
197 1089 339 1121 civilibus;
362 1098 430 1124 quae
442 1091 555 1116 maiores
570 1090 653 1116 nostri
665 1099 697 1116 ne
709 1090 862 1124 semelqui-

69 1126 139 1157 dem,
157 1131 245 1153 nostra
261 1131 331 1154 aetas
343 1136 421 1162 saepe
437 1128 490 1153 iam
502 1127 599 1154 sensit.-
622 1127 670 1153 sed
682 1128 808 1154 miserius
820 1127 862 1153 ni-

71 1164 116 1195 hil,
139 1172 220 1199 quam
241 1164 299 1198 ipsa
318 1164 441 1190 victoria:
473 1173 541 1199 quae
563 1165 668 1191 etiamsi
689 1165 722 1191 ad
738 1165 862 1191 meliores

72 1202 152 1232 venit,
175 1205 262 1228 tamen
284 1210 328 1227 eos
345 1202 418 1236 ipsos
438 1201 580 1228 ferociores
605 1203 861 1237 impotentioresque

70 1238 169 1271 reddit;
201 1243 238 1269 ut,
257 1239 361 1265 etiamsi
381 1243 473 1265 natura
489 1239 554 1265 tales
566 1248 618 1266 non
629 1241 691 1271 sint,
706 1241 863 1266 necessitate

69 1284 127 1302 esse
148 1280 285 1311 cogantur.
327 1276 408 1302 Multa
428 1277 501 1302 enim
517 1277 611 1303 victori
631 1286 723 1304 eorum
742 1278 860 1308 arbitrio,

71 1322 117 1347 per
128 1321 195 1347 quos
208 1313 281 1344 vicit,
294 1314 374 1339 etiam
386 1314 470 1340 invito
482 1313 603 1340 facienda
615 1319 687 1341 sunt.
719 1315 759 1341 An
772 1320 798 1341 tu
811 1324 862 1341 non

72 1350 182 1376 videbas
194 1359 299 1376 mecum
311 1350 402 1381 simul,
411 1360 492 1385 quam
504 1351 549 1377 illa
559 1351 677 1378 crudelis
691 1357 761 1378 esset
775 1352 863 1379 futura

71 1387 198 1413 victoria‘?
228 1388 310 1422 Igitur
323 1393 386 1414 tunc
397 1397 506 1423 quoque
517 1389 601 1423 patria
612 1398 725 1420 careres,
739 1398 780 1421 ne,
794 1398 863 1425 quae

71 1424 163 1455 nolles,
187 1424 311 1451 videres?
341 1426 407 1456 Non,
426 1426 547 1460 inquies:
570 1435 619 1462 ego
634 1427 706 1453 enim
722 1427 778 1461 ipse
791 1432 864 1453 tene-

71 1470 125 1488 rem
146 1470 210 1496 opes
227 1467 251 1488 et
266 1462 424 1498 dignitatem
440 1472 537 1490 meam.
577 1464 610 1490 At
620 1469 674 1490 erat
686 1470 744 1490 tuae
757 1465 863 1490 virtutis

70 1499 97 1525 in
110 1500 230 1525 minimis
242 1504 299 1526 tuas
312 1509 353 1526 res
365 1509 471 1535 ponere,
480 1500 513 1526 de
526 1501 664 1535 republica
676 1502 863 1528 vehementius

71 1536 199 1563 laborare.
240 1537 349 1568 Deinde,
372 1538 419 1572 qui
436 1538 496 1564 sinis
513 1539 591 1564 istius
603 1539 777 1566 consiliiest‘?
798 1541 863 1565 Nam

71 1573 159 1600 adhuc
170 1578 195 1600 et
207 1573 305 1600 sactum
317 1579 392 1601 tuum
405 1575 542 1610 probatur,
555 1580 589 1606 et,
599 1581 627 1602 ut
638 1577 665 1602 in
677 1576 721 1602 tali
735 1586 771 1608 re,
784 1577 863 1603 etiam

72 1611 175 1638 fortuna
188 1611 324 1638 laudatur:
342 1611 450 1643 sactum,
459 1612 532 1647 quod
543 1618 569 1639 et
580 1613 687 1639 initium
700 1614 864 1640 bellineces-

71 1649 140 1675 sario
155 1653 263 1674 secutus
274 1650 312 1675 sis
324 1653 349 1675 et
359 1655 478 1676 extrema
488 1651 622 1684 sapienter
632 1652 759 1686 persequi
771 1651 865 1678 nolue—

73 1685 121 1718 ris3
154 1685 267 1717 fortuna,
290 1686 362 1721 quod
381 1687 491 1713 honesto
501 1687 554 1713 otio
566 1689 683 1714 tenueris
694 1693 719 1715 et
729 1694 828 1715 statum
840 1694 865 1715 et

72 1722 169 1749 famam
181 1723 319 1758 dignitatis
331 1728 401 1750 tuae.
425 1725 501 1751 Nunc
513 1733 575 1751 vero
586 1733 633 1751 nec
646 1725 719 1752 locus
731 1727 779 1752 tibi
792 1726 864 1752 ullus

71 1759 176 1787 dulcior
185 1769 244 1786 esse
255 1760 335 1787 debet
345 1762 443 1796 patria:
466 1770 514 1788 nec
525 1771 583 1788 eam
596 1762 708 1798 diligere
721 1764 811 1790 minus
818 1763 866 1789 de-

72 1797 128 1828 bes,
141 1797 212 1832 quod
224 1797 368 1825 deformior
379 1804 426 1830 est,
441 1799 488 1825 sed
501 1800 621 1826 misereri
632 1801 730 1834 potius,
740 1809 863 1832 neceam,

72 1834 165 1860 multis
185 1834 264 1860 claris
286 1836 351 1861 viris
372 1836 505 1867 orbatam,
528 1837 634 1871 privare
654 1839 734 1864 etiam
756 1843 864 1873 aspectu

71 1876 126 1898 tuo.
150 1873 173 1898 4.
186 1872 315 1906 Denique,
329 1873 352 1898 si
365 1872 415 1899 suit
427 1874 517 1909 magni
529 1875 621 1905 animi,
631 1883 682 1901 non
695 1876 747 1902 isse
759 1875 866 1910 suppli-

72 1917 130 1935 cem
151 1909 255 1940 victori,
278 1908 339 1935 vide
361 1918 393 1936 ne
414 1911 525 1945 superbi
541 1911 576 1937 sit
591 1913 727 1946 aspernari
743 1914 865 1939 eiusdem

74 1945 269 1977 liberalitatem,
292 1950 326 1977 et,
344 1947 367 1972 si
382 1948 511 1982 sapientis
526 1953 574 1979 est,
591 1957 679 1975 carere
694 1951 788 1984 patria,
805 1950 866 1977 duri

74 1992 125 2010 non
140 1983 305 2009 desiderare:
328 1988 362 2014 et,
375 1984 398 2010 si
411 1993 437 2010 re
448 1985 557 2019 publica
569 1994 620 2011 non
633 1987 721 2019 possis
729 1987 790 2018 frui,
799 1987 867 2013 stul—

73 2025 130 2047 tum
151 2025 200 2051 est,
223 2019 292 2046 nolle
313 2021 426 2055 privata.
466 2022 552 2056 Caput
567 2027 607 2048 est
622 2022 704 2054 illud,
722 2029 759 2055 ut,
777 2025 801 2050 si
817 2025 866 2050 ista

75 2058 127 2084 vita
142 2058 191 2084 tibi
203 2058 367 2084 commodior
378 2067 436 2084 esse
448 2059 579 2091 videatur,
595 2061 768 2095 cogitandum
780 2066 866 2088 tamen

73 2095 117 2125 sit,
138 2104 170 2120 ne
187 2095 266 2121 tutior
278 2103 329 2121 non
341 2095 384 2122 sit.
426 2097 520 2132 Magna
531 2096 682 2132 gladiorum
694 2103 734 2125 est
746 2098 865 2125 licentia:

74 2131 121 2158 sed
138 2133 164 2158 in
180 2132 298 2158 externis
311 2131 375 2158 locis
387 2133 474 2159 minor
485 2135 564 2160 etiam
576 2134 609 2160 ad
621 2134 726 2161 facinus
738 2145 868 2162 verecun-
888 2135 889 2139 ’

75 2168 128 2195 dia.
169 2169 235 2195 Mihi
257 2169 330 2195 salus
352 2174 394 2195 tua
415 2175 501 2196 tantae
521 2179 600 2197 curae
616 2176 669 2203 est,
686 2178 715 2199 ut
733 2173 865 2203 Marcello,

76 2205 147 2233 fratri
161 2211 213 2237 tuo,
230 2211 275 2232 aut
287 2215 333 2240 par
344 2212 389 2233 aut
399 2213 469 2234 eerte
481 2209 621 2242 proximus
632 2210 694 2236 sim.
726 2211 814 2236 Tuum
829 2215 869 2236 est

75 2243 213 2270 consulere
234 2244 400 2278 temporibus
421 2250 446 2271 et
462 2245 639 2272 incolumitati
655 2251 681 2273 et
697 2247 766 2274 vitae
778 2253 803 2274 et
816 2247 868 2274 for-

77 2281 148 2307 tunis
159 2281 222 2308 tuis
265 2280 359 2317 [Vale.]

127 2349 156 2370 Χ.
177 2350 244 2370 ARG.
263 2351 370 2371 Hortatur
381 2351 516 2375 Mun-tellum,
528 2357 548 2372 ut
561 2359 612 2372 ιιιιιιι
624 2353 650 2372 ol»
661 2360 695 2373 re·
707 2356 800 2373 mffluret
811 2353 868 2373 redi-

77 2387 127 2407 tum,
135 2386 248 2405 ucat-uum
259 2385 300 2406 ium
312 2385 458 2412 impetratum.
485 2389 561 2408 lunum.
572 2390 648 2406 (ἵκω-.-
661 2391 867 2410 lx....-,2.-··11.711‹1.J

198 2430 233 2456 M.
256 2431 285 2457 T.
307 2430 337 2457 C.
359 2430 387 2457 S.
410 2431 439 2457 D.
462 2432 497 2457 M.
521 2432 741 2459 MARCELLO.

133 2468 155 2493 l.
175 2463 236 2494 Etsi
252 2468 318 2494 nihil
331 2474 386 2494 erat
397 2469 468 2500 novi,
482 2469 553 2503 quod
565 2469 597 2495 ad
609 2474 633 2495 te
644 2470 799 2500 scriberem,
813 2479 870 2496 ma-

77 2503 171 2539 gisque
190 2503 288 2531 litteras
304 2510 362 2532 tuas
379 2506 431 2532 iam
447 2511 601 2540 exspectare
617 2507 778 2541 incipiebam
792 2507 869 2534 velte

78 2541 165 2575 potius
186 2541 289 2576 ipsum:
322 2547 419 2575 tamen,
437 2552 522 2577 quum
534 2543 700 2578 Theophilus
717 2545 869 2578 proticisce-

79 2581 157 2608 rotur,
171 2587 222 2605 non
234 2580 307 2613 potui
320 2580 386 2606 nihil
399 2581 423 2606 ei
437 2580 583 2607 litterarum
595 2581 668 2607 dare.
695 2581 762 2607 Cura
776 2582 866 2617 igitur,

80 2618 107 2640 ut
126 2623 205 2650 quam
221 2617 339 2651 primum
355 2618 461 2645 venias:
494 2619 586 2644 venies
601 2619 683 2649 enim,
697 2618 764 2644 mihi
780 2619 867 2650 crede,

680 85 724 112 AD
753 84 987 111 DIVEIISOS
1028 85 1181 111 Llss.1v.

1213 85 1273 110 ΕΡ.
1296 85 1310 109 7
1331 99 1366 102 —
1394 86 1428 108 ll.
1648 85 1696 109 689

906 160 1085 190 exspectatus,
1099 164 1185 190 neque
1197 154 1283 180 solum
1297 154 1383 184 nohis,
1399 153 1424 179 id
1437 159 1484 183 est,
1494 153 1556 183 iuis,
1571 153 1616 179 sed
1624 162 1700 188 pror—

906 202 953 219 sus
976 193 1112 219 omnibus.
1153 193 1231 218 Venit
1250 193 1321 217 enim
1338 192 1405 217 mihi
1420 192 1447 216 in
1460 195 1585 221 mentem,
1599 191 1700 216 subve-

907 231 959 255 reri
980 230 1124 259 interdum,
1141 238 1173 255 ne
1186 234 1210 255 te
1222 228 1334 255 delectet
1346 228 1418 255 tarda
1433 228 1563 254 decessio.
1586 229 1610 254 2.
1623 228 1700 259 Quod

907 268 929 293 si
952 267 1056 293 nullum
1079 267 1191 292 haberes
1212 275 1331 296 sensum,
1350 266 1401 291 nisi
1417 264 1569 295 oculorum,
1591 273 1701 299 prorsus

908 305 957 330 tibi
968 305 1143 339 ignoscerem,
1156 304 1179 329 si
1190 303 1321 338 quosdam
1333 302 1416 329 nolles
1430 302 1533 328 videre:
1556 302 1604 327 sed
1615 310 1701 336 quum

909 341 1007 367 leviora
1020 350 1071 367 non
1084 340 1168 367 multo
1179 345 1276 371 essent,
1285 349 1354 374 quae
1365 339 1530 370 audirentur,
1544 348 1626 374 quam
1633 348 1702 374 quae

909 378 1076 409 viderentur,
1098 378 1250 412 suspicarer
1270 382 1358 403 autem
1379 376 1493 403 multum
1514 377 1643 402 interesse
1665 376 1703 402 rei

909 415 1049 441 familiaris
1070 419 1139 445 tuae,
1161 420 1185 441 te
1206 423 1287 449 quam
1308 415 1425 448 primum
1447 414 1551 444 venire,
1575 413 1657 448 idque
1676 414 1702 439 in

908 461 1001 478 omnes
1022 457 1110 486 partes
1123 451 1235 478 valeret:
1262 452 1365 486 putavi,
1379 460 1409 476 ea
1422 450 1454 476 de
1466 459 1493 476 re
1505 455 1529 477 te
1540 460 1599 477 esse
1611 450 1704 477 admo—

910 490 1038 515 nendum.
1062 489 1123 520 Sed,
1137 489 1274 523 quoniam,
1288 488 1354 523 quid
1367 488 1434 514 mihi
1446 488 1569 522 placeret,
1583 487 1700 514 ostendi:

910 526 1012 561 reliqua
1036 531 1063 552 tu
1083 535 1130 561 pro
1150 531 1195 552 tua
1212 526 1353 560 prudentia
1373 525 1567 551 considerabis.
1608 526 1648 551 Me
1665 530 1704 551 ta-

911 573 970 589 men
993 563 1084 594 velim,
1102 563 1174 597 quod
1189 563 1223 589 ad
1238 567 1345 598 tempus
1361 567 1385 589 te
1399 567 1596 597 exspectemus,
1609 563 1704 588 certio-

910 610 965 627 rem
979 600 1070 627 sacias.
1113 599 1208 637 [Vale.]

962 671 1003 690 XI.
1020 671 1036 689 A
1045 671 1062 689 R
1069 671 1096 689 (ι’,
1113 668 1232 689 Marcellus
1244 676 1267 689 se
1275 669 1390 689 ciceronis
1399 669 1494 688 maxime
1504 668 1592 688 hortatu
1599 669 1705 688 redeundi

910 705 1028 725 eonsilium
1053 704 1152 731 cepisse,
1177 707 1198 723 et
1222 703 1298 724 multis
1320 704 1362 724 iarn
1384 703 1550 723 benemtemiae
1568 703 1705 722 uhu-umentis

1160 741 1542 763 (nnuma,Cat-mt-111.1„21·.‹1·‚0„⁵.

970 784 1006 811 M.
1028 783 1266 810 MARCELLUS
1289 783 1316 809 S.
1338 784 1369 809 D.
1391 784 1427 809 M.
1449 782 1647 809 CICERONI.

969 829 990 853 l.
1021 822 1177 853 Plurimum
1202 826 1321 852 valuisse
1348 826 1420 860 apud
1444 834 1485 851 me
1506 830 1578 852 tuam
1600 834 1706 859 semper

911 865 1093 891 auctoritatem
1114 872 1200 899 quum
1221 864 1249 890 in
1264 864 1337 890 omni
1353 872 1390 894 re,
1409 868 1464 889 tum
1481 864 1507 888 in
1525 863 1573 889 hoc
1589 863 1706 888 maxime

912 902 1026 937 negotio,
1041 906 1115 936 potes
1126 901 1290 927 existimare.
1330 900 1420 934 Quum
1432 900 1499 926 mihi
1510 900 1539 927 C.
1554 899 1704 927 Marcellus.

912 939 992 965 frater
1007 939 1209 965 amantissimus
1225 939 1287 969 mei,
1306 948 1357 965 non
1369 939 1456 965 solum
1468 939 1611 965 consilium
1622 938 1704 964 daret.

912 977 959 1003 sed
981 976 1106 1011 precibus
1123 984 1230 1011 quoque
1247 985 1288 1002 me
1305 976 1466 1002 obsecraret:
1491 985 1541 1002 non
1552 977 1627 1010 prius
1641 975 1707 1001 mihi

912 1014 1073 1049 persuadere
1097 1014 1192 1048 potuit,
1214 1022 1296 1048 quam
1313 1014 1365 1039 tuis
1382 1018 1421 1039 est
1436 1014 1559 1039 effectum
1573 1013 1665 1043 literis,
1680 1018 1708 1038 ut

913 1056 1001 1077 uterer
1016 1055 1104 1077 vestro
1120 1051 1293 1085 potissimum
1305 1050 1428 1077 consilio.
1469 1051 1519 1076 Res
1531 1050 1708 1085 quemadmo-

913 1089 978 1115 dum
999 1089 1034 1114 sit
1054 1093 1119 1119 acta,
1139 1093 1241 1115 vestrae
1259 1088 1360 1114 litterae
1375 1088 1442 1114 mihi
1454 1088 1598 1113 declarant.
1640 1088 1708 1113 Gra-

914 1126 1006 1153 tulatio
1027 1130 1071 1152 tua
1088 1126 1137 1152 etsi
1153 1130 1194 1152 est
1209 1125 1276 1151 mihi
1293 1126 1492 1160 probatissima,
1511 1125 1582 1159 quod
1595 1125 1627 1150 ab
1638 1125 1708 1159 opti-

914 1173 956 1189 mo
972 1163 1000 1190 fit
1014 1163 1116 1189 animo:
1139 1167 1227 1189 tamen
1239 1163 1288 1189 hoc
1300 1163 1367 1188 mihi
1380 1162 1463 1188 multo
1476 1162 1621 1188 iucundius
1633 1166 1708 1187 estet

913 1202 1024 1236 gratius,
1042 1200 1114 1235 quod
1127 1201 1153 1226 in
1165 1209 1271 1226 summa
1283 1201 1415 1235 paucitate
1427 1200 1584 1229 amicorum,
1598 1199 1708 1234 propin-

914 1247 1028 1273 quorum
1045 1247 1075 1263 ac
1090 1238 1311 1268 necessariorum,
1324 1238 1370 1272 qui
1384 1246 1445 1263 vere
1457 1246 1531 1262 meae
1543 1237 1622 1262 saluti
1635 1236 1710 1262 fave-

914 1280 980 1306 rent,
995 1280 1018 1301 te
1030 1275 1240 1309 cupidissimum
1252 1275 1304 1300 mei
1316 1274 1535 1310 singularemque
1549 1274 1614 1299 mihi
1627 1274 1709 1300 heno-

915 1313 1058 1339 volentiam
1071 1313 1236 1347 praestitisse
1248 1313 1371 1348 cognovi.
1398 1314 1422 1338 ⁶2.
1441 1311 1552 1346 Reliqua
1565 1316 1625 1336 sunt
1636 1312 1709 1337 eius-

916 1350 996 1381 modi,
1009 1350 1110 1385 quibus
1122 1359 1179 1385 ego,
1188 1350 1316 1384 quoniam
1329 1349 1392 1375 haec
1404 1354 1478 1374 erant
1490 1354 1617 1382 tempora.
1632 1348 1708 1374 facile

915 1393 940 1414 et
960 1396 1045 1422 aequo
1065 1388 1153 1413 animo
1173 1386 1310 1413 carebam:
1343 1386 1392 1413 hoc
1414 1394 1476 1412 vero
1496 1385 1629 1411 eiusmodi
1651 1393 1709 1411 esse

915 1430 1010 1456 statuo,
1034 1429 1063 1450 ut
1077 1425 1135 1451 sine
1152 1424 1246 1451 talium
1263 1424 1382 1450 virorum
1398 1428 1423 1449 et
1434 1423 1581 1449 amicorum
1593 1423 1710 1449 benevo-

917 1463 996 1489 lentia
1021 1471 1108 1497 neque
1130 1462 1156 1488 in
1177 1462 1289 1488 adversa
1310 1470 1397 1496 neque
1419 1461 1445 1486 in
1467 1460 1584 1486 secunda
1607 1459 1709 1486 fortuna

915 1500 1061 1535 quisquam
1075 1500 1165 1525 vivere
1176 1499 1271 1534 possit.
1304 1500 1394 1533 Itaque
1407 1499 1433 1524 in
1450 1498 1498 1523 hoe
1510 1506 1559 1533 ego
1571 1498 1637 1523 mihi
1649 1506 1710 1532 gra-

916 1537 994 1563 tulor.
1035 1537 1075 1563 'l'u
1096 1545 1159 1563 vero
1182 1541 1209 1562 ut
1224 1535 1368 1571 intelligas,
1387 1536 1489 1561 homini
1505 1535 1670 1561 amicissimo
1687 1540 1710 1560 te

917 1574 1045 1601 tribuisse
1056 1574 1187 1605 officium,
1202 1582 1228 1599 re
1242 1573 1290 1599 tibi
1306 1573 1455 1607 praestabo.
1499 1570 1593 1608 [Vale]

911 744 996 760 mictum
1008 740 1130 766 profitetur.
1556 742 1610 758 ἵει-4,)

970 1644 1022 1664 xn.
1043 1644 1059 1663 A
1067 1643 1118 1663 KG.
1138 1644 1172 1663 De
1182 1644 1210 1663 M.
1222 1642 1323 1663 Marcelli
1334 1644 1399 1662 caede
1410 1642 1500 1668 eupiose
1510 1641 1608 1668 exponit⁴

1125 1680 1429 1701 <A«=.«‹1·‚,‚c.1e-n1.-ixx-...u
1442 1681 1496 1696 mm

969 1723 1050 1749 SER.
1074 1722 1279 1749 SULPICIUS
1299 1722 1327 1749 S.
1350 1722 1380 1747 D.
1403 1722 1437 1747 M.
1461 1720 1658 1747 CICERONI.

975 1766 997 1791 l.
1024 1765 1079 1791 Etsi
1092 1765 1147 1790 scio
1158 1772 1209 1790 non
1218 1763 1446 1790 iucundissimum
1454 1762 1578 1788 nuntium
1587 1770 1627 1787 me
1636 1761 1712 1787 vohis

917 1801 1070 1833 allaturum,
1094 1807 1191 1832 tamen,
1209 1801 1336 1836 quoniam
1352 1809 1430 1826 casus
1447 1805 1471 1826 et
1488 1804 1580 1825 natura
1597 1799 1622 1825 iu
1636 1799 1713 1825 nobis

917 1839 1078 1870 dominatur,
1102 1839 1191 1865 visum
1211 1844 1252 1864 est
1267 1837 1434 1868 faciendum,
1452 1845 1561 1872 quoquo
1578 1836 1655 1862 modo
1671 1845 1712 1862 res

917 1886 944 1903 se
967 1877 1086 1907 haberet,
1109 1885 1157 1903 vos
1172 1876 1297 1902 certiores
1314 1875 1408 1901 faeere.
1450 1874 1481 1900 A.
1499 1874 1525 1900 d.
1538 1882 1566 1900 Χ.
1581 1873 1639 1900 Kal.
1654 1874 1711 1899 Iun.

917 1923 1002 1949 quum
1015 1914 1048 1940 ab
1059 1914 1195 1948 Epidauro
1206 1914 1344 1939 Piraeeum
1357 1912 1419 1938 navi
1430 1912 1557 1938 advectus
1569 1920 1665 1939 essem,
1676 1911 1713 1936 ibi

918 1951 1221 1986 Marcellum,collegam
1237 1949 1498 1981 nostr-11n1,‹·0nveni,
1512 1957 1629 1983 eumque
1641 1948 1712 1973 diem

918 1989 957 2015 ihi
972 1989 1138 2023 consumpsi,
1160 1993 1189 2015 ut
1199 1997 1261 2014 cum
1276 1997 1307 2014 eo
1318 1996 1416 2013 essem.
1458 1987 1563 2012 Postero
1575 1986 1618 2011 die
1628 1994 1712 2020 quum

918 2026 951 2051 al)
971 2035 1002 2051 eo
1022 2026 1162 2061 digressus
1183 2034 1270 2051 essem
1287 2034 1316 2051 eo
1332 2024 1453 2054 consilio,
1472 2029 1500 2049 ut
1517 2023 1551 2049 ab
1563 2023 1674 2049 Athenis
1687 2023 1712 2048 in

919 2063 1051 2089 Boeotiam
1077 2063 1156 2093 irem,
1180 2062 1366 2097 reliquamque
1391 2060 1603 2087 iurisdietionem
1625 2059 1713 2085 ubsol—

919 2109 1019 2130 verem,
1042 2100 1096 2130 ille,
1110 2100 1245 2130 utaiebat,
1262 2101 1328 2133 ὑπὲρ
1345 2100 1452 2128 Μαλέας
1463 2099 1489 2123 in
1507 2097 1607 2123 ltaliam
1621 2105 1714 2122 versus

920 2137 1095 2171 navigaturus
1106 2142 1170 2162 erat.
1184 2139 1209 2163 ¹2.
1222 2136 1360 2163 Postdiem
1373 2136 1478 2162 tertium
1491 2135 1712 2168 eiusdiei,‹pium

920 2174 953 2199 ab
965 2174 1076 2199 Athenis
1089 2174 1220 2207 prolieisri
1234 2175 1259 2199 in
1279 2174 1368 2199 auimo
1381 2172 1519 2201 haberem,
1533 2172 1639 2197 circiter
1651 2171 1712 2196 hora

919 2211 1023 2237 decima
1046 2211 1130 2236 nortis
1146 2211 1173 2236 I‘.
1192 2211 1355 2239 Postumius,
1380 2209 1519 2235 familiaris
1534 2209 1601 2237 eius,
1620 2207 1652 2233 ad
1672 2216 1713 2233 me

921 2249 994 2274 venit
1014 2253 1039 2274 et
1056 2248 1123 2273 mihi
1141 2248 1274 2273 nuntiavit
1291 2247 1325 2272 M.
1340 2246 1504 2275 Marcellum,
1522 2245 1651 2278 eollegmu
1667 2254 1714 2270 no-

920 2290 1014 2315 strum,
1036 2290 1093 2319 post
1105 2293 1201 2310 coenae
1214 2290 1320 2318 tempus
1335 2293 1347 2309 a
1361 2284 1388 2309 Ρ,
1404 2284 1489 2317 Magio
1500 2282 1621 2309 Chilone,
1637 2281 1715 2307 sami-

923 2322 986 2348 liare
1007 2322 1080 2352 eius,
1104 2322 1220 2356 pugione
1242 2329 1400 2355 percussum
1419 2330 1477 2345 esse
1493 2325 1517 2345 et
1533 2319 1587 2344 duo
1604 2318 1713 2344 vulnera

920 2359 1065 2393 accepisse,
1090 2367 1173 2384 unum
1192 2359 1217 2383 in
1235 2358 1380 2387 stouuu-ho,
1403 2357 1515 2383 alterum
1534 2357 1558 2382 in
1574 2357 1713 2390 carpitese-

920 2396 1039 2422 eumlum
1051 2405 1156 2427 aurem,
1180 2404 1286 2430 sperare
1298 2400 1385 2420 tumen
1398 2403 1504 2423 semum
1518 2403 1527 2418 x
1537 2394 1608 2419 ivere
1620 2402 1711 2427 possm

923 2434 1039 2468 Magium
1061 2434 1181 2467 seipsum
1199 2431 1379 2463 ίιιίιϊίιψίεςινγ
1412 2437 1500 2465 postea
1516 2440 1544 2456 se
1561 2440 1574 2456 u
1592 2430 1714 2456 Marcello

922 2470 953 2496 nd
970 2479 1010 2496 me
1027 2471 1141 2496 missum
1153 2479 1221 2500 esse,
1234 2470 1281 2504 qui
1294 2469 1357 2495 haee
1370 2470 1502 2494 nuntiaret
1513 2473 1537 2494 et
1549 2473 1661 2503 rogaret,
1676 2468 1713 2493 uti

922 2507 1040 2533 medicos
1060 2516 1193 2541 cogerem.
1234 2507 1314 2541 Coegi
1331 2511 1355 2532 et
1371 2515 1384 2531 e
1401 2506 1515 2539 vestigio
1530 2514 1560 2531 eo
1575 2514 1635 2531 sum
1653 2514 1714 2539 pro-

923 2544 1006 2570 fectus
1027 2545 1113 2579 prima
1136 2544 1203 2570 luce.
1244 2545 1332 2575 Quum
1355 2553 1406 2569 nou
1427 2543 1503 2577 longe
1519 2551 1532 2568 a
1547 2543 1655 2568 Piraeeo
1667 2543 1714 2567 ah-

921 2591 1018 2613 essem,
1041 2591 1106 2616 puer
1119 2581 1223 2608 Acidini
1239 2581 1346 2606 otu-inm
1364 2581 1430 2606 mihi
1447 2580 1519 2606 venit
1530 2588 1591 2605 eum
1602 2579 1714 2605 codicil»

923 2618 964 2650 lis,
989 2619 1014 2645 in
1036 2619 1137 2654 quibus
1152 2624 1208 2645 erut
1226 2618 1356 2653 scriptum
1374 2617 1463 2653 paullo
1474 2622 1533 2644 unte
1546 2616 1632 2643 lucem
1647 2617 1714 2642 Mar-

1479 2667 1509 2689 *7
