1941 3052
441 138 625 166 ORATIO
657 139 703 165 IN
736 138 995 165 VATINIUM.

51 212 167 238 Vettium
183 209 302 246 linguam
319 213 344 236 et
355 217 446 236 vocem
459 218 535 236 suam
547 209 641 236 sceleri
652 214 678 236 et
689 210 771 236 menti
782 214 842 236 tuae

49 249 176 284 praebere
187 247 306 274 voluisti:
328 247 460 274 dixeritne
472 248 502 273 L.
514 248 648 274 Vettiusin
655 249 780 274 concione
787 252 840 278 tua,

49 290 157 322 rogatus
172 294 186 311 a
198 289 231 316 te,
245 293 274 310 se
285 288 404 311 auctores
416 289 441 310 et
452 284 613 319 impulsores
625 290 650 311 et
661 285 745 311 socios
758 285 843 311 habu-

48 324 103 349 isse
114 322 221 348 sceleris
232 321 307 348 illius
318 330 362 348 eos
374 322 454 353 viros,
467 322 569 356 quibus
580 330 594 348 e
605 323 712 348 civitate
718 321 840 353 sublatis,

48 360 121 395 quod
132 364 161 386 tu
173 368 203 385 eo
214 363 332 394 tempore
344 359 495 390 moliebare,
504 360 598 385 civitas
604 364 672 386 stare
678 368 729 386 non
737 359 844 394 posset‘?

50 398 85 423 M.
101 397 238 428 Bibulum,
255 397 333 422 cuius
348 396 497 423 inclusione
507 400 647 423 contentus
659 405 710 423 non
721 405 787 427 eras,
802 397 844 423 in-

50 434 166 461 terficere
178 433 309 464 volueras,
322 433 485 468 spoliaveras
496 433 645 465 consulatu,
659 435 742 468 patria
754 433 843 468 priva-

48 480 77 498 re
87 471 227 506 cupiebas:
250 471 280 497 L.
293 471 446 502 Lucullum,
459 472 537 497 cuius
549 475 577 497 tu
585 471 762 506 rebusgesfis,
771 471 844 506 quod

48 510 107 544 ipse
121 508 154 535 ad
167 509 350 543 imperatorias
366 508 458 535 laudes
474 517 488 534 a
504 516 586 543 puero
600 508 725 534 videlicet
740 513 844 543 specta-

48 555 99 577 ras,
113 545 299 572 vehementius
310 545 465 572 invidebas:
486 545 515 572 C.
524 545 675 576 Curionem,
684 550 842 580 perpetuum

49 584 153 610 hostem
169 583 352 618 improborum
368 583 498 613 omnium,
517 587 650 609 auctorem
667 582 768 617 publici
780 591 843 609 con-

49 621 113 652 silii,
127 620 246 646 libertate
257 621 393 647 communi
405 620 502 646 tuenda
514 620 629 646 maxime
643 619 766 650 liberum,
780 628 842 646 cum

49 658 104 684 filio
123 658 243 692 principe
261 657 418 688 iuventutis,
435 665 496 683 cum
511 657 647 692 republica
662 657 843 683 coniunctiore

47 696 137 726 etiam,
150 703 231 730 quam
243 695 276 720 ab
287 694 332 720 illa
344 698 427 721 aetate
437 694 627 729 postulandum
635 693 694 725 fuit,
703 694 842 721 delerevo-

50 732 137 759 luisti:
169 734 211 758 25.
228 732 258 758 L.
275 732 433 762 Domitium.
451 732 529 758 cuius
545 731 661 767 dignitas
676 735 702 757 et
716 730 844 766 splendor

47 769 267 805 praestringebat,
280 768 367 799 credo,
380 767 471 795 oculos
482 769 589 799 Vatinii,
603 777 684 803 quem
697 772 724 794 tu
737 773 844 803 propter

47 815 189 834 commune
200 806 292 833 odium
303 806 330 832 in
345 806 428 832 bonos
439 805 540 836 oderaS,
554 806 582 832 in
593 810 730 840 posterum
741 810 840 837 autem,

48 849 155 879 propter
165 844 285 870 omnium
297 851 382 878 spem,
395 851 464 878 quae
474 842 508 869 de
518 843 566 869 illo
576 847 616 869 est
627 847 775 878 atqueerat,
783 847 843 869 ante

47 881 183 917 aliquanto
203 881 331 907 timebas:
358 881 388 906 L.
406 880 549 906 Lentulum
570 880 642 907 hune
661 880 778 906 iudicem
795 889 843 907 no-

46 923 142 949 strum,
160 917 293 944 flaminem
305 917 460 949 Martialem,
473 917 545 952 quod
555 922 610 944 erat
620 926 650 944 eo
661 922 779 952 tempore
790 917 843 944 Ga-

46 956 115 982 binii
129 956 167 982 tui
181 956 346 990 competitor,
358 954 478 981 eiusdem
492 955 571 981 Vettii
582 955 682 981 indicio
691 956 843 990 opprimere

47 993 167 1020 voluisti.
193 992 245 1025 Qui
260 993 284 1018 si
299 996 356 1018 tum
368 992 442 1018 illam
455 992 542 1018 labem
553 997 711 1027 pestemque
723 993 840 1023 vicisset,

45 1030 119 1066 quod
129 1031 153 1056 ei
165 1034 210 1056 tuo
215 1029 313 1056 scelere
319 1038 371 1056 non
378 1029 461 1061 licuit,
470 1030 620 1064 respublica
628 1031 696 1056 victa
703 1038 754 1056 non
761 1034 841 1056 esset.

46 1068 133 1094 Huius
149 1067 228 1094 etiam
244 1066 330 1094 filium
344 1066 437 1094 eodem
447 1066 547 1094 indicio
557 1071 583 1093 et
593 1068 704 1093 crimine
715 1067 748 1094 ad
759 1068 842 1102 patris

46 1105 184 1132 interitum
204 1113 347 1140 aggregare
363 1104 486 1131 voluisti:
518 1104 548 1131 L.
565 1105 703 1136 Paullum,
721 1106 768 1140 qui
785 1109 842 1132 tum

46 1147 172 1178 quaestor
188 1141 370 1168 Macedoniam
384 1141 530 1173 obtinebat,
544 1151 625 1177 quem
636 1143 737 1168 civem!
759 1150 841 1177 quem

46 1180 148 1206 virum!
170 1180 218 1214 qui
229 1179 297 1206 duos
308 1179 422 1206 nefarios
433 1180 532 1214 patriae
543 1179 701 1214 proditores,
714 1179 843 1206 domesti-

45 1226 90 1244 cos
101 1217 200 1248 hostes,
215 1216 321 1252 legibus
332 1217 530 1248 exterminarat,
543 1217 680 1244 hominem
691 1217 724 1243 ad
735 1226 843 1244 conser-

47 1254 161 1281 vandam
176 1254 371 1288 rempublicam
383 1259 483 1285 natum,
497 1255 525 1280 in
536 1254 608 1281 idem
619 1255 699 1281 Vettii
711 1254 842 1281 indicium

46 1297 125 1327 atque
136 1291 373 1318 ineumdemhunc
380 1300 521 1318 numerum
528 1293 705 1328 congregasti.
722 1291 842 1324 would

45 1338 94 1365 ego
109 1329 143 1355 de
154 1337 196 1355 me
207 1328 321 1364 querar‘?
339 1329 387 1364 qui
398 1329 477 1355 etiam
489 1330 587 1364 gratias
599 1329 648 1356 tibi
658 1337 737 1365 agere
748 1329 840 1361 debeo,

4 1371 6 1379 ⁹
45 1366 118 1402 quod
134 1374 177 1392 me
193 1374 226 1392 ex
241 1365 448 1392 fortissimorum
459 1367 560 1392 civium
573 1375 684 1393 numero
698 1367 843 1402 seiungen-

46 1405 112 1431 dum
132 1412 186 1430 non
205 1404 317 1438 putaris
349 1403 396 1430 XI.
418 1403 470 1429 Sed
485 1404 533 1439 qui
550 1403 657 1430 fuitille
669 1408 732 1430 tuus
753 1409 842 1430 tantus

5 1468 8 1477 Ι
46 1441 127 1473 furor,
137 1445 174 1472 ut,
183 1449 268 1476 quum
279 1441 333 1467 iam
339 1441 442 1467 Vettius
448 1440 481 1467 ad
487 1441 627 1467 arbitrium
639 1446 715 1468 tuum
721 1449 843 1476 peroras-

5 1478 8 1517 ᾗ
45 1483 87 1506 set
100 1483 126 1505 et
136 1479 251 1505 civitatis
264 1478 365 1504 lumina
377 1482 493 1505 notasset
503 1478 740 1514 descendissetque
751 1478 785 1505 de
796 1487 843 1505 ro-

6 1538 7 1541 ,
46 1517 118 1547 stris,
131 1524 192 1542 eum
204 1520 312 1551 repente
323 1523 468 1547 revocares,
482 1515 672 1550 colloquerere,
686 1515 843 1551 populoRo-

45 1562 124 1580 mano
140 1552 265 1580 vidente?
288 1552 384 1579 deinde
400 1553 588 1589 interrogares,
603 1561 764 1588 ecquosnam
776 1553 842 1580 alios

45 1594 136 1626 posset
147 1589 301 1617 nominare?
315 1589 501 1622 inculcarisne,
510 1590 574 1617 utC.
582 1591 705 1617 Pisonem
712 1599 841 1626 generum

8 1658 10 1663 λ
45 1637 137 1655 meum
149 1628 309 1654 nominaret.-
321 1628 370 1662 qui
381 1628 408 1654 in
419 1628 843 1663 summacopiaoptimorumado-

7 1665 9 1681 ³
46 1665 203 1692 lesceutium
223 1665 279 1700 pari
299 1665 469 1696 continentia,
492 1665 602 1696 virtute,
620 1666 717 1700 pietate
733 1665 843 1700 reliquit

9 1701 11 1706 ’
46 1702 199 1730 neminem?
223 1704 341 1737 itemque
366 1702 401 1729 M.
425 1702 594 1729 Laterensem
603 1723 609 1733 ,
633 1703 768 1729 hominem
784 1703 842 1729 dies

46 1745 124 1776 atque
136 1744 225 1767 noctes
236 1740 269 1766 de
281 1739 359 1766 laude
369 1743 396 1766 et
406 1739 439 1766 de
445 1739 581 1775 republica
592 1740 771 1776 cogitantem?
782 1749 844 1775 pro-

10 1779 12 1808 ζ
46 1777 219 1814 mulgarisne,
232 1778 417 1812 impurissime
428 1782 453 1803 et
465 1777 646 1812 perditissime
657 1777 750 1809 hostis,
759 1786 843 1813 quae-

10 1819 13 1824 “
47 1816 159 1842 stionem
175 1815 208 1841 de
223 1819 259 1841 tot
273 1815 449 1850 amplissimis
465 1819 490 1842 et
506 1815 604 1841 talibus
617 1815 695 1846 viris,
709 1816 841 1842 indicium

12 1877 13 1887 ,
46 1852 145 1884 Vettio,
163 1853 280 1887 praemia
296 1851 482 1887 amplissima?
500 1853 602 1887 quibus
622 1853 704 1879 rebus
719 1853 841 1880 omnium

12 1902 14 1908 ν
46 1889 198 1917 mortalium
220 1898 272 1916 non
293 1889 441 1921 voluntate,
463 1889 511 1916 sed
531 1890 652 1916 convicio
683 1890 839 1926 repudiatis,

13 1955 15 1959 ,
46 1927 192 1963 fregerisne
208 1927 235 1953 in
250 1935 353 1953 carcere
363 1927 480 1953 cervices
494 1927 547 1961 ipsi
558 1927 599 1953 illi
611 1927 710 1958 Vettio,
725 1928 842 1963 nequod

45 1964 176 1991 indicium
192 1964 310 1999 corrupti
325 1964 418 1990 indicii
434 1967 549 1990 exstaret
563 1965 677 2000 eiusque
693 1965 801 1992 sceleris
814 1966 841 1992 in

45 2006 71 2028 te
83 2002 172 2036 ipsum
183 2002 306 2036 quaestio
319 2000 499 2037 flagitaretur?

102 2039 144 2066 27.
157 2039 198 2068 Et,
211 2039 338 2073 quoniam
349 2039 441 2065 crebro
453 2047 577 2073 usurpas,
592 2039 677 2075 legem
689 2038 753 2066 tede
763 2038 842 2066 alter—

16 2104 17 2109 ,
47 2077 89 2103 nis
103 2075 223 2103 consiliis
239 2075 390 2102 reiiciendis
406 2075 515 2102 tulisse:
538 2080 567 2102 ut
576 2084 670 2103 omnes
681 2076 839 2112 intelligant,

16 2114 17 2120 ¹
47 2117 71 2140 te
82 2121 115 2140 ne
127 2117 195 2139 recte
205 2113 315 2148 quidem
328 2112 412 2139 facere
422 2113 481 2140 sine
492 2112 590 2140 scelere
597 2114 724 2148 potuisse.
733 2122 840 2149 quaero,

46 2159 132 2186 quum
150 2150 192 2177 lex
207 2154 278 2177 esset
292 2159 376 2185 aequa
393 2150 559 2186 promulgata
570 2151 647 2177 initio
658 2152 838 2187 magistratus,

18 2219 19 2222 Ἴ
47 2188 146 2215 multas
156 2189 235 2215 etiam
248 2187 313 2214 alias
326 2187 449 2214 tulisses:
461 2189 669 2222 exspectarisne,
678 2188 778 2215 dumC.
787 2188 843 2215 An-

18 2226 19 2235 *
47 2226 136 2253 tonius
151 2234 214 2252 reus
231 2226 303 2252 fieret
318 2225 389 2260 apud
402 2225 450 2252 Cn.
465 2224 608 2251 Lentulum
620 2225 798 2252 Clodianum?
817 2230 842 2252 et

47 2267 219 2299 posteaquam
241 2262 286 2289 ille
296 2267 337 2289 est
348 2271 408 2289 rcus
420 2262 514 2293 factus.
527 2263 616 2288 statim
628 2262 721 2289 tuleris
734 2264 760 2289 in
767 2271 839 2294 eum,

47 2303 92 2334 qui
104 2306 174 2328 tuam
184 2305 241 2335 poa!
252 2302 328 2333 leuem
338 2308 397 2326 reus
410 2303 494 2333 suctus
504 2304 580 2326 esset:
596 2300 710 2327 uthomo
719 2300 844 2327 consula—

20 2367 21 2372 ,
47 2338 84 2364 ris
95 2337 230 2369 exclusus,
245 2339 334 2369 miser,
348 2341 447 2372 puncto
457 2337 585 2372 temporis
595 2337 755 2372 spoliaretur
762 2338 842 2364 bene-

20 2373 21 2379 *
48 2374 107 2402 flcio
121 2379 146 2402 et
161 2376 293 2410 aequitate
306 2375 371 2410 legis
384 2374 462 2401 tuae‘?
482 2376 524 2401 28.
536 2373 621 2405 Dices,
635 2374 841 2401 familiaritatem

48 2412 96 2439 tibi
108 2412 192 2439 fuisse
203 2421 265 2439 cum
276 2412 308 2445 Q.
322 2413 447 2439 Maximo.
469 2412 604 2438 Praeclara
615 2410 736 2438 defensio
743 2411 844 2439 facino-

48 2449 84 2476 ris
102 2450 151 2477 tui.
182 2450 248 2476 Nam
263 2450 373 2476 Maximi
386 2449 496 2484 quidem
511 2457 617 2475 summa
631 2448 688 2475 laus
700 2454 752 2480 est,
766 2458 843 2475 sum-

48 2487 264 2521 ptisinimicitiis.
273 2491 396 2522 suscepta
402 2495 506 2517 caussa,
514 2486 665 2521 quaesitore
676 2486 842 2521 consilioque

22 2518 24 2528 '
47 2522 156 2555 delecto,
175 2525 381 2551 commodiorem
401 2524 509 2550 inimico
523 2533 572 2550 suo
585 2523 763 2550 conditionem
776 2525 843 2550 reie-

47 2561 143 2588 ationis
157 2561 220 2588 dare
236 2561 369 2588 noluisse:
392 2561 458 2588 nihil
473 2561 504 2593 Q.
518 2560 841 2588 Maximusfecitalienum

49 2601 94 2624 aut
103 2606 152 2624 sua
163 2599 268 2630 virtute,
277 2599 383 2626 autillis
390 2599 455 2625 viris
461 2598 628 2629 clarissimis,
638 2597 748 2629 l'aullis.
758 2598 843 2624 Maxi-

24 2637 25 2666 l
50 2635 109 2665 mis,
125 2634 269 2662 Africanis:
294 2645 410 2671 quorum
424 2635 536 2672 gloriam
552 2636 633 2662 liuius
652 2636 751 2662 virtuto
765 2644 842 2662 reno-

25 2702 26 2705 ,
51 2676 135 2699 vatam
147 2680 198 2700 nou
209 2673 288 2701 modo
297 2682 447 2709 speramus,
462 2673 699 2700 verumetiamiam
707 2673 840 2700 videmus.

1037 138 1133 166 CAP.
1168 140 1182 165 7
1203 155 1238 158 —-
1261 140 1300 166 44.
1636 141 1680 167 521

895 210 950 236 Tua
964 209 1046 241 fraus,
1062 215 1139 236 tuum
1152 209 1321 241 maleficium,
1335 214 1411 236 tuum
1422 210 1510 236 scelus
1522 209 1590 236 illud
1601 215 1649 241 est,
1664 215 1687 236 te

894 247 930 278 id,
944 247 1015 282 quod
1023 247 1425 283 promulgassesmisericordiae
1431 248 1546 277 nomine,
1555 247 1587 273 ad
1593 247 1688 274 crude-

895 284 975 311 litatis
991 289 1095 319 tempus
1109 283 1258 311 distulisse.
1281 284 1318 311 Ac
1331 293 1402 311 nunc
1412 284 1522 319 quidem
1535 284 1564 311 C.
1576 284 1688 311 Antoni-

894 330 926 348 us
942 322 990 348 hac
1002 330 1054 348 una
1066 330 1093 348 re
1104 322 1238 348 miseriam
1250 330 1326 348 suam
1338 322 1496 352 consolatur,
1509 321 1582 356 quod
1592 322 1689 357 imagi-

895 367 941 385 nes
955 360 1038 394 patris
1050 363 1075 385 et
1085 358 1172 385 fratris
1185 360 1236 389 sui,
1250 359 1393 394 fratrisque
1404 359 1494 389 filiam,
1509 367 1560 385 non
1573 359 1599 385 in
1611 358 1689 385 fami-

895 395 938 425 lia,
961 396 1008 422 sed
1028 397 1056 422 in
1076 405 1179 423 carcere
1199 396 1352 423 collocatam
1374 396 1466 423 audire
1486 396 1589 427 maluit,
1607 405 1687 431 quam

895 433 995 459 videre.

949 470 1008 496 XII.
1027 471 1068 497 29.
1087 471 1121 497 Et
1138 471 1265 505 quoniam
1284 471 1411 506 pecunias
1429 469 1542 497 aliorum
1561 470 1686 505 despicis,

893 507 927 533 de
938 508 991 534 tuis
1004 508 1107 534 divitiis
1117 507 1351 534 intolerantissime
1362 507 1493 543 gloriariS,
1507 507 1566 534 volo
1577 507 1688 534 utimilii

895 545 1064 579 respondeas,
1080 545 1207 571 fecerisne
1222 544 1326 572 foedera
1341 545 1466 571 tribunus
1480 544 1567 579 plebis
1579 553 1640 571 cum
1651 546 1690 571 ci-

894 582 1033 613 vitatibus,
1050 590 1112 608 cum
1128 582 1247 617 regibus,
1265 591 1326 608 cum
1342 582 1494 613 tetrarchis,
1517 583 1688 618 erogarisque

896 620 1022 653 pecunias
1038 628 1071 645 ex
1087 620 1186 645 aerario
1201 621 1255 645 tuis
1273 619 1397 654 legibus?
1421 619 1586 653 eripuerisne
1601 624 1688 654 partes

894 656 941 682 illo
955 661 1073 690 tempore
1083 657 1235 682 carissimas
1247 657 1341 691 partim
1353 656 1491 686 aCaesare,
1506 657 1601 691 partim
1613 665 1626 682 a
1638 665 1689 691 pu-

895 693 1026 719 blicanis‘?
1049 693 1122 725 Quae
1138 701 1224 728 quum
1239 695 1274 720 ita
1290 694 1357 725 sint,
1371 702 1470 728 quaero
1481 702 1514 719 ex
1525 698 1559 724 te,
1572 695 1644 720 sisne
1657 702 1688 719 ex

895 731 1064 765 pauperrimo
1077 730 1152 756 dives
1165 730 1250 756 factus
1261 730 1308 757 illo
1319 731 1378 765 ipso
1388 739 1466 761 anno,
1479 739 1533 765 quo
1544 730 1690 757 lexlataest

893 768 926 794 de
938 768 1058 803 pecuniis
1070 767 1225 802 repetundis
1237 768 1376 794 acerrima:
1400 772 1429 794 ut
1439 775 1530 794 omnes
1541 767 1689 803 intelligere

894 809 1012 840 possent,
1032 813 1045 831 a
1058 809 1083 831 te
1094 813 1146 831 non
1158 804 1236 831 modo
1247 810 1334 831 nostra
1347 809 1411 836 acta,
1425 813 1493 839 quos
1505 808 1631 840 tyrannos
1643 814 1690 831 vo-

893 851 946 873 cas,
960 842 1009 868 sed
1019 842 1098 868 etiam
1109 842 1267 868 amicissimi
1278 843 1317 868 tui
1330 842 1414 878 legem
1426 850 1486 868 esse
1495 847 1672 876 contemptam
1683 853 1686 868 :

894 879 965 915 apud
976 888 1057 914 quem
1070 884 1098 906 tu
1109 881 1188 906 etiam
1200 888 1248 906 nos
1259 880 1394 906 criminari
1405 878 1485 909 soles,
1493 878 1689 914 quiillisumus

893 917 1060 947 amicissimi.
1068 925 1153 952 quum
1166 921 1194 943 tu
1205 917 1229 943 ei
1240 916 1510 943 contumeliosissime
1520 917 1596 942 toties
1608 916 1690 942 male·

893 954 976 985 dicas,
990 955 1095 990 quoties
1107 959 1133 980 te
1144 954 1183 980 illi
1194 954 1304 981 affinem
1316 962 1376 980 esse
1387 954 1465 980 dicis.

950 994 990 1018 30.
1007 991 1095 1026 Atque
1110 992 1188 1018 etiam
1203 991 1273 1018 illud
1291 992 1360 1018 scire
1374 999 1407 1018 ex
1423 996 1448 1017 te
1462 991 1550 1026 cupio,
1563 998 1618 1025 quo
1628 999 1690 1017 con-

894 1029 955 1056 silio
965 1033 1010 1056 aut
1020 1037 1073 1064 qua
1086 1033 1174 1055 mente
1185 1028 1289 1060 seceris,
1303 1033 1332 1056 ut
1342 1029 1369 1055 in
1376 1028 1570 1063 epuloQ.Arrii
1576 1027 1690 1054 familia-

894 1067 930 1093 ris
946 1067 998 1093 mei
1012 1075 1074 1093 cum
1090 1071 1149 1102 toga
1166 1066 1239 1101 pulla
1254 1065 1444 1093 aecumberes‘?
1463 1074 1544 1101 quem
1560 1073 1689 1100 umquam

894 1103 1012 1130 videris?
1030 1112 1110 1139 quem
1122 1103 1257 1130 audieris?
1276 1113 1330 1139 quo
1339 1103 1471 1138 exemplo,
1484 1102 1691 1138 quomorefece-

894 1141 950 1168 ris?
972 1142 1048 1168 Dices
1064 1141 1274 1176 supplicationes
1286 1146 1310 1168 te
1320 1140 1380 1167 illas
1392 1149 1443 1167 non
1456 1140 1593 1175 probasse.
1615 1139 1691 1174 Opti-

894 1187 946 1205 me.
968 1179 1063 1205 Nullae
1079 1178 1178 1205 fuerint
1189 1178 1409 1214 supplicationes
1431 1178 1555 1208 Videsne,
1569 1185 1612 1204 me
1623 1177 1689 1204 nihil

893 1216 926 1242 de
942 1217 1005 1243 anni
1021 1216 1096 1242 illius
1106 1224 1210 1247 caussa,
1224 1216 1291 1242 nihil
1303 1216 1336 1242 de
1347 1225 1386 1247 eo,
1399 1215 1471 1251 quod
1483 1215 1531 1241 tibi
1543 1223 1604 1241 cum
1616 1223 1691 1241 sum-

894 1254 946 1280 mis
960 1254 1026 1280 viris
1041 1262 1183 1280 commune
1193 1262 1252 1280 esse
1263 1253 1393 1284 videatur,
1407 1253 1454 1279 sed
1466 1252 1499 1279 de
1510 1253 1564 1278 tuis
1576 1253 1690 1288 propriis

894 1291 1041 1318 sceleribus
1058 1299 1092 1317 ex
1105 1295 1131 1317 te
1148 1290 1294 1326 quaerere?
1322 1290 1401 1317 Nulla
1419 1290 1580 1325 supplicatio
1599 1289 1688 1315 fuerit.

894 1328 973 1360 Cedo,
989 1329 1052 1364 quis
1068 1337 1199 1363 umquam
1214 1328 1331 1354 caenarit
1345 1327 1464 1354 atratus‘?
1487 1328 1523 1354 Ita
1539 1327 1610 1353 enim
1623 1326 1690 1353 illud

893 1366 1005 1401 epulum
1016 1370 1056 1392 est
1068 1365 1188 1396 funebre.
1202 1370 1232 1392 ut
1242 1374 1342 1392 munus
1353 1366 1388 1391 sit
1400 1365 1510 1395 funeris,
1524 1364 1618 1399 epulae
1629 1364 1691 1399 qui-

893 1403 954 1429 dem
966 1404 1040 1438 ipsae
1050 1402 1200 1438 dignitatis.
1221 1403 1292 1429 XIII.
1305 1405 1346 1429 3¹.
1359 1402 1412 1429 Sed
1423 1402 1515 1429 omitto
1525 1400 1691 1437 epulumpo-

894 1441 951 1476 puli
966 1441 1087 1471 Romani,
1105 1440 1203 1466 festum
1219 1440 1300 1471 diem,
1318 1444 1434 1475 argento,
1453 1444 1536 1470 veste,
1554 1439 1627 1465 omni
1643 1447 1690 1473 ap-

894 1482 987 1513 paratu
998 1482 1146 1512 ornatuque
1157 1477 1279 1504 visendo.
1301 1477 1367 1509 Quis
1380 1485 1508 1512 umquam
1520 1477 1547 1503 in
1559 1475 1632 1502 luctu
1643 1476 1690 1502 da-

895 1516 1083 1550 mestieo,quis
1094 1515 1121 1541 in
1134 1514 1226 1541 funere
1236 1514 1360 1541 familiari
1366 1515 1485 1541 caenavit
1495 1522 1557 1540 cum
1565 1518 1623 1576 toga
1630 1513 1691 1548 pul-

896 1552 937 1579 la‘?
960 1553 1008 1580 Cui
1027 1553 1060 1579 de
1075 1552 1178 1579 balneis
1196 1553 1305 1578 exeunti
1320 1556 1422 1587 praeter
1437 1556 1461 1578 te
1475 1556 1534 1587 toga
1546 1550 1592 1586 pul
1606 1559 1619 1576 a
1630 1559 1690 1577 um-

894 1599 974 1625 quam
981 1590 1041 1616 data
1048 1589 1106 1616 est‘?
1115 1589 1204 1622 Quum
1213 1594 1249 1616 tot
1256 1590 1394 1616 hominum
1402 1588 1485 1615 millia
1493 1588 1688 1617 accumberent,

894 1637 979 1663 quum
991 1628 1050 1662 ipse
1061 1627 1135 1662 epuli
1146 1627 1272 1654 dominus
1279 1626 1310 1659 Q.
1319 1627 1412 1653 Arrius
1424 1626 1528 1652 albatus
1539 1630 1618 1655 esset,
1627 1626 1689 1652 tuin

895 1665 1026 1700 templum
1042 1665 1158 1692 Castoris
1175 1669 1199 1691 te
1214 1673 1276 1691 cum
1293 1664 1322 1691 C.
1340 1663 1436 1690 Fidulo
1450 1667 1532 1689 atrato
1541 1663 1690 1698 ceterisque

894 1703 948 1729 tuis
960 1702 1036 1729 furiis
1048 1702 1185 1729 funestum
1197 1701 1321 1729 intulisti.
1343 1701 1409 1734 Quis
1421 1700 1691 1736 tumnoningemuit‘?

893 1740 956 1775 quis
972 1748 1023 1766 non
1039 1739 1126 1766 doluit
1141 1739 1304 1774 reipublicae
1315 1738 1426 1765 casum?
1445 1737 1512 1771 Quis
1523 1745 1610 1764 sermo
1621 1737 1690 1764 alius

894 1778 920 1804 in
933 1777 979 1804 illo
990 1777 1070 1812 epulo
1081 1777 1139 1808 fuit,
1153 1778 1206 1804 nisi
1217 1776 1285 1803 hanc
1295 1781 1393 1803 tantam
1405 1780 1493 1802 ettam
1504 1783 1612 1811 gravem
1623 1775 1691 1801 civi-

894 1819 974 1842 tatem
993 1815 1141 1841 subiectam
1157 1823 1215 1841 esse
1231 1823 1283 1840 non
1298 1813 1377 1840 modo
1392 1813 1483 1844 furori,
1502 1821 1595 1839 verum
1611 1813 1689 1838 etiam

894 1853 1010 1879 irrisioni
1027 1851 1105 1878 tuae?
1136 1853 1178 1879 32.
1195 1852 1270 1878 Hunc
1283 1856 1311 1878 tu
1323 1859 1422 1878 morem
1434 1849 1592 1886 ignorabas?
1612 1858 1690 1876 num-

893 1899 975 1925 quam
987 1889 1097 1924 epulum
1109 1889 1233 1916 videras?
1253 1897 1400 1924 numquam
1413 1887 1690 1923 puerautadolescens

894 1928 963 1954 inter
972 1936 1074 1962 coquos
1085 1926 1192 1953 fueras?
1211 1926 1313 1957 Fausti.
1327 1925 1502 1952 adolescentis
1514 1924 1687 1953 nobilissimi.

894 1964 1050 2000 paulloante
1057 1962 1550 2000 exepulomagnificentissimot'amem
1563 1962 1636 1988 illam
1644 1970 1690 1988 ve-

894 2007 975 2029 terem
987 2006 1061 2029 tuam
1072 2010 1125 2028 non
1136 2001 1276 2037 expleras?
1303 2000 1389 2034 Quem
1405 2000 1561 2027 accumbere
1576 2003 1689 2025 atratum

894 2039 1012 2071 videras,
1025 2039 1165 2066 dominum
1180 2047 1242 2066 cum
1255 2043 1314 2074 toga
1325 2038 1399 2073 pulla
1410 2042 1436 2064 et
1446 2038 1505 2064 eius
1516 2038 1615 2064 amicos
1630 2041 1691 2063 ante

893 2076 1067 2104 convivium?
1076 2085 1146 2112 quae
1157 2081 1182 2103 te
1193 2080 1264 2103 tanta
1275 2076 1361 2103 tenuit
1369 2075 1493 2106 amentia,
1508 2079 1536 2101 ut
1548 2079 1585 2105 tu,
1600 2074 1650 2100 nisi
1663 2074 1689 2100 id

895 2114 1014 2146 fecisses,
1026 2114 1100 2150 quod
1112 2114 1151 2140 fas
1163 2122 1214 2140 non
1226 2113 1286 2143 fuit.
1300 2114 1352 2140 nisi
1364 2112 1493 2139 violasses
1505 2111 1634 2146 templum
1641 2111 1691 2138 Ca·

893 2152 986 2182 storis.
1004 2160 1099 2178 nomen
1115 2151 1202 2186 epuli.
1215 2150 1307 2177 oculos
1317 2151 1428 2181 civium,
1447 2157 1546 2176 morem
1563 2153 1687 2177 veterem.

893 2189 961 2220 eius,
974 2189 1022 2224 qui
1035 2193 1059 2215 te
1074 2189 1208 2218 invitarat.
1221 2188 1413 2217 auctoritatem,
1426 2195 1520 2221 parum
1533 2191 1639 2221 putares
1652 2191 1690 2212 te-

894 2226 1037 2252 stificatum
1049 2234 1117 2256 esse,
1133 2225 1343 2260 supplicationes
1355 2229 1379 2251 te
1389 2224 1450 2250 illas
1462 2232 1514 2250 non
1526 2222 1637 2258 putare?

950 2263 1018 2289 xlv.
1035 2265 1076 2289 33.
1093 2263 1197 2295 Quaero
1211 2263 1290 2289 etiam
1307 2261 1374 2288 illud
1390 2269 1423 2287 ex
1435 2265 1472 2291 te.
1485 2260 1557 2296 quod
1569 2261 1689 2294 privatus

894 2300 1042 2326 admisisti:
1064 2301 1092 2326 in
1103 2308 1157 2335 quo
1165 2304 1235 2326 certe
1247 2300 1298 2326 iani
1311 2298 1454 2325 tibidicere
1460 2307 1512 2324 non
1520 2297 1618 2326 licebit.
1627 2305 1690 2323 eum

893 2337 1035 2364 clarissimi
1048 2337 1098 2363 viri
1110 2345 1203 2363 caussa
1214 2345 1337 2363 caussam
1349 2340 1422 2362 tuam
1434 2343 1494 2361 esse
1504 2335 1686 2361 coniunctam:

895 2374 1079 2409 postulatusne
1099 2375 1137 2400 sis
1154 2373 1212 2409 lege
1227 2374 1328 2400 Licinia
1343 2377 1369 2400 et
1383 2372 1477 2399 Iunia?
1500 2372 1647 2398 edixeritne
1658 2371 1687 2397 C.

895 2412 1037 2438 Memmius
1048 2416 1152 2446 praetor
1162 2419 1195 2437 ex
1206 2419 1235 2437 ea
1249 2410 1314 2446 lege.
1328 2415 1357 2437 ut
1367 2410 1474 2436 adesses
1485 2409 1528 2435 (lia
1540 2407 1690 2435 tricesimo?

893 2457 979 2484 quum
994 2449 1016 2474 is
1027 2448 1085 2474 dies
1096 2449 1222 2479 venisset.
1236 2447 1373 2477 fecerisne,
1386 2446 1458 2482 quod
1471 2447 1498 2473 in
1510 2446 1558 2472 hac
1570 2445 1690 2480 republi-

894 2494 923 2512 ca
935 2495 986 2512 non
999 2485 1077 2512 modo
1089 2485 1186 2512 sactum
1198 2490 1258 2512 ante
1269 2493 1417 2520 numquam
1429 2489 1508 2514 esset,
1524 2484 1570 2509 sed
1582 2484 1688 2510 inomni

895 2523 1020 2550 memoria
1032 2523 1067 2549 sit
1077 2524 1187 2549 omnino
1198 2522 1364 2549 inauditum:
1382 2520 1560 2556 appellarisne
1567 2520 1688 2547 tribunos

894 2560 975 2595 plebi,
989 2569 1022 2587 ne
1033 2568 1140 2587 causam
1152 2560 1273 2586 diceres?
1294 2559 1380 2586 levius
1391 2559 1461 2585 dixi:
1484 2566 1648 2594 quamquam
1662 2557 1688 2584 id

894 2598 984 2632 ipsum
999 2602 1070 2624 esset
1085 2602 1110 2624 et
1125 2606 1224 2624 novum
1236 2602 1260 2623 et
1272 2605 1323 2623 non
1336 2596 1489 2623 ferendum:
1511 2595 1558 2622 sed
1570 2595 1688 2630 appella-

894 2635 965 2661 risne
981 2635 1136 2661 nominatim
1156 2640 1257 2670 pestem
1276 2633 1351 2660 illius
1369 2634 1440 2664 anni.
1462 2632 1558 2659 furiam
1578 2633 1685 2668 patriae,

894 2676 1077 2708 tempestatem
1093 2672 1264 2708 reipublicae.
1282 2670 1425 2699 Clodium?
1443 2671 1492 2706 qui
1503 2675 1590 2698 tamen
1602 2678 1686 2705 quum

1448 2719 1481 2745 66
