1941 3052
434 122 763 149 EPISTULARUM
785 122 838 149 AD
867 123 1072 150 ATTICUM
1102 124 1182 150 LIB.
1205 124 1240 150 X.
1262 125 1324 150 EP.
1347 126 1371 150 8.
1394 127 1420 150 9.

103 193 172 220 sime
187 191 451 228 diligentissimeque
461 193 579 220 coluisti.
620 194 703 220 Valde
714 203 745 221 eo
756 195 814 229 ipsa
825 194 899 221 dele-

103 235 171 257 ctata
182 234 235 257 est:
253 239 302 268 ego
313 235 401 256 autem
414 240 466 257 non
478 232 582 263 minus;
599 233 678 258 cuius
690 232 801 267 quidem
813 232 899 258 virtus

104 267 227 295 mirifica.
267 268 326 299 Quo
341 268 420 294 modo
436 268 481 294 illa
498 268 547 295 sert
558 269 696 304 publicam
711 269 828 296 cladem!
846 278 900 304 quo

103 305 183 332 modo
203 305 364 331 domesticas
386 306 478 332 tricas!
500 311 618 341 quantus
639 312 728 333 autem
748 307 856 334 animus
873 308 899 333 in

103 344 228 370 discessu
242 343 344 369 nostro!
362 343 402 369 Sit
413 344 524 379 σιοργή,
540 345 575 370 sit
590 353 695 370 summa
712 344 842 377 σύιντηξιςς
862 349 900 370 ta-

104 390 166 407 men
187 389 235 406 nos
252 384 320 406 recte
337 380 422 406 facere
439 386 464 407 et
480 381 547 407 bene
563 381 656 407 audire
673 381 740 408 vult.
782 381 834 407 Sed
851 381 900 407 hac

104 427 186 453 super
201 426 228 444 re
245 417 342 451 nimis,
365 427 398 444 ne
414 427 501 444 meam
518 419 576 453 ipse
588 418 761 453 συμπάθειαν
773 419 826 445 iam
837 428 901 445 evo-

104 465 173 483 cem.
214 456 267 486 Tu,
291 456 314 481 si
335 455 402 490 quid
418 456 450 481 de
467 456 604 490 Hispaniis
619 457 732 487 certius,
755 461 781 482 et
796 457 819 482 si
834 456 900 491 quid

104 493 191 524 aliud,
209 493 275 519 dum
290 493 434 523 adsumus.
452 493 568 520 scribes:
587 498 612 520 et
626 502 675 529 ego
691 493 801 520 sortasse
813 494 901 520 disce-

104 532 170 558 dens
182 531 251 557 dabo
262 530 294 556 ad
307 536 330 557 te
342 530 459 565 aliquid,
476 540 507 557 eo
518 532 597 557 etiam
610 531 711 566 magis,
729 531 802 566 quod
813 532 901 558 Tullia

103 574 129 596 te
144 577 197 595 non
214 568 324 603 putabat
340 568 389 594 hoc
405 573 523 603 tempore
539 577 572 594 ex
583 568 666 595 ltalia.

104 607 168 633 item
184 611 224 632 est
238 605 387 641 agendum,
406 611 435 632 ut
445 614 506 631 cum
519 606 647 636 Curione,
666 606 771 632 Melitae
784 615 825 631 me
838 606 902 632 velit

103 652 176 675 esse,
195 643 259 669 huic
275 642 346 669 bello
357 642 427 669 nolle
440 644 578 669 interesse.
619 643 657 669 Eo
668 643 750 669 velim
763 648 816 669 tam
828 643 901 669 sacili

104 682 143 707 uti
155 689 272 716 possem,
286 685 373 707 ettam
387 680 456 707 bono
468 682 494 706 in
507 689 558 711 me,
572 689 653 715 quam
666 680 791 707 Curione.
832 681 856 706 Is
868 681 900 706 ad

104 719 239 745 Misenum
253 727 286 744 vi.
300 718 387 744 Nonas
399 723 530 744 venturus
541 717 694 748 dicebatur,
714 718 740 743 id
754 722 793 744 est
804 717 898 744 hodie:

103 756 152 782 sed
163 755 303 791 praemisit
317 755 385 781 mihi
396 755 503 782 odiosas
515 754 625 786 litteras,
639 755 689 781 hoc
700 754 838 790 exemplo:

157 841 210 862 vm
221 848 240 861 a,

157 893 357 921 ANTONIUS
379 894 475 920 TRIB.
498 894 604 921 PLEB.
626 895 845 921 PROPRAET.

327 931 516 958 CICERONI
540 933 616 959 IMP.
643 932 670 958 S.

161 980 183 1004 l.
205 972 271 1004 Nisi
288 982 314 1004 te
330 977 408 1004 valde
422 986 553 1009 amarem,
571 982 597 1004 et
608 978 692 1004 multo
704 978 814 1013 quidem
827 978 898 1013 plus,

103 1024 185 1051 quam
197 1020 225 1042 tu
237 1019 329 1050 putas⁷
346 1024 397 1041 non
410 1016 598 1041 extimuissem
610 1024 759 1047 rumorem,
773 1017 820 1051 qui
832 1016 900 1042 dete

104 1052 224 1088 prolatus
239 1057 292 1084 est,
310 1061 395 1088 quum
410 1054 567 1087 praesertim
581 1052 678 1079 salsum
691 1062 749 1080 esse
761 1054 902 1080 existima-

105 1099 170 1117 rem.
204 1090 257 1117 Sed
268 1091 332 1125 quia
344 1095 367 1117 te
379 1091 463 1116 nimio
475 1090 537 1125 plus
548 1090 642 1126 diligo,
657 1099 709 1117 non
721 1100 832 1126 possum
845 1091 902 1117 dis-

103 1127 232 1154 simulare
252 1128 321 1154 mihi
342 1127 440 1154 famam
461 1136 583 1163 quoque,
619 1129 746 1163 quamvis
769 1130 804 1155 sit
824 1128 898 1159 falsa,

103 1166 195 1201 magni
206 1174 275 1192 esse,
314 1166 349 1191 Te
362 1166 463 1191 iturum
476 1170 547 1191 trans
559 1174 640 1197 mare,
654 1166 762 1192 credere
775 1175 826 1192 non
838 1175 901 1201 pos-

103 1212 178 1234 sum,
199 1212 284 1238 quum
300 1203 365 1229 tanti
383 1202 464 1229 facias
475 1202 640 1229 Dolabellam
652 1208 678 1229 et
688 1203 803 1230 Tulliam
816 1209 898 1234 tuam,

104 1240 232 1267 seminam
245 1240 428 1271 lectissimam,
437 1241 557 1275 tantique
569 1240 602 1266 ab
613 1241 741 1267 omnibus
753 1241 831 1267 nobis
839 1241 898 1274 fias;

103 1278 205 1312 quibus
226 1277 380 1304 mehercule
401 1278 519 1313 dignitas
538 1278 743 1313 amplitudoque
758 1283 801 1305 tua
817 1288 901 1313 paene

103 1317 189 1342 carior
199 1320 247 1346 cst,
264 1324 345 1350 quam
358 1315 407 1341 tibi
422 1316 486 1350 ipsi.
526 1315 578 1342 Sed
590 1320 678 1342 tamen
690 1325 742 1342 non
753 1325 814 1342 sum
829 1316 903 1342 arbi-

264 842 463 865 (Manwcltu.Lau-‹11›
474 848 521 861 coss.
535 844 588 863 705»)

103 1358 187 1379 tratus
203 1362 262 1379 esse
277 1353 356 1379 amici
371 1361 423 1379 non
440 1353 603 1379 commoveri
619 1354 699 1380 etiam
717 1354 901 1388 improborum
929 1378 931 1383 ,

929 1397 931 1410 1
953 1388 985 1413 (le
1002 1387 1170 1421 dignatione,
1189 1388 1299 1414 laborat.

103 1399 240 1417 sermone.-
264 1395 344 1425 atque
360 1399 390 1416 eo
406 1390 456 1416 feci
473 1391 636 1422 studiosius,
657 1391 729 1426 quod
746 1391 901 1417 iudicabam

103 1428 225 1454 duriores
241 1433 329 1462 partes
345 1428 412 1454 mihi
427 1429 567 1462 impositas
579 1437 638 1455 esse
652 1429 685 1455 ah
696 1428 842 1455 offensione
855 1438 902 1455 no-

103 1470 169 1497 stra,
188 1474 257 1500 quae
274 1466 361 1501 magis
377 1474 391 1491 a
408 1466 546 1499 ζηλοτυπίᾳ
562 1475 634 1497 mea,
655 1475 736 1501 quam
753 1467 786 1492 ah
802 1467 901 1493 iniuria

103 1508 147 1529 tua
160 1508 219 1529 nata
231 1507 280 1529 est.
321 1503 364 1529 sic
376 1503 448 1529 enim
461 1502 521 1529 volo
532 1508 556 1529 te
572 1503 622 1530 tibi
638 1504 814 1538 persuadere,
833 1504 901 1530 mibi

103 1541 240 1567 neminem
252 1549 311 1566 esse
322 1541 450 1567 cariorem
463 1546 496 1572 te,
513 1546 624 1575 excepto
636 1542 748 1567 Caesare
760 1550 827 1573 meo,
845 1550 902 1567 me-

102 1587 155 1612 que
168 1577 235 1604 illud
248 1586 300 1604 una
312 1577 445 1610 iudicare,
462 1578 602 1605 Caesarem
619 1580 737 1605 maxime
754 1580 780 1605 in
796 1580 853 1605 suis
864 1580 900 1605 M.

102 1616 258 1641 Ciceronem
271 1624 409 1650 reponere.
450 1618 475 1643 2.
497 1616 598 1648 Quare,
618 1617 654 1642 mi
667 1617 772 1647 Cicero,
791 1621 814 1643 te
826 1625 898 1652 rogo,

102 1658 131 1679 ut
143 1653 193 1679 tibi
203 1653 293 1679 omnia
305 1653 407 1688 integra
418 1655 586 1684 serves,eius
601 1654 680 1680 tidem
693 1654 839 1689 improbes,
853 1655 901 1689 qui

102 1690 160 1721 nbi,
176 1695 204 1716 ut
215 1690 376 1717 beneficium
389 1690 472 1721 daret,
490 1691 565 1725 prius
578 1691 705 1717 iniuriam
718 1691 792 1718 iecit:
811 1696 901 1718 contra

102 1736 135 1754 ne
146 1727 298 1762 profugias,
315 1728 363 1762 qui
377 1732 411 1759 te,
425 1729 474 1755 etsi
487 1737 538 1755 non
554 1729 667 1760 amabit,
685 1729 766 1764 (quod
780 1729 901 1755 accidere

101 1773 154 1791 non
166 1765 273 1800 potest‚)
290 1770 377 1791 tamen
393 1765 499 1792 salvum
515 1766 771 1801 amplissimumque
783 1776 842 1793 esse
853 1775 902 1793 cu-

101 1803 167 1837 piet.
207 1802 300 1829 Dedita
316 1811 395 1837 opera
413 1803 445 1829 ad
465 1808 488 1830 te
504 1803 695 1838 Calpurnium,
719 1804 902 1840 familiarissi-

101 1848 177 1866 mum
188 1848 288 1870 meum.
302 1841 379 1873 misi,
398 1845 427 1867 ut
437 1841 505 1867 mibi
517 1850 629 1877 magnae
640 1850 719 1868 curae
733 1847 805 1869 tuam
818 1843 900 1869 vitam

102 1885 132 1903 ac
143 1876 302 1913 dignitatem
313 1886 372 1904 esse
385 1878 478 1904 scires.

158 1951 259 2014 lilodem
275 1951 318 1978 die
334 1960 349 1978 a
362 1952 474 1979 Caesare
490 1952 652 1980 Philotimus
666 1954 767 1986 attulit,
790 1954 839 1981 hoc
854 1963 902 1981 ex-

102 1997 164 2024 emp
177 1997 205 2015 0:

159 2075 209 2096 vm
220 2075 240 2095 t».
533 2081 586 2101 ror»)

195 2128 349 2156 CAESAR
370 2130 446 2156 IMP.
468 2130 658 2157 ClCEllONI
679 2131 755 2158 lMP.
777 2131 806 2158 S.

160 2176 182 2200 1.
205 2171 267 2200 Etsi
284 2179 307 2201 te
324 2175 392 2201 nibil
408 2180 520 2206 temere,
539 2176 606 2202 nihil
619 2177 804 2211 imprudenter
816 2177 902 2204 factu-

103 2220 162 2238 rum
175 2212 337 2245 iudicaram3
352 2217 439 2239 tamen
453 2213 901 2247 permotusbornimimt‘ama,scri—

265 2077 372 2098 (Marcello,
383 2077 463 2095 Lentulo
474 2085 520 2097 ross.

102 2249 222 2276 bendum
238 2249 271 2276 ad
287 2254 311 2276 te
327 2250 495 2281 existimavi,
518 2255 543 2277 et
555 2259 602 2285 pro
614 2256 701 2278 nostra
715 2252 900 2279 benevolentia
923 2249 924 2257 ¹

102 2287 263 2322 petendum,
281 2296 314 2313 ne
329 2296 383 2322 quo
399 2287 612 2323 progredereris,
631 2289 777 2323 proclinata
795 2291 846 2316 iam
862 2300 898 2321 re,

101 2332 169 2360 quo,
189 2325 291 2361 integra
308 2326 400 2356 etiam⁷
428 2325 655 2360 progrediendum
673 2327 721 2352 tibi
738 2336 788 2353 non
806 2328 901 2354 existi-

101 2369 214 2388 masses.
260 2363 383 2397 Namque
402 2367 428 2389 et
446 2363 580 2389 amicitiae
600 2364 751 2399 graviorem
774 2365 900 2391 iniuriam

102 2398 211 2432 feceris3
235 2404 262 2426 et
276 2400 326 2426 tibi
342 2400 433 2426 minus
449 2400 588 2426 commodo
604 2400 788 2432 consulueris,
807 2403 829 2428 si
848 2412 900 2429 non

102 2435 224 2463 fortunae
234 2437 380 2464 obsecutus
392 2437 635 2473 videbere,(omnia
648 2439 719 2464 enim
732 2439 900 2466 secundissi-

102 2481 145 2500 ma
157 2474 250 2506 nobis,
268 2475 460 2501 adversissima
478 2475 532 2501 illis
547 2475 678 2502 accidisse
693 2476 840 2511 videntum)
853 2486 900 2503 nec

101 2519 225 2538 caussam
237 2516 355 2543 secutus,
369 2512 471 2548 (eadem
483 2513 555 2538 enim
568 2518 624 2539 tum
638 2512 696 2544 fnit,
713 2522 798 2548 quum
811 2514 844 2540 ab
855 2523 900 2540 eo-

102 2557 163 2574 rum
174 2549 295 2576 consitiis
306 2550 401 2576 abesse
413 2550 561 2584 indicasti.)
576 2550 623 2576 sed
636 2559 726 2576 meum
739 2550 848 2586 aliquod
862 2551 900 2577 t‘a-

101 2589 175 2612 ctum
186 2586 424 2614 condemnavissc:
438 2596 492 2622 quo
503 2588 570 2613 mibi
585 2588 697 2623 gravius
708 2588 756 2614 abs
771 2593 794 2614 te
807 2589 843 2615 nil
857 2598 900 2615 ac-

101 2622 191 2650 cidere
202 2628 298 2658 potest.
338 2624 416 2657 Quod
428 2633 461 2651 ne
473 2624 568 2656 facias,
588 2634 634 2660 pro
648 2626 704 2651 iure
717 2630 820 2652 nostrae
832 2628 900 2653 ami-

101 2660 180 2687 citiae
192 2669 206 2687 a
217 2665 241 2687 te
252 2665 323 2696 peto.
357 2664 382 2689 2.
399 2663 543 2693 Postremo,
557 2662 624 2698 quid
637 2663 694 2690 viro
706 2663 774 2690 bono
785 2669 810 2690 et
821 2665 900 2699 quie-

707 569 775 595 Cum
787 568 901 595 Antonio
929 587 930 595 1

1697 127 1744 151 897

951 200 985 226 to,
999 200 1024 222 et
1034 195 1103 222 bono
1114 196 1169 222 civi
1180 196 1266 231 magis
1277 196 1415 228 convenit,
1433 204 1514 230 quam
1527 195 1620 222 abesse
1632 205 1646 222 a
1657 196 1745 222 civili-

951 233 1002 259 bus
1018 233 1225 259 controversiis?
1248 233 1320 268 quod
1337 233 1460 260 nonnulli
1484 242 1569 268 quum
1593 233 1744 268 probarent,

952 270 1065 304 periculi
1080 279 1175 296 caussa
1192 271 1269 305 sequi
1282 280 1333 297 non
1345 275 1499 306 potuerunt.
1539 271 1592 301 Tu,
1610 270 1747 305 explorato

952 312 976 333 et
992 309 1061 333 vitae
1077 316 1151 334 meae
1168 308 1321 334 testimonio
1337 314 1362 334 et
1378 309 1511 334 amicitiae
1527 308 1641 339 iudicio,
1660 317 1747 343 neque

952 345 1035 371 tutius
1050 354 1137 379 neque
1153 345 1292 371 honestius
1304 347 1421 381 reperies
1435 345 1599 380 quidquam,
1616 354 1698 380 quam
1714 346 1747 372 ab

952 383 1025 408 omni
1037 383 1204 409 contentione
1215 383 1319 409 abesse.
1360 392 1407 409 ,xxa
1421 383 1479 409 Kal.
1492 383 1553 409 Mai.
1567 391 1601 409 ex
1612 383 1717 410 itinere.

1005 452 1046 472 lx.
1077 454 1409 474 {lnCumano,Maru-110,Imm-1⁴»
1420 462 1464 471 wo.
1477 456 1530 474 703]

1139 488 1306 515 CICERO
1336 489 1506 515 ATTICO
1536 489 1564 516 S.

1011 527 1032 551 l.
1054 520 1200 552 Adventus
1216 526 1352 552 Philotimi
1368 526 1402 559 (at
1417 527 1496 552 cuius
1513 527 1643 553 hominis!
1667 535 1747 562 quam

952 562 1064 593 insulsi,
1078 568 1103 588 et
1114 572 1195 597 quam
1207 572 1286 598 saepe
1298 572 1344 598 pro
1357 564 1482 598 Pompeio
1495 565 1673 599 mentientisl)
1685 573 1748 591 exa-

953 600 1067 625 nimavit
1082 609 1189 631 omnes,
1208 601 1255 635 qui
1273 610 1377 627 mecum
1389 606 1472 627 erant.
1514 602 1581 627 Nam
1593 603 1650 636 ipse
1661 602 1749 628 obdu-

929 649 930 656 *
953 638 1004 663 rui.
1027 637 1171 664 Dubitabat
1182 643 1302 664 nostrum
1315 647 1401 669 nemo,
1415 640 1481 673 quin
1493 639 1589 665 Caesar
1601 640 1695 665 itinera
1707 648 1749 665 re—

952 675 1108 708 pressisset:
1128 675 1216 701 volare
1232 676 1344 702 dicitur:
1361 677 1480 702 Petreius
1491 685 1553 702 oum
1565 676 1674 702 Afranio
1685 685 1748 702 con-

952 712 1088 737 iunxisset
1103 721 1144 738 se:
1167 713 1235 738 nihil
1257 713 1331 739 affert
1349 713 1493 740 eiusmodi.
1533 714 1604 745 Quid
1623 713 1750 748 quaeris?

952 749 1032 774 etiam
1048 749 1115 775 illud
1130 755 1186 776 erat
1201 759 1373 784 persuasum,
1392 751 1549 785 Pompeium
1566 760 1627 777 cum
1644 752 1749 787 magnis

952 787 1038 820 copiis
1059 787 1109 812 iter
1130 787 1155 813 in
1173 788 1345 813 Germaniam
1362 797 1409 822 per
1428 788 1565 823 Illyricum
1588 788 1697 815 secisse.-
1722 788 1748 814 id

952 824 1025 849 enim
1040 823 1203 855 αὐθεντικώς
1218 825 1402 851 nuntiabatur.
1444 825 1561 851 Melitam
1577 826 1672 860 igitur,
1690 826 1749 860 opi-

952 870 1012 891 nor,
1026 869 1213 895 capessamus,
1231 862 1310 893 dum,
1329 862 1395 897 quid
1408 863 1434 888 in
1446 863 1586 897 llispania3
1605 863 1676 897 quod
1687 864 1750 897 qui-

952 898 1013 924 dem
1034 899 1229 933 propemodum
1250 900 1344 925 videor
1364 909 1397 926 ex
1412 900 1532 926 Caesaris
1550 900 1645 926 litteris
1661 901 1749 935 ipsius

953 935 1088 962 voluntate
1101 936 1186 962 facere
1198 946 1289 971 posse,
1304 938 1352 972 qui
1365 942 1442 972 negat
1454 946 1540 972 neque
1552 938 1691 963 honestius
1703 946 1751 963 ne-

952 982 1005 1008 que
1022 974 1106 1000 tutius
1121 974 1190 1000 mihi
1206 975 1356 1009 quidquam
1372 984 1444 1005 esse,
1463 984 1544 1009 quam
1557 975 1589 1000 ab
1601 976 1674 1001 omni
1686 984 1750 1001 con-

953 1011 1068 1037 tentione
1079 1012 1184 1038 abesse.
1225 1014 1250 1038 2.
1268 1013 1353 1041 Dices.
1368 1012 1414 1038 ubi
1427 1021 1489 1047 ergo
1502 1017 1564 1039 tuus
1576 1012 1620 1038 ille
1632 1013 1748 1042 animus,

952 1057 1034 1084 quem
1045 1050 1177 1083 proximis
1191 1049 1303 1076 litteris?
1322 1050 1405 1076 Adest
1416 1054 1441 1076 et
1456 1050 1527 1076 idem
1539 1054 1588 1076 est.
1632 1049 1684 1075 Sed
1696 1051 1751 1076 uti-

952 1095 1014 1112 nam
1027 1095 1085 1113 meo
1096 1086 1184 1113 solum
1192 1088 1278 1121 capite
1285 1087 1470 1113 decernerem!
1486 1088 1621 1113 Lacrimae
1629 1096 1749 1113 meorum

953 1133 995 1150 me
1013 1124 1148 1150 interdum
1165 1124 1302 1155 molliunt,
1321 1125 1503 1159 precantium,
1520 1130 1549 1151 ut
1565 1125 1597 1150 de
1614 1125 1750 1159 Hispaniis

952 1166 1151 1196 exspectemus.
1191 1162 1226 1188 M.
1240 1162 1324 1188 Caelii
1335 1163 1447 1197 quidem
1458 1162 1609 1197 epistolam,
1623 1163 1749 1196 scriptam

953 1199 1152 1230 miserabiliter,
1161 1208 1245 1234 quum
1259 1200 1308 1226 hoc
1320 1200 1390 1226 idem
1402 1200 1562 1230 obsecraret,
1572 1205 1599 1226 ut
1611 1204 1751 1234 exspecta-

929 1241 930 1245 ’
953 1246 1022 1267 rem.
1046 1246 1078 1263 ne
1095 1237 1213 1263 fortunas
1229 1246 1316 1268 meas,
1336 1246 1368 1263 ne
1381 1239 1492 1263 unicum
1509 1237 1608 1267 tilium,
1627 1246 1660 1263 ne
1677 1245 1750 1262 meos

952 1283 1045 1301 omnes
1056 1279 1108 1301 tam
1121 1280 1220 1301 temere
1232 1275 1381 1310 proderem,
1396 1284 1447 1301 non
1459 1275 1517 1301 sine
1531 1283 1627 1310 magno
1638 1273 1700 1300 fletu
1714 1274 1751 1300 le-

952 1317 1049 1347 gerunt
1063 1313 1140 1347 pueri
1153 1313 1248 1339 nostri:
1262 1313 1313 1339 etsi
1324 1322 1400 1338 meus
1412 1312 1523 1347 quidem
1538 1317 1577 1338 est
1590 1312 1689 1342 sortior,
1706 1320 1752 1337 eo-

953 1358 1005 1384 que
1018 1351 1076 1384 ipso
1088 1350 1276 1376 vehementius
1288 1355 1451 1376 commovet:
1465 1358 1513 1375 nec
1524 1349 1683 1384 quidquam.
1698 1350 1750 1375 nisi

1041 1420 1044 1421 ⁷
1341 1390 1364 1414 3.
1388 1387 1505 1413 Melitam
1523 1388 1618 1422 igitur:
1641 1386 1748 1414 deinde,

953 1434 1007 1459 quo
1023 1425 1170 1451 videbitur.
1212 1426 1250 1451 Tu
1267 1430 1356 1451 tamen
1372 1426 1452 1451 etiam
1472 1434 1543 1450 nunc
1560 1424 1627 1450 mibi
1646 1423 1750 1458 aliquid

954 1462 1116 1494 litterarum,
1136 1467 1160 1489 et
1172 1463 1303 1494 maxime,
1320 1464 1343 1489 si
1357 1463 1424 1498 quid
1436 1463 1469 1488 ab
1482 1461 1599 1488 Afranio.
1640 1462 1710 1496 Ego,
1727 1462 1750 1487 si

953 1508 1015 1526 cum
1026 1500 1140 1526 Antonio
1157 1500 1260 1526 locutus
1277 1510 1333 1531 ero,
1352 1501 1469 1526 scribam
1482 1499 1514 1525 ad
1528 1504 1564 1529 te,
1583 1498 1649 1533 quid
1662 1504 1750 1525 actum

953 1538 997 1564 sit.
1039 1538 1090 1563 Ero
1102 1542 1189 1564 tamen
1204 1538 1229 1564 in
1241 1538 1383 1568 eredendo,
1398 1543 1426 1564 ut
1438 1546 1538 1564 mones.
1553 1541 1658 1562 cautus.
1684 1537 1750 1562 Nam

952 1575 1106 1602 occultandi
1119 1576 1184 1601 ratio
1195 1584 1280 1610 quum
1293 1575 1422 1605 difficilis,
1437 1580 1493 1601 tum
1505 1575 1584 1600 etiam
1600 1573 1750 1608 periculosa

953 1617 1002 1640 est.
1044 1612 1169 1639 Servium
1181 1618 1307 1647 exspecto
1319 1613 1350 1639 ad
1364 1614 1465 1639 Nonas:
1479 1617 1503 1638 et
1515 1611 1599 1645 adigit
1611 1612 1644 1637 ita
1657 1611 1751 1636 Postu-

954 1651 1006 1676 mia
1019 1655 1044 1677 et
1056 1650 1167 1676 Servius
1180 1650 1262 1676 lilius.
1301 1652 1463 1682 Quat-tanam
1477 1650 1603 1675 leviorem
1614 1657 1673 1674 esse
1684 1657 1751 1683 gau-

953 1688 1012 1715 deo.
1054 1688 1117 1715 Misi
1127 1687 1160 1714 ad
1171 1692 1195 1714 te
1206 1688 1290 1714 Caelii
1302 1689 1380 1715 etiam
1396 1689 1542 1714 litterarum
1555 1685 1720 1721 exemplum

1094 1761 1202 1781 <Ma-cetto,
1213 1760 1294 1777 Lentulo
1306 1767 1351 1777 nou.
1365 1762 1374 1777 7
1394 1762 1402 1777 ἰ

1093 1804 1290 1831 CAELIUS
1320 1802 1598 1830 CICERONIS.

1012 1844 1034 1868 l.
1056 1838 1238 1869 Exanimatus
1250 1843 1304 1868 tuis
1317 1841 1425 1872 litteris,
1443 1841 1545 1875 quibus
1562 1844 1585 1866 te
1598 1838 1680 1867 nibil,
1699 1839 1750 1864 nisi

954 1880 1041 1910 triste,
1055 1881 1172 1916 cogitare
1183 1880 1339 1910 ostendisti,
1353 1888 1453 1914 neque,
1468 1878 1494 1904 id
1506 1877 1579 1912 quod
1593 1881 1676 1905 esset,
1691 1884 1752 1910 per-

953 1917 1096 1952 scripsisti,
1111 1927 1197 1953 neque
1210 1927 1261 1944 non
1274 1922 1371 1947 tamen,
1385 1916 1463 1951 quale
1475 1921 1553 1944 esset,
1567 1914 1639 1949 quod
1650 1914 1752 1947 cogita-

954 1963 1004 1986 res,
1019 1956 1162 1990 aperuisti:
1178 1955 1226 1981 has
1237 1955 1270 1981 ad
1283 1960 1306 1981 te
1319 1954 1391 1980 illico
1405 1954 1504 1980 litteras
1516 1952 1622 1986 scripsi.
1640 1952 1687 1976 l'er
1699 1950 1751 1976 tor-

953 1996 1031 2019 tunas
1049 1998 1121 2024 tuas,
1139 1993 1246 2023 Cicero,
1265 2001 1312 2027 per
1329 1992 1426 2017 liberos
1443 1996 1466 2017 te
1482 1999 1527 2015 oro
1538 1994 1563 2016 et
1577 1989 1699 2016 obsecro.
1719 1997 1750 2013 ne

953 2030 1020 2064 quid
1036 2031 1147 2065 gravius
1163 2030 1196 2056 de
1213 2030 1298 2056 salute
1314 2034 1339 2055 et
1356 2028 1538 2055 incolumitate
1555 2032 1597 2053 tua
1614 2026 1749 2051 consulas.

953 2068 1020 2093 Nam
1031 2067 1095 2093 deos
1108 2068 1299 2102 hominesque,
1314 2067 1516 2100 amicitiamque
1529 2069 1644 2090 nostram
1658 2063 1750 2088 testiti-

954 2105 1030 2135 lieor,
1054 2114 1096 2130 me
1113 2105 1161 2131 tibi
1177 2105 1358 2139 praedixisse,
1384 2112 1470 2138 neque
1489 2107 1586 2128 temere
1603 2101 1747 2126 monuisse.

953 2142 1013 2173 sed,
1036 2147 1178 2177 postquam
1194 2144 1334 2167 Caesarem
1349 2141 1520 2167 convenerim
1537 2139 1750 2171 sententiamque

953 2180 1025 2209 eius,
1043 2179 1132 2213 qualis
1149 2179 1236 2205 sutura
1248 2184 1317 2205 esset
1329 2183 1402 2215 parta
1415 2177 1538 2206 victoria,
1557 2176 1707 2210 cognorim,
1727 2179 1750 2199 te

953 2217 1092 2242 certiorem
1115 2216 1221 2242 secisse.
1266 2216 1295 2241 Si
1316 2216 1456 2241 existimas
1477 2213 1598 2239 eannlem
1622 2212 1748 2238 rationem

954 2253 1008 2279 sore
1020 2254 1125 2279 Caesari
1144 2254 1169 2280 in
1186 2253 1355 2279 dimittendis
1372 2252 1534 2278 adversariis
1550 2255 1575 2276 et
1588 2249 1750 2275 conditioni-

954 2291 1005 2317 bus
1018 2290 1144 2321 i'erentlis,
1159 2300 1241 2316 erras.
1283 2290 1366 2320 Nihil,
1385 2289 1435 2315 nisi
1449 2294 1522 2314 atrox
1534 2293 1557 2313 et
1569 2295 1691 2315 saevum.
1705 2295 1750 2311 co-

953 2329 1018 2362 gitat
1034 2333 1113 2362 atque
1129 2329 1208 2354 etiam
1227 2328 1353 2362 loquitur.
1397 2328 1480 2352 {ratus
1494 2325 1598 2350 senatui
1611 2324 1689 2349 exiit:
1707 2322 1749 2348 bis

954 2365 1192 2392 intercessionibus
1210 2365 1287 2399 plane
1301 2366 1424 2390 incitatus
1436 2368 1485 2389 est.
1527 2363 1582 2387 Non
1597 2359 1749 2386 mehercule

952 2404 1001 2429 erit
1013 2403 1193 2437 deprecationi
1208 2403 1291 2428 locus.
1333 2404 1356 2428 ι).
1379 2403 1476 2433 Quare,
1490 2401 1512 2425 si
1527 2399 1575 2424 tibi
1588 2403 1624 2427 tu,
1641 2398 1664 2423 si
1677 2397 1749 2423 tilius

954 2441 1059 2469 unicus,
1068 2440 1204 2468 sidonius.
1217 2441 1310 2474 sispes
1322 2445 1381 2465 tuae
1394 2439 1512 2472 reliquae
1523 2436 1570 2462 tibi
1583 2444 1658 2461 carae
1670 2440 1746 2465 sunt;

1007 1758 1039 1778 tx
1051 1764 1069 1778 a.

929 2490 930 2493 ¹
952 2478 974 2503 si
987 2477 1090 2512 aliquid
1103 2477 1174 2512 apud
1188 2483 1280 2507 tenos,
1294 2478 1316 2503 si
1330 2478 1370 2502 vir
1381 2477 1508 2510 optimus.
1522 2482 1604 2507 gener
1616 2478 1687 2500 tuus,
1702 2480 1749 2497 va-

954 2515 1052 2540 lemus:
1070 2524 1162 2540 eorum
1181 2515 1313 2541 fortunam
1326 2523 1377 2540 non
1389 2514 1472 2539 ‹li-bes
1489 2511 1557 2537 velle
1573 2510 1745 2536 conturbare}

953 2557 979 2578 ut
995 2561 1053 2578 eam
1070 2561 1207 2583 caussam,
1232 2554 1258 2578 in
1274 2553 1353 2578 cuius
1370 2552 1478 2577 victoria
1495 2548 1569 2574 salus
1589 2553 1675 2573 nostra
1697 2552 1745 2576 est.

951 2589 1040 2615 odisse
1052 2594 1097 2616 aut
1109 2589 1260 2625 relinquere
1276 2597 1416 2624 cogamur,
1435 2593 1479 2614 aut
1492 2586 1600 2620 impium
1613 2584 1748 2619 cupidita-

952 2632 1003 2653 tem
1020 2631 1109 2653 contra
1125 2627 1239 2654 salutem
1257 2632 1329 2654 tuam
1346 2626 1503 2652 babeamus.
1545 2623 1664 2657 Denique
1680 2621 1746 2647 illud

951 2665 1052 2701 cogita,
1075 2665 1147 2700 quod
1167 2665 1282 2692 offensae
1304 2664 1397 2695 suerit,
1420 2664 1447 2690 in
1470 2663 1518 2689 ista
1534 2661 1702 2686 cunctatione
1724 2664 1747 2684 t«-

1498 2713 1541 2736 113
