1941 3052
783 153 824 178 69.
860 152 893 178 tt.

229 156 277 181 6532

230 226 311 260 putria
329 234 375 260 pro
392 233 420 250 ae
432 224 511 250 «ledit.
553 223 604 249 Iloc
617 228 642 249 ιιι
655 222 758 248 arcebis
770 222 882 252 bostem,
895 222 960 248 lines
972 223 1023 248 im-

230 264 294 297 perii
317 262 488 297 propaguliis:
516 261 618 286 seii-itui
641 260 794 294 populoque
815 260 932 285 ltomuno
947 268 1023 294 pare-
1044 284 1046 294 Ι

229 301 280 329 bis,
293 301 315 325 si
327 309 406 334 quum
423 298 543 324 mitiliani
557 307 610 323 rvni
628 302 650 322 te
663 297 727 322 furu-
740 296 895 323 traduxerit.
1044 299 1047 327 Ι

285 338 336 362 vlt.
360 338 397 362 (ὅ.
420 337 486 361 lim-‹-
505 336 526 360 εἰ
543 335 652 366 cof-ritus,
669 344 707 363 es.
727 334 759 359 M.
779 333 885 368 Lepide,
904 333 1023 368 pontifex

229 375 374 401 maximus.
399 374 434 398 M.
457 372 562 406 Lepidi,
585 372 717 405 pontilicis
734 372 857 401 maximi,
881 380 1021 406 pronepos.

228 411 274 436 sin
297 410 450 436 bominibus
468 414 569 435 tantum
588 409 664 434 licere
681 408 796 437 indicas.
813 413 944 443 quantum
962 417 1023 443 pos-

227 452 303 474 sunt:
329 447 396 476 vide,
411 456 441 472 ne
458 446 551 472 alienis
564 446 694 480 exemplis
710 447 796 480 iisque
811 446 961 471 recentibus
974 446 1020 475 uti.
1045 439 1047 453 ¹

227 493 307 519 quum
324 488 348 509 et
365 485 482 518 antiquis
498 488 523 510 et
534 483 687 509 domesticis
700 483 778 509 malle
791 483 905 509 videare.
946 483 1022 515 Quod
1046 508 1047 514 ,

228 523 249 547 si
267 522 446 547 auctoritatem
464 522 610 555 interponis
626 521 684 546 sine
695 521 785 551 armis,
800 521 885 555 magis
897 520 1022 555 equidem

229 559 319 584 laudo:
337 558 384 584 sed
397 558 465 589 vide,
482 567 513 584 nc
526 558 574 584 boc
587 559 674 592 ipsum
687 558 904 584 nonsitnecesse.
923 558 1023 589 Quam·
1045 550 1053 587 l¹

227 605 307 630 quam
326 597 395 622 enim
413 601 452 622 est
469 600 538 622 tanta
555 596 580 621 in
597 600 620 621 te
632 596 782 625 auctoritas,
795 600 893 630 quanta
905 594 984 621 debet
996 595 1021 621 in
1044 599 1053 651 l}

228 633 334 659 bomine
355 633 532 663 nobilissimo,
550 637 637 659 tamen
655 637 763 659 senatus
780 633 836 667 ipse
854 641 882 658 se
897 641 948 658 non
959 641 1024 658 con-
1052 657 1053 663 ,

228 671 333 696 temnit:
357 679 404 696 nec
426 679 487 696 vero
504 669 554 696 suit
570 679 697 704 umquam
714 671 833 705 gravior,
851 670 1020 700 constantior,
1044 661 1053 709 l¹

227 707 324 733 sortior.
358 708 459 734 Incensi
471 716 564 734 omnes
576 708 694 742 rapimur
708 707 740 733 ad
754 707 900 733 libertatem
913 716 1024 741 recupe-
1045 708 1053 721 '¹

227 745 350 771 randam:
383 754 434 771 non
451 750 535 779 potest
552 745 634 771 ullius
646 746 800 770 auctoritate
815 750 902 771 tantus
915 750 1023 770 senatus

227 782 374 817 populique
395 783 506 809 Romani
532 782 609 808 ardor
629 783 778 818 exstingui:
810 782 931 808 odimus:
964 782 1022 808 irati

227 828 394 855 pugnamus:
414 821 564 854 extorqueri
577 820 610 845 de
622 820 746 845 manibus
757 828 828 845 arma
836 828 886 845 non
895 824 1020 853 possunt:
1044 817 1045 824 ¹

227 858 344 891 receptui
359 858 467 893 signum
483 862 528 883 aut
544 858 737 883 revocationem
752 866 765 883 a
783 856 852 883 bello
867 857 958 883 audire
971 866 1021 883 non
1044 887 1045 895 ἵ

227 903 386 929 possumus:
418 903 557 929 speramus
577 895 690 929 optima:
726 895 778 929 pati
800 894 841 920 vel
863 893 1021 920 difficillima

226 931 372 963 malumus,
384 941 464 967 quam
477 932 586 958 servire.
612 933 650 957 46.
663 931 758 958 Caesar
767 931 880 957 confecit
891 932 1021 957 invictum

208 967 212 974 '
226 970 387 996 exercitum:
403 969 457 995 duo
469 969 607 995 fortissimi
621 968 1020 1003 consulesadsuntcumcopiis:

226 1006 256 1032 L.
280 1006 379 1037 Planci,
397 1007 517 1033 consulis
533 1007 675 1041 designati,
692 1007 763 1032 varia
780 1011 805 1032 et
816 1015 910 1042 magna
923 1006 1022 1032 auxilia

228 1051 279 1069 non
299 1043 409 1070 desunt:
436 1044 469 1070 de
489 1045 517 1070 D.
535 1044 609 1070 Bruti
625 1043 709 1070 salute
724 1048 848 1069 certatur.
890 1044 964 1070 Unus
980 1043 1023 1069 su-

227 1081 315 1106 riosus
335 1081 465 1117 gladiator
479 1090 541 1107 cum
558 1082 767 1107 taeterrimorum
784 1081 914 1107 latronum
929 1090 1020 1111 manu.

226 1123 315 1144 contra
332 1119 452 1153 patriam,
470 1124 558 1145 contra
569 1118 632 1145 deos
645 1123 762 1153 penates,
779 1123 868 1144 contra
878 1127 936 1144 aras
947 1123 972 1144 et
984 1118 1023 1145 ΐο-

226 1163 280 1186 COS,
298 1161 387 1182 contra
399 1161 523 1190 quattuor
533 1156 658 1182 consules
669 1157 738 1191 gerit
749 1155 860 1181 bellum.
902 1156 968 1182 Huic
979 1164 1023 1182 ce-
1051 1180 1052 1185 ,

226 1192 341 1219 damus?
361 1193 442 1220 buius
463 1193 628 1220 conditiones
649 1192 809 1219 audiamus?
832 1201 894 1219 cum
911 1193 960 1220 hoc
975 1202 1022 1228 pa-

226 1238 284 1256 cem
297 1230 351 1257 fieri
364 1239 441 1265 posse
452 1230 612 1257 credamus?

280 1268 346 1294 VIII.
369 1269 401 1294 At
427 1268 577 1303 periculum
601 1273 654 1299 est,
677 1276 710 1294 ne
730 1267 924 1302 opprimamur.
964 1267 1022 1294 Non

226 1309 324 1336 metuo,
341 1314 374 1331 ne
385 1306 417 1336 is,
430 1306 477 1340 qui
489 1306 546 1332 suis
557 1305 734 1341 amplissimis
745 1305 868 1336 fortunis,
882 1305 933 1331 nisi
945 1305 1022 1331 nobis

225 1342 317 1373 salvis,
339 1342 390 1369 frui
408 1352 458 1369 non
470 1348 565 1377 potest,
579 1343 673 1378 prodat
683 1342 798 1369 salutem
809 1351 896 1369 suam.
936 1342 1022 1369 Bonos

225 1380 298 1406 cives
319 1380 437 1415 primum
453 1385 546 1407 natura
565 1381 655 1412 elficit,
673 1380 783 1406 adiuvat
798 1379 895 1406 deinde
906 1379 1020 1406 fortuna.
1052 1394 1053 1405 i

225 1416 359 1444 Omnibus
380 1418 451 1444 enim
467 1418 544 1444 bonis
560 1418 676 1453 expedit,
689 1417 792 1444 salvam
804 1426 862 1444 esse
874 1417 1023 1452 rempubli-

224 1463 294 1481 cam.
326 1455 378 1481 Sed
390 1457 416 1481 in
428 1455 470 1486 iiS,
483 1456 531 1490 qui
543 1455 669 1482 fortunati
681 1460 752 1486 sunt,
767 1456 853 1490 magis
863 1455 891 1481 id
903 1459 1020 1489 apparet.

227 1493 266 1518 ⁴7.
279 1492 345 1524 Quis
357 1492 513 1519 fortunatior
523 1493 632 1528 Lepido,
646 1498 675 1519 ut
686 1497 745 1519 ante
759 1492 836 1519 dixi?
855 1493 917 1527 quis
929 1492 1021 1519 eodem

224 1529 331 1556 sanior?
354 1530 426 1556 Vidit
437 1531 496 1557 eius
507 1531 666 1557 maestitiam
679 1535 758 1565 atque
770 1530 892 1556 lacrimas
905 1529 1022 1564 populus

224 1567 360 1594 Romanus
378 1568 585 1602 Lupercalibus:
612 1568 688 1598 vidit.
701 1576 783 1603 quam
795 1567 924 1598 abiectus.
940 1576 1022 1602 quam

224 1604 360 1631 confectus
376 1610 455 1636 esset,
468 1614 552 1641 quum
566 1605 670 1632 Caesari
681 1605 803 1631 diadema
815 1605 957 1640 imponens
968 1605 1023 1631 An—

224 1642 322 1672 tonius.
336 1651 444 1669 servum
456 1651 484 1669 se
497 1643 670 1678 illius,quam
684 1642 814 1678 collegam
825 1651 885 1669 esse
896 1642 1020 1668 malebat.
1052 1643 1053 1650 ¹

223 1678 275 1711 Qui
296 1680 318 1705 si
335 1679 446 1715 reliquis
462 1679 569 1716 flagitiis
584 1685 610 1707 et
624 1680 772 1706 sceleribus
787 1688 817 1706 se
831 1680 964 1706 abstinere
975 1687 1023 1714 po-

224 1717 332 1747 tuisset,
356 1722 443 1743 tamen
459 1726 544 1744 unum
559 1718 594 1744 ob
615 1717 665 1744 hoc
685 1717 797 1748 factum,
815 1717 928 1752 dignum
943 1716 1021 1743 illum

224 1754 297 1779 omni
321 1762 404 1788 poena
425 1759 556 1788 putarem.
597 1755 673 1785 Nam,
691 1755 713 1781 si
728 1755 787 1789 ipse
798 1755 899 1781 servire
910 1758 1019 1789 poterat,

223 1790 302 1817 nobis
318 1791 457 1817 dominum
473 1800 521 1818 cur
536 1791 708 1826 imponebat?
739 1796 776 1822 et,
794 1792 817 1818 si
833 1792 892 1818 eius
907 1792 1021 1826 pueritia

223 1827 368 1862 pertulerat
389 1828 515 1855 libidines
526 1837 627 1859 eorum,
640 1830 687 1863 qui
703 1833 777 1855 erant
791 1829 819 1855 in
831 1837 892 1855 eum
904 1830 1018 1864 tyranni.

223 1865 338 1891 etiamne
349 1866 376 1892 in
389 1871 492 1893 nostros
503 1865 600 1892 liberos
611 1866 751 1892 dominum
763 1871 788 1892 et
799 1870 1021 1902 tyrannumcom-
1042 1882 1044 1895 η

223 1902 350 1937 parabat?
378 1903 470 1938 ltaque
487 1903 534 1930 illo
553 1903 700 1934 interfecto,
721 1903 830 1938 qualem
851 1912 913 1929 eum
929 1904 956 1930 in
973 1912 1021 1930 nos

223 1948 283 1965 esse
295 1939 388 1970 voluit,
402 1940 462 1966 talis
473 1941 531 1975 ipse
542 1941 570 1966 in
581 1945 682 1967 ceteros
692 1941 802 1966 exstitit.
827 1942 867 1966 ⁴8.
880 1940 937 1973 Qua
948 1941 1020 1967 enim

222 1977 251 2003 in
272 1977 393 2003 barbaria
408 1978 553 2012 quisquam
571 1982 624 2004 tam
636 1982 725 2008 taeter,
739 1982 792 2004 tam
802 1977 919 2004 crudelis
932 1983 1022 2014 tyran-
1042 1989 1044 1995 ¹

223 2022 288 2044 nus,
311 2023 393 2049 quam
413 2015 440 2041 in
461 2015 510 2041 hac
529 2015 596 2041 urbe
615 2016 696 2041 armis
717 2015 890 2041 barbarorum
906 2016 1021 2050 stipatus

222 2051 373 2078 Antonius?
403 2051 512 2079 Caesare
533 2051 687 2078 dominante
706 2052 882 2078 veniebamus
901 2053 928 2078 in
944 2061 1022 2079 sena-

223 2093 290 2119 tum,
312 2089 335 2115 si
355 2097 408 2115 non
425 2089 520 2120 libere,
538 2094 653 2116 attamen
671 2094 736 2116 tuto.
776 2089 829 2116 1100
849 2090 1018 2124 archipirata,

222 2125 299 2161 (quid
315 2127 387 2152 enim
403 2126 489 2153 dicam
502 2126 640 2162 tyranno‘?)
650 2127 715 2153 haec
725 2126 854 2153 subsellia
866 2127 899 2153 ab
910 2128 1020 2153 Ituraeis
1050 2146 1051 2159 ,

222 2163 431 2198 occupabantur.
470 2164 595 2199 Prorupit
615 2164 704 2191 subito
718 2164 903 2195 Brundisium,
917 2169 947 2190 ut
958 2164 1020 2191 inde

222 2201 331 2236 agmine
348 2201 477 2236 quadrato
492 2201 525 2228 ad
540 2202 636 2228 Urbem
656 2202 804 2228 accederet:
837 2201 1020 2228 lautissimum

221 2237 366 2272 oppidum,
380 2247 452 2265 nunc
467 2240 655 2274 municipium,
672 2239 923 2265 honestissimorum
934 2248 1021 2274 quon-

222 2275 283 2301 dam
308 2275 476 2306 colonorum,
504 2276 646 2307 Suessam,
673 2276 880 2302 fortissimorum
901 2277 1020 2303 militum

222 2313 353 2348 sanguine
364 2313 501 2348 implevit:
534 2314 671 2340 Brundisii
687 2314 715 2340 in
726 2314 788 2340 sinu
804 2322 857 2340 non
869 2313 947 2340 modo
957 2322 1020 2340 ava-

222 2350 362 2381 rissimae,
388 2351 435 2376 sed
459 2352 539 2377 etiam
564 2351 769 2377 crudelissimae
789 2351 880 2377 uxoris
903 2350 1019 2377 delectos

222 2386 330 2413 Martiae
350 2387 463 2423 legionis
476 2389 644 2415 centuriones
655 2388 808 2414 trucidavit.
848 2388 913 2414 Inde
924 2397 953 2414 se
965 2397 1020 2423 quo

222 2422 319 2455 furore,
333 2433 387 2459 quo
397 2425 497 2457 ardore,
511 2425 543 2452 ad
554 2425 663 2455 Urbem,
672 2425 699 2451 id
711 2430 759 2455 est,
767 2425 801 2451 ad
811 2425 918 2452 caedem
925 2426 1019 2460 optimi

222 2460 363 2495 cuiusque,
377 2463 508 2497 rapiebat!
539 2462 598 2495 Quo
609 2467 726 2497 tempore
741 2462 780 2488 dii
791 2462 955 2489 immortales
965 2463 1019 2497 ipsi

223 2498 386 2530 praesidium
407 2500 586 2534 improvisum
602 2509 650 2526 nec
663 2500 836 2534 opinantibus
852 2499 930 2526 nobis
940 2500 1020 2526 obtu-

225 2533 321 2560 lerunt.
362 2536 408 2561 tx.
429 2539 467 2563 ⁴9.
488 2537 606 2564 Caesaris
622 2538 693 2564 enim
710 2537 876 2563 incredibilis
886 2545 916 2563 ac
926 2537 1019 2563 divina

223 2571 309 2596 virtus
330 2570 438 2599 latronis
458 2575 575 2608 impetus
589 2573 712 2601 crudeles
727 2583 757 2600 ac
768 2573 928 2600 furibundos
938 2579 1019 2600 retar-

223 2607 309 2633 daw‘t:
340 2617 421 2642 quem
437 2615 493 2636 tum
509 2611 559 2637 ille
566 2611 677 2638 demens
689 2611 791 2637 laedere
802 2619 830 2637 se
842 2611 952 2645 putabat
961 2611 1019 2637 edi-

1050 222 1053 230 ¹
1075 224 1203 257 pueritiae
1224 232 1298 249 suae.

1052 425 1053 429 =
1076 409 1172 435 Urbem
1193 418 1303 436 cursus:

223 2644 282 2673 ctis,
304 2645 439 2680 ignorans,
453 2656 640 2683 quaecumque
654 2648 721 2674 falso
731 2648 830 2674 diceret
841 2649 867 2674 in
879 2649 1019 2674 sanctissi-

223 2690 298 2707 mum
319 2681 528 2715 adolescentem,
546 2692 576 2712 ea
596 2694 657 2713 vere
676 2685 793 2712 recidere
814 2686 841 2712 in
862 2686 1018 2712 memoriam

929 152 957 178 Τ,
993 151 1267 179 CICERONIS

1339 224 1477 259 Ingressus
1494 225 1590 252 Urbem
1602 230 1650 255 est.
1663 233 1718 260 quo
1727 225 1864 256 comitatu.

1076 260 1115 285 vel
1138 261 1226 294 potius
1246 262 1369 295 agmine!
1391 270 1476 296 quum
1492 263 1592 292 dextra,
1611 263 1726 292 sinistra,
1745 268 1868 297 [cemento

1076 298 1175 331 populo
1191 298 1320 328 nomano,
1344 299 1628 329 minan-turduminin.
1647 305 1747 326 notaret
1762 300 1865 331 domos,

1074 335 1226 361 divisurum
1241 345 1269 361 se
1286 336 1381 362 Urbem
1396 336 1480 370 palam
1493 337 1550 362 suis
1562 337 1739 371 polliceretur.
1781 336 1869 364 Rediit

1075 372 1106 397 ml
1129 372 1241 399 milites:
1265 373 1301 399 ibi
1319 373 1441 408 pestilera
1459 373 1503 399 illa
1518 374 1609 400 Tiburi
1620 375 1720 400 concio.
1761 374 1868 400 Indead

1340 416 1449 436 senatus
1471 411 1496 437 in
1519 411 1693 445 Capitolium:
1726 416 1814 446 parata
1835 411 1869 438 de

1074 447 1319 473 circumscribendo
1346 448 1511 474 adolescente
1541 449 1670 474 sententia
1702 449 1866 474 consularis:

1074 493 1158 518 quum
1180 490 1287 518 repente
1307 485 1377 517 (nam
1395 485 1513 511 Martiam
1531 484 1660 520 legionem
1680 485 1761 512 Albae
1775 493 1869 512 cons&

1074 521 1146 547 disse
1162 522 1270 555 sciebat,
1282 522 1387 548 affertur
1397 523 1420 548 ei
1433 522 1465 548 de
1475 527 1567 557 quarta
1585 523 1705 548 nuntius.
1739 522 1798 554 Quo
1809 531 1869 557 per-

1074 558 1166 584 culsus
1178 559 1273 585 abiecit
1283 559 1424 586 consilium
1436 559 1566 585 referendi
1583 559 1615 585 ad
1627 564 1748 585 senatum
1760 559 1793 586 de
1803 560 1868 586 Cae-

1074 605 1141 621 sare.
1184 596 1316 628 Egressus
1335 602 1376 622 est
1391 606 1442 623 non
1459 597 1519 626 viis,
1535 596 1582 622 sed
1595 597 1745 623 tramitibus
1757 596 1870 631 paluda-

1075 638 1132 659 tus:
1165 642 1250 668 eoque
1269 634 1311 660 die
1333 635 1392 669 ipso
1412 634 1616 660 innumerabilia
1638 633 1868 660 senatusconsulta

1075 670 1149 696 fecit:
1181 679 1249 705 quae
1259 671 1368 706 quidem
1380 672 1467 698 omnia
1479 671 1559 697 citius
1570 671 1665 701 delata.
1678 680 1758 706 quam
1771 671 1868 706 scripta

1074 713 1146 734 sinit.
1168 710 1209 734 ⁶20.
1224 709 1263 735 Ex
1273 717 1304 735 eo
1316 718 1366 735 non
1380 710 1436 738 iter.
1449 709 1495 734 sed
1506 717 1602 735 cursus
1609 714 1633 735 et
1641 708 1735 743 Iugain
1742 708 1867 735 Galliam.

1075 746 1212 772 Caesarem
1229 747 1305 781 sequi
1317 746 1495 772 arbitrabatur
1504 755 1565 772 cum
1579 746 1681 781 legione
1693 746 1793 775 Martia,
1805 754 1868 772 cum

1073 788 1176 818 quarta.
1193 792 1255 809 cum
1269 785 1413 810 veteranis:
1444 792 1558 818 quorum
1574 783 1619 809 ille
1630 792 1725 810 nomen
1740 791 1801 818 prae
1813 791 1870 809 me·-

1075 825 1102 846 tu
1124 819 1191 846 l'erre
1213 829 1264 846 non
1286 826 1399 855 poterat:
1431 822 1510 856 eique
1529 821 1555 847 in
1577 820 1691 847 Galliam
1709 821 1867 855 penetranti.

1075 858 1104 883 D.
1120 866 1149 883 se
1165 858 1262 884 Brutus
1273 859 1383 884 obiecit:
1413 859 1460 893 qui
1472 867 1500 884 se
1512 859 1593 884 totius
1606 858 1667 884 belli
1681 857 1807 884 fluctibus
1817 858 1870 884 cir-

1073 896 1178 925 cumiri,
1196 904 1277 930 quam
1290 895 1366 921 illum
1378 900 1422 921 aut
1438 895 1540 931 regredi
1557 900 1602 921 aut
1623 894 1746 930 progredi
1761 894 1866 925 maluit,

1074 932 1259 967 Mutinamque
1281 933 1319 959 illi
1343 932 1496 963 exsultanti,
1515 938 1650 967 tamquam
1668 932 1755 959 frenos
1770 931 1869 959 furoris

1074 970 1173 996 iniecit.
1213 970 1299 1002 Quam
1314 979 1399 1005 quum
1415 970 1542 1004 operibus
1558 970 1810 1004 munitionibusque
1825 977 1870 996 se-

1075 1008 1181 1041 psisset,
1201 1016 1248 1034 nec
1264 1016 1325 1033 eum
1342 1006 1543 1033 florentissimae
1553 1007 1671 1033 coloniae
1681 1006 1808 1042 dignitas.
1822 1015 1870 1033 no-

1073 1053 1126 1079 que
1137 1044 1256 1071 consulis
1268 1045 1400 1079 designati
1412 1044 1868 1079 maiestasaparricidiodeterreret:

1074 1086 1140 1113 tum,
1159 1091 1200 1108 me
1215 1083 1306 1116 (testor
1324 1087 1349 1108 et
1364 1090 1410 1108 vos
1427 1086 1452 1107 et
1467 1081 1596 1116 populum
1613 1082 1761 1107 Romanum
1776 1086 1801 1107 et
1811 1090 1870 1107 orn·

1074 1128 1120 1145 nes
1141 1119 1213 1150 deos,
1236 1120 1283 1154 qui
1304 1119 1367 1145 huic
1378 1119 1438 1145 urbi
1460 1118 1631 1153 praesident„
1650 1119 1734 1144 invito
1750 1123 1776 1144 et
1790 1126 1871 1153 repu-

1073 1162 1179 1192 gnante,
1189 1157 1267 1192 legati
1280 1157 1356 1182 missi
1369 1161 1421 1182 tres
1433 1156 1587 1183 consulares
1599 1156 1631 1182 ad
1640 1156 1765 1182 latronem
1772 1156 1870 1182 Main—

1075 1195 1187 1225 tonium,
1200 1194 1378 1230 gladiatorum
1390 1193 1496 1220 ducem.
1537 1195 1579 1220 2⁴.
1601 1193 1668 1225 Quis
1679 1198 1732 1219 tam
1739 1192 1870 1219 barbarus

1074 1231 1223 1267 umquam?
1256 1236 1309 1258 tam
1323 1230 1468 1258 immanis?
1497 1235 1549 1257 tam
1562 1230 1652 1257 serus?
1681 1231 1738 1257 Non
1750 1230 1867 1257 audivit:

1074 1278 1125 1296 non
1138 1269 1286 1304 respondit:
1314 1277 1400 1304 neque
1411 1277 1455 1295 eos
1466 1267 1553 1295 solum
1567 1273 1727 1303 praesentes,
1739 1267 1787 1294 sed
1799 1267 1871 1294 mul-

1074 1311 1100 1333 to
1115 1307 1200 1342 ma‘vn‘s
1221 1315 1278 1337 nos,
1299 1315 1312 1333 a
1328 1306 1428 1341 quibus
1439 1306 1479 1332 illi
1491 1310 1565 1332 eraut
1576 1306 1662 1336 missi,
1674 1305 1775 1340 sprevit
1785 1309 1811 1331 et
1822 1313 1871 1340 pro

1074 1344 1159 1371 nihilo
1179 1345 1290 1378 putavit.
1330 1344 1435 1374 Postea,
1456 1343 1530 1378 quod
1550 1342 1651 1373 scelus.
1673 1342 1745 1378 quod
1766 1342 1870 1369 facinus

1074 1381 1205 1417 parricida
1230 1390 1283 1408 non
1309 1380 1411 1407 edidit?
1431 1380 1610 1407 Circumsedit
1628 1379 1736 1406 colonos
1756 1384 1868 1410 vestros,

1074 1420 1220 1446 exercitum
1233 1418 1325 1454 populi
1337 1419 1458 1449 Romani,
1470 1419 1666 1453 imperatorem,
1674 1416 1811 1444 consulem
1822 1416 1871 1443 de-

1073 1458 1223 1492 signatum:
1255 1465 1332 1492 agros
1352 1456 1460 1482 divexat
1474 1456 1575 1482 ciw‘um
1585 1455 1761 1490 optimorum:
1784 1453 1870 1481 hostis

1074 1495 1244 1521 taeterrimus
1263 1494 1390 1520 omnibus
1406 1493 1482 1520 bonis
1497 1501 1590 1519 cruces
1604 1501 1634 1518 ac
1650 1496 1778 1518 tormenta
1789 1492 1871 1518 mini-

1075 1536 1152 1558 tatur.
1183 1531 1219 1557 X.
1233 1531 1300 1558 Cum
1313 1531 1370 1560 boc.
1384 1531 1419 1557 M.
1432 1530 1540 1565 Lepide,
1553 1538 1606 1565 pax
1616 1538 1675 1556 esse
1685 1537 1755 1564 quae
1766 1527 1871 1564 potest?

1073 1569 1151 1595 cuius
1172 1577 1204 1595 ne
1224 1568 1357 1603 supplicio
1371 1567 1482 1604 quidem
1499 1567 1555 1594 ullo
1569 1567 1659 1594 satiari
1674 1566 1780 1593 videtur
1789 1573 1870 1601 posse

1074 1606 1191 1641 populus
1202 1606 1347 1633 Romanus.

1128 1645 1170 1670 22.
1192 1642 1269 1676 Quod
1280 1644 1304 1670 si
1314 1643 1376 1678 quis
1387 1642 1476 1669 adhuc
1485 1641 1608 1669 dubitare
1618 1641 1714 1676 potuit,
1721 1640 1788 1675 quin
1795 1639 1869 1667 nulla

1073 1681 1185 1707 societas
1211 1680 1274 1707 huie
1289 1680 1377 1707 ordini
1393 1679 1546 1715 populoque
1559 1679 1678 1705 Romano
1687 1686 1748 1704 cum
1759 1677 1806 1704 illa
1816 1678 1870 1704 im-

1074 1718 1265 1752 portunissima
1289 1717 1378 1744 bellua
1400 1717 1485 1752 possit
1494 1724 1567 1742 esse:
1607 1715 1713 1742 desinet
1726 1714 1738 1727 ”
1753 1714 1870 1750 profecto

1072 1755 1204 1784 dubitare.
1228 1754 1271 1781 bis
1289 1754 1404 1790 cognitis
1425 1753 1528 1784 litteris.
1551 1761 1619 1788 quas
1639 1752 1706 1779 mibi
1722 1753 1819 1779 missas
1834 1752 1869 1779 ab

1072 1793 1156 1819 Hirtio
1175 1791 1285 1818 consule
1305 1791 1384 1818 modo
1400 1791 1499 1826 accepi.
1538 1790 1591 1816 Eas
1605 1789 1672 1816 dum
1687 1790 1776 1821 recito,
1788 1789 1870 1816 dum-

1071 1838 1125 1865 que
1144 1829 1177 1856 de
1197 1828 1315 1865 singulis
1335 1829 1475 1855 sententiis
1498 1828 1615 1854 breviter
1634 1827 1752 1862 disputo,
1774 1826 1867 1858 velim,

1072 1872 1160 1902 patres
1180 1867 1333 1901 conscripti,
1356 1871 1386 1892 ut
1406 1865 1494 1892 adhuc
1514 1865 1624 1895 fecistis.
1641 1872 1684 1890 me
1703 1868 1801 1890 attente
1820 1872 1870 1891 au·

1071 1904 1162 1930 diatis.
1201 1906 1327 1930 Antonius
1346 1904 1433 1929 Hirtio
1448 1907 1470 1929 et
1483 1902 1600 1929 Caesari.
1639 1902 1732 1936 Neque
1742 1909 1772 1928 se
1782 1901 1870 1936 impe-

1072 1946 1193 1972 ratorem,
1217 1949 1304 1976 neque
1324 1941 1440 1967 Hirtium
1455 1939 1604 1970 consulem,
1621 1947 1669 1966 nec
1684 1947 1732 1973 pro
1749 1943 1870 1973 praetore

1072 1978 1221 2006 Caesarem.
1261 1978 1332 2005 Satis
1350 1978 1400 2004 hoc
1414 1977 1524 2012 quidem
1539 1977 1615 2003 scite.
1659 1977 1794 2011 Deponere
1804 1975 1870 2003 alie—

1072 2025 1137 2042 num
1157 2024 1254 2042 nomen
1274 2016 1332 2050 ipse
1352 2014 1456 2046 maluit,
1480 2023 1562 2050 quam
1582 2013 1637 2040 illis
1652 2022 1733 2040 suum
1749 2012 1867 2040 reddere.

1074 2053 1180 2087 Cognita
1191 2058 1271 2079 morte
1284 2053 1310 2079 G.
1333 2053 1354 2079 T
1354 2054 1459 2082 rebonii,
1474 2061 1525 2078 mm
1532 2053 1592 2085 plus
1601 2053 1706 2085 qam'sus
1713 2059 1779 2081 sum,
1791 2059 1871 2084 quam

1071 2092 1152 2116 dolui.
1193 2090 1295 2121 Videte,
1311 2089 1378 2125 quid
1389 2098 1418 2116 se
1429 2089 1563 2125 gavisum,
1575 2088 1644 2123 quid
1653 2087 1772 2114 doluisse
1782 2087 1866 2114 dioet:

1073 2127 1180 2154 facilius
1195 2127 1228 2154 de
1243 2135 1308 2162 pace
1322 2126 1515 2153 deliberabitis.
1563 2126 1668 2152 Dedisse
1679 2133 1776 2158 poena-3
1789 2125 1869 2151 seele-

1072 2170 1158 2191 rutum
1172 2167 1254 2191 cineri
1267 2169 1344 2198 atque
1358 2165 1457 2190 ossibus
1471 2165 1610 2190 clarissimi
1620 2165 1678 2193 viri,
1694 2166 1718 2188 et
1727 2164 1869 2195 apparui&

1070 2211 1097 2229 se
1116 2211 1209 2228 numen
1233 2204 1338 2227 deorum
1360 2204 1431 2227 intra
1445 2203 1520 2234 finem
1533 2202 1597 2226 anni
1610 2201 1739 2229 evi-tentia,
1758 2201 1868 2226 auriam

1071 2241 1154 2266 soluto
1173 2240 1300 2272 supplicio
1315 2241 1458 2272 parricidii
1472 2243 1518 2264 aut
1531 2239 1703 2270 impendente,
1721 2237 1869 2262 laetandum

1071 2281 1118 2303 est.
1147 2275 1170 2303 Ο
1180 2276 1316 2311 Spartace!
1339 2275 1423 2308 Quem
1435 2275 1507 2302 enim
1519 2280 1543 2301 te
1553 2276 1642 2309 potius
1652 2271 1804 2308 appellem?
1819 2280 1869 2299 cu—

1071 2314 1114 2340 ius
1135 2318 1242 2348 propter
1261 2312 1360 2340 nefaria
1379 2312 1479 2339 scelera
1499 2310 1643 2339 tolerabilis
1661 2310 1746 2337 fuisse
1760 2309 1868 2336 videtur
1909 2331 1911 2334 .

1071 2351 1197 2378 Catilina:
1233 2350 1386 2377 laetandum
1401 2358 1469 2380 esse,
1486 2358 1569 2376 ausus
1583 2357 1612 2374 es
1627 2347 1751 2377 scribere,
1767 2346 1870 2373 Trebo-

1071 2389 1146 2415 nium
1164 2388 1272 2414 dedisse
1287 2386 1404 2422 poenas?
1435 2386 1593 2413 sceleratum
1609 2383 1790 2411 Trebonium?
1811 2391 1868 2419 quo

1070 2425 1179 2456 scelere,
1198 2425 1249 2452 nisi
1265 2424 1338 2460 quod
1353 2429 1378 2450 te
1389 2424 1481 2450 Idibus
1493 2423 1594 2450 Martiis
1605 2431 1618 2448 a
1630 2421 1719 2448 debita
1730 2421 1780 2448 tibi
1791 2425 1867 2456 peste

1070 2461 1195 2489 seduxit?
1214 2464 1255 2489 23.
1267 2462 1332 2498 Age,
1346 2461 1396 2488 hoc
1407 2461 1525 2487 laetaris:
1547 2459 1697 2490 videamus,
1709 2458 1776 2493 quid
1782 2457 1866 2484 mole—

1070 2505 1110 2526 ste
1126 2499 1204 2526 feras.
1244 2500 1348 2526 Hostem
1360 2501 1502 2524 iudicatum
1517 2499 1563 2524 hoc
1573 2502 1683 2530 tempore
1696 2496 1864 2525 Dolabellam,

1069 2546 1106 2567 eo,
1127 2539 1195 2570 quod
1212 2539 1339 2563 sicarium
1353 2537 1484 2565 occiderit,
1499 2539 1523 2561 et
1537 2536 1620 2560 videri
1635 2535 1762 2560 cariorem
1770 2533 1866 2566 populo

1070 2575 1183 2600 Romano
1204 2575 1285 2607 filium
1309 2581 1425 2603 scurrae,
1450 2580 1528 2606 quam
1549 2571 1577 2597 G.
1601 2571 1744 2599 caesarem,
1761 2572 1866 2603 patriae

1067 2616 1207 2644 parentem,
1220 2612 1433 2644 inyemiscendum
1442 2614 1485 2635 est.
1506 2607 1577 2640 Quid
1588 2607 1752 2643 ingemiscis.
1761 2606 1864 2633 hostem

1069 2647 1230 2674 Dolabellam
1242 2645 1408 2674 iudicatum?
1431 2645 1516 2681 quid?
1543 2650 1568 2672 te
1579 2654 1631 2671 non
1642 2643 1780 2679 intelligis,
1791 2642 1865 2669 dele-

1068 2690 1113 2712 ctu
1133 2689 1185 2712 tota
1199 2684 1274 2712 Italia
1288 2684 1387 2716 habito,
1404 2682 1563 2710 consulibus
1579 2683 1681 2714 missis,
1697 2681 1808 2708 Caesare
1821 2688 1864 2707 or-
