1941 3052
220 139 281 163 ⁴05⁸
800 135 854 159 tui.
886 133 921 158 M.

217 207 408 242 quilmsetinm
422 205 464 231 illa
479 204 629 230 nuinabnnt.
671 204 712 230 tt'.
734 205 758 229 7.
782 203 846 229 Sed.
865 208 892 229 ut
907 203 1009 228 Aristo-

218 245 291 271 tele-⁸,
308 253 347 269 t'tt·
359 252 463 268 sunium
476 243 591 274 iugc-nir»,
608 242 735 266 scio-ntiae
746 241 836 274 copia,
853 249 937 274 quum
951 249 1009 265 tnn-

219 287 260 307 tus
271 286 340 306 essu-t
353 281 472 305 lmus-ratis
485 279 597 304 rhetoris
609 278 705 305 ulmi-ia,
723 278 811 303 ‹tn-vn·
827 278 906 303 etiarn
921 278 1009 311 (rot-pit

218 318 398 343 adole-trente>-
415 317 521 345 docere,
543 320 567 340 et
587 315 754 349 prudentiam
774 323 834 339 rum
857 314 1007 348 eloquentia

220 356 342 387 iungere:
362 355 399 378 siae·
412 353 487 378 nobis
500 352 597 386 plum-t,
617 361 663 377 ιιι-(τ
676 352 819 386 pristinum
831 351 939 377 dicendi
951 356 1008 376 stu-
1030 368 1031 371 ,

217 392 292 417 dium
304 391 449 424 deponere,
467 394 492 415 et
505 390 530 414 in
544 389 590 414 tm«-
603 389 700 414 maiore
712 394 735 414 et
749 389 871 414 uberiore
883 393 936 414 arte
950 397 1009 413 ver—

217 430 279 454 nari.
317 428 386 452 ttmw
398 428 468 452 enim
483 425 625 460 perfectam
638 426 836 460 philosophiam
849 434 955 459 semper
967 426 1009 450 iu—

217 465 314 492 dicavi,
324 473 391 498 quai·
403 463 435 489 de
448 464 573 489 maximis
585 463 789 497 ‹piat-stionibus
801 463 907 497 copiose
920 467 1009 496 posset

216 507 359 534 ornateque
371 501 471 526 dicere:
488 501 512 526 in
525 509 605 534 quam
618 501 833 526 cx‹·r‹·i1:·ti‹›11‹=111
847 500 880 526 ita
893 508 939 525 nos
951 504 1008 525 stu-

216 539 289 564 diose
301 538 440 567 dedimus,
459 542 487 563 ιιι
504 538 554 563 iam
567 538 646 563 ctiam
660 537 765 563 scholas
777 538 938 563 Graecorum
952 545 1008 562 mo-

217 585 243 601 rc
257 575 352 601 babere
365 575 539 601 auderemus:
560 579 587 600 ut
603 583 688 608 nuper
700 579 774 600 tuum
788 579 846 609 post
857 574 1007 599 discessum

217 614 242 638 in
255 612 418 641 Tusculano,
437 621 520 646 quum
537 616 625 638 essent
640 611 792 646 complures
809 620 912 637 mecum
931 611 1008 637 fami-
1029 635 1030 638 ,

217 649 307 679 liares,
327 650 439 679 tentavi,
457 649 523 683 quid
541 649 566 675 in
583 658 613 675 eo
627 658 724 684 genere
737 657 852 683 possem.
893 648 1007 674 Utenim

215 692 289 713 antea
305 686 510 712 declamitabam
527 695 649 715 caussas,
667 686 738 720 quod
754 695 832 712 nemo
848 694 889 711 mc
903 685 1007 711 (liutius
1028 695 1030 714 ι

959 723 1008 748 l‘o-
1028 747 1029 752 ,

216 723 290 750 fecit:
304 724 342 749 sic
358 724 421 750 haec
434 723 500 749 milii
513 732 583 749 nunc
594 723 688 749 senilis
699 728 739 749 est
750 723 917 749 declamatio.

215 770 277 787 nere
295 761 434 790 iubebam,
454 760 486 787 dc
502 770 555 795 quo
571 762 633 795 quis
650 760 742 786 audire
761 760 851 786 vellet:
872 759 904 786 ad
922 759 947 785 id
963 764 1007 785 aut

214 798 311 824 sedens
323 803 367 824 aut
378 798 519 824 ambulans
530 797 711 832 disputabam.

214 872 325 899 contuli.
367 873 459 898 Fit-bat
474 877 561 898 autem
578 873 626 903 ita,
644 877 685 902 ιιι,
703 881 787 906 quum
801 873 836 902 is,
853 873 901 906 qui
913 871 1006 897 audire

215 909 307 939 vellet,
325 909 452 939 dixisset,
469 909 535 944 quid
550 910 603 935 sibi
620 909 768 939 videretur,
785 914 840 935 tum
857 918 906 943 ego
917 914 1005 934 contra

214 946 341 972 dicerem.
383 947 451 972 llaec
463 952 503 972 est
518 947 588 972 enim
598 967 603 977 ,
622 952 650 973 ιιι
664 947 731 977 scis,
750 952 826 972 vetus
837 951 862 972 et
873 947 1005 972 Socratica

215 977 280 1010 ratio
295 988 384 1010 contra
400 984 510 1010 alterius
525 985 677 1018 opinionem
690 983 852 1009 disserendi.
892 984 958 1009 Nam
972 984 1005 1009 ita

215 1020 356 1051 facillime,
369 1021 435 1055 quid
448 1022 503 1047 veri
515 1021 685 1047 simillimum
700 1026 783 1050 essct,
801 1021 916 1047 inveniri
928 1028 1006 1055 posse

214 1058 335 1084 Socrates
346 1058 533 1084 arbitrabatur.
574 1058 626 1084 Sed
637 1067 691 1093 quo
704 1058 872 1084 commodius
883 1058 1007 1092 disputa-

215 1096 300 1122 tiones
320 1101 422 1121 nostrae
443 1095 624 1130 explicentur.
646 1096 685 1121 sic
700 1104 745 1121 eas
760 1104 905 1130 exponam,
928 1095 1006 1129 quasi

213 1137 308 1167 agatur
329 1142 380 1164 τρε,
403 1142 455 1159 ιιοιι
475 1133 553 1168 quasi
575 1137 704 1159 narretur.
744 1133 814 1168 Ergo
833 1133 868 1158 ita
883 1137 1007 1158 nascetur

213 1169 364 1196 exordium.

269 1207 299 1233 V.
322 1209 346 1233 9.
360 1208 390 1233 A.
404 1206 503 1233 Malum
516 1207 582 1233 mihi
595 1206 702 1233 videtur
712 1215 770 1232 esse
783 1215 863 1233 mors.
876 1207 911 1232 M.
924 1207 1003 1237 Iisne,

212 1245 260 1278 qui
276 1245 372 1271 mortui
388 1249 463 1274 sunt,
481 1253 514 1270 an
530 1245 577 1274 iis,
599 1244 700 1279 quibus
717 1244 885 1270 moriendum
901 1243 958 1270 est‘?
972 1244 1004 1270 A.

212 1281 348 1316 Utrisque.
388 1282 422 1307 M.
437 1282 483 1307 Est
494 1282 622 1307 miserum
634 1281 730 1316 igitur,
748 1282 876 1315 quoniam
893 1281 1004 1307 malum.

212 1318 243 1344 A.
257 1318 342 1345 Certe.
381 1319 417 1345 M.
430 1320 499 1354 Ergo
510 1319 574 1349 etii,
588 1319 689 1353 quibus
700 1320 790 1344 evenit
802 1319 864 1349 iam,
879 1324 908 1345 ut
919 1327 1007 1344 more-

213 1361 312 1385 rentur,
325 1361 350 1382 ει
362 1356 390 1387 ii,
406 1356 507 1390 quibus
518 1361 678 1382 eventurum
689 1361 737 1386 est,
752 1356 854 1382 miseri.

212 1393 247 1419 ita
259 1393 375 1420 videtur.
416 1394 451 1419 M.
468 1394 551 1419 Nemo
567 1401 629 1428 ergo
645 1402 696 1419 non
712 1394 804 1419 miser.

212 1438 299 1456 nemo.

211 1468 377 1502 quicumque
390 1469 443 1494 nati
455 1473 518 1494 sunt
529 1472 654 1498 eruntve,
671 1476 723 1494 non
735 1468 822 1494 solum
834 1468 939 1498 miseri,
957 1468 1005 1494 sed

211 1505 291 1531 etiam
302 1513 409 1540 semper
420 1506 521 1531 miseri.
557 1506 623 1531 Nam
636 1506 658 1531 si
670 1505 740 1531 solos
751 1514 796 1531 eos
807 1505 911 1531 diceres
923 1507 1006 1532 mise-

212 1550 267 1573 ros,
284 1542 385 1577 quibus
402 1542 572 1569 moriendum
587 1547 670 1568 esset:
693 1543 829 1569 neminem
845 1548 873 1569 tu
894 1543 1005 1577 quidem

211 1587 313 1609 eorum,
326 1581 372 1614 qui
385 1580 518 1611 viverent,
532 1580 683 1614 exciperes:
702 1579 872 1606 moriendum
883 1586 923 1606 est
932 1581 1005 1606 enim

211 1617 350 1643 omnibus:
369 1622 439 1643 esset
453 1622 539 1643 tamen
552 1618 676 1643 miseriae
688 1617 749 1644 finis
761 1618 787 1643 in
800 1622 892 1644 morte.
933 1617 1006 1650 Quo-

211 1654 283 1680 niam
299 1659 388 1681 autem
403 1655 483 1681 etiam
500 1655 597 1681 mortui
613 1655 705 1681 miseri
721 1659 797 1685 sunt,
820 1655 847 1681 in
867 1656 1005 1681 miseriam

212 1691 348 1717 nascimur
362 1693 562 1726 sempiternam.
603 1692 717 1718 Necesse
733 1696 774 1718 est
787 1692 873 1723 enim,
892 1693 1005 1719 miseros

210 1736 269 1754 esse
285 1736 343 1758 eos,
359 1729 406 1763 qui
422 1734 528 1755 centum
545 1728 668 1755 millibus
683 1737 814 1755 annorum
828 1734 888 1755 ante
899 1730 1006 1756 occide-

211 1770 282 1795 runt,
297 1765 337 1791 vel
348 1766 437 1800 potius
448 1774 551 1797 omnes,
565 1766 732 1801 quicumque
743 1766 798 1792 nati
809 1771 882 1793 sunt.
916 1769 955 1793 10.
971 1767 1003 1793 A.

211 1803 246 1828 Ita
259 1811 368 1837 prorsus
380 1803 514 1830 existimo.
541 1803 576 1829 M.
589 1803 644 1833 Dic,
657 1812 770 1838 quaeso:
784 1812 848 1829 num
859 1808 884 1830 te
896 1803 941 1829 illa
952 1809 1006 1830 ter-

212 1844 282 1869 rent,
301 1840 398 1874 triceps
413 1840 485 1874 apud
497 1839 595 1867 inferos
607 1839 754 1871 Cerberus,
767 1840 858 1876 Cocyti
869 1840 1002 1872 fremitus,

212 1877 371 1903 transvectio
382 1877 550 1908 Acherontis,

285 1917 366 1940 manto
384 1923 508 1941 summam
529 1923 625 1948 aquam
646 1917 774 1947 &elingens
792 1917 837 1941 sili
859 1917 977 1942 enecatus
992 1915 1003 1928 ⁴

612 1950 755 1983 Tantalus?

212 1995 276 2013 num
288 1986 366 2018 illud,
379 1987 451 2023 quod

698 2025 814 2059 Sisyphu'
826 2031 912 2053 versat

283 2069 385 2091 suarum,
397 2063 493 2088 sudans
504 2064 612 2092 nitendo.
625 2071 705 2096 neque
712 2066 814 2096 proficit
825 2062 922 2089 hilum?

210 2097 322 2124 fortasse
333 2099 412 2125 etiam
428 2099 608 2125 inexorabiles
625 2099 741 2131 iudices,
759 2101 845 2126 Minos
861 2105 886 2126 et
897 2099 1004 2126 Rhada-

211 2135 346 2162 manthus.
372 2135 451 2170 Apud
464 2144 532 2171 quos
544 2145 592 2162 nec
604 2141 628 2162 te
642 2137 672 2162 L.
684 2137 797 2163 Crassus
807 2137 941 2169 defendet,
955 2145 1003 2163 nec

209 2172 246 2199 M.
258 2172 403 2203 Antonius,
418 2181 478 2203 nec,
495 2174 623 2207 quoniam
634 2174 706 2208 apud
718 2174 833 2201 Graecos
845 2174 949 2201 iudices
961 2183 1003 2201 res

209 2214 311 2245 agetur,
320 2210 419 2244 poteris
425 2209 554 2236 adhibere
561 2211 779 2238 Demosthenem:
793 2212 843 2238 tibi
855 2212 908 2246 ipsi
918 2220 967 2246 pro
977 2216 1002 2238 te

209 2247 259 2273 erit
279 2247 397 2273 maxima
417 2256 512 2274 corona
532 2256 627 2274 caussa
643 2248 766 2275 dicenda.
806 2249 877 2275 Haec
892 2249 1003 2276 fortasse

208 2284 320 2315 metuis,
343 2289 368 2310 et
383 2284 483 2311 idcirco
498 2290 609 2311 mortem
625 2293 719 2312 censes
733 2294 792 2312 esse
807 2287 1002 2321 sempiternum

209 2320 321 2347 malum.
360 2321 404 2348 VI.
425 2321 457 2348 A.
474 2322 582 2348 Adeone
597 2330 639 2348 me
653 2322 767 2349 delirare
782 2331 890 2354 censes,
907 2328 937 2350 ut
952 2324 1002 2350 ista

208 2366 268 2384 esse
283 2358 408 2384 credam?
420 2359 456 2385 M.
471 2359 511 2385 An
528 2363 556 2386 tu
572 2359 638 2386 haec
653 2368 705 2386 non
721 2360 828 2386 credis?
842 2360 874 2387 A.
891 2361 1003 2387 Minime

209 2403 281 2421 vero.
320 2396 356 2422 M.
368 2395 436 2422 Male
448 2395 556 2422 hercule
570 2405 672 2423 narras.
702 2397 734 2423 A.
747 2397 818 2424 Cur‘?
827 2406 938 2432 quaeso.
964 2398 1001 2424 M.

208 2431 276 2463 Quia
288 2432 404 2459 disertus
415 2442 473 2459 esse
485 2442 601 2468 possem,
615 2435 638 2460 si
649 2439 739 2460 contra
749 2435 800 2461 ista
811 2434 940 2461 dicerem.
961 2437 1001 2461 11.

209 2469 240 2494 Α.
253 2468 318 2500 Quis
330 2471 402 2496 enim
413 2479 466 2497 non
477 2471 504 2497 in
516 2470 650 2497 eiusmodi
661 2471 773 2497 caussa?
788 2477 834 2498 aut
842 2472 909 2507 quid
920 2480 1003 2508 nego-

210 2505 240 2531 tii
251 2510 303 2536 est,
320 2506 385 2533 haec
396 2512 534 2543 poetarum
545 2513 571 2534 et
581 2508 714 2543 pictorum
725 2513 845 2543 portenta
859 2510 1003 2536 convince-

210 2540 256 2583 re?
274 2543 308 2568 M.
326 2544 406 2578 Atqui
422 2544 495 2579 pleni
509 2549 573 2572 sunt
591 2545 654 2571 libri
668 2545 892 2580 philosophorum
911 2551 1000 2573 eontra

211 2583 261 2620 ista
281 2579 338 2612 ipsa
358 2580 559 2609 disserentium.
599 2582 631 2609 A.
652 2583 743 2617 Inepte
764 2591 838 2609 sane.
878 2583 944 2615 Quis
962 2588 1002 2610 est

210 2623 283 2656 enim
295 2620 346 2642 tam
358 2625 459 2649 excors,
467 2627 548 2653 quem
560 2620 612 2646 ista
621 2619 763 2646 moveant?
772 2620 808 2646 Μ.
816 2620 844 2646 Si
855 2628 918 2656 ergo
929 2620 1002 2655 apud

210 2651 309 2679 inferos
321 2653 412 2681 miseri
423 2664 475 2682 non
485 2661 561 2688 sunt,
577 2665 610 2684 ne
620 2661 685 2684 sunt
694 2656 806 2692 quidem
817 2658 889 2692 apud
901 2657 1001 2685 inferos

753 800 776 824 8.
799 799 890 831 ltaque
901 797 1006 823 dierum
1028 811 1029 827 ,

214 836 335 870 (ptinquc
347 835 496 864 scliolas,ut
509 835 602 861 Gracci
614 835 758 870 appellant,
769 834 911 861 intotidcm
926 834 1007 860 libros
1028 861 1029 871 ἵ

894 1356 926 1382 A.
939 1356 1006 1382 Mihi
1027 1368 1028 1372 ¹

844 1394 876 1419 A.
894 1394 1006 1420 Prorsus
1027 1407 1028 1412 =

340 1431 375 1456 M.
392 1431 424 1457 Et
437 1430 562 1465 quidem,
585 1431 609 1456 si
627 1430 676 1457 tibi
691 1436 811 1457 constare
829 1431 883 1461 vis,
900 1439 1002 1462 omnes,
1027 1437 1028 1440 ’

1036 277 1039 343 ἕ

953 133 982 158 Τ,
1013 131 1263 159 CICERONIS

1161 202 1192 228 Λ.
1209 202 1243 228 lta
1260 210 1369 236 prorsus
1384 202 1520 229 existimo.
1561 202 1595 228 M.
1609 202 1658 229 Ubi
1674 211 1737 235 ergo
1748 208 1810 229 sunt
1822 203 1850 232 ii.

1060 248 1127 273 qum
1140 240 1251 264 miseros
1263 240 1350 265 dieis‘!
1360 245 1404 266 aut
1414 248 1495 274 quem
1504 239 1734 266 tocuminvotunr!
1745 240 1852 266 Sit-nim

1060 281 1135 304 aunt.
1154 284 1286 310 nusquam
1303 285 1362 302 esne
1379 286 1429 302 non
1442 282 1563 311 posimnt.
1603 278 1634 303 A.
1647 277 1702 312 Ego
1716 286 1776 303 vero
1787 285 1853 303 nus-

1060 322 1140 347 quam
1153 322 1211 338 enne
1225 313 1283 338 illos
1295 319 1368 347 puto.
1410 314 1444 339 M.
1462 314 1544 349 lgitur
1555 322 1587 340 ne
1598 322 1656 339 esse
1668 314 1788 348 quidem.
1819 315 1850 340 A.

1061 350 1228 375 l'rnrsusisto
1241 350 1331 375 modo:
1345 355 1469 377 ettamen
1482 351 1592 377 miseros
1603 351 1637 377 ob
1651 351 1675 377 id
1690 353 1778 386 ipsum
1790 352 1852 385 qui-

1060 387 1129 415 dem,
1144 388 1207 421 quia
1221 387 1287 412 iiulli
1299 392 1371 414 sunt.
1415 389 1454 413 ⁴2.
1474 388 1509 413 M.
1523 389 1576 413 lam
1589 387 1694 414 mallem
1706 389 1851 414 Cerberum

1061 429 1292 458 111‹:t=u·res,quain
1302 425 1349 450 ista
1362 429 1413 450 tam
1427 424 1620 451 inconsiderate
1631 425 1744 451 diceres.
1761 425 1852 457 Aput

1061 461 1186 487 tandein?
1196 461 1322 493 M.Que1n
1330 470 1389 487 esse
1401 470 1491 497 negas,
1500 461 1624 487 eumdem
1637 471 1695 487 esse
1706 462 1784 488 dicis.
1801 462 1851 489 L'bi

1059 503 1099 524 est
1114 506 1227 524 acumen
1247 497 1341 524 tuum?
1363 498 1452 530 Quum
1467 500 1538 525 enim
1556 499 1683 525 miserum
1699 508 1756 525 esse
1771 499 1849 525 dicis.

1061 540 1115 560 tum
1128 544 1200 565 eum,
1213 536 1260 570 qui
1273 544 1323 561 non
1336 536 1378 566 sit,
1393 535 1461 562 dicis
1473 544 1542 562 esse.
1573 536 1604 562 A.
1618 537 1674 562 Non
1686 545 1744 563 sum
1759 537 1792 563 ita
1805 536 1852 563 he-

1061 572 1116 602 bes,
1132 577 1160 598 ut
1171 572 1242 598 istud
1254 572 1353 599 dicam.
1394 573 1428 599 M.
1441 573 1511 605 Quid
1523 573 1591 599 dicis
1604 572 1704 607 igitur?
1727 574 1758 599 A.
1772 573 1852 599 Mise-

1060 618 1118 635 rum
1131 618 1189 635 esse
1204 609 1278 635 verbi
1290 618 1384 636 caussa
1400 610 1434 636 M.
1450 611 1590 639 Crassum.
1602 611 1649 645 qui
1663 610 1722 636 illas
1733 610 1852 637 fortunas

1060 651 1142 672 morte
1157 646 1304 673 dimiserit:
1324 648 1453 673 miserum
1468 648 1517 674 Cn.
1531 648 1701 682 Pompeium,
1718 648 1765 682 qui
1782 652 1852 674 tanta

1059 683 1141 717 gloria
1157 684 1191 710 sit
1205 684 1326 710 orbatus:
1347 693 1440 710 omncs
1456 684 1573 719 denique
1590 685 1716 714 miseros,
1738 685 1785 719 qui
1803 684 1852 711 bac

1061 721 1118 746 luce
1129 726 1245 747 careant.
1280 722 1314 747 M.
1328 722 1483 748 Revolveris
1495 722 1599 748 eodem.
1621 722 1680 748 Sint
1691 723 1762 748 enim
1773 730 1852 756 opor·

1028 763 1030 783 ι
1059 763 1102 787 tet,
1115 759 1138 784 si
1152 759 1242 784 miseri
1254 764 1326 785 sunt.
1360 759 1399 785 Tu
1411 765 1498 785 autem
1511 759 1590 786 modo
1601 759 1717 795 negabas
1727 768 1771 785 eos
1781 767 1850 787 esse,

1058 796 1105 829 qui
1118 796 1214 821 mortui
1225 801 1324 822 essent.
1360 796 1388 822 Si
1405 797 1488 831 igitur
1503 806 1554 823 non
1567 802 1641 825 sunt,
1660 796 1727 823 niliil
1739 801 1853 831 possunt

1058 841 1130 859 csse:
1145 834 1179 859 ita
1191 841 1223 858 nc
1236 834 1327 859 miseri
1339 833 1449 868 quidem
1462 839 1531 860 sunt.
1556 835 1587 861 A.
1601 835 1656 860 Non
1669 834 1730 860 dico
1742 833 1852 860 tortasse

1028 878 1029 881 ¹
1058 869 1227 905 etiam,qu0d
1240 871 1335 896 sentio.
1354 871 1419 897 Nam
1432 872 1502 898 istud
1515 872 1613 906 ipsum,
1623 880 1673 898 non
1685 880 1753 899 esse.
1766 879 1851 906 quum

1028 1106 1036 1122 w
1057 1103 1118 1120 sum
1131 1099 1218 1125 natus,
1232 1102 1274 1120 me
1286 1095 1425 1121 miserum.

1034 1125 1037 1147 l
1058 1131 1140 1157 velim
1152 1131 1230 1162 scire,
1244 1131 1342 1166 ecquid
1353 1131 1386 1159 de
1399 1137 1422 1159 te
1434 1132 1581 1159 recordere.
1613 1132 1667 1159 vu.
1689 1133 1720 1158 A.
1733 1133 1768 1158 lta
1781 1132 1851 1158 ioca-

1059 907 1154 937 fueris,
1176 908 1358 934 miserrimum
1375 913 1449 942 puto.
1493 911 1530 935 13.
1554 909 1588 935 M.
1605 908 1694 941 Quid?
1715 908 1850 936 miserius,

1057 953 1138 979 quam
1150 945 1259 971 omnino
1271 953 1418 980 numquam
1432 945 1534 972 fuissc‘?
1549 947 1593 974 Ita.
1606 947 1653 981 qui
1666 945 1784 972 nondum
1797 945 1851 971 nati

1058 987 1133 1011 sunt,
1150 982 1241 1008 miseri
1255 983 1306 1009 iam
1321 987 1397 1010 sunt.
1411 984 1473 1018 quia
1486 991 1536 1010 non
1549 989 1623 1010 sunt:
1646 989 1671 1010 et
1682 992 1729 1009 nos
1745 983 1810 1018 ipsi,
1828 982 1851 1007 si

1058 1023 1117 1054 post
1132 1024 1242 1045 mortem
1255 1020 1345 1046 miseri
1359 1019 1441 1047 futuri
1453 1029 1557 1051 sumus,
1571 1021 1662 1047 miseri
1677 1020 1787 1049 fuimus,
1804 1028 1852 1045 an-

1058 1061 1165 1091 tequam
1178 1058 1242 1083 nati.
1283 1057 1338 1092 Ego
1349 1063 1437 1084 autem
1450 1066 1500 1084 non
1513 1059 1695 1088 commemini,
1708 1063 1851 1092 antequam

1467 1095 1505 1121 Tu
1518 1097 1540 1122 si
1553 1095 1660 1122 meliore
1673 1094 1800 1121 memoria
1812 1102 1850 1123 es,

1058 1169 1108 1199 ris,
1124 1169 1202 1203 quasi
1218 1177 1267 1204 ego
1281 1168 1369 1195 dicam
1386 1178 1430 1196 eos
1442 1170 1568 1199 miseros,
1584 1170 1632 1204 qui
1646 1170 1700 1196 nati
1712 1178 1763 1195 non
1778 1173 1849 1198 sunt,

1058 1211 1083 1232 et
1094 1214 1145 1232 non
1157 1214 1215 1236 005,
1232 1206 1280 1240 qui
1293 1207 1388 1233 mortui
1401 1212 1473 1233 sunt.
1514 1207 1549 1233 M.
1565 1207 1629 1233 Esse
1641 1215 1704 1243 ergo
1715 1215 1760 1233 eos
1770 1206 1850 1231 dicis.

1057 1244 1089 1269 A.
1102 1243 1194 1272 Immo,
1208 1244 1271 1277 quia
1283 1252 1334 1269 non
1347 1249 1511 1279 sunt‚quutn
1524 1244 1630 1273 fuerint,
1644 1253 1675 1271 eo
1686 1245 1798 1270 miseros
1809 1251 1852 1268 es-

1057 1289 1096 1307 se.
1130 1281 1165 1306 M.
1179 1281 1327 1315 Pugnantia
1338 1286 1361 1308 te
1375 1281 1447 1316 loqui
1460 1290 1511 1307 non
1524 1281 1617 1308 vides‘?
1631 1281 1702 1314 Quid
1715 1281 1787 1308 enim
1798 1285 1851 1306 tam

1057 1323 1172 1353 pugnat,
1186 1326 1267 1352 quam
1280 1327 1331 1344 non
1345 1318 1424 1345 modo
1435 1319 1578 1349 miserum,
1592 1319 1639 1345 sed
1650 1319 1760 1345 omnino
1770 1316 1852 1353 quid-

1057 1364 1138 1390 quam
1150 1363 1218 1384 esse,
1235 1356 1282 1390 qui
1295 1363 1346 1382 non
1358 1355 1411 1382 sit‘?
1421 1357 1460 1382 An
1473 1361 1510 1385 tu.
1524 1365 1650 1392 egressus
1662 1361 1734 1392 porta
1746 1355 1851 1390 Capena

1057 1401 1142 1428 quum
1153 1391 1281 1423 Calatini,
1295 1392 1466 1428 Scipionum,
1480 1393 1670 1424 Serviliorum,
1685 1392 1851 1419 Metellorum

1057 1430 1180 1464 sepulcra
1192 1429 1283 1461 vides,
1302 1431 1414 1457 miseros
1426 1435 1504 1465 putas
1516 1430 1594 1457 illos‘?
1613 1432 1644 1458 A.
1661 1430 1792 1464 Quoniam
1809 1437 1851 1455 me

1057 1467 1139 1493 verbo
1150 1467 1260 1502 premis,
1274 1468 1385 1502 posthac
1397 1477 1447 1495 non
1459 1469 1493 1494 ita
1506 1468 1603 1499 dicam,
1616 1471 1720 1495 miseros
1730 1476 1791 1497 esse,
1804 1465 1852 1493 sed

1057 1509 1170 1534 tantum,
1184 1508 1296 1534 miseros,
1309 1505 1343 1531 ob
1354 1505 1381 1531 id
1393 1506 1493 1540 ipsum,
1507 1506 1571 1541 quia
1583 1515 1634 1533 non
1646 1510 1718 1532 sunt.
1744 1505 1780 1531 M.
1793 1504 1851 1531 Non

1057 1542 1126 1568 dicis
1137 1542 1228 1577 igitur,
1245 1544 1321 1568 miser
1331 1543 1409 1569 estM.
1420 1542 1535 1570 Crassus.
1548 1543 1595 1569 sed
1607 1548 1719 1573 tantum,
1733 1542 1850 1568 miserjl.

1059 1579 1177 1606 Crassus.
1218 1579 1249 1605 A.
1267 1579 1301 1605 lta
1317 1579 1406 1614 plane.
1450 1581 1488 1607 li.
1509 1570 1546 1606 M.
1565 1580 1648 1613 Quasi
1669 1589 1720 1606 non
1742 1586 1851 1606 necesse

1057 1617 1100 1647 sit,
1109 1615 1244 1651 quidquid
1256 1616 1306 1642 isto
1318 1617 1396 1643 modo
1405 1618 1572 1652 pronunties,
1581 1617 1607 1644 id
1619 1623 1664 1644 aut
1673 1625 1732 1644 esse
1742 1621 1851 1643 autnon

1056 1662 1126 1680 esse.
1167 1653 1207 1679 An
1228 1658 1256 1680 tu
1275 1653 1424 1680 dialecticis
1440 1663 1473 1681 ne
1492 1654 1613 1681 imbutus
1631 1654 1741 1690 quidem
1757 1653 1804 1680 es‘?
1822 1653 1850 1679 In

1057 1690 1153 1726 primis
1173 1691 1244 1717 enim
1267 1690 1316 1717 hoc
1336 1691 1463 1718 traditur:
1485 1700 1564 1718 omne
1584 1692 1785 1726 pronuntiatum
1801 1691 1851 1725 (sic

1056 1729 1128 1754 enim
1147 1727 1216 1754 mihi
1227 1728 1255 1754 in
1266 1729 1416 1762 praesentia
1427 1729 1542 1755 occurrit
1555 1734 1584 1756 ut
1594 1728 1757 1764 appellarem
1772 1727 1851 1758 ἀξίω-

1055 1774 1105 1800 μα;
1119 1770 1178 1791 utar
1189 1770 1249 1799 post
1259 1764 1324 1795 alio,
1342 1766 1365 1791 si
1378 1766 1505 1792 invenero
1517 1766 1641 1800 melius:)
1651 1781 1688 1785 —
1699 1765 1727 1792 id
1738 1773 1800 1800 ergo
1810 1770 1851 1791 est

1057 1802 1272 1837 pronuntiatum,
1296 1802 1368 1837 quod
1383 1808 1424 1829 est
1439 1811 1532 1829 verum
1551 1808 1597 1829 aut
1612 1802 1720 1829 falsum.
1759 1802 1850 1835 Quum

1056 1839 1125 1866 dicis
1139 1839 1230 1874 igitur,
1243 1842 1320 1865 miser
1329 1840 1366 1866 M.
1382 1840 1504 1866 Crassus:
1518 1845 1563 1867 aut
1574 1840 1623 1867 hoc
1633 1839 1712 1870 dicis,
1728 1842 1804 1866 miser
1814 1844 1851 1866 est

1055 1877 1092 1903 Μ.
1109 1876 1225 1906 Crassus,
1237 1881 1266 1902 ut
1277 1877 1362 1911 possit
1372 1876 1495 1908 iudicari,
1509 1886 1602 1904 verum
1614 1877 1642 1903 id
1654 1876 1787 1903 falsumne
1797 1877 1848 1903 sit:

1056 1918 1101 1940 aut
1115 1913 1183 1939 nihil
1198 1913 1267 1939 dicis
1281 1914 1400 1940 omnino.
1440 1915 1472 1941 A.
1490 1914 1558 1950 Age,
1575 1915 1629 1941 iam
1644 1913 1773 1944 concedo,
1797 1921 1849 1940 non

1055 1959 1114 1977 esse
1125 1951 1248 1981 miseros,
1262 1953 1310 1985 qui
1322 1951 1421 1977 mortui
1432 1956 1508 1982 sunt,
1521 1952 1649 1986 quoniam
1659 1951 1804 1981 extorsisti,
1821 1955 1851 1976 ut

1056 1987 1159 2019 faterer,
1167 1988 1215 2022 qui
1226 1988 1335 2014 omnino
1347 1997 1398 2015 non
1409 1993 1507 2020 essent,
1515 1997 1560 2016 eos
1571 1998 1604 2015 ne
1615 1989 1727 2015 miseros
1737 1987 1848 2023 quidem

1055 2033 1113 2052 esse
1129 2033 1218 2060 posse.
1258 2024 1348 2057 Quid?
1362 2027 1410 2060 qui
1425 2026 1560 2056 vivimus,
1577 2035 1662 2061 quum
1679 2024 1849 2052 moriendum

1055 2064 1098 2093 sit,
1113 2070 1200 2089 nonne
1211 2062 1304 2088 miseri
1315 2062 1428 2089 sumus?
1438 2063 1511 2095 Quae
1521 2064 1593 2090 enim
1604 2067 1691 2098 potest
1701 2063 1728 2089 in
1740 2063 1794 2089 vita
1805 2070 1850 2088 es-

1054 2108 1083 2126 se
1099 2099 1267 2129 iucunditas,
1290 2107 1375 2134 quum
1395 2100 1455 2127 dies
1469 2105 1496 2127 et
1510 2105 1601 2127 noctes
1615 2099 1788 2136 cogitandum
1801 2100 1846 2129 sit,

1056 2138 1108 2163 iam
1120 2137 1228 2172 iamque
1239 2144 1298 2163 esse
1310 2136 1498 2164 moriendum?

1109 2175 1176 2201 VIII.
1200 2175 1239 2199 ⁴5.
1261 2173 1296 2199 M.
1318 2174 1404 2209 Ecqui
1415 2183 1478 2210 ergo
1488 2174 1628 2210 intelligis,
1641 2178 1772 2209 quantum
1783 2172 1847 2199 mali

1053 2211 1087 2238 de
1103 2211 1221 2238 humana
1235 2210 1387 2237 conditione
1402 2211 1550 2238 deieceris?
1568 2212 1600 2238 A.
1616 2211 1737 2244 Quonam
1751 2208 1848 2236 modo?

1053 2249 1089 2275 M.
1101 2249 1178 2281 Quia,
1191 2248 1215 2273 si
1227 2248 1295 2274 mori
1306 2249 1386 2274 etiam
1398 2250 1510 2275 mortuis
1521 2249 1651 2275 miserum
1662 2252 1741 2278 esset,
1754 2246 1847 2273 infini-

1053 2291 1110 2312 tum
1125 2284 1262 2321 quoddam
1278 2290 1304 2311 et
1318 2286 1514 2321 sempiternum
1529 2285 1630 2312 malum
1646 2284 1808 2312 haberemus
1818 2284 1846 2310 in

1053 2324 1118 2349 vita.
1158 2324 1236 2349 Nunc
1250 2322 1329 2349 video
1342 2323 1456 2349 calcem:
1473 2323 1507 2350 ad
1517 2332 1600 2358 quam
1610 2330 1694 2357 quum
1705 2322 1740 2348 sit
1749 2320 1847 2347 decur—

1053 2369 1123 2391 sum,
1137 2359 1205 2387 nihil
1216 2360 1252 2386 sit
1262 2365 1395 2394 praeterea
1407 2360 1647 2387 extimescendum.
1674 2358 1727 2385 Sed
1737 2363 1765 2385 tu
1777 2357 1847 2384 mihi

1053 2397 1156 2424 videris
1167 2397 1338 2431 Epicharmi,
1351 2398 1436 2428 acuti,
1450 2406 1498 2424 nec
1509 2396 1606 2423 insulsi
1618 2396 1748 2425 hominis,
1762 2400 1791 2421 ut
1802 2394 1847 2422 Si-

1053 2435 1118 2466 culi,
1130 2434 1290 2461 sententiam
1301 2435 1390 2469 sequi.
1410 2433 1554 2467 A.Quam‘?
1563 2434 1621 2460 Non
1631 2433 1703 2459 enim
1715 2433 1788 2459 novi.
1808 2433 1844 2460 M.

1052 2473 1153 2503 Dicam,
1167 2472 1190 2498 si
1201 2476 1301 2507 potero,
1314 2472 1417 2498 Latine.
1452 2471 1511 2498 Scis
1521 2471 1594 2497 enim
1604 2478 1647 2496 me
1658 2469 1758 2496 Graece
1770 2469 1846 2505 loqui

1053 2510 1080 2535 in
1098 2510 1191 2536 Latino
1205 2517 1328 2536 sermone
1344 2518 1397 2535 non
1411 2508 1474 2544 plus
1488 2508 1585 2538 solere,
1603 2515 1685 2542 quam
1701 2507 1728 2533 in
1743 2506 1846 2534 Graeco

1052 2547 1155 2573 Latine.
1194 2547 1226 2573 A.
1242 2545 1276 2572 Et
1291 2551 1360 2572 recte
1373 2546 1495 2580 quidem.
1535 2544 1588 2571 Sed
1603 2552 1672 2579 quae
1685 2543 1794 2571 tandem
1804 2548 1846 2571 est

1052 2583 1208 2618 Epicharmi
1220 2584 1270 2609 ista
1281 2581 1430 2609 sententia?
1438 2583 1475 2609 M.

1089 2624 1167 2647 ἔπιον-ι’
1177 2622 1248 2647 nolo':
1261 2621 1306 2645 sed
1315 2628 1354 2646 me
1363 2628 1415 2647 esse
1425 2622 1550 2646 mortuum
1560 2619 1626 2644 namt
1635 2621 1750 2644 aestimo.

1051 2657 1083 2684 A.
1095 2658 1150 2684 Iam
1161 2664 1277 2694 agnosco
1287 2656 1429 2684 Graecum.
1469 2655 1522 2683 Sed
1532 2655 1660 2691 quoniam
1670 2655 1784 2692 coegisti
1791 2675 1797 2686 ‚
1812 2659 1845 2682 ut
