1941 3052
206 136 254 159 iios,
775 133 829 156 too.
864 130 898 155 M.
932 130 962 155 T.

207 210 285 230 ι-ιιιιιιι
301 204 402 238 quibus
418 208 485 231 ιϊιιι,
509 203 533 227 iu
552 201 666 227 ,tsi-imm·
687 200 814 226 «licuntur
835 200 996 234 tiatigatiiri.

208 243 242 268 lta
265 246 367 275 prm-ter
385 239 502 266 lau-lium
520 239 653 264 nemini-m
671 237 755 263 buln-u
769 237 864 271 culpae
879 238 995 263 socium.

206 279 253 313 qui
266 285 352 304 taimen
367 278 414 302 Ιιιιι·
427 276 534 302 ini-liure
550 276 574 300 in
587 283 680 300 caussa
692 280 744 304 nst,
758 275 829 308 quod
845 276 894 300 inin
907 279 946 299 est
958 283 999 299 ri·-

207 321 309 349 vvpuis.
353 317 374 340 2.
399 315 432 338 tiu
448 322 489 338 uu·
502 317 604 341 nutem,
623 321 673 337 ιιυιι
689 311 797 340 dubito.
813 313 879 345 quiu
895 311 927 336 ml
941 311 999 336 tin!-

209 354 271 378 lium
284 357 309 378 vt
320 351 351 376 ml
364 351 481 384 Oppium
496 350 646 383 scripsi-riu
664 358 676 374 a
689 349 804 383 quibus,
817 350 839 375 eii
852 348 917 383 quid
930 352 1000 374 osset

209 388 415 417 liictiiis.‹:t·rti‹›r
427 386 511 412 facum
522 395 622 412 essem:
638 390 724 412 tec-um
736 387 814 412 eumn
827 390 915 411 essent
928 385 1000 411 locu-

208 428 239 452 ii:
263 425 427 460 quibuscum
440 429 466 450 tu
479 423 512 449 ιΙι·
525 423 574 449 lio(-
587 424 644 457 ipso
657 423 810 457 colloquare.
822 423 903 448 velim
912 443 917 452 ,
931 428 956 448 et
967 422 998 447 ad

209 473 258 492 me,
272 462 337 497 quiil
352 462 399 488 tilii
413 461 606 495 respomlorint.
625 461 740 486 scritms2
756 469 806 486 non
822 460 892 494 quml
906 460 939 485 ali
951 460 1000 485 isto

208 500 279 525 salus
291 499 349 524 (lata
362 498 511 532 quidquam
526 498 647 524 liuliitura
660 499 694 523 sit
705 497 892 523 firmitudinis:
907 497 1000 522 sedtu-

208 546 267 563 meu
280 536 382 570 aliquid
395 535 499 561 consuli
511 540 535 560 et
547 535 662 569 prospici
676 536 778 568 poterit.
812 535 866 560 Etsi
878 535 998 560 omnium

206 578 378 608 conspectum
393 573 494 601 liorreo,
509 572 663 606 praesertim
677 572 725 597 linc
736 580 846 604 geni-ro:
862 577 959 600 tamen,
975 572 999 596 iu

208 612 286 637 tantis
300 610 376 636 mulis·
387 610 452 644 quid
465 609 537 636 aliud
552 609 642 639 velim,
659 618 709 635 uon
723 610 835 643 reperio.
870 611 893 634 3.
916 609 1001 640 Quin-

208 654 249 675 tus
262 649 357 682 porgit,
372 653 400 673 ut
411 647 442 673 ad
455 656 496 673 me
508 652 532 673 ct
544 647 626 672 l'ansn
639 647 747 680 scripsit
760 651 784 672 et
796 647 909 672 Hirtius:
925 647 1001 679 isque
1022 671 1023 677 ¹

855 683 893 709 ΑιΙ
912 684 1002 709 Minu·
1028 697 1029 712 i

926 720 965 746 Ad
977 724 1001 746 tf*-
1022 738 1023 748 ι

207 760 333 790 scribam,
348 759 480 793 numquid
491 759 584 793 egerit.
608 758 670 784 ll-S
683 767 737 784 xxx
750 759 869 792 potuisse
881 758 998 786 mirarer,
1021 755 1023 764 ‘

209 687 270 711 item
282 684 398 711 Africam
416 689 503 718 petere
519 693 580 710 cum
595 684 690 710 ceteris
704 683 813 710 dicitur.

207 724 278 749 cium
292 723 434 748 Tui-cutum
447 721 572 751 scribam.
589 726 647 747 tuas
661 720 760 747 litteras
772 722 885 746 mittam.

209 798 259 823 uisi
274 797 355 823 multu
366 796 398 822 (lc
412 796 559 822 Fufidianis
571 795 698 830 praediis
728 795 760 822 Et
772 795 798 821 id
812 795 890 821 video
902 800 998 821 tamen.

207 835 243 860 Te
255 839 393 868 exspectog
408 842 488 868 quein
503 833 602 863 videre,
616 834 639 859 si
653 832 706 859 ullo
718 832 1001 867 modopotest.(pos(·it
1022 827 1023 835 ¹

207 873 279 898 enim
297 872 359 903 res.)
381 870 536 905 pervellem.
578 871 631 896 lam
651 875 799 896 extremum
820 869 998 896 concluditur.

207 909 268 935 Tibi
282 911 290 919 '
304 908 380 935 facilc
391 913 443 938 est,
461 907 541 942 quid,
558 907 638 942 qualo
649 908 818 941 sitgravius.
835 907 999 933 existimare.

209 946 271 972 Vale

262 1016 310 1036 XV.
340 1016 451 1038 (Brundisii,
462 1016 539 1033 Caesare
549 1016 595 1034 ilict.
607 1017 661 1036 707.)

390 1054 556 1081 CICERO
586 1053 755 1081 ATTICO
785 1053 812 1080 S.

266 1094 288 1117 l.
310 1086 449 1123 Quoniam
475 1092 558 1117 iustas
578 1100 688 1117 caussas
706 1091 796 1121 all‘crs,
818 1090 891 1125 quod
912 1095 936 1116 te
952 1089 1002 1116 hoc

209 1135 326 1163 tempore
340 1128 429 1155 videre
441 1137 492 1155 non
505 1129 621 1163 possim:
638 1137 747 1163 quaeso,
760 1127 827 1162 quid
838 1128 873 1154 sit
884 1127 952 1153 milii
963 1126 1002 1152 sa-

207 1166 344 1192 cicndum.
387 1166 432 1191 lllc
447 1166 518 1192 enim
537 1166 570 1192 ita
583 1165 689 1192 videtur
699 1164 889 1192 Alexandriam
901 1169 999 1194 tenere,

208 1208 237 1230 ut
253 1212 314 1229 cum
330 1203 447 1229 scribere
463 1204 542 1229 ctiam
555 1203 653 1237 pudeat
664 1202 696 1229 de
708 1202 762 1229 illis
774 1202 865 1228 rebus.
906 1202 938 1228 ui
953 1210 1002 1228 au-

209 1246 260 1267 tem
273 1250 305 1266 ex
318 1240 405 1266 Asi-ica
418 1241 469 1266 iam
485 1240 603 1267 adfuturi
620 1240 759 1272 videntur,
778 1239 878 1266 Achaei
892 1240 955 1266 item
967 1247 1001 1265 ex

208 1278 270 1304 Asia
282 1277 393 1303 redituri
405 1277 438 1303 ad
449 1285 508 1308 eos,
531 1282 577 1304 aut
589 1277 672 1304 libero
683 1277 774 1312 aliquo
785 1276 842 1303 loco
852 1285 1002 1303 commora-

208 1316 270 1341 turi.
311 1314 382 1346 Quid
397 1314 465 1341 mihi
479 1315 562 1350 igitur
572 1319 650 1349 putas
661 1313 815 1350 agendum?
834 1314 917 1341 Video
928 1313 1002 1340 difli-

207 1352 258 1378 cilc
269 1360 327 1378 esse
338 1351 493 1378 consilium.
523 1352 587 1378 Sum
599 1352 671 1378 enim
682 1351 766 1382 solus,
779 1355 825 1378 aut
835 1360 896 1378 cum
908 1351 999 1381 altero,

206 1390 250 1415 cui
263 1398 349 1424 neque
360 1389 393 1415 ad
404 1388 464 1416 illos
476 1389 577 1416 reditus
588 1390 631 1420 sit,
645 1397 732 1424 neque
744 1389 777 1415 ab
789 1389 832 1416 his
842 1389 910 1423 ipsis
920 1387 1004 1423 quid-

207 1434 289 1461 quam
305 1426 338 1452 ad
354 1435 430 1461 spem
445 1426 611 1453 ostendatur.
651 1426 704 1453 Sed
719 1430 807 1452 tamen
822 1427 892 1452 scire
907 1425 1000 1456 velim,

206 1463 273 1499 quid
284 1472 407 1490 censeas:
423 1463 503 1498 idque
513 1469 568 1490 erat
578 1472 640 1490 cum
652 1463 723 1494 aliis,
735 1472 784 1490 cur
794 1468 828 1494 te.
836 1464 860 1490 si
871 1463 928 1490 sieri
940 1471 1004 1498 pos—

206 1506 256 1531 set,
270 1509 397 1535 cuperem
409 1501 511 1527 videre.
550 1502 576 1527 2.
598 1501 748 1528 Minucium
762 1509 801 1527 xn
814 1500 871 1528 sola
882 1508 1000 1531 curasse,

207 1538 304 1572 scripsi
319 1538 351 1565 ad
368 1543 392 1564 te
409 1543 499 1565 antea:
516 1538 589 1573 quod
600 1543 736 1573 superest,
753 1537 836 1565 velim
847 1538 955 1568 videas,
973 1542 1003 1564 ut

207 1581 324 1602 curetur.
351 1575 467 1607 Quintus
481 1584 533 1602 non
545 1575 623 1602 niodo
635 1585 687 1602 non
698 1584 761 1602 cum
772 1584 869 1612 magna
880 1583 958 1610 prece
969 1574 1002 1601 ad

208 1621 258 1643 nie,
272 1612 319 1639 scd
330 1612 504 1639 acerbissime
515 1613 636 1648 scripsit:
651 1613 724 1640 silius
735 1621 798 1640 vero
804 1613 918 1640 mirifico
928 1612 1000 1639 odio.

207 1649 280 1677 Nihil
297 1650 362 1685 fingi
378 1654 464 1684 potest
479 1649 557 1681 mali,
574 1658 628 1685 quo
643 1659 695 1677 non
709 1659 816 1685 urgear.
855 1650 952 1677 Omnia
963 1654 1003 1676 ta-

208 1696 268 1713 men
280 1692 344 1713 sunt
354 1686 487 1718 faciliora,
504 1696 585 1723 quam
597 1688 699 1722 peccati
713 1687 800 1718 dolor,
818 1688 866 1722 qui
877 1692 904 1714 et
914 1687 1002 1714 maxi-

208 1733 268 1750 mus
279 1729 319 1751 est
330 1729 355 1751 et
365 1729 501 1751 aeternus:
517 1725 597 1751 cuius
608 1725 709 1760 peccati
721 1725 744 1751 si
755 1725 842 1752 socios
852 1733 940 1751 essem
954 1724 1002 1750 ha-

208 1762 314 1788 biturus
330 1770 392 1797 ego,
408 1770 476 1796 quos
492 1763 600 1796 putavi,
617 1767 705 1789 tamen
721 1766 792 1788 esset
806 1761 952 1788 consolatio
963 1765 1003 1788 te-

207 1799 279 1825 nuis.
320 1798 373 1825 Sed
385 1799 465 1826 habet
475 1799 588 1826 aliorum
599 1800 721 1826 omnium
733 1800 799 1826 ratio
808 1799 925 1828 exitum,
941 1806 1001 1824 mea

208 1836 323 1862 nullum.
358 1836 411 1862 Alii
423 1837 503 1871 capti,
516 1836 562 1863 alii
574 1836 712 1863 interclusi
724 1845 776 1863 non
787 1837 901 1863 veniunt
911 1836 938 1862 'm
949 1835 1002 1862 du-

208 1873 284 1899 bium
295 1873 328 1900 de
340 1873 475 1900 voluntate
485 1897 489 1904 ,
506 1882 537 1900 eo
548 1874 639 1900 minus
650 1873 766 1904 scilicet,
782 1881 868 1908 quum
879 1881 908 1899 se
919 1881 1002 1907 expe-

207 1910 306 1936 dierint
316 1915 342 1936 et
352 1919 404 1936 una
416 1919 474 1937 esse
485 1911 631 1945 coeperint.
672 1911 692 1937 1i
703 1916 793 1936 autem
805 1911 871 1945 ipsi,
889 1911 937 1945 qui
952 1918 1001 1937 sua

208 1947 342 1973 voluntate
353 1947 386 1973 ad
399 1948 505 1974 Fulium
517 1953 661 1978 venerunt,
678 1947 747 1974 nihil
758 1952 885 1982 possunt,
903 1948 955 1974 nisi
968 1948 1002 1974 ti-
1022 1954 1023 1963 ¹

207 1984 284 2015 midi,
297 1985 456 2011 existimari.
490 1984 567 2011 Multi
577 1990 667 2011 autem
678 1990 750 2015 sunt,
763 1985 821 2019 qui.
834 1985 1001 2019 quicumque

207 2027 283 2052 sunt,
302 2021 380 2048 modo
395 2022 428 2047 ad
445 2021 505 2048 illos
520 2031 549 2048 se
565 2023 683 2057 recipere
700 2021 802 2053 volent,
825 2022 999 2056 recipientur.

206 2059 265 2091 Quo
280 2059 370 2085 minus
385 2059 468 2085 debes
484 2060 590 2090 mirari,
612 2068 665 2086 non
680 2068 760 2094 posse
776 2067 818 2086 me
833 2064 905 2086 tanto
915 2058 1000 2086 dolori

208 2097 341 2122 resistere.
381 2095 471 2122 Solius
487 2097 558 2123 enim
575 2105 665 2123 meum
680 2101 820 2131 peccatum
835 2097 934 2132 corrigi
948 2105 1000 2122 non

208 2138 302 2168 potest,
316 2138 341 2159 et
350 2132 461 2159 fortasse
474 2133 566 2160 Laelii.
601 2133 654 2160 Sed
664 2133 732 2168 quid
743 2142 786 2160 me
797 2133 825 2160 id
836 2133 923 2160 levat?
933 2134 1000 2160 Nam

207 2171 236 2196 C.
244 2170 356 2205 quidem
362 2171 484 2197 Cassium
497 2171 572 2198 aiunt
582 2171 726 2198 consilium
733 2171 922 2197 Alexandriam
933 2179 1002 2198 eun-

207 2208 235 2234 ‹li
247 2208 403 2234 mutavisse.

207 2282 240 2308 ad
251 2291 281 2309 ea
292 2282 394 2313 afferas,
403 2291 472 2317 quae
483 2292 525 2310 me
536 2283 694 2315 conficiunt,
708 2283 740 2309 ad
752 2291 821 2318 quae
832 2291 915 2318 gener
924 2291 1000 2310 acce—

206 2320 255 2349 dit,
268 2324 294 2346 et
304 2324 399 2350 cetera,
413 2328 491 2354 quae,
504 2319 566 2347 fletu
578 2321 717 2355 reprimor,
731 2329 763 2346 ne
775 2320 902 2346 scribam.
928 2319 999 2352 Quin

207 2358 286 2383 etiam
297 2357 395 2391 Aesopi
413 2357 484 2383 silius
500 2366 542 2383 me
558 2359 704 2384 excruciat.
743 2357 856 2383 Prorsus
872 2357 939 2383 nihil
951 2357 1000 2383 ab-

207 2399 254 2423 est,
268 2395 334 2429 quin
346 2395 398 2420 sim
410 2395 589 2421 miserrimus.
629 2394 682 2420 Sed
692 2394 724 2420 ad
736 2395 856 2429 primum
867 2399 996 2421 revertor:

206 2431 274 2465 quid
290 2436 368 2465 putes
384 2431 552 2458 faciendum:
569 2431 707 2458 occultene
722 2431 814 2466 aliquo
829 2432 941 2466 propius
952 2439 1000 2457 ve—

208 2468 350 2499 niendum,
373 2477 406 2494 an
422 2477 494 2495 mare
510 2468 714 2496 transeundum.
755 2469 822 2494 Nam
838 2468 882 2494 hic
896 2469 999 2495 maneri

207 2504 310 2530 diutius
325 2513 377 2531 non
388 2511 483 2540 potest.
524 2507 548 2533 4.
570 2507 606 2532 De
617 2505 766 2532 Fufidianis
777 2514 860 2540 quare
871 2505 939 2532 nihil
951 2513 1000 2540 po-

208 2541 258 2567 tuit
277 2541 390 2568 confici?
409 2543 502 2569 Genus
515 2543 587 2570 enim
606 2542 768 2569 conditionis
783 2542 916 2569 eiusmodi
937 2542 997 2574 fuit,

209 2578 235 2603 in
247 2586 300 2612 quo
311 2586 362 2604 non
374 2579 440 2606 solet
450 2588 508 2606 esse
517 2580 710 2612 controversia;
724 2587 845 2614 quumea
851 2588 922 2614 pars,
930 2587 999 2614 quae

208 2614 315 2641 videtur
326 2623 384 2641 esse
396 2617 495 2647 minor,
513 2617 657 2650 licitatione
672 2615 776 2651 expleri
789 2621 890 2651 posset.
930 2617 1000 2643 Haec

208 2659 257 2686 ego
268 2660 321 2678 non
331 2652 388 2679 sine
399 2661 493 2680 caussa
504 2662 613 2689 quaero.
653 2653 782 2688 Suspicor
791 2654 874 2685 enim,
889 2653 1000 2681 cohere-

1028 546 1029 572 j
1051 536 1186 561 vxisuino.

1022 2091 1023 2096 ¹
1052 2062 1187 2089 Credibile
1199 2063 1246 2088 vix
1257 2067 1306 2088 est.

444 2210 469 2234 3.
491 2209 560 2235 Haec
570 2208 603 2234 ad
617 2213 641 2235 te
652 2208 754 2239 scribo,
772 2217 824 2234 non
836 2213 866 2234 ut
876 2217 960 2243 queas
971 2213 1000 2235 tu

207 2245 314 2272 demere
325 2245 550 2276 sollicitudinem,
567 2245 614 2272 sed
629 2251 659 2272 ut
669 2254 843 2281 cognoscam,
861 2245 959 2280 ecquid
971 2251 999 2272 tu
1021 2273 1022 2276 ,

996 129 1269 155 (ilci-:ttoNiS

1026 224 1028 230 ,
1050 200 1097 224 :les
1108 199 1219 225 «lulium
1232 205 1346 225 nostram
1358 208 1481 225 (taurinam
1494 205 1599 234 putare.
1616 206 1640 226 ‹·t
1651 208 1682 225 en
1694 208 1748 226 rem
1761 200 1787 227 in
1801 202 1841 227 in-

1026 245 1029 268 1,
1051 242 1124 269 tegi-0
1135 246 1193 261 vste
1206 236 1283 262 malle
1337 236 1407 262 Vale.
1449 237 1535 264 Pridie
1548 237 1610 263 {dua
1622 238 1713 264 Maias.

1106 305 1165 325 xv..
1198 307 1394 326 'Huurirl··=1,('ur=n⁷
1408 309 1444 324 ιιμι
1464 309 1517 328 ἴυζ’

1235 350 1336 375 (ΖΙΠΕ
1351 350 1402 375 tto
1432 349 1598 376 ATTtCo
1626 351 1654 376 S.

1109 389 1129 412 l.
1153 381 1215 412 Non
1228 396 1286 413 meo
1300 388 1363 412 titio
1375 387 1415 415 lit.
1434 386 1482 412 hoc:
1497 387 1608 421 quidem
1624 393 1755 421 tempore,
1772 387 1843 413 (ante

1051 424 1123 449 vuim
1135 429 1175 450 est
1187 429 1345 458 peccatum.)
1363 429 1390 450 ut
1406 433 1447 449 rne
1461 424 1508 450 ista
1521 424 1631 458 epistola
1644 424 1710 450 nibil
1721 424 1843 450 console·

1028 478 1029 484 1
1052 466 1094 486 tur
1145 461 1210 487 Num
1226 466 1251 487 (et
1266 462 1364 493 exigue
1379 461 1477 495 scripta
1492 466 1546 491 est,
1563 466 1589 487 et
1603 463 1770 496 suspiciones
1787 470 1843 487 ma·

1051 507 1118 530 ¹unae-i
1130 498 1222 527 babet,
1240 507 1291 524 non
1304 506 1362 523 esse
1373 498 1407 523 ab
1423 498 1481 527 illo;
1498 506 1566 532 quw
1580 499 1802 525 animadvertisse
1819 504 1844 524 te

1227 536 1261 561 De
1282 535 1497 561 obviam-itione
1514 536 1548 561 ita
1564 535 1668 563 faciam.
1691 541 1719 562 ιιι
1734 535 1842 562 suades.

1053 573 1143 606 Neque
1155 573 1226 598 enim
1240 572 1292 598 ulla
1309 574 1321 584 ⁸
1333 572 1366 598 de
1377 572 1494 598 adventu
1506 573 1565 598 eius
1575 573 1666 607 opinio
1675 578 1728 600 est:
1745 581 1842 607 neque.

1052 610 1074 635 si
1090 611 1138 644 qui
1153 618 1185 635 ex
1203 610 1263 636 Asin
1281 611 1405 639 veniunt,
1425 609 1575 644 quidquam
1591 610 1713 636 auditum
1728 618 1786 635 esse
1801 609 1844 635 di-

1051 651 1115 673 cunt
1129 646 1162 672 dc
1179 655 1255 680 pace:
1274 648 1352 672 cuius
1367 656 1417 681 ego
1431 655 1478 680 spe
1495 647 1521 673 in
1537 647 1604 673 hauc
1617 647 1736 673 fraudem
1750 646 1843 672 incidi.

1053 683 1125 710 Niliil
1143 684 1234 713 video,
1252 684 1323 718 quod
1339 684 1503 718 sperandum
1514 689 1619 718 putem,
1637 693 1708 711 nunc
1724 692 1844 718 praeser-

1053 722 1114 750 tim,
1127 730 1212 755 quum
1223 730 1252 747 ca
1266 721 1341 755 plaga
1355 722 1380 747 in
1393 722 1454 747 Asia
1466 722 1500 747 sit
1511 727 1631 756 accepta,
1646 722 1671 747 in
1685 721 1802 756 illyrico,
1816 721 1843 746 in

1051 759 1178 784 Cassiano
1190 759 1309 793 negotio.
1324 759 1349 784 in
1363 759 1418 793 ipsu
1431 758 1605 787 Alexandria.
1620 760 1646 785 in
1658 758 1741 787 Urbe.
1756 759 1781 784 in
1794 758 1845 784 lta-

1053 795 1096 822 lia.
1139 796 1193 831 Ego
1205 804 1280 825 vero.
1298 796 1403 822 etiamsi
1416 795 1551 822 rediturus
1563 796 1607 822 ille
1622 801 1674 824 est,
1692 796 1739 830 qui
1756 795 1845 821 adhuc

1053 832 1153 859 bellum
1164 841 1256 866 gerere
1267 832 1378 863 dicitur,
1393 838 1480 859 tamen
1492 838 1552 859 unte
1564 833 1679 859 reditum
1691 833 1750 858 eius
1763 840 1846 867 nego-

1052 871 1118 896 tium
1139 870 1291 896 consectum
1311 871 1342 896 iri
1364 875 1437 904 puto.
1478 872 1503 896 Ξ.
1528 870 1604 902 Quod
1625 875 1713 896 autem
1735 870 1843 898 scribis,

1051 907 1196 942 quamdam
1214 907 1341 934 laetitiam
1355 907 1486 934 bonorum
1502 916 1561 933 esse
1576 913 1748 935 commotam,
1767 911 1796 932 ut
1810 907 1846 932 sit

1052 944 1175 971 auditum
1186 944 1219 970 ‹lc
1232 944 1339 971 litteris:
1358 949 1385 970 tu
1397 944 1507 979 quidem
1521 944 1588 971 nibil
1601 944 1803 979 praetermittis,
1817 944 1844 969 in

1052 990 1106 1016 quo
1122 987 1199 1016 putes
1215 981 1318 1016 aliquid
1334 981 1421 1007 solatii
1437 990 1510 1013 esse;
1529 982 1575 1007 sed
1591 991 1640 1017 ego
1653 991 1703 1008 non
1715 980 1843 1008 adducor,

1051 1027 1216 1054 quemquam
1233 1019 1333 1045 bonum
1355 1018 1438 1044 ullam
1458 1018 1571 1045 salutem
1589 1024 1681 1054 putare
1696 1018 1763 1044 mihi
1779 1017 1844 1043 tanti

1052 1055 1146 1087 fuisse,
1160 1061 1188 1082 ut
1199 1064 1257 1082 eam
1269 1061 1386 1091 peterem
1397 1056 1432 1082 ab
1444 1056 1503 1086 illo,
1515 1061 1541 1083 et
1551 1064 1582 1082 eo
1593 1057 1697 1085 minus,
1709 1055 1781 1090 quod
1794 1055 1844 1080 hu-

1053 1094 1095 1119 ius
1106 1093 1213 1120 consilii
1226 1094 1278 1119 iam
1289 1102 1322 1120 ne
1333 1094 1435 1120 socium
1447 1093 1558 1128 quidem
1573 1093 1659 1119 habeo
1668 1100 1843 1128 quemquam.

1051 1130 1104 1163 Qui
1115 1132 1141 1157 in
1154 1131 1216 1157 Asia
1227 1135 1299 1162 sunt,
1315 1139 1405 1157 rerum
1416 1131 1519 1157 exitum
1530 1135 1694 1165 exspectant.
1734 1129 1845 1156 Achaici

1052 1168 1131 1195 etiam
1148 1168 1224 1194 Fufio
1238 1176 1315 1202 spem
1329 1167 1526 1202 deprecationis
1543 1167 1666 1194 afferunt.
1706 1167 1805 1192 Horum
1819 1171 1846 1192 et

1053 1206 1131 1232 timor
1143 1205 1214 1231 idem
1227 1204 1278 1232 suit
1287 1205 1384 1240 primo,
1397 1205 1445 1240 qui
1457 1213 1542 1235 meus,
1550 1210 1575 1231 et
1585 1205 1774 1235 constitutum;
1788 1211 1844 1229 mo—

1052 1252 1080 1269 ra
1091 1242 1271 1269 Alexandrina
1283 1251 1406 1269 caussam
1418 1241 1525 1269 illorum
1535 1243 1659 1272 correxit,
1671 1250 1757 1268 meam
1768 1249 1847 1266 ever-

1052 1281 1093 1307 tit.
1134 1282 1158 1306 3.
1177 1279 1358 1312 Quamobrem
1370 1279 1441 1306 idem
1452 1288 1466 1306 a
1478 1284 1503 1306 te
1514 1288 1586 1306 nunc
1597 1284 1666 1314 peto.
1679 1278 1752 1313 quod
1763 1285 1846 1312 supe—

1053 1317 1170 1344 rioribus
1181 1316 1289 1348 litteris,
1303 1321 1345 1348 ut,
1361 1316 1462 1352 siquid
1475 1317 1501 1343 in
1514 1316 1625 1351 perditis
1636 1316 1717 1343 rebus
1727 1315 1846 1350 dispice-

1053 1364 1108 1384 res.
1126 1354 1200 1390 quod
1209 1354 1278 1381 mihi
1289 1359 1398 1389 putares
1409 1353 1575 1384 faciendum.
1592 1362 1635 1380 me
1646 1361 1778 1380 moneres,
1817 1351 1846 1378 Si

1053 1392 1168 1427 recipior
1185 1392 1218 1418 ab
1233 1393 1280 1423 iis,
1302 1391 1376 1427 quod
1390 1391 1467 1418 vides
1482 1399 1535 1418 non
1550 1391 1620 1423 θεῆς
1638 1396 1739 1420 tamen,
1756 1387 1846 1424 quoad

1054 1429 1156 1456 bellum
1166 1430 1225 1460 erit,
1239 1429 1306 1464 quid
1317 1437 1404 1465 agam,
1417 1433 1463 1456 aut
1473 1428 1521 1455 ubi
1531 1429 1583 1455 sim
1592 1449 1598 1459 .
1610 1436 1662 1455 non
1673 1427 1790 1462 reperio:
1802 1427 1846 1453 sin

1054 1468 1145 1498 iactor,
1157 1474 1189 1493 eo
1199 1467 1301 1493 minus.
1342 1467 1433 1501 ltaque
1444 1471 1504 1492 tuas
1516 1465 1616 1493 litteras
1630 1469 1768 1500 exspecto:
1786 1472 1847 1490 eas-

1053 1512 1106 1539 que
1118 1509 1148 1531 ιιι
1158 1504 1191 1531 ad
1203 1512 1246 1530 me
1255 1504 1315 1530 sine
1325 1503 1493 1530 dubitatione
1503 1503 1616 1531 scribas,
1629 1511 1702 1537 rogo.
1727 1503 1753 1528 4.
1767 1500 1846 1533 Quod

1053 1541 1166 1573 suades,
1182 1546 1212 1568 ut
1226 1540 1260 1568 ad
1271 1541 1401 1573 Quintum
1417 1540 1534 1567 scribam
1545 1540 1578 1567 de
1590 1540 1633 1566 his
1648 1539 1756 1566 litteris:
1774 1538 1847 1565 race-

1054 1587 1119 1609 rem.
1132 1579 1156 1605 si
1168 1587 1210 1605 me
1221 1578 1373 1613 quidquam
1385 1579 1450 1605 istae
1462 1577 1564 1604 litterae
1577 1577 1748 1604 delectarent.
1787 1575 1846 1602 Etsi

1053 1616 1165 1651 quidam
1176 1616 1286 1650 scripsit
1296 1615 1330 1642 ad
1341 1624 1384 1642 me
1395 1615 1439 1642 bis
1450 1615 1554 1642 verbis:
1567 1615 1664 1648 qu,ut
1674 1617 1700 1640 in
1711 1616 1751 1640 liis
1759 1614 1844 1642 malta.

1053 1654 1138 1680 Patris
1147 1661 1204 1679 sum
1214 1661 1265 1679 mm
1275 1655 1385 1685 invitus,-
1395 1661 1474 1679 essem
1485 1653 1610 1682 libentius,
1621 1653 1645 1678 σι’
1654 1653 1737 1684 frater
1746 1655 1806 1676 tuus
1815 1658 1846 1675 ea

1052 1693 1082 1716 de
1092 1695 1116 1717 te
1125 1692 1283 1724 loqueretur,
1297 1699 1364 1723 quae
1376 1698 1421 1723 eqo
1435 1691 1527 1715 audire
1540 1690 1635 1715 venem.
1673 1687 1748 1720 Quod
1760 1687 1800 1713 ais
1810 1686 1846 1713 il-

1053 1727 1110 1754 lum
1125 1727 1159 1754 ad
1175 1732 1200 1754 te
1212 1727 1343 1757 scribere,
1362 1735 1404 1753 me
1419 1726 1473 1753 sibi
1484 1725 1572 1752 nullas
1584 1725 1684 1752 litteras
1695 1725 1843 1755 remittere,

1052 1764 1135 1791 semel
1146 1764 1180 1790 ab
1191 1765 1249 1799 ipso
1260 1764 1364 1798 accepi:
1378 1763 1411 1790 ad
1422 1772 1467 1789 eas
1473 1761 1707 1798 Cephalionidedi.
1715 1762 1763 1796 qui
1774 1760 1847 1787 mul-

1052 1807 1092 1829 tos
1108 1810 1214 1828 menses
1228 1800 1434 1836 tempestatibus
1449 1805 1568 1827 retentus
1582 1805 1632 1826 est.
1671 1799 1802 1831 Quintum
1814 1797 1846 1824 fi-

1054 1839 1120 1866 lium
1131 1838 1166 1865 ad
1176 1847 1219 1865 me
1230 1838 1404 1865 acerbissime
1414 1838 1565 1872 scripsisse,
1574 1838 1627 1863 iam
1633 1835 1732 1863 antead
1743 1841 1768 1862 te
1777 1836 1846 1862 scri—

1052 1877 1105 1911 psi.
1134 1877 1160 1902 5.
1175 1876 1334 1903 Extremum
1343 1880 1393 1906 est,
1405 1875 1476 1910 quod
1489 1879 1514 1901 te
1523 1883 1607 1905 orem,
1619 1875 1643 1900 si
1654 1878 1732 1908 putas
1743 1878 1845 1900 rectum

1052 1922 1111 1940 esse
1122 1918 1148 1940 et
1161 1922 1174 1940 a
1186 1919 1210 1940 te
1225 1913 1329 1947 suscipi
1340 1920 1432 1947 posse,
1449 1920 1511 1938 cum
1522 1911 1636 1938 Camillo
1649 1911 1843 1940 communices.

1052 1955 1081 1978 ut
1092 1951 1243 1977 Terentiam
1255 1950 1385 1977 moneatis
1395 1949 1429 1976 de
1440 1953 1607 1976 testamento.
1646 1949 1776 1983 Tempora
1787 1955 1845 1974 mo-

1053 1993 1124 2018 nent,
1138 1992 1167 2014 ut
1178 1988 1276 2018 videat,
1290 1992 1319 2014 ut
1329 1986 1488 2017 satisfaciat,
1501 1986 1604 2021 quibus
1614 1985 1720 2012 debeat.
1759 1984 1845 2011 Audi-

1053 2030 1109 2052 tum
1121 2034 1154 2052 ex
1164 2025 1308 2051 Philotimo
1318 2029 1371 2055 est,
1388 2032 1448 2050 eam
1463 2024 1590 2050 scelerate
1603 2022 1736 2057 quaedam
1746 2021 1843 2048 facere.

1346 2061 1399 2087 Sed
1413 2065 1497 2091 certe.
1515 2061 1539 2087 si
1549 2059 1617 2095 quid
1627 2064 1680 2090 est,
1697 2059 1770 2094 quod
1786 2059 1844 2085 fieri

1051 2100 1150 2134 possit,
1168 2098 1367 2134 providendum
1382 2103 1432 2125 est.
1470 2099 1509 2125 De
1522 2097 1650 2124 omnibus
1665 2097 1746 2123 rebus
1761 2095 1843 2122 velim

1051 2137 1085 2163 ad
1096 2145 1138 2163 me
1149 2136 1266 2163 scribas:
1282 2141 1308 2163 et
1318 2136 1446 2166 maxime,
1458 2135 1527 2170 quid
1537 2134 1640 2161 scribas
1650 2133 1685 2160 de
1694 2142 1734 2164 eo,
1752 2134 1778 2160 in
1789 2141 1845 2168 quo

1051 2179 1096 2200 tuo
1107 2173 1220 2200 consilio
1230 2173 1416 2209 egeo,etiamsi
1427 2172 1495 2199 nihil
1507 2171 1657 2207 excogitas:
1670 2171 1698 2198 id
1708 2171 1780 2197 enim
1791 2170 1844 2196 mi-

1052 2211 1080 2238 hi
1090 2212 1141 2238 erit
1152 2219 1201 2246 pro
1210 2210 1360 2245 desperato.
1401 2218 1440 2236 ιιι.
1452 2210 1541 2236 Nonas
1552 2209 1610 2235 Iun.

1104 2279 1178 2301 XVII.
1205 2280 1317 2303 (Brundisii,
1327 2281 1406 2299 Carme
1415 2280 1462 2298 dici.
1473 2281 1528 2300 707.)

1237 2318 1404 2346 CICERO
1433 2317 1599 2345 ATTICO
1627 2316 1655 2343 S.

1108 2358 1131 2382 l.
1153 2352 1365 2391 properantibus
1380 2355 1528 2383 tabellariis
1542 2354 1638 2382 alienis
1652 2353 1721 2379 hanc
1742 2353 1844 2387 episto—

1051 2393 1104 2420 lam
1123 2393 1200 2425 dedi,
1221 2402 1252 2420 eo
1271 2393 1379 2420 brevior
1397 2397 1451 2423 est,
1472 2397 1512 2424 et,
1533 2391 1606 2427 quod
1621 2399 1694 2417 eram
1708 2390 1844 2416 missurus

1049 2439 1133 2457 meos.
1173 2430 1260 2457 Tullia
1277 2439 1336 2457 mea
1351 2431 1425 2457 venit
1439 2429 1474 2457 ad
1484 2437 1526 2456 me
1536 2427 1624 2463 pridie
1634 2427 1698 2454 Idus
1708 2428 1778 2457 Iun„
1795 2426 1844 2453 de-

1049 2476 1103 2502 que
1114 2472 1159 2494 tua
1169 2476 1232 2504 erga
1243 2476 1271 2494 se
1281 2467 1452 2494 observantia
1461 2464 1700 2498 benevolentiaque
1707 2464 1774 2490 mihi
1781 2463 1844 2498 plu-

1050 2506 1118 2531 rima
1129 2505 1263 2539 exposuit,
1276 2504 1378 2531 litteras
1388 2503 1506 2530 reddidit
1516 2503 1608 2529 trinas.
1642 2501 1700 2536 Ego
1708 2506 1798 2527 autem
1808 2509 1844 2528 ex

1051 2542 1139 2576 ipsius
1150 2543 1258 2573 virtute,
1274 2542 1450 2571 humanitate,
1462 2540 1560 2574 pietate
1571 2547 1624 2565 non
1635 2538 1714 2565 modo
1724 2547 1784 2564 eam
1796 2547 1843 2565 vo-

1051 2578 1180 2613 luptatem
1191 2587 1244 2605 non
1255 2579 1329 2613 cepi,
1344 2586 1426 2612 quam
1436 2584 1531 2611 capere
1541 2584 1576 2602 ex
1585 2575 1719 2610 singulari
1729 2575 1784 2602 filia
1793 2575 1844 2601 de-

1050 2615 1112 2648 bui·,
1124 2616 1173 2642 sed
1183 2616 1264 2642 etiam
1275 2614 1428 2642 incredibili
1438 2622 1500 2640 sum
1509 2612 1600 2640 dolore
1611 2613 1729 2643 affectus,
1737 2612 1790 2639 tale
1799 2613 1844 2639 in-

1049 2654 1162 2688 genium
1172 2653 1202 2680 in
1212 2657 1268 2680 tam
1277 2652 1375 2679 misera
1385 2650 1490 2678 fortuna
1501 2650 1602 2677 versari
1609 2670 1616 2681 ,
1628 2649 1712 2686 idque
1721 2648 1847 2676 accidere
