1941 3052
277 107 318 133 87.
340 107 375 132 M.
398 107 427 132 T.
450 105 660 132 CICERONIS
680 104 858 132 EPISTOL.
881 106 929 131 AD
949 105 980 138 Q.
1004 105 1200 132 FRATREM.
1223 106 1294 132 LIB.
1317 107 1337 132 1.
1359 106 1414 132 ΕΡ.
1441 108 1462 136 l,

194 177 226 210 Q.
248 177 277 204 C.
300 177 328 203 S.
350 177 378 203 P.
400 178 430 203 D.
453 176 588 203 TIRONI
608 176 692 203 SUO.

109 226 130 250 l.
147 218 296 249 Mirificam
308 223 377 248 mihi
389 222 601 248 verberationem
613 223 770 248 cessationis
785 223 844 257 epi-

51 260 116 288 stola
127 260 235 286 dedisti.
262 261 339 290 Nam,
352 268 420 294 quae
433 260 539 294 parcius
552 259 630 286 frater
640 261 841 294 perscripserat,

51 297 213 324 verecundia
225 297 350 323 videlicet
359 301 385 323 et
396 297 589 331 properatione,
603 305 632 322 ea
644 302 672 322 tu
683 297 740 323 sine
752 305 845 323 assen-

50 336 161 366 tatione,
176 339 205 361 ut
215 339 302 365 erant,
316 334 349 361 ad
361 343 402 360 me
413 334 559 369 scripsisti,
573 339 598 360 et
610 334 726 360 maxime
737 334 770 360 de
781 343 845 360 con-

50 372 157 399 sulibus
173 371 335 407 designatis:
361 380 429 406 quos
445 380 493 407 ego
505 372 612 406 penitus
624 372 687 397 novi
700 371 844 397 libidinum
866 378 867 381 ’

50 415 76 436 et
90 409 228 445 languoris
242 409 467 435 effeminatissimi
479 409 563 435 animi
574 408 680 443 plenos:
708 409 756 443 qui
768 409 845 434 nisia
867 436 868 439 ,

50 446 242 482 gubernaculis
253 447 421 477 recesserint,
435 447 584 472 maximum
596 445 629 471 ab
641 446 767 472 universo
779 454 846 471 nau—
867 441 868 462 l

52 484 135 520 fragio
146 483 299 519 periculum
311 489 360 510 est.
383 486 407 510 2.
423 483 583 510 Incredibile
594 487 642 513 est,
655 491 723 518 quae
730 482 845 518 egoillos

1638 107 1688 134 795

895 177 964 207 scio,
986 177 1118 211 oppositis
1134 176 1272 203 Gallorum
1289 176 1396 207 castris,
1413 177 1441 202 iu
1457 177 1568 203 aestivis
1582 176 1686 203 fecisse.

895 222 963 248 quos
983 213 1028 239 ille
1046 213 1123 244 latro,
1142 214 1194 240 nisi
1211 213 1315 248 aliquid
1331 214 1435 240 firmius
1453 213 1546 245 fuerit,
1564 215 1690 240 societate

896 251 1023 277 vitiorum
1044 250 1165 278 deliniet.
1208 252 1259 277 Res
1280 256 1320 277 est
1339 256 1385 278 aut
1405 251 1559 277 tribuniciis
1575 256 1620 278 aut
1635 252 1691 286 pri-

896 289 965 314 vatis
980 288 1101 315 consiliis
1117 288 1273 314 munienda.
1309 289 1376 314 Nam
1392 289 1437 314 isti
1452 288 1505 315 duo
1517 289 1564 315 vix
1575 294 1638 315 sunt
1649 289 1692 315 di-

896 326 956 361 gni,
979 325 1080 360 quibus
1099 325 1175 351 alteri
1197 325 1354 356 Caesenam,
1380 325 1456 352 alteri
1471 326 1690 352 Cossutianarum

897 362 1068 389 tabernarum
1092 362 1265 389 fundamenta
1288 363 1391 389 credas.
1433 363 1483 394 Te,
1500 367 1530 390 ut
1546 363 1617 395 dixi,
1637 363 1692 390 fero

896 400 992 426 oculis.
1033 400 1089 435 Ego
1103 409 1150 426 vos
1166 409 1189 426 a.
1210 400 1237 426 d.
1258 409 1295 426 111.
1316 400 1429 427 Kalend.
1446 399 1558 431 videbo,
1576 406 1691 436 tuosque

896 437 1002 468 oculos,
1019 438 1124 463 etiamsi
1140 442 1165 463 te
1182 438 1293 464 veniens
1304 438 1332 464 in
1344 438 1433 465 medio
1445 437 1500 464 foro
1512 438 1617 470 videro,
1634 438 1692 465 dis-

897 475 1050 501 suaviabor.
1082 475 1123 500 Me
1133 483 1201 501 ama.
1222 474 1285 501 Vale

791 581 973 597 Ρ-«ςοᾴοὓλν

848 779 889 805 87.

560 848 594 876 M.
626 848 828 877 TULLII
864 847 1189 878 CICERONIS

106 924 646 974 EPISTULARUM

708 925 798 974 AD
865 925 1210 981 QUINTUM
1272 925 1635 974 FRATREM

486 1023 1258 1062 LIBERPRIMUS.

104 1183 120 1203 Ι,
136 1183 154 1203 Α
162 1183 214 1203 RG.
234 1183 261 1206 Q.
281 1181 378 1207 fratrem,
395 1189 456 1209 quem
473 1181 512 1203 hac
522 1181 618 1210 epistola
628 1183 745 1205 certiorem
756 1184 812 1205 facit
820 1184 848 1205 de

50 1217 144 1246 irnperio
155 1218 223 1238 Asiae
233 1217 361 1245 provinciae
370 1217 394 1238 in
405 1217 492 1239 tertium
503 1218 546 1239 iam
555 1225 632 1239 annum
639 1222 765 1246 prorogato,
773 1220 847 1240 eadem

50 1253 178 1274 cohortatur
196 1253 235 1277 M„
254 1255 279 1272 ut
289 1252 360 1273 famae
377 1259 431 1273 auae
449 1253 581 1278 diligentius
595 1253 639 1274 iam
654 1254 768 1279 consulat,
784 1261 846 1281 quam

51 1293 123 1310 antea.
152 1287 264 1315 Bipartita
279 1290 312 1308 eut
323 1291 394 1308 autem
405 1287 537 1309 cohortatio.
561 1289 593 1309 Ac
603 1288 677 1316 priore
688 1289 774 1316 quidem
784 1292 847 1317 parte

51 1332 76 1346 ea
86 1323 247 1351 complectitur,
259 1330 314 1350 quae
325 1323 351 1343 ad
362 1330 428 1350 remp.
444 1330 462 1343 s.
473 1321 500 1343 att
511 1323 590 1347 Quinti
600 1323 715 1351 imperium
726 1324 846 1352 pertinent,

50 1362 116 1387 atque
135 1359 201 1379 huius
216 1357 333 1383 diguitatis
348 1358 442 1378 tuendae
457 1357 583 1378 adiumenta
596 1362 700 1385 quattuor
716 1367 764 1380 esse
779 1360 846 1380 dicit:

50 1396 72 1418 a)
82 1394 233 1420 integritatem
249 1393 322 1420 ipsiu·
338 1396 360 1413 et
374 1392 546 1418 continentiam,
569 1394 591 1417 β)
603 1394 698 1414 omnium
716 1395 764 1415 eiua
780 1394 847 1415 ronti-

50 1433 95 1451 tum
105 1430 221 1457 pudorem,
243 1430 263 1452 γ)
275 1428 383 1449 delectum
393 1427 416 1448 in
426 1427 596 1455 provincialium
607 1432 629 1449 et
639 1430 770 1450 Graecorum
783 1429 846 1450 farni-

49 1465 189 1486 liaritatibus
196 1480 201 1489 ,
227 1464 248 1487 δ)
263 1470 349 1489 gravem
368 1470 480 1484 senorum
500 1466 521 1484 et
543 1468 679 1485 constantem
697 1464 846 1492 disciplinam.

49 1500 180 1522 Posteriure
195 1502 267 1520 autern
281 1502 343 1526 parte
357 1499 498 1526 persequitur
512 1505 538 1519 ea
548 1499 650 1523 maxime,
666 1507 721 1526 quae
732 1507 847 1527 personam

51 1535 131 1561 Quinti
141 1538 163 1556 et
173 1534 269 1555 officium
280 1534 392 1559 attingunt
400 1542 406 1554 z
416 1535 437 1558 α)
445 1534 471 1555 de
481 1534 613 1555 moderanda
623 1534 645 1555 iu
657 1535 776 1562 suppliciis
786 1542 846 1556 acer-

49 1571 127 1595 bitate,
143 1574 165 1591 et
179 1571 206 1591 de
215 1569 375 1596 aequabilitate
384 1569 407 1590 in
416 1569 465 1590 iure
475 1569 570 1590 dicundo
580 1569 696 1590 retinenda
703 1585 708 1594 ,
725 1571 747 1594 β)
758 1570 785 1590 de
795 1571 846 1590 sub-

49 1606 149 1627 levandis
169 1605 297 1633 provinciae
307 1604 420 1629 oneribus,
432 1604 600 1631 minuendisque
611 1605 735 1632 sumptibus
745 1609 766 1626 et
776 1605 846 1626 iaetu—

49 1641 93 1666 ris,
117 1642 137 1665 γ)
154 1641 181 1661 de
196 1640 343 1661 conciliandis
359 1647 406 1661 cum
417 1639 584 1667 publicanorum
595 1640 673 1661 ordine
684 1640 753 1661 sociis
763 1640 845 1661 cunsti-

49 1677 174 1703 tuendaque
192 1675 252 1697 inter
270 1675 324 1696 illos
343 1675 474 1700 concordia,
493 1676 515 1699 δ)
529 1676 555 1696 de
569 1677 690 1696 coercenda
699 1675 815 1697 iracundia
825 1679 846 1696 et

49 1714 142 1733 naturae
150 1711 235 1739 impetn
246 1711 386 1738 temperando
398 1710 511 1738 praeclare
522 1710 628 1737 disputat.

251 1747 338 1770 (Romae,
348 1747 436 1769 Afranio,
445 1748 526 1766 Meti-llo
537 1754 584 1765 cun⁴
595 1748 651 1770 59⁴.)

105 1824 125 1850 l.
141 1825 163 1850 l.
185 1819 247 1850 Etsi
268 1832 320 1850 non
341 1823 509 1855 dubitabam,
531 1825 598 1859 quin
620 1824 689 1851 hanc
703 1823 844 1859 epistolam

49 1860 128 1887 multi
149 1861 247 1892 nuntii,
266 1860 335 1887 fama
351 1861 469 1896 denique
483 1866 554 1888 esset
570 1863 629 1897 ipsa
645 1870 693 1888 sua
709 1861 845 1888 celeritate

49 1903 216 1932 superatura,
225 1902 308 1933 tuque
322 1903 382 1925 ante
393 1899 494 1925 abaliis
500 1899 644 1926 auditurus
650 1908 734 1930 esses,
743 1908 844 1926 annum

50 1935 158 1962 tertium
184 1936 330 1962 accessisse
351 1935 486 1963 desiderio
507 1941 610 1967 nostro,
633 1941 659 1963 et
679 1936 763 1963 labori
784 1941 842 1964 tuo:

49 1977 137 1999 tamen
159 1973 314 1999 existimavi
331 1981 345 1999 a
361 1981 403 1999 me
419 1981 527 2008 quoque
543 1974 593 2000 tibi
611 1974 693 2000 huius
707 1974 845 2001 molestiae

49 2009 175 2036 nuntium
191 2009 304 2044 perferri
319 2015 449 2044 oportere.
490 2011 556 2037 Nam
572 2011 760 2046 superioribus
776 2011 846 2038 litte-

49 2047 95 2078 ris,
110 2055 161 2073 non
174 2047 245 2078 unis,
259 2047 306 2073 sed
318 2048 452 2082 pluribus,
466 2056 551 2082 quum
564 2049 616 2074 iam
628 2048 662 2074 ab
673 2049 734 2075 aliis
748 2048 846 2084 despe-

49 2089 104 2111 rata
123 2093 165 2110 res
180 2089 264 2115 esset,
287 2089 374 2111 tamen
391 2093 440 2120 ego
456 2085 506 2112 tibi
525 2094 601 2120 spem
617 2090 737 2112 maturae
751 2086 846 2112 deces-

49 2122 134 2149 sionis
155 2121 312 2155 ass'erebam3
340 2131 392 2149 non
414 2122 515 2154 solum,
538 2127 568 2149 ut
587 2132 669 2158 quam
690 2123 845 2150 diutissime

49 2163 74 2186 te
90 2159 208 2185 iucunda
225 2160 352 2194 opinione
363 2159 534 2190 oblectarem,
547 2160 594 2186 sed
607 2161 687 2187 etiam
698 2161 761 2196 quia
775 2165 844 2187 tanta

49 2195 229 2223 adhibebatur
244 2201 270 2223 et
284 2206 297 2222 a
315 2197 393 2223 nobis
409 2202 434 2223 et
449 2206 462 2223 a
475 2197 644 2232 praetoribus
655 2199 798 2229 contentio,
816 2203 846 2224 ut

50 2241 105 2260 rem
117 2242 195 2269 posse
205 2234 300 2260 confici
314 2243 364 2261 non
376 2234 538 2261 diffiderem.
579 2237 604 2262 2.
627 2236 704 2262 Nunc
715 2236 843 2270 quoniam

50 2270 85 2298 ita
96 2271 201 2302 accidit,
216 2276 246 2298 ut
257 2280 344 2306 neque
355 2277 490 2306 praetores
501 2272 559 2298 suis
569 2272 678 2307 opibus,
697 2281 784 2308 neque
796 2281 844 2299 nos

50 2313 138 2335 nostro
148 2308 238 2335 studio
248 2309 399 2344 quidquam
412 2309 539 2344 proficere
550 2318 701 2344 possemuS,
710 2311 845 2337 estomni-

50 2353 84 2372 πο
97 2345 208 2372 difficile
224 2355 275 2372 non
292 2347 410 2382 graviter
425 2346 452 2372 id
465 2346 546 2373 ferre:
578 2347 625 2373 sed
641 2352 728 2374 tamen
740 2352 844 2374 nostros

49 2382 153 2410 animos
173 2383 301 2410 maximis
317 2385 344 2410 in
360 2384 442 2410 rebus
457 2389 483 2410 et
497 2384 624 2419 gerendis
640 2389 665 2411 et
676 2384 843 2411 sustinendis

49 2421 214 2452 exercitatos,
234 2420 321 2457 frangi
336 2426 361 2448 et
377 2421 513 2448 debilitari
530 2421 650 2448 molestia
666 2430 717 2448 non
730 2426 841 2456 oportet.

50 2456 82 2484 Et
100 2458 227 2492 quoniam
248 2466 278 2485 ea
298 2458 489 2485 molestissime
511 2458 578 2485 serre
596 2459 718 2485 homines
733 2459 840 2489 debent.

49 2502 118 2530 quae
138 2495 259 2530 ipsorum
275 2495 355 2531 culpa
369 2501 502 2523 contracta
518 2501 594 2527 sunt,
613 2501 652 2522 est
667 2496 798 2531 quiddam
815 2497 842 2522 in

51 2530 100 2558 hac
109 2540 137 2558 re
148 2532 216 2558 mihi
228 2533 368 2560 molestius
381 2533 530 2563 serendum,
544 2542 625 2568 quam
639 2533 698 2560 tibi.
732 2534 841 2560 Factum

49 2572 90 2595 est
105 2569 177 2595 enim
194 2578 251 2596 mea
267 2570 355 2605 culpa,
369 2576 468 2601 eontra,
481 2580 562 2606 qnam
576 2576 603 2597 tu
616 2579 730 2599 mecum.
744 2576 770 2597 et
781 2579 843 2606 pro-

50 2603 171 2633 fieiscens
183 2611 208 2633 et
218 2615 265 2642 per
277 2607 376 2634 litteras
387 2617 488 2644 egeras,
499 2613 527 2635 ut
539 2609 624 2643 priore
636 2617 706 2634 anno
717 2617 768 2634 non
780 2616 842 2634 sue-

49 2642 196 2670 cederetur.
236 2644 312 2676 Quod
326 2654 384 2681 ego,
402 2645 468 2672 dum
483 2647 617 2673 sociorum
628 2645 708 2672 saluti
720 2645 839 2676 consulo,

898 1186 964 1212 dum
981 1185 1165 1221 impudentiae
1179 1185 1370 1213 nonnullorum
1382 1185 1576 1221 negotiatorum
1588 1185 1692 1213 resisto,

898 1223 963 1250 dum
980 1228 1097 1250 nostram
1111 1223 1225 1259 gloriam
1242 1228 1286 1250 tua
1301 1224 1400 1250 virtute
1415 1223 1509 1259 augeri
1523 1227 1628 1257 expeto,
1643 1222 1694 1249 feci

899 1270 951 1287 non
966 1261 1114 1295 sapienter:
1146 1261 1303 1295 praesertim
1319 1269 1404 1296 quum
1416 1260 1443 1286 id
1455 1261 1647 1290 commiserim,
1667 1264 1696 1286 ut

899 1298 944 1324 ille
956 1298 1022 1324 alter
1033 1299 1207 1324 annusetiam
1215 1298 1322 1325 tertium
1330 1298 1568 1332 possetadducere.
1585 1299 1609 1323 3.
1618 1297 1694 1329 Quod

898 1336 1026 1370 quoniam
1044 1340 1183 1370 peccatum
1199 1344 1290 1362 meum
1301 1344 1360 1361 esse
1371 1335 1511 1362 confiteor:
1536 1339 1576 1361 est
1587 1335 1695 1369 sapien-

899 1373 950 1399 tiae
966 1377 1046 1408 atque
1058 1373 1233 1399 humanitatis
1244 1377 1304 1399 tuae
1314 1381 1407 1399 curare
1419 1378 1444 1399 et
1455 1373 1592 1408 perticere,
1606 1377 1634 1399 ut
1646 1372 1695 1398 hoc

899 1411 990 1436 minus
1004 1411 1140 1445 sapienter
1155 1419 1169 1436 a
1181 1419 1223 1436 me
1238 1411 1388 1445 provisum,
1404 1410 1544 1445 diligentia
1556 1414 1600 1436 tua
1611 1410 1695 1435 corri-

898 1452 986 1483 gatur.
1027 1449 1064 1474 Ac
1084 1448 1108 1474 si
1122 1452 1146 1474 te
1166 1448 1225 1482 ipse
1240 1448 1428 1474 vehementius
1444 1447 1477 1473 ad
1495 1456 1590 1473 onmes
1606 1452 1695 1482 partes

899 1485 967 1511 bene
983 1485 1111 1511 audiendi
1127 1485 1266 1511 excitaris:
1294 1493 1346 1511 non
1358 1490 1388 1511 ut
1398 1493 1460 1511 cum
1473 1485 1542 1515 aliis,
1556 1484 1603 1510 sed
1616 1489 1644 1511 ut
1656 1489 1695 1510 te—

898 1531 961 1549 cum
973 1523 1025 1548 iam
1038 1523 1095 1557 ipse
1106 1527 1204 1555 certes,
1221 1522 1245 1548 si
1255 1531 1363 1548 omnem
1375 1527 1448 1548 tuam
1456 1527 1582 1552 mentem,
1591 1530 1692 1551 euram,

899 1561 1087 1595 cogitationem
1102 1560 1135 1586 ad
1147 1559 1321 1586 excellentem
1333 1560 1461 1586 omnibus
1474 1560 1500 1586 in
1513 1560 1594 1586 rebus
1607 1559 1695 1585 laudis

898 1597 1074 1632 cupiditatem
1094 1598 1229 1624 incitaris:
1252 1597 1419 1627 mihicrede,
1437 1606 1508 1623 unus
1520 1606 1606 1623 annus
1618 1597 1695 1623 addi-

899 1639 942 1662 tus
963 1634 1046 1661 labori
1063 1639 1122 1666 tuo,
1144 1634 1290 1661 multorum
1309 1643 1439 1661 annorum
1462 1634 1588 1661 laetitiam
1605 1634 1691 1663 nobis.

899 1673 982 1699 immo
1003 1681 1066 1699 vero
1085 1673 1165 1699 etiam
1186 1673 1300 1707 posteris
1319 1673 1417 1699 nostris
1437 1672 1536 1699 afferet.
1577 1673 1601 1698 4.
1623 1671 1695 1704 Qua-

898 1714 1006 1745 propter
1017 1710 1067 1736 hoc
1079 1714 1102 1736 te
1114 1711 1233 1745 primum
1245 1718 1317 1746 rogo,
1332 1719 1364 1736 ne
1376 1710 1516 1736 contrahas
1529 1718 1558 1736 ac
1569 1709 1695 1735 demittas

898 1748 1030 1778 animum,
1054 1756 1121 1774 neve
1137 1752 1162 1774 te
1173 1747 1266 1778 obrui,
1285 1752 1421 1782 tamquam
1433 1746 1525 1778 lluctu,
1538 1748 1577 1773 sic
1590 1747 1695 1782 magni-

899 1785 991 1812 tudine
1013 1785 1113 1821 negotii
1136 1786 1223 1811 sinas:
1260 1790 1405 1819 contraque
1426 1785 1514 1820 erigas
1535 1793 1565 1811 ac
1585 1785 1695 1810 resistas

897 1823 956 1849 sive
967 1823 1047 1849 etiam
1060 1822 1129 1849 ultro
1139 1831 1263 1849 occurras
1275 1823 1400 1858 negotiis.
1435 1823 1527 1857 Neque
1539 1823 1611 1848 enim
1622 1822 1696 1848 eius-

899 1860 971 1886 modi
986 1864 1088 1895 partem
1105 1860 1270 1895 reipublicae
1285 1861 1368 1895 geriS,
1387 1860 1413 1886 in
1426 1868 1478 1894 qua
1491 1859 1596 1886 fortuna
1607 1859 1695 1886 domi-

898 1903 984 1929 netur,
1002 1897 1049 1924 sed
1062 1898 1089 1924 in
1105 1906 1158 1933 qua
1171 1897 1319 1932 plurimum
1332 1898 1398 1923 ratio
1410 1898 1495 1932 possit
1506 1902 1530 1923 et
1541 1897 1693 1933 diligentia.

897 1935 973 1967 Quod
985 1936 1008 1961 si
1019 1935 1078 1966 tibi,
1097 1935 1199 1961 bellum
1211 1935 1321 1970 aliquod
1334 1944 1462 1970 magnum
1474 1940 1499 1961 et
1511 1935 1694 1969 periculosum

897 1973 1110 2004 administranti,
1133 1977 1305 2008 prorogatum
1322 1973 1467 2007 imperium
1484 1972 1618 2005 viderem,
1643 1977 1695 1998 tre-

897 2019 998 2036 merem
1010 2011 1108 2041 animo,
1122 2010 1195 2045 quod
1206 2010 1301 2036 eodem
1313 2015 1432 2045 tempore
1444 2018 1503 2036 esse
1515 2010 1694 2045 intelligerem

896 2048 976 2074 etiam
989 2047 1109 2074 fortunae
1122 2053 1278 2082 potestatem
1291 2049 1317 2074 in
1324 2056 1372 2074 nos
1379 2052 1557 2083 prorogatam.
1579 2049 1604 2073 5.
1618 2048 1695 2073 Nunc

897 2094 960 2111 vero
970 2094 1000 2111 ea
1014 2094 1076 2120 pars
1089 2085 1137 2111 tibi
1150 2085 1316 2120 reipublicae
1327 2086 1471 2111 commissa
1483 2090 1532 2115 est,
1546 2085 1573 2111 in
1585 2093 1637 2120 qua
1650 2089 1694 2110 aut

897 2122 1009 2153 nullam,
1023 2128 1069 2149 aut
1080 2124 1255 2158 perexiguam
1268 2127 1370 2157 partem
1384 2122 1488 2149 fortuna
1500 2127 1579 2152 tenet,
1589 2127 1615 2148 et
1625 2130 1694 2156 quae

897 2160 965 2186 milii
987 2164 1038 2186 tota
1054 2160 1081 2186 in
1099 2165 1142 2186 tua
1160 2161 1258 2186 virtute
1274 2169 1304 2186 ac
1319 2160 1501 2186 moderatione
1513 2160 1596 2186 animi
1608 2160 1693 2194 posita

896 2206 955 2223 esse
972 2197 1104 2223 videatur.
1146 2197 1249 2227 Nullas,
1267 2202 1295 2223 ut
1310 2198 1414 2231 opinor,
1433 2197 1546 2223 insidias
1563 2197 1691 2223 hostium.

897 2234 998 2260 nullam
1011 2234 1105 2269 praelii
1117 2234 1329 2263 dimicationem,
1348 2234 1449 2260 nnllam
1461 2233 1638 2260 desectionem
1650 2241 1693 2258 so-

896 2272 1009 2302 ciorum,
1019 2271 1120 2297 nullam
1135 2272 1252 2306 inopiam
1259 2271 1690 2305 stipendiiautreifrumentariae.

897 2309 998 2335 nullam
1025 2309 1184 2334 seditionem
1205 2309 1340 2334 exereitus
1360 2309 1591 2343 pertimescimus:
1624 2315 1693 2342 quae

897 2355 1025 2381 persaepe
1037 2346 1247 2380 sapientissimis
1260 2346 1325 2371 viris
1337 2346 1500 2376 aeciderunt,
1516 2350 1552 2372 ut.
1561 2344 1693 2380 quemad·-

897 2384 1006 2409 modum
1024 2384 1217 2418 gubernatores
1232 2384 1327 2417 optimi
1343 2384 1398 2409 vim
1412 2388 1586 2417 tempestatis.
1601 2383 1640 2407 si«¹
1653 2381 1691 2408 illi

897 2421 1017 2448 fortunae
1035 2422 1165 2455 impetum
1182 2429 1309 2455 superare
1326 2429 1377 2446 non
1394 2425 1513 2455 possent.
1555 2419 1615 2445 'l'ilui
1631 2419 1691 2445 dnm

895 2463 935 2484 est
951 2467 1056 2484 summa
1074 2466 1135 2492 pax,
1153 2466 1259 2484 summa
1277 2457 1472 2492 tranquillitas:
1497 2458 1530 2483 itn
1547 2462 1645 2487 tamen,
1664 2462 1692 2482 ut

894 2505 924 2522 en
936 2495 1112 2522 dormientem
1124 2495 1329 2531 gubernatorem
1343 2495 1383 2520 vel
1396 2495 1519 2524 obruere,
1534 2494 1690 2529 vigilantem

894 2534 974 2559 etiam
986 2533 1117 2559 delectan-
1130 2534 1223 2567 possit.
1263 2534 1288 2558 6.
1310 2534 1417 2558 Constat
1428 2533 1500 2558 enim
1512 2541 1541 2558 ea
1553 2532 1690 2567 provincia

895 2571 1012 2605 primuni
1024 2579 1057 2597 ex
1069 2579 1100 2596 eo
1109 2579 1207 2605 genere
1218 2570 1361 2600 sociorum,
1370 2569 1442 2605 quod
1455 2574 1538 2596 estex
1551 2570 1690 2596 homiuum

893 2609 967 2634 omni
988 2616 1084 2643 genere
1107 2608 1349 2634 humanissimum:
1381 2607 1480 2633 deinde
1499 2616 1533 2633 ex
1548 2616 1579 2633 eo
1593 2615 1690 2643 genere

894 2646 1005 2674 civium,
1019 2646 1066 2681 qui
1078 2651 1132 2674 aut,
1145 2645 1217 2680 quod
1231 2645 1368 2679 publicani
1380 2649 1452 2675 sunt,
1467 2653 1514 2671 nos
1525 2653 1631 2671 sumnia
1644 2653 1691 2670 ne-

1407 2695 1456 2718 100
1473 2692 1483 2702 “
