1941 3052
422 151 468 177 IN
500 151 700 178 VERREM

73 221 244 249 Mamertinae
258 220 435 248 laudationis?
448 222 475 248 in
488 230 542 257 qua
555 230 636 257 quam
646 222 729 248 multa
740 223 794 248 sint
803 222 865 248 vul-

74 267 145 290 nera,
161 259 223 294 quis
236 263 276 285 est
289 262 417 289 vestrum,
433 259 545 290 iudices,
561 260 627 294 quin
640 259 788 295 intelligat‘.>
808 260 866 286 Pri-

73 304 162 327 mum,
187 296 215 322 in
232 295 352 327 iudiciis,
377 296 424 331 qui
447 296 539 323 decem
562 296 710 323 laudatores
732 297 794 323 dare
812 305 865 323 non

73 337 172 369 potest,
197 333 335 360 honestius
357 337 397 359 est
418 333 442 359 ei
465 333 571 360 nullum
589 334 664 365 dare,
688 343 768 369 quam
787 334 865 360 illum

72 371 150 405 quasi
161 370 310 406 legitimum
322 379 463 397 numerum
473 371 675 398 consuetudinis
686 380 737 398 non
747 371 863 406 explere.

73 409 121 434 Tot
134 408 162 434 in
177 407 267 434 Sicilia
281 408 401 434 civitates
415 412 486 440 sunt,
502 409 603 443 quibus
618 413 646 434 tu
661 417 708 444 per
721 410 865 435 triennium

73 444 226 480 praefuisti:
251 449 367 481 arguunt
379 450 494 472 ceterae:
519 454 618 480 paucae
631 451 658 472 et
670 455 775 481 parvae,
792 451 865 472 metu

73 490 218 517 repressae,
234 481 326 508 silent:
343 491 396 508 una
412 482 511 509 laudat.
550 483 604 510 Hoc
617 484 683 518 quid
697 488 744 514 est,
761 484 813 509 nisi
824 484 867 510 in-

73 519 203 555 telligere,
219 519 285 554 quid
299 519 395 546 habeat
408 520 531 546 utilitatis
544 529 606 547 vera
621 520 749 552 laudatio,
766 520 812 547 sed
827 525 866 546 ta-

73 565 134 583 men
149 557 184 583 ita
197 557 350 591 provinciae
363 556 524 592 praefuisse,
539 562 570 584 ut
584 558 632 584 hac
646 557 759 584 utilitate
774 566 866 583 neces-

73 594 143 621 sario
160 594 195 620 sit
212 594 375 620 carendum?
413 595 454 621 58.
476 594 588 625 Deinde,
609 594 636 620 id
654 594 726 629 quod
744 594 796 621 alio
810 594 866 621 loco

72 636 133 658 ante
147 631 212 663 dixi,
228 639 297 666 quae
311 636 350 658 est
364 632 413 658 ista
427 631 533 658 tandem
544 631 668 663 laudatio,
684 632 762 658 cuius
774 631 866 658 lauda-

73 669 153 696 tionis
168 668 247 704 legati
261 669 395 703 principes
409 673 434 695 et
448 668 555 703 publice
569 669 617 695 tibi
632 677 726 695 navem
742 669 865 695 aedifica-

73 711 127 733 tam
141 710 167 732 et
179 706 304 740 privatim
319 715 348 732 se
361 707 434 741 ipsos
448 706 495 732 abs
510 711 533 732 te
544 705 670 741 spoliatos
681 707 865 741 expilatosque

73 751 132 770 esse
142 743 285 770 dixerunt?
299 744 432 769 Postremo
441 743 507 778 quid
519 743 592 769 aliud
602 743 646 769 isti
659 743 767 774 faciunt,
779 753 865 779 quum

73 785 98 808 te
111 780 161 807 soli
175 789 208 807 ex
222 780 312 806 Sicilia
327 780 447 811 laudant,
468 781 521 807 nisi
535 781 686 807 testimonio
700 781 777 807 nobis
791 786 862 812 sunt,

73 818 162 844 omnia
179 822 204 844 te
222 817 274 844 sibi
292 826 351 844 esse
371 817 509 853 largitum,
534 826 603 853 quae
625 822 654 844 tu
677 818 709 844 de
728 818 865 853 republica

74 859 161 882 nostra
175 854 339 881 detraxeris?
351 854 423 887 Quae
437 855 538 881 colonia
553 859 593 881 est
606 855 634 881 in
648 856 721 882 Italia
732 860 785 882 tam
797 856 866 882 bono

72 892 138 923 iure,
154 891 227 927 quod
240 896 293 918 tam
306 893 427 918 immune
441 893 629 927 municipium,
645 893 716 928 quod
728 902 775 928 per
786 893 866 920 hosce

72 938 155 956 annos
169 934 222 955 tam
236 929 374 956 commoda
388 930 524 956 vacatione
541 931 577 956 sit
594 939 674 956 usum
689 931 809 957 omnium
825 939 867 957 re-

72 975 146 998 rum,
166 975 247 1002 quam
261 967 416 993 Mamertina
434 967 528 993 civitas
547 976 594 1002 per
612 968 776 994 triennium?
799 968 863 1000 Soli,

72 1012 106 1031 ex
119 1003 222 1030 foedere
235 1004 308 1039 quod
322 1004 485 1036 debuerunt,
507 1013 559 1031 non
577 1005 721 1032 dederunt:
747 1006 796 1032 soli
814 1006 866 1032 isto

72 1046 190 1076 praetore
208 1042 329 1068 omnium
347 1050 435 1068 rerum
459 1043 594 1068 immunes
617 1042 738 1069 fuerunt:
766 1043 816 1070 soli
838 1044 866 1070 in

71 1079 151 1105 istius
165 1079 278 1114 imperio
292 1087 320 1105 ea
335 1079 486 1106 conditione
499 1080 569 1106 vitae
583 1079 703 1112 suerunt,
724 1085 753 1107 ut
766 1081 866 1116 populo

71 1116 189 1143 Romano
202 1116 268 1142 nihil
283 1116 384 1147 darent,
401 1117 474 1143 Verri
488 1117 555 1143 nihil
570 1117 740 1154 denegarent.

126 1153 223 1180 xxm.
245 1155 287 1180 59.
309 1154 421 1186 Verum,
442 1158 471 1181 ut
489 1154 522 1181 ad
540 1155 666 1186 classem,
687 1164 741 1190 quo
758 1164 792 1182 ex
810 1155 865 1183 loco

71 1199 132 1217 sum
146 1191 299 1227 degressus,
315 1196 444 1218 revertar:
472 1192 598 1227 accepisti
612 1202 625 1218 a
640 1193 805 1220 Mamertinis
819 1202 866 1220 na-

71 1237 131 1254 vem
150 1233 238 1255 contra
259 1228 343 1264 leges;
373 1229 500 1256 remisisti
518 1235 607 1256 contra
626 1230 740 1257 foedera.
780 1232 816 1257 Ita
837 1231 865 1257 in

72 1274 123 1292 una
138 1266 243 1292 civitate
257 1266 298 1292 bis
312 1267 452 1301 improbus
471 1266 558 1299 fuisti,
579 1276 664 1302 quum
683 1272 709 1294 et
727 1269 863 1300 remisisti,

71 1303 143 1338 quod
161 1311 214 1330 non
232 1303 379 1338 oportebat,
399 1308 425 1330 et
442 1305 581 1339 accepisti,
600 1305 672 1340 quod
692 1314 743 1332 non
760 1305 863 1332 licebat.

71 1340 185 1376 Exigere
203 1345 228 1366 te
246 1341 362 1376 oportuit
379 1350 488 1373 navem,
513 1350 582 1376 quae
600 1347 689 1368 contra
707 1343 862 1377 praedones,

72 1386 123 1404 non
138 1386 207 1412 quae
220 1386 282 1404 cum
296 1378 392 1412 praeda
407 1379 556 1414 navigaret;
572 1388 640 1414 quae
654 1379 816 1411 defenderet,
833 1389 865 1407 ne

71 1415 207 1450 provincia
230 1415 402 1450 spoliaretur,
438 1425 489 1442 non
511 1424 580 1451 quae
604 1417 688 1452 spolia
713 1419 864 1452 provinciae

71 1456 194 1487 portaret.
235 1453 384 1479 Mamertini
404 1453 452 1479 tibi
466 1458 492 1480 et
505 1454 613 1484 urbem,
633 1463 688 1489 quo
702 1454 770 1481 furta
785 1455 866 1481 undi-

70 1498 124 1525 que
138 1489 302 1524 deportares,
323 1495 348 1516 et
362 1499 469 1522 navem,
485 1499 539 1526 qua
553 1496 717 1526 exportares,
734 1493 865 1527 praebue-

72 1531 143 1553 runt.
172 1526 243 1554 Illud
258 1527 306 1554 tibi
320 1527 449 1562 oppidum
465 1529 662 1563 receptaculum
677 1530 789 1564 praedae
804 1529 862 1560 fuit,

69 1564 110 1590 illi
126 1564 246 1591 homines
262 1568 340 1591 testes
354 1565 532 1600 custodesque
551 1565 697 1593 furtorum:
722 1567 761 1594 illi
777 1567 825 1593 tibi
840 1571 865 1593 et

72 1601 158 1628 locum
177 1601 255 1628 furtis
275 1607 299 1628 et
317 1602 448 1629 furtorum
464 1603 618 1629 vehiculum
633 1609 863 1639 comparaverunt.

70 1639 161 1673 Itaque
176 1647 207 1665 ne
222 1643 278 1665 tum
292 1639 411 1674 quidem,
428 1649 513 1675 quum
528 1640 640 1667 classem
655 1642 763 1668 avaritia
778 1651 807 1668 ac
819 1650 865 1668 ne-

69 1676 154 1710 quitia
169 1681 213 1702 tua
227 1676 376 1711 perdidisti,
393 1686 487 1704 navem
498 1678 662 1704 Mamertinis
677 1679 807 1714 imperare
817 1688 865 1705 au-

70 1722 118 1740 sus
131 1721 173 1740 es:
189 1721 244 1748 quo
258 1718 375 1749 tempore
388 1715 415 1741 iu
431 1719 500 1741 tanta
514 1716 603 1750 inopia
618 1717 727 1743 navium
740 1721 864 1752 tantaque

69 1749 217 1777 calamitate
232 1751 395 1786 provinciae,
416 1753 520 1779 etiarnsi
534 1753 652 1788 precario
666 1759 755 1780 essent
769 1763 865 1790 rogan-

70 1787 107 1819 di,
123 1792 210 1814 tamen
225 1789 258 1814 ab
271 1789 314 1815 his
328 1789 524 1824 impetraretur.
546 1791 715 1825 Reprimebat
729 1793 800 1818 enim
815 1792 864 1819 tibi

70 1829 96 1852 et
112 1825 262 1860 imperandi
280 1827 335 1852 vim
354 1831 379 1853 et
398 1827 508 1862 rogandi
521 1833 645 1855 conatum
660 1829 792 1863 praeclara
807 1830 861 1862 illa,

70 1870 122 1889 non
136 1862 235 1898 populo
244 1863 363 1890 Romano
376 1864 477 1891 reddita
492 1865 610 1896 biremis,
627 1866 675 1892 sed
689 1868 803 1901 praetori
817 1867 865 1894 do-

70 1903 129 1926 nata
147 1900 259 1936 cybaea:
279 1909 308 1927 ea
328 1900 379 1928 suit
396 1910 497 1928 merces
516 1903 636 1938 imperii,
657 1904 764 1936 auxilii,
786 1905 861 1937 iuris,

70 1937 282 1969 consuetudinis,
300 1938 424 1965 foederis.

125 1976 167 2000 60.
182 1975 289 2002 Habetis
303 1977 384 2002 unius
394 1977 509 2004 civitatis
521 1976 627 2003 firmum
639 1978 771 2005 auxilium
783 1979 865 2006 amis-

70 2019 131 2038 sum
154 2020 183 2038 ac
205 2013 344 2039 venditum
374 2014 470 2048 pretio;
499 2015 649 2050 cognoscite
676 2024 746 2042 nunc
767 2025 863 2043 novam

70 2048 214 2083 praedandi
238 2049 378 2081 rationem,
408 2051 441 2077 ab
464 2051 513 2078 hoc
536 2052 653 2087 primum
676 2054 861 2089 excogitatam.

70 2085 167 2113 XXIV.
187 2085 332 2121 Sumptum
350 2096 456 2114 omnem
470 2089 498 2115 in
516 2088 630 2116 classem
649 2089 795 2122 frumento,
815 2093 864 2118 sti-

69 2123 167 2158 pendio
184 2124 333 2159 ceterisque
352 2125 432 2152 rebus
450 2134 499 2152 suo
515 2134 638 2162 quaeque
653 2128 783 2155 navarcho
797 2129 865 2155 civi-

69 2165 109 2187 tas
123 2169 229 2196 semper
243 2161 306 2188 dare
319 2161 430 2188 solebat.
470 2164 494 2189 Is
509 2172 608 2199 neque,
625 2168 654 2191 ut
667 2170 836 2193 accusaretur
849 2175 863 2193 a

70 2199 170 2229 nautis,
186 2199 350 2226 committere
363 2199 489 2232 audebat,
506 2205 531 2227 et
543 2201 650 2228 civibus
664 2202 721 2229 suis
735 2203 863 2230 rationem

70 2234 166 2262 referre
183 2236 310 2262 debebat:
330 2237 357 2263 in
376 2236 423 2263 illo
441 2238 512 2264 omni
532 2239 636 2274 negotio
659 2248 709 2266 non
730 2241 807 2267 modo
826 2241 864 2267 la-

69 2271 140 2304 bore,
156 2273 203 2299 sed
217 2274 295 2299 etiam
311 2274 430 2308 periculo
439 2283 489 2301 suo
500 2276 662 2303 versabatur.
685 2277 746 2304 Erat
761 2278 818 2309 hoc,
835 2283 864 2305 ut

69 2309 141 2340 dico,
158 2310 304 2337 factitatum
319 2320 438 2346 semper,
455 2320 502 2338 nec
516 2312 603 2339 solum
618 2314 643 2340 iu
659 2314 758 2346 Sicilia,
774 2315 821 2342 sed
835 2317 862 2342 in

69 2347 194 2374 omnibus
216 2348 376 2383 provinciis:
400 2350 479 2376 etiam
502 2350 530 2376 in
553 2351 685 2378 sociorum
709 2352 862 2379 Latinorum

69 2384 203 2419 stipendio
216 2394 246 2412 ac
259 2391 384 2421 sumptu,
405 2391 461 2413 tum
481 2395 565 2422 quum
581 2387 686 2415 illorum
702 2389 810 2416 auxiliis
825 2391 862 2416 uti

69 2421 231 2449 solebamus.
272 2423 365 2450 Verres
384 2428 443 2459 post
462 2425 604 2459 imperium
619 2426 793 2453 coristitutum
809 2428 863 2462 pri-

69 2466 131 2486 mus
144 2460 294 2495 imperavit,
310 2465 340 2487 ut
353 2469 381 2487 ea
397 2462 509 2496 pecunia
523 2463 610 2488 omnis
624 2472 637 2489 a
647 2463 800 2490 civitatibus
811 2465 862 2491 sibi

69 2495 301 2529 adnumerat-etur,
322 2503 351 2525 ut
364 2499 387 2525 is
402 2500 541 2534 pecuniam
556 2504 688 2531 tractaret,
709 2509 789 2536 quem
805 2502 862 2536 ipse

69 2533 248 2568 praefecisset.
289 2537 330 2562 6⁴.
354 2535 402 2563 Cui
427 2541 513 2572 potest
534 2545 593 2564 esse
616 2537 743 2569 dubium,
767 2547 863 2573 quam-

69 2569 159 2598 obrem
182 2575 207 2598 et
227 2573 347 2599 omnium
370 2574 590 2601 consuetudinem
618 2580 731 2601 veterem
759 2577 862 2610 primus

68 2607 232 2640 immutaris,
253 2614 279 2636 et
296 2614 394 2637 tantam
414 2611 554 2638 utilitatem
574 2620 620 2646 per
633 2612 698 2639 alios
713 2613 862 2640 tractandae

69 2645 197 2680 pecuniae
210 2646 369 2683 neglexeris,
385 2652 410 2675 et
424 2653 522 2675 tantam
536 2649 719 2676 difficultatem
734 2659 795 2677 cum
810 2651 862 2677 cri-

70 2681 150 2714 mine,
166 2683 314 2711 molestiam
328 2693 390 2712 cum
404 2687 556 2722 suspicione
569 2687 740 2723 susceperis?
762 2688 862 2715 Deinde

732 151 831 179 ACT.
853 152 885 178 11.
919 152 1005 178 LIB.
1027 151 1058 179 V.
1086 151 1184 178 CAP.
1215 152 1364 179 20—26.

1657 155 1706 180 335

916 221 960 248 alii
974 227 1102 257 quaestus
1115 223 1293 249 instituuntur
1310 230 1344 249 ex
1360 231 1414 249 uno
1431 231 1527 258 genere
1545 223 1646 255 navali,
1667 226 1709 252 vi-

916 259 975 285 dete
988 268 1069 294 quarn
1083 259 1175 286 multi:
1193 260 1311 295 accipere
1324 269 1338 286 a
1351 260 1504 286 civitatibus
1519 262 1658 295 pecunias,
1675 270 1708 289 ne

917 301 1009 322 nautas
1033 297 1137 323 darent:
1166 298 1250 332 pretio
1271 302 1342 324 certo
1364 298 1460 324 missos
1486 297 1571 324 facere
1598 303 1705 326 nautas:

917 334 1060 360 missorum
1078 343 1155 361 omne
1173 334 1338 369 stipendium
1357 334 1466 367 lucrari;
1490 335 1615 371 reliquis,
1636 336 1709 371 quod

917 371 1032 402 deberet,
1050 380 1101 397 non
1115 371 1186 398 dare.
1207 373 1276 398 Haec
1289 373 1377 398 omnia
1391 381 1424 399 ex
1437 373 1575 400 civitatum
1590 375 1710 400 testimo—

917 409 969 434 niis
982 409 1142 444 cognoseite.
1173 410 1261 436 Recita
1276 410 1426 436 testimonia
1439 410 1586 436 civitatum.
1609 420 1711 437 resri—

916 455 1007 471 ιιοκιᾼ
1025 455 1196 473 εινιτΑτυιι.
1236 447 1320 473 XXV.
1341 449 1382 474 62.
1407 448 1543 474 Hunccine
1557 447 1707 474 hominem!

917 482 1044 509 hanccine
1057 484 1264 518 impudentiam,
1280 484 1397 511 iudices!
1414 485 1541 511 hanccine
1555 485 1708 512 audaciam!

916 521 1070 547 civitatibus
1084 529 1131 556 pro
1145 530 1256 547 numero
1270 521 1386 548 militum
1401 523 1575 557 pecuniarum
1589 531 1710 549 summas

917 557 1080 589 describere,
1108 563 1209 584 certum
1229 559 1343 593 pretium
1358 568 1485 586 sexcenos
1500 569 1624 587 nummos
1644 569 1710 587 nau-

917 599 1002 621 tarum
1018 595 1138 621 missioni
1152 597 1325 627 constituere,
1346 605 1413 631 quos
1426 598 1473 631 qui
1492 597 1612 629 dederat,
1637 606 1710 624 com-

917 637 1033 658 meatum
1047 633 1128 659 totius
1142 633 1248 659 aestatis
1263 633 1420 660 abstulerat:
1441 634 1502 665 iste,
1518 635 1591 669 quod
1605 639 1630 661 et
1644 643 1711 661 nau-

917 673 957 695 tae
971 670 1077 695 nomine
1092 679 1138 704 pro
1152 670 1286 704 stipendio
1300 670 1486 705 frumentoque
1500 677 1647 706 acceperat,
1668 672 1711 698 lu-

916 707 1048 732 crabatur.
1074 708 1110 733 Ita
1125 712 1254 742 quaestus
1268 707 1369 742 duplex
1382 709 1463 734 unius
1479 709 1605 735 missione
1620 709 1708 735 fiebat.

917 744 1003 778 Atque
1021 744 1086 770 haec
1103 744 1183 770 homo
1200 745 1401 771 amentissimus
1418 746 1446 771 in
1461 750 1531 772 tanto
1546 746 1709 780 praedonum

917 781 1019 815 impetu
1042 786 1168 816 tantoque
1194 782 1312 816 periculo
1335 783 1486 817 provinciae
1509 784 1547 809 sic
1565 783 1651 818 palam
1671 784 1711 810 fa-

916 819 1014 849 ciebat,
1031 823 1061 844 ut
1074 823 1100 845 et
1113 819 1165 854 ipsi
1179 819 1326 854 praedones
1340 820 1452 851 scirent,
1468 825 1494 846 et
1508 825 1560 847 tota
1574 821 1709 855 provincia

917 856 991 882 testis
1006 860 1084 882 esset.

973 895 1013 919 63.
1036 893 1124 925 Quum
1144 898 1249 928 propter
1267 894 1345 921 istius
1363 894 1432 921 hanc
1449 899 1547 921 tautam
1562 896 1708 927 avaritiam,

918 931 1024 957 nomine
1038 931 1132 957 classis
1147 936 1217 958 esset
1229 932 1257 958 in
1272 932 1371 963 Sicilia,
1388 941 1415 958 re
1429 932 1539 967 quidem
1554 941 1615 959 vera
1630 942 1710 959 naves

917 968 1022 999 inanes,
1043 977 1111 1003 quae
1126 969 1251 1003 praedam
1266 970 1392 1004 praetori,
1414 978 1466 996 non
1484 978 1553 1004 quae
1571 969 1710 1005 praedoni-

918 1005 968 1031 bus
988 1010 1087 1032 metum
1107 1007 1241 1033 afferrent:
1263 1011 1363 1038 tamen,
1383 1016 1468 1042 quum
1487 1008 1516 1033 P.
1532 1007 1668 1034 Caesetius
1687 1012 1712 1034 et

916 1043 946 1069 P.
958 1043 1056 1070 Tadius
1070 1044 1162 1070 decem
1177 1045 1290 1071 navibus
1305 1045 1362 1070 suis
1376 1045 1531 1079 semiplenis
1546 1046 1709 1081 navigarent,

918 1089 1013 1107 navem
1031 1081 1177 1116 quamdam
1195 1083 1340 1116 piratarum
1355 1082 1451 1117 praeda
1465 1082 1588 1109 refertam
1603 1091 1655 1109 non
1669 1091 1711 1109 ce-

918 1123 1025 1152 perunt,
1046 1119 1093 1145 sed
1111 1119 1281 1146 abduxerunt
1299 1128 1378 1146 onere
1396 1128 1445 1146 suo
1464 1119 1542 1155 plane
1555 1124 1658 1155 captam
1673 1125 1712 1146 at-

916 1164 969 1190 que
987 1156 1151 1191 depressam.
1191 1157 1253 1183 Erat
1271 1166 1301 1183 ea
1315 1158 1391 1183 navis
1406 1157 1483 1192 plena
1497 1158 1645 1184 iuventutis
1660 1157 1712 1183 for-

917 1194 1098 1225 mosissimae,
1119 1193 1198 1229 plena
1212 1195 1312 1230 argenti
1328 1194 1388 1221 facti
1403 1200 1483 1230 atque
1496 1195 1607 1230 signati,
1628 1195 1711 1221 multa

916 1239 978 1257 cum
996 1231 1115 1267 stragula
1134 1236 1217 1258 veste.
1258 1232 1326 1258 Haec
1341 1241 1392 1258 una
1408 1233 1482 1259 navis
1497 1241 1511 1258 a
1525 1232 1610 1259 classe
1625 1237 1712 1259 nostra

917 1277 969 1294 non
983 1273 1058 1303 capta
1072 1273 1125 1300 est,
1146 1269 1193 1295 sed
1207 1270 1314 1296 inventa
1328 1270 1361 1296 ad
1376 1270 1551 1305 Megaridem3
1576 1270 1623 1305 qui
1638 1270 1712 1296 locus

916 1310 956 1331 est
974 1315 1025 1332 non
1041 1306 1117 1342 longe
1131 1315 1144 1333 a
1159 1306 1309 1342 Syracusis.
1350 1307 1426 1339 Quod
1441 1308 1488 1334 ubi
1502 1308 1545 1334 isti
1560 1308 1711 1334 nuntiatum

916 1347 969 1375 est,
991 1345 1095 1370 tametsi
1113 1344 1140 1370 in
1159 1349 1214 1370 acta
1232 1353 1294 1371 cum
1313 1345 1479 1371 mulierculis
1493 1345 1596 1371 iacebat
1609 1345 1709 1376 ebrius,

916 1382 1000 1406 erexit
1013 1390 1041 1407 se
1057 1386 1144 1408 tamen
1159 1386 1184 1407 et
1197 1383 1286 1408 statim
1300 1383 1434 1416 quaestori
1450 1382 1589 1417 legatoque
1605 1391 1655 1408 suo
1664 1391 1712 1408 cu-

915 1418 1004 1444 stodes
1024 1419 1098 1445 misit
1116 1419 1281 1453 complureS,
1302 1424 1332 1446 ut
1344 1420 1432 1446 omnia
1447 1420 1499 1445 sibi
1514 1420 1615 1455 integra
1629 1428 1711 1454 quam

916 1456 1033 1489 primum
1047 1456 1246 1482 exhiberentur.
1280 1458 1321 1483 64.
1341 1457 1492 1491 Appellitur
1507 1458 1582 1483 navis
1597 1457 1713 1493 Syracu-

916 1501 972 1518 sas:
989 1498 1158 1528 exspectatur
1173 1494 1205 1519 ab
1219 1494 1345 1520 omnibus
1359 1494 1534 1529 supplicium.
1556 1495 1617 1525 Iste,
1633 1495 1711 1530 quasi

916 1530 1011 1564 praeda
1026 1531 1077 1557 sibi
1093 1531 1214 1562 advecta,
1236 1540 1286 1558 non
1306 1532 1485 1566 praedonibus
1503 1532 1601 1566 captis,
1623 1533 1646 1558 si
1664 1532 1710 1567 qui

915 1576 992 1593 senes
1007 1573 1052 1594 aut
1065 1568 1197 1595 deformes
1211 1573 1293 1599 erant.
1310 1578 1355 1595 eos
1370 1570 1396 1595 iu
1409 1569 1526 1595 hostium
1539 1577 1650 1596 numero
1660 1569 1712 1596 du-

915 1605 964 1631 cit:
985 1606 1032 1639 qui
1046 1606 1149 1641 aliquid
1165 1605 1271 1637 formae,
1288 1607 1379 1632 aetatis
1394 1606 1552 1641 artiliciique
1568 1606 1708 1637 habebant,

915 1642 1024 1669 abducit
1034 1651 1135 1674 omnes,
1153 1643 1295 1670 nonnullos
1306 1644 1411 1674 scribiS,
1426 1644 1480 1670 filio
1490 1644 1646 1679 cohortique
1655 1644 1712 1670 dis-

916 1680 1022 1706 tribuit:
1038 1681 1244 1716 symphoniacos
1258 1681 1380 1707 homines
1391 1690 1438 1707 sex
1449 1681 1555 1707 cuidam
1567 1682 1652 1708 amico
1663 1690 1712 1708 suo

915 1717 1025 1744 Romam
1040 1718 1143 1744 muneri
1161 1719 1246 1745 misit:
1263 1727 1315 1745 nox
1329 1718 1373 1744 illa
1388 1723 1439 1745 tota
1454 1718 1634 1745 exinaniunda
1650 1719 1710 1745 navi

914 1756 1091 1781 consumitur.
1114 1756 1307 1790 Archipiratam
1319 1757 1408 1790 ipsum
1423 1756 1496 1782 videt
1509 1765 1595 1787 nemo,
1611 1756 1644 1783 de
1658 1765 1712 1791 quo

915 1792 1081 1827 supplicium
1100 1794 1172 1819 sumi
1189 1794 1319 1828 oportuit:
1346 1793 1478 1828 hodieque
1496 1802 1589 1820 omnes
1607 1795 1646 1820 sic
1665 1794 1712 1820 ha-

916 1830 990 1861 bent,
1011 1830 1087 1865 (quid
1105 1832 1163 1856 eius
1182 1831 1230 1862 sit,
1252 1840 1299 1857 vos
1317 1832 1466 1857 coniectura
1481 1839 1589 1866 quoque
1603 1832 1710 1866 assequi

915 1867 1041 1902 debetis.)
1060 1868 1142 1894 istum
1162 1869 1230 1894 clam
1250 1877 1263 1894 a
1283 1869 1376 1903 piratis
1389 1868 1423 1895 ob
1438 1868 1510 1895 hunc
1524 1868 1710 1903 archipiratam

915 1905 1057 1940 pecuniam
1072 1906 1214 1940 accepisse.
1247 1906 1343 1933 XXVI.
1360 1907 1402 1932 65.
1417 1906 1574 1932 Coniectura
1588 1911 1637 1933 est.
1669 1907 1711 1932 lu-

915 1942 967 1969 dex
991 1951 1049 1969 esse
1073 1943 1159 1969 bonus
1184 1952 1261 1970 nemo
1280 1948 1379 1978 potest,
1404 1944 1451 1978 qui
1470 1944 1623 1978 suspicione
1642 1948 1710 1970 certa

915 1988 967 2006 non
982 1984 1113 2007 movetur.
1156 1981 1294 2007 Hominem
1310 1981 1408 2008 nostis:
1434 1980 1711 2016 consuetudinemque

915 2018 1035 2044 omnium
1050 2019 1159 2049 tenetis,
1182 2019 1230 2053 qui
1244 2018 1339 2045 ducem
1355 2018 1519 2053 praedonum
1534 2023 1578 2044 aut
1594 2019 1709 2045 hostium

915 2055 1022 2089 ceperit,
1030 2064 1111 2090 quam
1125 2055 1236 2082 libenter
1246 2064 1307 2082 eum
1320 2056 1406 2091 palam
1419 2061 1478 2082 ante
1488 2056 1580 2082 oculos
1590 2057 1709 2082 omnium

915 2100 974 2118 esse
989 2093 1113 2127 patiatur.
1140 2093 1279 2120 llominem
1295 2094 1321 2120 in
1337 2098 1408 2120 tanto
1421 2099 1554 2120 conventu
1569 2093 1710 2129 Syracusis

916 2129 970 2156 vidi
986 2131 1133 2161 neminem,
1149 2131 1265 2162 iudices,
1285 2131 1332 2165 qui
1347 2131 1534 2165 archipiratam
1548 2135 1655 2165 captum
1671 2131 1711 2157 vi-

915 2167 986 2193 disse
1000 2175 1028 2193 se
1043 2167 1155 2199 diceret,
1179 2177 1264 2203 quum
1279 2177 1386 2199 omnes,
1407 2173 1435 2194 ut
1454 2177 1510 2194 mos
1529 2173 1581 2197 est,
1603 2173 1631 2194 ut
1645 2168 1711 2194 solet

915 2204 980 2235 lieri,
993 2209 1188 2237 concurrerent,
1201 2210 1367 2240 quaererent,
1381 2206 1471 2232 videre
1482 2210 1620 2240 cuperent.
1640 2204 1710 2237 Quid

915 2242 1022 2272 accidit,
1048 2251 1096 2268 cur
1114 2247 1186 2269 tanto
1203 2251 1282 2277 opere
1300 2243 1350 2269 iste
1369 2243 1448 2270 homo
1465 2243 1654 2272 occultaretur.
1682 2247 1710 2268 ut

914 2287 975 2304 eum
991 2288 1023 2305 ne
1036 2288 1099 2306 casu
1114 2280 1223 2314 quidem
1238 2280 1382 2315 quisquam
1398 2281 1516 2314 aspicere
1536 2279 1642 2314 posset?
1660 2280 1710 2306 llo-

915 2316 1001 2342 niines
1016 2317 1139 2343 maritimi
1155 2317 1308 2352 Syracusis,
1324 2318 1371 2352 qui
1386 2326 1464 2352 saepe
1480 2317 1557 2343 istius
1571 2317 1648 2343 ducis
1664 2326 1709 2343 no-

916 2362 975 2379 men
999 2353 1150 2385 audissent,
1175 2363 1254 2388 saepe
1273 2355 1438 2385 timuissent,
1463 2363 1549 2389 qutun
1570 2355 1629 2380 eius
1648 2362 1709 2380 cru-

914 2391 983 2416 ciatu
1002 2395 1081 2425 atque
1100 2391 1234 2426 supplicio
1248 2400 1354 2426 pascere
1368 2391 1459 2418 oculos
1473 2392 1649 2426 animumque
1663 2400 1710 2418 ex-

914 2432 1033 2454 saturare
1060 2428 1171 2455 vellent:
1201 2433 1316 2463 potestas
1342 2429 1488 2463 aspiciendi
1516 2429 1616 2455 nemini
1643 2428 1709 2455 facta

915 2469 964 2491 est.
1004 2467 1046 2491 66.
1067 2465 1140 2491 Unus
1160 2465 1252 2500 plures
1271 2465 1434 2500 praedonum
1452 2465 1535 2492 duces
1550 2467 1626 2492 vivos
1639 2467 1709 2501 cepit

915 2503 942 2528 P.
959 2502 1103 2533 Servilius,
1129 2511 1209 2538 quam
1228 2512 1321 2529 omues
1339 2508 1424 2529 antea.
1465 2503 1610 2538 Ecquando
1628 2504 1710 2539 igitur

913 2540 964 2566 isto
986 2539 1073 2566 fructu
1095 2541 1240 2575 quisquam
1263 2541 1361 2571 caruit,
1386 2545 1414 2566 ut
1434 2540 1522 2566 videre
1540 2541 1652 2575 piratam
1665 2549 1709 2567 ca-

914 2581 989 2611 ptum
1008 2586 1058 2603 non
1079 2577 1186 2604 liceret?
1211 2578 1243 2604 At
1260 2583 1363 2608 contra,
1384 2586 1555 2613 quacumque
1573 2578 1622 2605 iter
1637 2578 1706 2609 fecit,

914 2614 963 2640 hoc
982 2614 1208 2641 iucundissimum
1229 2615 1412 2650 spectaculum
1431 2615 1557 2642 omnibus
1577 2616 1707 2643 victorum

913 2655 1105 2687 captorumque
1124 2653 1240 2679 hostium
1261 2653 1412 2687 praebebat.
1454 2653 1545 2688 ltaque
1558 2653 1581 2679 ei
1596 2661 1708 2680 concur-

912 2697 960 2716 sus
975 2689 1095 2725 undique
1109 2690 1214 2721 tiebant,
1232 2695 1260 2716 ut
1275 2699 1326 2717 non
1337 2690 1415 2717 modo
1426 2699 1458 2716 ex
1471 2690 1512 2717 his
1522 2691 1638 2725 oppidis,
1655 2699 1707 2725 qua
