1941 3052
286 104 617 132 EPISTOLARUM
646 104 698 131 AD
727 102 957 130 DIVERSOS
987 103 1067 129 LIB.
1099 103 1408 130 V11.EP.4—ii.

107 179 173 211 quae*
184 175 332 202 Corinthum
342 185 427 203 arcem
441 177 521 202 altam
536 177 671 205 habebant,
693 178 826 201 matronae

399 215 539 246 opulentae,
554 216 699 246 optimates:

32 250 134 286 quibus
150 249 195 276 illa
210 249 337 276 manibus
348 250 549 286 gypsatissimis
561 251 707 285 persuasit,
725 257 758 275 ne
771 249 826 275 sibi

33 288 98 314 vitio
109 287 170 313 illae
182 291 324 318 verterent,
338 287 410 322 quod
422 287 528 314 abesset
538 296 552 314 a
563 287 661 322 patria:
685 295 746 313 nam

106 325 184 352 Multi
202 333 276 351 suam
294 334 348 351 rem
368 327 426 351 be'ne
445 334 543 358 gessere
557 330 580 351 et
593 326 723 358 publicam
735 326 825 358 patrici

396 364 503 395 procul:

106 400 192 428 mzilti,
214 401 259 432 qui
273 400 341 424 domi
355 403 463 425 aetutem
477 403 593 432 afferent,
613 402 748 432 propterea
767 402 826 424 sunt

399 439 543 469 improbati.

32 472 90 505 Quo
101 472 128 498 in
140 481 252 499 numero
263 477 291 499 tu
303 477 372 499 certe
384 473 491 505 fuisses,
506 473 558 499 nisi
569 477 593 499 te
604 474 824 499 extrusissemus.

32 511 57 537 2.
80 509 132 536 Sed
145 509 221 544 plura
233 510 384 537 scribemus
395 511 471 537 alias.
503 511 552 541 Tu,
566 510 613 545 qui
624 510 719 536 ceteris
731 517 824 535 cavere

32 547 166 577 didicisti,
184 548 211 573 in
223 548 358 574 Britannia
370 557 402 574 ne
414 549 447 574 ab
458 548 601 574 essedariis
613 547 767 581 decipiaris,
781 555 825 572 ca-

33 588 106 615 veto,
124 589 162 615 et,
180 584 287 619 quando
298 585 419 611 Medeam
434 594 511 621 agere
527 586 616 620 coepi,
634 584 703 610 illud
718 592 825 618 semper

31 626 180 648 memento:

109 659 160 690 Qui
178 662 230 692 ipse
249 661 299 685 sibi
317 662 419 693 sapiens
434 662 553 693 prodesse
567 661 616 685 ηόπ
632 661 698 693 quit,
718 660 825 692 nequid-

399 700 476 730 qudm
486 699 564 730 sapic.

33 733 111 764 Cura,
126 737 154 759 ut
165 732 264 760 valeas.

86 806 135 827 vn.
156 807 173 827 Α
181 806 232 827 RG.
249 806 379 827 Trebatium
390 810 469 831 monet,
480 810 504 827 ut
515 806 605 827 Caesari
616 807 710 827 studeat.

196 843 384 864 (Romamn-‚mium
392 844 444 866 App.
454 843 535 861 Pulchro
546 851 591 862 ιἰκς,
604 844 659 865 700.)

203 886 372 913 CICERO
410 887 650 914 TREBATIO.

89 935 112 959 ⁴.
124 927 186 968 Ego
197 937 221 959 te
232 932 418 959 commendare
429 942 481 960 non
493 933 606 960 desisto:
620 933 676 965 sed,
685 933 752 968 quid
762 942 825 969 pro-

32 970 134 1002 ficiam,
151 979 185 996 ex
200 974 223 996 te
239 970 308 996 scire
319 971 409 1005 cupio.
449 971 530 1005 Spem
543 972 688 997 maximam
700 971 785 998 habeo
796 972 824 998 in

31 1007 126 1035 Balbo:
151 1007 184 1034 ad
200 1016 281 1042 quem
299 1007 332 1033 de
352 1013 376 1034 te
396 1007 604 1044 diligentissime
620 1014 646 1035 et
665 1009 824 1043 saepissime

31 1045 129 1072 scribo.
170 1044 239 1071 Illud
259 1044 330 1071 soleo
351 1046 456 1077 mirari,
479 1055 530 1072 non
553 1055 594 1072 me
613 1047 689 1073 toties
704 1047 824 1081 accipere

31 1087 91 1109 tuas
107 1082 220 1113 litteras,
237 1083 342 1117 quoties
357 1091 370 1108 a
382 1082 481 1115 Quinto
496 1083 564 1110 mihi
579 1083 658 1110 fratre
670 1083 822 1110 afferantur.

31 1120 60 1146 In
75 1120 211 1146 Britannia
226 1119 294 1145 nihil
310 1128 369 1146 esse
383 1120 463 1146 audio
481 1129 569 1156 neque
584 1121 656 1152 auri,
679 1130 767 1156 neque
782 1130 825 1147 ar-

31 1157 115 1193 genti.
155 1156 185 1183 Id
195 1157 219 1182 si
230 1157 265 1183 ita
276 1161 328 1188 est,
347 1157 472 1183 essedum
489 1158 598 1193 aliquod
609 1158 710 1185 suadeo
721 1159 821 1193 capias,

31 1198 56 1220 et
67 1193 100 1220 ad
111 1202 159 1220 nos
169 1202 251 1229 quam
262 1194 381 1229 primum
393 1203 523 1222 recurras.
557 1197 582 1223 2.
605 1196 652 1222 Sin
664 1200 753 1222 autem
765 1197 823 1222 sine

30 1231 166 1258 Britannia
178 1236 264 1257 tamen
281 1233 403 1267 assequi,
420 1233 492 1267 quod
508 1232 648 1264 volumus,
666 1242 821 1268 possumus,

30 1269 141 1304 pertice,
160 1273 189 1295 ut
203 1269 241 1294 sis
257 1269 284 1295 in
301 1268 480 1295 familiaribus
495 1270 626 1297 Caesaris.
668 1271 783 1297 Multum
799 1276 823 1297 te

31 1307 58 1332 in
70 1314 101 1332 eo
112 1305 192 1332 frater
202 1306 342 1332 adiuvabit
353 1315 439 1338 meus,
453 1307 568 1334 multum
575 1308 687 1334 Balbus:
701 1308 758 1340 sed,
771 1309 824 1334 mi-

30 1343 59 1370 hi
70 1343 161 1374 crede,
185 1348 247 1369 tuus
262 1343 349 1378 pudor
359 1349 384 1370 et
396 1344 470 1371 labor
480 1345 639 1379 plurimum.
679 1346 824 1381 Imperato-

31 1389 86 1407 rem
99 1380 329 1412 liberalissimum,
346 1386 457 1408 aetatem
468 1383 733 1417 opportunissimam,
750 1392 824 1409 com-

31 1417 229 1444 mendationem
244 1423 314 1444 certe
329 1419 493 1454 singularem
510 1420 606 1446 habes:
629 1425 659 1446 ut
674 1421 723 1447 tibi
737 1429 822 1447 unum

31 1455 181 1482 timendum
193 1455 236 1486 sit,
249 1464 282 1481 ne
294 1456 352 1490 ipse
363 1456 412 1482 tibi
423 1456 543 1483 defuisse
555 1457 672 1484 videare.

84 1532 143 1553 vm.
164 1532 239 1553 ARG.
256 1533 405 1560 Reprehendit
420 1534 565 1558 Trebatium,
583 1535 638 1561 quud
657 1535 791 1555 tribunatum
810 1542 822 1555 a

30 1568 124 1588 Caesare
130 1568 225 1590 delatum
235 1570 379 1591 recusaverit.
387 1571 462 1595 (Rom,
470 1571 564 1591 Domitio,
571 1570 718 1593 A1›p.l²ulchm
725 1572 831 1595 coss-700.)

201 1611 367 1639 CICERO
406 1614 645 1640 TREBATIO.

87 1659 109 1683 t.
132 1652 250 1692 Scripsit
261 1658 294 1685 ad
308 1667 350 1685 me
361 1659 458 1686 Caesar
468 1659 683 1694 perhumaniter,
701 1661 820 1687 nondum

30 1698 54 1721 te
65 1694 117 1720 sibi
128 1695 194 1722 satis
204 1704 263 1722 esse
275 1695 433 1723 familiarem
441 1702 547 1732 propter
553 1699 740 1732 occupationes
747 1707 818 1730 suas,

30 1731 76 1758 sed
87 1736 158 1759 certo
169 1732 234 1759 fore.
265 1733 315 1760 Cui
327 1734 437 1769 quidem
449 1743 498 1770 ego
510 1735 645 1770 rescripsi,
659 1744 741 1770 quam
753 1736 821 1762 mihi

29 1773 133 1804 gratum
145 1774 217 1796 esset
227 1769 358 1801 futurum,
367 1772 388 1797 si
397 1780 477 1806 quam
489 1771 637 1806 plurimum
650 1773 713 1799 inte
724 1773 818 1804 studii,

29 1805 124 1838 officii,
141 1806 308 1834 liberalitatis
319 1817 383 1835 suae
394 1809 561 1836 contulisset.
602 1809 654 1836 Sed
666 1819 699 1836 ex
710 1811 764 1837 tuis
777 1811 821 1838 lit—

29 1844 92 1870 teris
107 1845 221 1879 cognovi
242 1853 445 1880 praeproperam
468 1846 663 1873 festinationem
685 1852 772 1874 tuam:
795 1852 821 1875 et

28 1880 110 1907 simul
122 1890 182 1907 sum
194 1881 350 1914 admiratus,
362 1892 410 1909 cur
421 1883 572 1910 tribunatus
583 1885 731 1916 commoda,
744 1885 821 1912 dem-

27 1922 73 1952 pto
84 1919 240 1952 praesertim
253 1918 341 1946 labore
352 1920 473 1951 militiae,
486 1923 688 1956 contempseris.
711 1924 736 1949 2.
748 1922 821 1955 Que-

28 1963 71 1981 rar
81 1964 143 1981 cum
155 1956 265 1982 Vacerra
278 1957 432 1984 etManilio:
446 1966 506 1984 nam
518 1958 640 1985 Cornelio
655 1959 722 1985 nihil
734 1960 820 1986 audeo

27 1991 130 2023 dicere,
148 1993 226 2019 cuius
242 1997 269 2020 tu
285 1994 404 2028 periculo
419 1995 518 2021 stultus
533 2004 575 2026 es,
592 1996 699 2030 quando
710 2001 733 2023 te
745 1997 778 2023 ab
789 2006 820 2024 eo

12 2063 13 2066 Ἴ
28 2037 121 2064 sapere
137 2030 266 2057 didicisse
281 2031 423 2065 profiteris.
463 2032 533 2064 Quin
551 2037 578 2059 tu
595 2041 674 2068 urges
686 2034 763 2060 istam
775 2043 821 2060 oc-

28 2067 161 2093 casionem
178 2072 204 2094 et
220 2067 385 2099 facultatem,
404 2077 457 2103 qua
472 2069 566 2096 melior
582 2079 728 2105 numquam
744 2080 821 2106 repe-

28 2104 119 2131 rietur.
141 2104 218 2137 Quod
230 2105 327 2131 scribis
338 2105 371 2131 (le
383 2105 561 2133 illol'reciano
574 2108 762 2139 iureconsulto,
771 2117 820 2144 ego

28 2145 53 2168 te
62 2142 87 2168 ei
98 2150 149 2168 non
161 2142 255 2168 desino
266 2143 462 2170 commendare.
479 2144 578 2170 Scribit
588 2145 659 2171 enim
672 2146 728 2180 ipse
741 2146 818 2177 mihi,

27 2182 53 2205 te
63 2179 115 2205 sibi
126 2180 226 2215 gratias
236 2188 314 2215 agere
326 2180 433 2206 debere.
474 2181 509 2207 De
520 2190 550 2207 eo
561 2182 627 2216 quid
639 2183 687 2214 sit,
700 2192 777 2213 cura,
791 2187 821 2210 ut

28 2216 121 2243 sciam.
170 2217 226 2253 Ego
248 2222 350 2244 vestras
377 2217 476 2244 litteras
496 2219 662 2245 Britannicas
682 2225 817 2255 exspecto.

30 2250 122 2289 [vm-i

81 2323 120 2343 ΙΧ.
137 2323 153 2343 Α
161 2324 178 2343 R
187 2324 212 2343 0.
233 2323 329 2344 Littera·
340 2324 410 2351 pum-it
422 2331 433 2344 a
444 2324 564 2347 Trebatio,
576 2329 656 2348 munet,
668 2333 695 2346 ne
704 2325 727 2346 in
738 2327 817 2347 Uri-eni

28 2357 99 2378 rodite
108 2362 217 2386 properet.

171 2403 205 2429 M.
237 2403 404 2430 CICERO
433 2404 674 2431 TREBATIO.

85 2449 107 2474 ⁴.
123 2443 229 2474 Iamdiu
242 2449 344 2484 ignoro,
357 2449 423 2484 quid
435 2458 509 2485 agas.
538 2449 610 2476 Nihil
622 2451 693 2476 enim
705 2450 815 2477 scribis:

0 2510 1 2515 ,
27 2491 114 2519 neque
134 2493 183 2520 ego
203 2485 235 2511 ad
257 2491 280 2512 te
303 2486 344 2512 his
365 2487 472 2513 (luobus
489 2487 628 2513 mensibus
647 2488 816 2522 scripseram.

0 2550 4 2557 .
27 2519 94 2553 Quia
105 2529 167 2548 cum
178 2522 285 2555 Quinto,
300 2523 378 2550 fratrc
391 2533 458 2555 meo,
473 2533 523 2550 non
535 2533 607 2555 eras,
621 2533 674 2559 quo
686 2525 817 2551 mitterem

28 2562 73 2585 aut
82 2559 126 2586 cui
136 2559 236 2592 darem,
251 2561 414 2588 nesciebam.
454 2562 540 2596 Cupio
551 2562 628 2593 scire,
642 2562 707 2596 quid
719 2571 782 2597 ngas
793 2567 819 2589 et

0 2599 1 2634 J
27 2593 74 2622 ubi
89 2596 127 2622 sis
143 2596 320 2625 hiematurus.
360 2599 493 2634 Equidem
509 2598 604 2630 velim.
622 2608 683 2625 cum
695 2600 815 2631 Caesare,

0 2645 5 2673 >¹
28 2631 75 2659 sed
85 2633 118 2660 ad
129 2641 190 2660 eum
202 2639 308 2670 propter
318 2636 377 2663 eius
388 2637 575 2671 occupationes
587 2636 653 2663 nihil
665 2645 724 2663 sum
735 2646 818 2664 ausus

251 2362 499 2384 ·Ι(ιιιιιιιι’.1)ιιιιιι1μι,ΛγΙι,
512 2361 592 2378 Pultlnn
603 2368 648 2378 cun.
660 2365 714 2382 700.)

1619 104 1663 128 7¹⁴

877 174 1003 200 scribere.
1044 175 1069 201 2.
1085 173 1126 200 Ad
1137 173 1249 200 Balbum
1262 178 1350 200 tamen
1362 173 1468 208 scripsi.
1510 173 1548 199 Tu
1561 172 1610 199 tibi
1621 172 1668 199 de-

877 220 935 237 esse
946 211 1001 237 noli
1012 227 1049 231 —

949 264 986 268 —
997 251 1083 282 ponas
1092 250 1126 274 ad
1137 257 1182 274 nos
1190 251 1280 276 serius.
1292 250 1352 274 (lum
1360 249 1469 281 ple'nior.

877 285 953 318 Quod
974 286 1027 312 huc
1046 294 1186 320 propercS,
1211 285 1278 311 nihil
1299 290 1352 315 est,
1380 285 1536 319 praesertim
1558 285 1668 310 Vacerra

877 328 990 349 mortuo.
1025 323 1076 348 Sed
1089 323 1137 349 tibi
1149 322 1293 348 consilium
1305 331 1357 348 non
1373 323 1456 349 deest.
1487 321 1559 354 Quid
1570 322 1670 348 consti-

877 361 973 391 tueris,
990 361 1069 394 cupio
1080 360 1158 386 scire.
1199 362 1223 386 3.
1245 360 1293 386 Cn.
1306 359 1447 390 Octavius,
1465 368 1497 385 an
1509 359 1557 386 Cn.
1570 359 1670 385 Corne—

878 397 929 423 lius
941 397 1051 432 quidam
1064 402 1111 427 est,
1121 402 1183 423 tuus
1195 397 1345 428 familiaris,
1354 405 1460 423 summo
1471 404 1568 431 genere
1580 401 1667 426 natus

876 439 960 461 terrae
971 434 1053 460 filius.
1093 435 1117 460 Is
1132 443 1187 465 me,
1205 435 1268 469 quia
1280 435 1330 461 scit
1342 439 1417 460 tuum
1429 433 1588 460 familiarem
1599 441 1667 463 esse,

876 472 969 498 crebro
984 471 1017 497 ad
1033 480 1142 497 caenam
1158 472 1262 498 invitat.
1301 472 1398 498 Adhuc
1410 480 1461 498 non
1473 472 1559 505 potuit
1569 470 1669 506 perdu-

875 518 947 535 cere:
962 509 1009 535 sed
1022 508 1089 534 mihi
1101 514 1189 535 tamen
1199 514 1305 544 gratum
1317 514 1366 535 est.
1409 507 1504 545 [Vale]

928 610 958 630 X.
975 610 992 629 A
999 610 1017 629 R
1024 610 1050 629 G.
1067 610 1111 629 Per
1119 608 1190 629 iocum
1202 608 1300 633 exagitat
1310 609 1441 630 Trebatium
1449 625 1454 634 ,
1471 612 1580 635 tamquam
1590 609 1669 629 bunun·

876 644 979 664 Caesaris
989 644 1072 664 iudicio
1080 644 1167 664 Ictum:
1179 644 1307 664 timiditatis
1319 644 1398 669 arguit,
1410 645 1447 665 sed
1459 651 1471 664 a
1481 651 1504 664 se
1511 643 1601 665 Caesari
1612 650 1669 664 com-

878 680 1000 700 mennatum
1012 686 1061 700 esse
1072 679 1104 700 ait
1114 679 1246 705 litterasque
1255 679 1335 706 poscit.

1120 717 1206 738 (Roman,
1217 716 1250 733 suh
1261 717 1363 734 intem-nuo
1374 718 1428 735 701.)

1005 760 1041 786 M.
1062 759 1204 786 CICERO
1224 759 1251 786 S.
1273 760 1303 785 D.
1328 758 1534 785 TREBATIO.

933 799 955 824 t.
976 793 1049 832 Legi
1060 801 1118 823 tuas
1131 796 1244 823 litteras:
1262 805 1295 823 ex
1305 796 1407 831 quibus
1419 795 1554 826 intellexi,
1568 800 1593 822 te
1604 796 1670 821 Cae—

875 835 928 860 sari
948 839 1038 861 nostro
1061 834 1138 860 valde
1160 833 1372 860 iureconsultum
1393 833 1490 860 videri.
1529 833 1578 859 Est
1597 832 1668 867 quod

874 871 1001 907 gaudeas,
1015 876 1039 898 te
1051 872 1078 898 in
1090 872 1139 898 ista
1152 871 1207 897 loca
1219 872 1335 902 venisse,
1348 871 1396 897 ubi
1408 870 1511 905 aliquid
1524 878 1616 905 sapere
1628 870 1670 895 vi—

875 910 976 936 derere.
1017 909 1093 941 Quod
1108 910 1131 935 si
1147 910 1174 935 in
1186 909 1349 935 Britanniam
1361 917 1469 943 quoque
1481 907 1615 942 profectus
1627 915 1670 932 es-

875 955 931 978 ses,
945 946 1062 982 profecto
1077 955 1155 972 nemo
1167 947 1193 972 in
1206 946 1251 972 illa
1263 951 1333 972 tanta
1345 945 1433 972 insula
1444 946 1554 980 peritior
1564 949 1588 971 te
1601 944 1669 970 fuis-

875 989 924 1010 set.
965 985 1153 1011 Verumtamen
1165 983 1311 1019 (rideamus
1323 983 1396 1009 licet:
1411 992 1471 1009 sum
1483 983 1555 1008 enim
1567 991 1580 1007 a
1592 986 1616 1008 te
1628 982 1670 1007 in-

875 1022 999 1057 vitatus;)
1011 1021 1173 1047 subinvideo
1184 1021 1242 1052 tibi,
1257 1021 1325 1047 ultro
1337 1025 1361 1047 te
1372 1021 1451 1046 etiam
1463 1020 1621 1046 arcessitum
1636 1019 1670 1044 ab

874 1067 918 1090 eo,
936 1059 969 1085 ad
980 1068 1061 1094 quem
1073 1059 1167 1089 ceteri,
1181 1068 1233 1084 non
1245 1063 1352 1093 propter
1362 1058 1519 1092 superbiam
1530 1058 1603 1087 eius,
1622 1056 1669 1082 sed

875 1101 981 1131 propter
996 1096 1198 1130 occupationem
1209 1097 1326 1130 aspirare
1339 1104 1391 1121 non
1406 1099 1528 1129 possunt.
1569 1096 1593 1120 2.
1617 1093 1668 1119 Sed

875 1138 903 1160 tu
919 1135 946 1160 in
962 1134 1012 1160 ista
1028 1133 1139 1168 epistola
1155 1133 1223 1159 nihil
1239 1133 1307 1159 mihi
1322 1133 1455 1167 scripsisti
1466 1132 1499 1158 de
1510 1132 1564 1158 tuis
1575 1131 1666 1159 rebus,

874 1180 943 1206 quae
958 1171 1111 1198 mehercule
1127 1171 1194 1197 mihi
1210 1180 1261 1197 non
1277 1171 1374 1196 minori
1394 1178 1473 1196 curae
1489 1174 1564 1199 sunt,
1587 1177 1668 1203 quam

874 1217 959 1236 meae.
1000 1208 1083 1235 Valde
1099 1213 1202 1239 metuo,
1219 1217 1251 1234 ne
1268 1208 1366 1243 frigeas
1378 1208 1405 1233 in
1420 1207 1555 1233 hibernis:
1572 1214 1669 1240 quam—

873 1247 965 1273 obrem
981 1247 1086 1272 camino
1103 1246 1238 1272 luculento
1254 1245 1384 1271 utendum
1399 1253 1508 1271 censeo:
1526 1243 1598 1269 idem
1610 1244 1669 1269 Mu-

874 1285 914 1310 cio
926 1288 951 1310 et
963 1284 1071 1310 Manilio
1083 1283 1218 1318 placebat:
1241 1283 1397 1317 praesertim
1409 1283 1457 1316 qui
1473 1281 1545 1316 sagis
1557 1289 1608 1307 uon
1621 1280 1669 1306 ab-

874 1321 1000 1348 undares.
1040 1320 1208 1355 Quamquam
1226 1329 1273 1346 vos
1289 1328 1361 1346 nunc
1375 1320 1435 1345 istic
1447 1319 1511 1345 satis
1523 1318 1609 1344 calere
1621 1326 1669 1343 au-

873 1359 931 1385 dio:
945 1367 998 1394 quo
1009 1358 1120 1392 quidem
1133 1358 1226 1384 nuntio
1238 1357 1315 1383 valde
1326 1355 1478 1383 mehercule
1490 1355 1523 1381 de
1533 1360 1557 1381 te
1571 1356 1668 1381 timue—

851 1417 852 1423 .
874 1405 940 1423 ram.
976 1395 1028 1422 Sed
1041 1400 1068 1421 tu
1081 1396 1107 1421 in
1120 1404 1146 1421 re
1158 1395 1267 1421 militari
1279 1394 1363 1421 multo
1374 1403 1402 1420 es
1418 1394 1533 1423 cautior,
1547 1401 1628 1427 quam
1641 1393 1667 1417 in

873 1432 1107 1465 advocationibus3
1124 1433 1173 1467 qui
1185 1441 1270 1467 neque
1283 1433 1309 1458 in
1321 1434 1426 1457 Oceano
1438 1435 1526 1457 natare
1538 1429 1665 1456 volueris.

850 1465 851 1482 ³
873 1471 1091 1497 studiosissimus
1103 1470 1182 1496 homo
1193 1469 1315 1500 natandi,
1332 1477 1418 1503 neque
1429 1472 1548 1503 spectare
1560 1466 1668 1493 esseda-

873 1509 936 1538 rios,
950 1516 1031 1542 quem
1043 1512 1119 1533 antea
1132 1516 1164 1533 ne
1180 1507 1310 1533 andabata
1327 1506 1437 1541 quidem
1450 1504 1608 1531 defraudare
1620 1512 1667 1538 po-

873 1551 1001 1572 teramus.
1042 1544 1095 1571 Sed
1112 1545 1163 1570 iam
1176 1545 1241 1570 satis
1256 1545 1333 1570 iocati
1345 1552 1450 1569 sumus.
1491 1545 1516 1569 3.
1532 1542 1588 1577 Ego
1599 1541 1632 1567 de
1643 1546 1667 1567 te

873 1583 905 1609 ad
921 1582 1060 1609 Caesarem
1074 1590 1155 1616 quam
1172 1582 1316 1616 diligenter
1330 1581 1499 1615 scripserim,
1523 1584 1577 1606 tute
1598 1579 1664 1609 scis,

872 1628 953 1655 quam
965 1628 1054 1654 saepe,
1067 1628 1126 1654 ego.
1167 1619 1217 1644 Sed
1229 1618 1382 1645 mehercule
1394 1619 1446 1644 iam
1459 1617 1664 1643 intermiseram.

873 1666 904 1683 ne
918 1657 1023 1683 viderer
1040 1656 1223 1682 liberalissimi
1240 1656 1357 1682 hominis
1370 1656 1476 1689 meique
1488 1653 1666 1680 amantissimi

872 1694 1002 1721 voluntati
1018 1703 1080 1730 erga
1097 1702 1138 1720 me
1155 1694 1287 1720 diffidere.
1329 1693 1382 1719 Sed
1399 1697 1486 1719 tamen
1503 1692 1545 1717 his
1561 1691 1664 1720 litteris,

872 1741 939 1766 quas
951 1733 1072 1766 proxime
1084 1731 1156 1761 (ledi,
1171 1732 1263 1766 putavi
1275 1739 1334 1757 esse
1347 1731 1482 1756 hominem
1494 1737 1667 1755 commonen-

871 1769 947 1796 dum.
990 1770 1018 1795 Id
1035 1769 1095 1795 feci.
1136 1769 1207 1801 Quid
1223 1768 1395 1803 profecerim,
1418 1767 1500 1793 facias
1522 1775 1563 1792 me
1584 1765 1666 1791 velim

871 1808 1024 1838 certiorem,
1037 1812 1062 1833 et
1074 1806 1155 1832 simul
1167 1806 1200 1832 de
1213 1811 1338 1832 totostatu
1347 1804 1666 1838 tuoconsiliisqueomni-

872 1844 933 1871 bus.
974 1844 1047 1870 Scire
1059 1844 1130 1870 enim
1144 1844 1236 1878 cupio,
1255 1843 1321 1878 quid
1338 1852 1415 1878 agas,
1433 1841 1498 1877 quid
1516 1845 1663 1875 exspectes,

871 1890 952 1916 quam
965 1881 1074 1915 longum
1088 1882 1168 1908 istum
1182 1887 1257 1907 tuum
1268 1881 1419 1907 discessum
1431 1888 1444 1905 a
1456 1879 1533 1905 nobis
1545 1878 1665 1904 futurum

871 1924 959 1954 putes.
1000 1920 1044 1945 Sic
1060 1920 1132 1945 enim
1149 1919 1197 1945 tibi
1214 1918 1376 1953 persuadeas
1388 1917 1483 1947 velim,
1501 1924 1585 1942 unum
1598 1915 1666 1941 mihi

871 1964 930 1982 esse
941 1956 1080 1986 solatium,
1094 1965 1176 1991 quare
1188 1956 1294 1982 facilius
1306 1955 1407 1990 possim
1419 1955 1487 1989 pati,
1501 1958 1525 1980 te
1536 1961 1595 1979 esse
1608 1953 1666 1978 sine

871 1994 958 2024 nobis,
972 1994 994 2019 si
1007 1994 1055 2020 tibi
1067 2002 1125 2019 esse
1141 1993 1166 2019 id
1179 1993 1359 2019 emolumento
1370 1993 1467 2018 sciam:
1484 1991 1526 2017 sin
1538 1995 1626 2016 autem
1638 1989 1665 2015 id

872 2040 923 2057 non
939 2036 992 2061 est,
1010 2031 1077 2057 nihil
1094 2031 1201 2057 duobus
1217 2031 1295 2057 nobis
1311 2035 1351 2056 est
1366 2029 1489 2057 stultius:
1509 2036 1563 2058 me,
1581 2027 1665 2062 quite

872 2077 923 2094 non
937 2068 1046 2094 Romam
1059 2068 1202 2096 attraham:
1217 2072 1250 2098 te,
1264 2068 1311 2102 qui
1324 2076 1375 2093 non
1388 2067 1440 2093 huc
1451 2065 1570 2092 advolcs.
1609 2064 1664 2090 Una

872 2105 1024 2131 mehercule
1037 2110 1123 2131 nostra
1137 2105 1177 2131 vel
1190 2114 1281 2131 severa
1294 2104 1335 2130 vel
1348 2105 1434 2130 iocosa
1444 2101 1665 2137 congressioplu-

871 2143 908 2168 ris
920 2143 982 2172 erit,
996 2151 1076 2177 quam
1090 2151 1140 2168 non
1153 2142 1231 2168 modo
1247 2142 1349 2172 hostes,
1362 2141 1409 2167 sed
1421 2141 1500 2166 etiam
1513 2139 1606 2165 fratres
1619 2147 1665 2164 uo-

871 2179 918 2206 stri
935 2179 1030 2205 Aedui.
1071 2180 1157 2211 Quare
1172 2179 1300 2205 omnibus
1318 2178 1351 2204 de
1372 2178 1453 2204 rebus
1475 2176 1515 2203 fac
1536 2182 1564 2202 ut
1583 2184 1663 2211 quam

870 2217 989 2252 primum
1001 2217 1094 2242 sciam.

944 2255 994 2281 Aut
1005 2255 1158 2279 consolando
1179 2258 1224 2279 au!
1237 2254 1341 2279 consilio
1350 2256 1395 2278 aut
1405 2260 1433 2278 re
1444 2254 1538 2277 iuvere.

925 2331 964 2351 XI.
985 2331 1060 2351 ARG.
1076 2330 1165 2350 lucatur
1183 2330 1210 2350 de
1228 2329 1372 2350 intormruin:
1392 2329 1481 2351 sumet,
1501 2330 1586 2347 manent
1606 2326 1662 2353 apud

872 2368 986 2386 sanarem
997 2370 1033 2385 aut
1046 2366 1133 2385 Rniueuu
1145 2365 1226 2384 redi-ut.
1260 2367 1346 2389 (tt-nnn.
1358 2365 1390 2381 unt»
1401 2367 1506 2387 :nh-rursu.-
1519 2365 1572 2382 nn.)

1048 2409 1215 2437 CICERO
1243 2407 1482 2435 TREBATIO.

928 2453 950 2477 ⁴.
963 2445 1026 2477 Nisi
1038 2456 1098 2478 ante
1106 2452 1185 2477 Roma
1198 2449 1331 2485 profectus
1343 2457 1426 2479 esses,
1440 2456 1511 2474 nunc
1521 2455 1580 2474 eam
1591 2452 1662 2473 certo

870 2487 1045 2523 relinqueres.
1085 2488 1152 2521 Quis
1163 2489 1245 2517 enini,
1260 2493 1295 2513 tot
1308 2486 1480 2521 interregnis,
1495 2483 1662 2511 iureconsul-

870 2530 925 2552 tum
938 2525 1089 2552 desiderat?
1108 2526 1164 2559 Ego
1176 2525 1312 2553 omnihus.
1326 2523 1397 2550 unde
1410 2523 1520 2558 petitur,
1539 2522 1586 2548 hoc
1597 2530 1662 2547 cou-

869 2563 923 2588 silii
936 2562 1065 2594 dederim,
1075 2568 1103 2589 ut
1113 2572 1126 2589 a
1137 2559 1254 2597 singulis
1267 2561 1446 2595 interregibus
1458 2560 1534 2586 binas
1546 2559 1660 2586 advoca-

870 2600 955 2626 tiones
967 2600 1110 2635 postulent.
1151 2600 1255 2626 Satisne
1267 2599 1315 2625 tibi
1329 2598 1421 2624 videor
1432 2597 1479 2624 abs
1491 2602 1514 2623 te
1526 2597 1568 2623 ius
1579 2595 1660 2622 civile

869 2637 1016 2664 didicisse?
1035 2639 1059 2664 ¹2.
1075 2637 1128 2664 Sed
1141 2637 1207 2664 heus
1220 2642 1260 2667 tu,
1273 2635 1339 2672 quid
1351 2635 1427 2671 agis?
1437 2634 1541 2670 Ecquid
1553 2633 1598 2660 fit?
1613 2633 1659 2660 Vi-
