1941 3052
528 114 579 140 DE
609 113 816 141 OFFICIIS
844 115 925 141 LIB.
954 116 1006 141 111.

79 187 205 220 quaedam
219 186 322 211 honesta
342 192 400 211 esse
420 184 528 216 dicunt,
550 194 603 212 non
619 187 772 220 sapientum
794 185 873 212 modo

79 223 201 258 propria,
218 222 265 248 sed
280 230 342 248 cum
357 223 430 248 omni
447 222 587 249 hominum
601 232 698 258 genere
709 223 872 249 communia.

83 262 122 287 46.
144 261 236 294 ltaque
251 260 284 286 iis
299 267 406 290 omnes,
424 260 451 285 in
467 260 568 294 quibus
583 265 623 286 est
638 261 744 286 virtutis
759 260 872 291 indoles,

79 301 291 324 commoventur.
332 297 386 322 Nec
407 305 470 323 vero
490 305 575 331 quum
597 297 650 323 duo
668 298 741 323 Decii
761 302 807 323 aut
821 297 874 323 duo

79 334 220 369 Scipiones
232 333 312 360 sortes
328 334 380 359 viri
397 339 651 365 commemorantur,
670 339 715 361 aut
728 343 813 369 quum
826 335 875 360 Fa—

78 371 182 398 bricius
197 371 362 397 Aristidesve
374 374 456 397 iustus
467 370 633 402 nominatur,
655 376 701 397 aut
711 372 743 397 ab
756 372 810 397 illis
823 371 876 397 sor-

79 408 217 439 titudinis,
230 413 276 435 aut
286 408 319 434 ab
330 408 373 434 his
384 408 503 434 iustitiae
532 413 670 443 tamquam
681 418 695 434 a
707 408 875 443 sapientibus

79 447 181 481 petitur
195 445 361 480 exemplum.
401 446 485 472 Nemo
500 446 572 472 enim
589 445 684 472 horum
699 447 738 472 sic
758 446 875 480 sapiens,

79 488 109 510 ut
119 484 269 518 sapientem
280 482 406 509 volumus
418 482 548 518 intelligi:
572 491 620 509 nec
632 483 664 513 ii,
682 484 730 518 qui
741 484 875 518 sapientes

79 521 165 547 habiti
181 525 206 546 et
221 521 364 551 nominati,
382 521 417 546 M.
435 520 497 547 Cato
512 525 538 546 et
552 520 582 547 C.
600 520 719 551 Laelius.
741 521 875 555 sapientes

78 557 200 589 fuerunt,
218 566 250 584 ne
262 557 302 583 illi
313 557 425 592 quidem
435 562 552 592 septem:
570 557 618 583 sed
629 566 662 584 ex
673 557 823 584 mediorum
835 557 876 583 of-

79 595 201 622 ficiorum
214 594 363 630 frequentia
375 594 585 621 similitudinem
596 594 741 629 quamdam
748 595 876 630 gerebant

78 633 252 668 speciemque
264 632 427 667 sapientum.
471 633 510 658 ⁴7.
531 631 660 664 Quocirca
676 641 724 658 neo
740 632 781 663 id,
803 631 876 667 quod

78 678 141 696 vere
156 671 284 696 honestum
298 674 351 700 est.
374 669 414 696 fas
429 674 470 696 est
483 678 546 695 cum
566 671 687 695 utilitatis
705 672 876 703 repugnantia

78 707 241 742 comparari,
259 715 307 733 nec
322 707 364 737 id,
380 707 453 742 quod
464 707 643 733 communiter
654 706 821 741 appellamus
831 708 875 732 ho-

77 750 188 775 nestum,
206 744 278 779 quod
289 743 386 770 colitur
396 745 430 770 ab
443 744 475 770 iis
484 765 490 775 ,
503 744 551 779 qui
564 744 648 770 bonos
658 753 686 770 se
699 744 770 770 viros
783 744 876 770 haberi

78 781 182 812 volunt,
191 790 252 808 cum
260 781 586 816 emolumentisumquam
598 786 637 807 est
648 781 873 816 comparandum:
898 798 899 804 ι

78 823 187 854 tamque
199 819 227 845 id
240 819 381 845 honestum
390 840 396 850 ,
417 819 490 854 quod
502 820 529 845 in
541 824 658 845 nostram
670 818 875 854 intelligentiam

78 857 159 887 cadit,
172 856 304 883 tuendum
315 856 585 891 conservandumque
597 856 675 882 nobis
687 861 735 887 est,
749 864 831 891 quam
843 855 876 881 il—

79 893 140 925 lud,
158 893 231 928 quod
243 894 349 928 proprie
360 893 461 920 dicitur
471 902 588 928 vereque
603 898 644 919 est
660 893 815 924 honestum,
833 902 876 919 sa—

78 931 228 967 pientibus.
268 930 352 957 Aliter
363 932 436 957 enim
448 932 531 958 teneri
543 940 595 957 non
608 935 706 965 potest,
723 931 825 965 siquae
837 935 877 956 est

78 968 112 995 ad
127 969 255 995 virtutem
276 967 344 995 facta
364 969 527 1004 progressio.
567 968 619 994 Sed
636 968 700 994 haec
716 968 826 1003 quidem
843 967 876 993 de

78 1006 127 1037 iis,
150 1007 198 1041 qui
214 1007 415 1032 conservatione
431 1005 581 1032 officiorum
597 1006 786 1032 existimantur
801 1005 874 1031 boni.

80 1045 120 1069 ⁴8.
142 1043 194 1075 Qui
206 1048 295 1069 autem
305 1044 393 1070 omnia
406 1043 555 1070 metiuntur
566 1042 755 1069 emolumentis
767 1048 792 1069 et
803 1051 876 1068 com-

78 1080 180 1111 modis,
198 1089 286 1115 neque
302 1089 332 1106 ea
348 1080 442 1107 volunt
458 1080 663 1115 praeponderari
679 1080 829 1111 honestate,
848 1080 876 1106 hi
897 1086 906 1095 0

78 1117 165 1144 solent
179 1118 206 1144 in
221 1117 396 1144 deliberando
412 1118 555 1144 honestum
569 1126 631 1144 cum
651 1126 694 1148 eo,
717 1117 789 1152 quod
811 1117 876 1143 utile

77 1159 181 1191 putant,
195 1163 362 1189 comparare:
377 1155 440 1181 boni
452 1155 505 1181 viri
516 1164 567 1182 non
579 1154 674 1181 solent.

77 1194 172 1223 stimo,
188 1192 359 1223 Panaetium,
377 1201 462 1227 quum
478 1192 590 1223 dixerit,
610 1192 732 1218 homines
747 1191 831 1218 solere
849 1192 875 1218 in

78 1230 128 1257 hac
139 1230 337 1264 comparatione
349 1229 481 1261 dubitare,
499 1230 549 1256 hoc
560 1230 650 1264 ipsum
662 1230 788 1255 sensisse.
803 1229 875 1264 quod

78 1267 190 1298 dixerit,
208 1267 294 1293 solere
310 1267 402 1298 modo,
425 1276 478 1294 non
499 1268 578 1293 etiam
599 1272 729 1301 oportere.
769 1267 875 1293 Etenim

715 1155 806 1189 ltaque
817 1155 876 1180 exi-
898 1170 899 1178 ι

78 1314 130 1331 non
147 1304 226 1331 modo
241 1304 328 1339 pluris
344 1310 451 1339 putare,
468 1304 541 1339 quod
557 1304 622 1330 utile
639 1304 775 1335 videatur,
793 1313 875 1339 quam
897 1320 898 1325 .

78 1341 151 1377 quod
167 1341 325 1373 honestum,
347 1342 395 1368 sed
411 1341 475 1368 haec
491 1342 571 1368 etiam
588 1342 656 1368 inter
670 1350 698 1367 se
710 1350 873 1376 comparare,

78 1384 104 1407 et
119 1381 145 1406 in
158 1379 201 1406 his
212 1380 371 1406 addubitare
383 1380 572 1414 turpissimum
584 1384 633 1405 est.
668 1378 738 1411 Quid
751 1384 790 1405 est
801 1387 873 1414 ergo,

77 1417 150 1453 quod
166 1425 371 1452 nonnumquam
382 1417 577 1443 dubitationem
590 1416 681 1443 afferre
693 1416 776 1443 soleat
787 1417 876 1442 consi-

77 1454 283 1490 derandumque
299 1454 439 1481 videatur?
459 1454 557 1485 Credo,
580 1454 603 1480 si
619 1454 727 1489 quando
742 1454 876 1480 dubitatio

77 1492 183 1523 accidit,
197 1492 276 1527 quale
287 1493 323 1518 sit
335 1492 370 1523 id¹
387 1491 420 1518 de
431 1500 486 1526 quo
495 1491 688 1518 consideretur.
732 1493 771 1518 19,
791 1491 875 1525 Saepe

77 1530 150 1556 enim
168 1534 285 1564 tempore
301 1529 343 1560 fit,
361 1534 403 1559 ut.
425 1529 498 1564 quod
514 1533 591 1564 turpe
606 1528 766 1564 plerumque
782 1528 875 1555 haberi

77 1566 174 1597 soleat,
196 1567 349 1593 inveniatur
364 1575 415 1593 non
431 1574 489 1592 esse
509 1571 595 1601 turpe.
636 1566 760 1601 Exempli
781 1575 876 1593 caussa

76 1608 192 1639 ponatur
203 1603 316 1639 aliquid,
330 1603 402 1639 quod
413 1608 501 1638 pateat
514 1603 602 1630 latius.
634 1603 709 1635 Quod
723 1608 808 1638 potest
819 1613 877 1630 ma-

77 1643 121 1668 ius
133 1649 191 1667 esse
202 1641 305 1672 scelus,
319 1650 400 1676 quam
413 1650 464 1667 non
478 1641 556 1667 modo
568 1641 718 1672 hominem,
736 1641 783 1667 sed
796 1642 875 1668 etiam

77 1678 238 1705 familiarem
251 1679 387 1705 hominem
397 1677 537 1705 occidere?
558 1679 628 1704 Num
646 1679 728 1714 igitur
739 1687 766 1704 se
779 1679 876 1705 astrin-

77 1716 118 1743 xit
128 1715 237 1746 scelere,
250 1717 273 1742 si
285 1716 333 1751 qui
346 1721 490 1751 tyrannum
500 1715 608 1746 oceidit,
621 1716 747 1750 quamvis
760 1715 876 1742 familia-

77 1752 153 1780 rem‘?
174 1753 274 1788 Populo
294 1753 405 1788 quidem
423 1754 541 1779 Romano
563 1761 614 1779 non
635 1753 755 1784 videtur,
778 1754 825 1788 qui
843 1762 876 1780 ex

77 1790 205 1817 omnibus
223 1790 366 1825 praeclaris
383 1790 458 1817 sactis
475 1790 543 1816 illud
555 1789 769 1825 pulcherrimum
781 1791 876 1817 existi-

78 1833 142 1854 mat.
183 1828 252 1854 Vicit
267 1836 330 1864 ergo
341 1828 443 1854 utilitas
454 1827 638 1854 honestatem?
658 1828 742 1854 Immo
753 1836 816 1854 vero
829 1828 876 1855 ho-

78 1869 207 1892 nestatem
219 1865 321 1892 utilitas
332 1870 474 1892 consecuta
485 1870 534 1891 est.

133 1903 239 1937 ltaque,
253 1907 282 1928 ut
292 1903 350 1928 sine
363 1902 418 1928 ullo
428 1910 516 1928 errore
527 1901 677 1929 diiudicare
689 1903 839 1937 possimus,
852 1903 876 1928 si

78 1939 187 1975 quando
198 1948 260 1965 cum
273 1939 326 1970 illo,
335 1939 407 1974 quod
418 1941 548 1965 honestum
559 1939 747 1975 intelligimus.
756 1949 876 1975 pugnare

79 1977 107 2003 id
119 1976 265 2008 videbitur,
274 1976 346 2012 quod
358 1975 527 2011 appellamus
539 1979 608 2006 utile,
618 1976 731 2003 formula
743 1977 875 2012 quaedam

78 2014 264 2041 constituenda
277 2018 329 2040 est:
353 2022 434 2048 quam
449 2014 472 2039 si
484 2022 629 2048 sequemur
642 2014 668 2040 in
680 2015 877 2048 comparatione
907 2018 908 2021 ’

79 2060 179 2082 rerum,
193 2051 226 2078 ab
237 2051 325 2078 officio
335 2059 484 2086 numquam
496 2050 662 2077 recedemus.
697 2053 738 2077 20.
762 2051 818 2078 Erit
829 2060 877 2077 au-

78 2093 133 2116 tem
154 2089 219 2115 haec
240 2088 353 2115 formula
373 2088 522 2114 Stoicorum
543 2089 638 2114 rationi
662 2087 877 2123 disciplinaeque
907 2088 908 2092 ’

79 2126 197 2153 maxime
208 2130 398 2152 consentanea:
414 2134 496 2160 quam
504 2125 614 2160 quidem
623 2125 665 2151 his
673 2125 749 2151 libris
755 2131 878 2160 propter-

79 2172 109 2190 ea
121 2164 274 2198 sequimur,
287 2163 374 2198 quod.
387 2171 553 2198 quamquam
564 2167 590 2189 et
601 2172 614 2189 a
627 2163 763 2189 veteribus
775 2162 878 2189 Acade-

79 2201 158 2228 micis
175 2205 229 2227 eta
244 2201 427 2235 Peripateticis
445 2201 554 2231 vestris,
577 2201 625 2235 qui
640 2200 776 2235 quondam
795 2200 876 2226 iidem

79 2243 166 2268 erant,
181 2247 245 2271 quae
256 2239 359 2264 honesta
371 2243 441 2266 suin,
454 2242 643 2270 anteponuntur
655 2240 694 2268 iis,
711 2247 776 2271 quoe
790 2240 877 2263 viden-
899 2242 900 2256 l

80 2280 123 2303 tur
136 2277 223 2305 utilia,
241 2279 328 2302 tamen
340 2274 512 2310 splendidius
525 2274 589 2301 haec
600 2275 633 2301 ab
645 2275 684 2301 eis
696 2275 874 2305 disseruntur.

80 2312 196 2348 quibus,
213 2315 338 2346 quidquid
348 2314 477 2338 honestum
489 2317 536 2342 est,
554 2314 619 2338 idem
630 2314 691 2338 utile
704 2315 816 2340 vitietur:
834 2321 877 2338 nec

79 2352 143 2377 utile
154 2352 301 2384 quidquam,
314 2352 380 2383 quod
391 2358 441 2375 uon
451 2351 594 2375 honestum:
615 2358 696 2384 quam
709 2349 741 2375 ab
755 2350 801 2380 iis,
814 2350 877 2384 qui-

80 2387 132 2414 bus
144 2392 189 2414 aut
200 2387 341 2414 honestum
352 2386 456 2421 aliquid
468 2395 519 2412 non
535 2386 613 2417 utile,
631 2392 676 2413 aut
688 2386 752 2413 utile
765 2396 816 2413 non
830 2387 877 2412 ho-

81 2429 198 2452 nestum.
239 2424 322 2451 Nobis
337 2429 425 2450 autem
443 2428 530 2450 nostru
543 2423 686 2450 Academia
702 2433 826 2459 magnam
845 2423 877 2450 li-

79 2463 196 2488 centiam
211 2461 269 2492 dat,
289 2466 329 2493 ut,
347 2461 538 2496 quodcumque
555 2461 672 2487 maxime
684 2461 821 2496 probabile
832 2470 877 2487 oc-

79 2504 182 2530 currat.
198 2498 226 2525 id
238 2504 326 2525 nostro
339 2499 395 2525 iure
409 2498 486 2524 licent
497 2497 651 2524 defendere.
691 2498 742 2524 Sed
755 2498 833 2524 redeo
844 2498 876 2524 ad

81 2535 234 2563 formulam.
276 2536 307 2563 V.
329 2537 371 2563 21,
392 2535 533 2562 Detrahere
546 2536 627 2571 igitur
638 2535 742 2570 aliquid
754 2535 838 2566 alteri,
852 2540 878 2562 et

81 2572 219 2600 hominem
237 2573 354 2600 hominis
371 2572 539 2599 incommodo
555 2581 635 2599 suum
650 2581 748 2607 augere
759 2581 877 2598 commo-

80 2609 160 2642 dum.
184 2611 269 2647 magis
285 2616 325 2638 est
341 2616 430 2637 contra
444 2615 577 2639 naturam.
594 2618 676 2645 quam
694 2618 777 2639 mors,
795 2618 876 2645 quam

80 2652 233 2683 paupertas,
246 2656 328 2684 quam
339 2647 513 2684 dolor,quam
524 2652 697 2683 cetera,quuc
709 2652 822 2682 possunt
833 2652 878 2674 aut

1037 115 1129 143 CAP.
1160 117 1274 143 2—7.
1657 121 1719 147 ⁴239

924 187 1027 220 corpori
1042 186 1161 213 accidere
1177 192 1223 214 aut
1238 187 1318 213 rebus
1336 189 1463 215 externis.
1502 189 1568 215 Nam
1585 190 1719 225 principio

925 223 993 250 tollit
1012 225 1165 250 convictum
1187 224 1334 251 humanum
1356 230 1381 252 et
1399 227 1562 253 societatem.
1603 228 1630 253 Si
1646 229 1717 253 enim

925 261 964 286 sie
980 261 1081 287 erimus
1097 261 1196 292 affecti,
1219 267 1247 287 ut
1263 268 1369 297 propter
1386 272 1465 289 suum
1482 265 1599 299 quisque
1616 264 1720 290 emolu-

927 303 1045 324 mentum
1057 298 1154 333 spoliet
1165 304 1209 325 aut
1222 299 1301 325 violet
1313 300 1439 331 alterum,
1462 300 1596 336 disrumpi
1610 310 1718 327 necesse

926 340 966 361 est
977 344 1044 366 eam,
1061 344 1129 370 quae
1142 337 1258 362 maxime
1270 342 1309 362 est
1320 338 1468 364 secundum
1482 344 1613 369 naturam,
1623 339 1720 364 huma-

927 373 955 398 ni
973 373 1079 407 generis
1100 374 1262 400 societatem.
1303 376 1344 400 ⁶22.
1372 375 1416 405 Ut,
1442 376 1464 401 si
1487 385 1570 402 unum
1592 376 1720 411 quodque

927 410 1078 435 membrum
1090 419 1199 436 sensum
1212 411 1283 437 hune
1296 411 1417 443 haberet,
1439 418 1468 439 ut
1484 422 1562 447 posse
1578 418 1681 448 putaret
1692 421 1720 439 se

928 446 1028 477 valere,
1046 448 1069 472 si
1086 448 1202 481 proximi
1219 449 1333 474 membri
1351 449 1532 476 valetudinem
1544 450 1576 476 ad
1589 459 1617 477 se
1628 450 1720 477 tradu-

927 484 1020 514 xisset,
1037 483 1172 510 debilitari
1188 490 1213 511 et
1228 486 1335 511 interire
1349 491 1432 512 totum
1447 496 1544 522 corpus
1557 497 1665 514 necesse
1676 496 1720 514 es-

927 525 979 547 set:
997 522 1049 551 sic,
1067 522 1089 546 si
1106 530 1176 547 unus
1192 523 1308 557 quisque
1325 529 1444 549 nostrum
1461 524 1493 550 ad
1509 534 1537 550 se
1552 526 1635 559 rapiat
1646 534 1721 551 com-

927 558 1004 584 moda
1016 558 1139 589 aliorum,
1152 559 1334 594 detrahatque,
1348 561 1419 595 quod
1431 562 1529 596 cuique
1541 564 1634 596 possit,
1647 571 1721 589 emo-

928 595 1041 621 lumenti
1056 596 1099 621 sui
1115 597 1211 631 gratia,
1229 598 1340 623 societas
1354 598 1493 625 hominum
1505 604 1529 625 et
1540 601 1720 625 communitas

927 637 1061 659 evertatur
1081 642 1188 659 necesse
1206 639 1255 660 est.
1296 635 1362 661 Nam
1383 636 1436 661 sibi
1458 638 1617 671 utquisque
1634 637 1717 667 malit,

927 669 998 704 quod
1010 669 1042 696 ad
1055 678 1134 696 usum
1150 671 1218 697 vitae
1230 672 1372 705 pertineat,
1389 682 1469 707 quam
1482 673 1556 699 alteri
1569 675 1717 708 acquirere,

927 715 1084 733 concessum
1095 712 1148 738 est,
1167 717 1218 734 non
1235 714 1399 743 repugnante
1416 716 1522 736 natura:
1542 711 1609 737 illud
1626 716 1719 737 natura

927 753 979 770 non
991 745 1103 778 patitur,
1121 750 1150 771 ut
1161 745 1273 771 aliorum
1286 746 1379 780 spoliis
1393 753 1494 774 nostras
1507 748 1657 777 facultates,
1675 757 1720 774 co·

927 782 994 816 pias,
1007 790 1071 816 opes
1083 790 1240 817 augeamus⁴
1271 785 1312 809 23.
1336 784 1427 818 Neque
1440 794 1501 811 vero
1514 785 1562 810 hoc
1574 786 1659 811 solum
1674 794 1721 811 na-

927 824 985 844 tura
1001 824 1026 844 et
1042 819 1098 844 iure
1113 820 1248 854 gentium,
1266 820 1312 845 sed
1328 822 1407 846 etiam
1425 821 1531 857 legibus
1547 822 1717 856 populorum.

927 856 1028 890 quibus
1045 856 1072 882 in
1088 856 1204 891 singulis
1219 858 1375 883 civitatibus
1391 859 1543 893 respublica
1559 861 1718 889 continetur.

927 893 1021 919 eodem
1037 893 1115 919 modo
1129 894 1303 920 constitutum
1319 900 1372 925 est,
1391 901 1419 921 ut
1435 904 1486 922 non
1504 896 1579 923 liceat
1594 897 1636 922 sui
1648 906 1721 922 com-

928 930 999 956 modi
1011 939 1106 956 caussa
1118 939 1211 957 nocere
1222 931 1308 957 alteri.
1350 932 1401 958 Hoc
1417 934 1488 959 enim
1505 939 1623 968 spectant
1638 933 1718 969 leges,

928 968 977 994 hoc
993 967 1099 998 volunt.
1123 968 1285 994 incolumem
1301 978 1359 995 esse
1375 970 1476 996 civium
1489 972 1718 997 coniunctionem:

927 1014 1009 1040 quam
1021 1006 1068 1040 qui
1079 1005 1223 1036 dirimunt,
1242 1014 1286 1032 eos
1299 1012 1390 1037 morte,
1404 1008 1513 1039 exsilio,
1530 1008 1660 1037 vim-ulis,
1674 1008 1721 1033 da-

928 1051 989 1068 mno
1000 1047 1130 1068 coercent.
1162 1043 1248 1077 Atque
1261 1043 1310 1069 hoe
1322 1044 1405 1070 multo
1418 1046 1502 1079 magis
1514 1045 1595 1071 eflicit
1607 1047 1662 1079 ipsa
1676 1054 1722 1071 na-

928 1085 1001 1106 turae
1012 1081 1087 1110 ratio,
1103 1088 1173 1114 quae
1184 1085 1223 1106 est
1235 1080 1277 1106 lex
1289 1081 1380 1107 divina
1393 1087 1417 1108 et
1428 1082 1558 1109 humana:
1574 1084 1617 1108 cui
1631 1091 1721 1116 parere

927 1118 974 1152 qui
988 1117 1060 1147 velit,
1073 1117 1175 1152 (omnes
1189 1122 1277 1144 autem
1290 1119 1434 1153 parebunt,
1452 1121 1499 1154 qui
1511 1120 1659 1146 seeundum
1676 1128 1723 1146 na-

928 1159 1013 1181 turam
1027 1154 1116 1180 volent
1130 1155 1396 1191 vivere.)numquam
1404 1158 1559 1187 committet,
1569 1157 1722 1183 utalienum

905 1200 906 1214 ι
927 1197 1033 1226 appetat
1048 1196 1073 1218 et
1090 1191 1132 1222 id,
1158 1192 1230 1226 quod
1246 1192 1320 1219 alteri
1341 1193 1498 1224 detraxerit,
1520 1195 1573 1220 sibi
1593 1199 1721 1220 assumat.

927 1231 968 1256 ⁶24.
992 1229 1096 1255 Etenim
1114 1230 1197 1255 mullo
1214 1231 1299 1265 magis
1315 1236 1354 1256 est
1370 1232 1519 1257 secundum
1537 1237 1657 1258 naturam
1675 1241 1723 1257 ex-

927 1266 1033 1292 celsitas
1048 1267 1131 1292 animi
1143 1272 1168 1293 et
1180 1267 1345 1302 magnitudo.
1356 1268 1599 1303 itemquecomitas.
1610 1270 1721 1298 iustitia,

929 1304 1084 1334 liberalitas,
1097 1313 1178 1339 quam
1191 1305 1323 1339 voluptas,
1336 1314 1417 1340 quam
1431 1307 1582 1341 vita,quam
1595 1306 1721 1332 divitiae:

927 1350 995 1376 quae
1007 1341 1118 1376 quidem
1129 1347 1298 1368 contemnere
1305 1347 1329 1369 et
1341 1351 1388 1377 pro
1400 1343 1484 1369 nihilo
1496 1343 1602 1373 ducere,
1613 1352 1723 1378 eompa-

928 1384 1029 1404 rantem
1041 1388 1102 1404 cum
1116 1379 1229 1405 utilitate
1240 1381 1387 1411 communi,
1402 1382 1492 1415 magni
1504 1382 1586 1406 animi
1598 1386 1622 1406 et
1633 1380 1724 1407 exi-el-

927 1417 950 1442 si
962 1421 1012 1442 est.
1052 1416 1193 1442 Detrahere
1210 1422 1298 1443 autem
1310 1417 1342 1443 de
1354 1417 1435 1444 altero
1446 1419 1487 1444 sui
1499 1418 1632 1444 commodi
1644 1427 1724 1444 caus-

928 1462 969 1484 sa,
988 1454 1073 1489 magis
1085 1459 1124 1480 est
1134 1458 1223 1480 contra
1236 1460 1370 1485 naturam,
1387 1464 1468 1490 quam
1481 1465 1565 1483 mors,
1583 1464 1663 1490 quain
1675 1455 1724 1481 ‹lo-

929 1490 975 1521 lor,
989 1500 1070 1525 quam
1082 1496 1167 1517 cetera
1179 1492 1286 1526 generis
1297 1492 1429 1519 eiusdem.
1472 1495 1512 1519 25
1536 1494 1653 1527 itemque
1666 1502 1724 1518 ma-

927 1529 969 1563 gis
981 1533 1020 1554 est
1031 1528 1180 1554 secundum
1194 1534 1314 1555 naturam
1323 1551 1328 1559 ,
1346 1539 1393 1564 pro
1403 1531 1530 1556 onmibus
1542 1530 1668 1565 gentibus
1677 1551 1682 1559 ,
1700 1530 1723 1555 si

905 1592 906 1595 ,
930 1566 984 1591 lieri
996 1566 1090 1600 possit.
1106 1566 1298 1592 conservandis
1310 1573 1354 1593 ant
1367 1568 1493 1594 iuvandis
1505 1568 1636 1593 maximos
1650 1567 1724 1593 labo-

929 1612 969 1629 res
989 1603 1179 1638 molestiasque
1195 1605 1346 1639 suscipere,
1371 1605 1517 1631 imitantem
1535 1604 1672 1630 {lert-ulem
1691 1605 1724 1630 il-

906 1662 907 1671 ,
929 1640 998 1670 lum,
1016 1649 1097 1675 quem
1111 1641 1249 1667 hominum
1263 1641 1330 1667 sama
1340 1663 1345 1672 ,
1364 1642 1554 1668 beneficiorum
1569 1651 1678 1671 memor.
1696 1643 1723 1667 in

927 1677 1041 1704 concilio
1052 1678 1207 1704 caelestium
1220 1678 1373 1710 collocavit,
1393 1689 1474 1714 quam
1488 1680 1576 1705 vivere
1591 1680 1615 1705 in
1628 1679 1725 1705 solitu-

927 1715 990 1741 dine
1002 1724 1053 1741 non
1066 1715 1144 1741 modo
1155 1716 1213 1742 sine
1225 1716 1288 1742 ullis
1301 1716 1438 1747 molestiis,
1447 1717 1494 1742 sed
1506 1717 1585 1742 etiam
1598 1717 1624 1742 iu
1638 1717 1725 1742 maxi-

929 1753 980 1778 mis
993 1753 1185 1787 voluptatibus,
1195 1753 1376 1780 abundantem
1389 1754 1516 1780 omuibus
1527 1755 1621 1788 copiis.
1637 1759 1662 1779 ιιι
1675 1762 1724 1779 ex-

927 1789 1008 1816 cellas
1020 1791 1098 1816 etiam
1112 1790 1314 1825 pulchritudine
1326 1797 1351 1817 et
1363 1792 1478 1818 viribus.
1514 1792 1642 1823 Quocirva
1654 1792 1723 1825 opti-

928 1836 970 1853 mo
984 1828 1101 1862 quisque
1117 1833 1142 1854 et
1156 1827 1377 1862 splendidissimo
1390 1829 1496 1863 ingenio
1510 1828 1585 1862 longe
1599 1828 1670 1854 illam
1684 1829 1725 1853 vi-

929 1869 980 1891 tam
995 1866 1056 1890 huic
1068 1866 1214 1900 anteponit.
1236 1866 1276 1892 Ex
1286 1874 1340 1900 quo
1351 1866 1475 1895 eflicitur,
1485 1866 1630 1895 homiuem,
1648 1871 1725 1891 natu·

929 1911 971 1928 rae
983 1902 1162 1933 obedientem.
1178 1903 1279 1929 homiui
1292 1912 1384 1929 nocere
1398 1913 1447 1929 uon
1460 1912 1547 1938 posse.
1582 1905 1622 1928 26.
1646 1903 1725 1928 Dein-

928 1939 974 1970 de,
988 1941 1035 1974 qui
1047 1939 1160 1966 alterum
1179 1940 1259 1966 violat
1268 1961 1273 1970 ,
1292 1946 1320 1966 ut
1332 1941 1388 1975 ipse
1400 1941 1504 1975 aliquid
1516 1940 1649 1966 commodi
1661 1949 1724 1965 cou—

928 1982 1065 2012 sequatur.
1075 1982 1119 2003 aut
1131 1977 1198 2003 nihil
1211 1978 1346 2004 existimat
1359 1988 1386 2003 se
1399 1978 1483 2004 faeere
1495 1983 1722 2007 coiitrauaturam,

929 2020 974 2040 aut
996 2015 1081 2049 inagis
1098 2014 1253 2050 fugiendam
1270 2021 1360 2041 censet
1382 2021 1506 2044 mortem.
1530 2019 1722 2049 paupertatem.

929 2051 1056 2081 dolorem.
1066 2053 1239 2078 amissionem
1247 2053 1327 2078 otiam
1335 2053 1490 2082 liberorum,
1501 2061 1722 2087 propinquorum,

929 2089 1091 2119 anticorum,
1105 2098 1187 2123 quam
1201 2089 1285 2115 faeere
1296 2091 1424 2125 cuiquam
1438 2090 1573 2116 iniurium.
1615 2089 1642 2114 Si
1657 2088 1723 2114 nihil

928 2126 1065 2152 existimat
1079 2131 1169 2152 conti-n
1185 2131 1305 2153 naturam
1327 2128 1382 2153 lieri
1401 2127 1556 2153 hominibus
1580 2126 1721 2154 violandis,

928 2162 995 2198 quid
1007 2171 1068 2188 cum
1080 2172 1110 2189 eo
1121 2163 1247 2192 disseras.
1264 2165 1311 2198 qui
1323 2165 1432 2190 omuino
1445 2164 1579 2190 hominem
1591 2172 1623 2189 ex
1638 2163 1724 2188 homi-

930 2209 960 2226 ne
974 2199 1064 2226 tollat?
1084 2200 1131 2226 Sin
1144 2199 1304 2235 fugiendum
1317 2201 1342 2227 id
1354 2201 1465 2236 quidem
1477 2207 1579 2228 censet.
1594 2200 1640 2225 sed
1653 2199 1724 2225 inul-

930 2242 953 2263 to
966 2236 1009 2263 illa
1023 2238 1120 2272 peiora,
1135 2243 1256 2267 mortem,
1270 2238 1601 2272 paupertatem,dolorem.
1616 2243 1682 2262 errat
1697 2246 1723 2262 in

928 2283 972 2303 eo,
990 2274 1062 2309 quod
1080 2274 1165 2300 ullum
1178 2280 1222 2301 aut
1233 2276 1351 2309 eorporis
1362 2281 1406 2301 aut
1419 2275 1538 2301 fortunae
1553 2281 1636 2300 vuum
1651 2275 1722 2299 xnus

928 2313 1011 2337 uuinii
1023 2313 1134 2347 gravius
1148 2313 1293 2338 existimat.
1335 2313 1376 2338 Vt.
1400 2313 1469 2347 Ergo
1480 2321 1563 2338 tinum
1575 2312 1653 2336 ‹lelwt
1665 2319 1723 2337 esso

927 2349 1055 2375 omnibus
1067 2350 1242 2384 propositum,
1264 2355 1288 2375 ut
1300 2352 1385 2375 vadi-m
1396 2353 1428 2375 si!
1441 2352 1537 2375 utililas
1551 2358 1624 2373 :annus
1637 2358 1723 2374 cums-

928 2396 975 2419 qiw
997 2391 1019 2412 e!
1041 2389 1230 2412 universorum:
1257 2395 1337 2421 quum
1359 2387 1380 2412 si
1398 2386 1430 2412 ad
1446 2396 1474 2411 se
1490 2387 1606 2420 quisque
1628 2387 1721 2420 rapiat.

928 2423 1092 2450 dissolvetur
1111 2424 1199 2450 omnis
1222 2423 1337 2449 humana
1356 2425 1497 2449 consortio.
1536 2424 1574 2448 2’7.
1598 2425 1683 2457 Atque
1699 2423 1722 2448 si

906 2491 907 2500 ἵ
928 2461 1007 2487 etium
1025 2461 1073 2487 hoe
1090 2466 1181 2487 nutura
1199 2461 1369 2495 praeseribit,
1388 2466 1415 2486 ut
1433 2460 1510 2486 homo
1527 2460 1642 2487 luuumi.
1661 2461 1724 2495 qui·

928 2507 1045 2532 eumque
1057 2499 1101 2529 sit,
1114 2498 1217 2524 obeam
1231 2499 1314 2533 ipsum
1326 2507 1459 2526 caussam.
1468 2497 1539 2532 quod
1553 2506 1575 2522 is
1588 2497 1665 2523 imino
1677 2498 1721 2527 sit,

929 2535 1080 2561 consultum
1098 2535 1176 2562 velit:
1200 2545 1307 2561 necessi·
1324 2541 1363 2561 est
1379 2534 1528 2560 secuudum
1540 2534 1661 2560 conulem
1677 2544 1723 2560 ua-

930 2577 1014 2598 turam
1026 2574 1147 2599 omnium
1161 2572 1300 2598 utilitati-iu
1317 2582 1375 2598 esse
1391 2581 1571 2598 couuuuuem.
1612 2571 1687 2604 Quod
1700 2572 1722 2597 si

930 2610 963 2635 itu
976 2615 1024 2639 est,
1039 2619 1090 2636 unu
1102 2611 1271 2636 continemur
1281 2619 1374 2635 «nunes
1385 2615 1409 2635 et
1421 2609 1513 2635 eadem
1530 2608 1586 2643 lege
1599 2615 1720 2635 naturae:

930 2647 1011 2682 idque
1028 2647 1117 2682 ipsum
1133 2648 1155 2673 si
1174 2648 1206 2674 ita
1224 2653 1276 2678 est,
1299 2652 1367 2674 verte
1381 2646 1478 2673 violare
1489 2646 1602 2672 alterum
1615 2652 1722 2673 naturae

1494 2695 1537 2719 157
