1941 3052
1018 379 1056 404 u.

750 454 782 482 M.
819 454 995 483 TULLII
1032 454 1322 484 CICERONIS

1008 548 1061 567 DE

443 620 1055 670 HARUSPICUM
1120 619 1629 670 RESPONSIS

867 730 911 756 1N
941 730 969 756 Ρ.
1001 728 1206 757 CLODIUM

664 806 850 843 HABITA
892 806 937 843 IN
972 807 1170 844 SENATU
1204 805 1409 843 ORATIO.

758 969 965 996 NOTITIA
1000 968 1319 996 LITTERARIA.

331 1035 400 1056 Vnt-in
413 1036 521 1063 prodigia
535 1044 597 1057 rinno
615 1037 640 1057 U.
656 1040 702 1058 6⁰7.
721 1038 760 1058 Cn.
779 1038 880 1059 Cornelio
898 1038 992 1058 Lentulo
1002 1037 1140 1058 Marcellino
1153 1037 1178 1058 L.
1190 1038 1281 1058 Blnrci'o
1292 1038 1400 1066 Philippo
1415 1045 1469 1058 rou.
1488 1045 1561 1058 menn
1581 1037 1673 1057 circiter
1682 1036 1760 1060 Maio.
1775 1040 1801 1056 u!
1812 1036 1855 1056 Dio

223 1070 315 1091 tumim
331 1075 412 1091 mirra!
423 1071 446 1091 1„
458 1074 499 1095 38⁴,
514 1071 538 1091 ιἰι
553 1076 628 1092 niente
641 1072 729 1093 Aumno
742 1077 763 1093 tt
777 1073 801 1093 ιἰι
821 1080 877 1100 rig-m
893 1073 1020 1094 Latiniensi
1033 1073 1093 1093 alim
1109 1077 1171 1097 mne,
1191 1072 1352 1101 lmrmpicibm
1371 1074 1395 1094 in
1411 1073 1460 1100 ipae
1477 1076 1550 1094 terme
1564 1073 1692 1100 expiandae
1707 1071 1796 1097 negotio
1811 1075 1853 1091 trr-

220 1105 279 1125 rim.
311 1105 401 1126 Clodius
421 1106 494 1132 igitur
507 1106 630 1134 pimenium
640 1114 685 1128 ene
700 1107 723 1128 in
736 1108 849 1128 Ciceronis
863 1110 928 1129 domo
944 1112 1070 1129 ''ronnei-ure
1079 1115 1199 1135 nggrruui
1210 1112 1249 1128 nt.

273 1223 349 1244 ABG.
376 1224 429 1245 Octo
446 1230 553 1251 renponn
570 1224 711 1253 burn-picum
726 1225 752 1246 de
767 1228 896 1253 portentoso
911 1225 1011 1252 quodum,

220 1258 258 1284 qui
276 1258 299 1278 in
318 1265 370 1283 agro
385 1259 511 1280 Latiniensi
529 1260 619 1281 auditu·
639 1265 697 1285 erut,
717 1261 812 1288 ntrrpitu
832 1261 976 1281 subterraneo
991 1264 1013 1280 et

219 1292 323 1318 clangore
333 1293 413 1314 bellico
421 1310 426 1319 ,
441 1294 540 1319 nenntui,
557 1295 656 1316 civitati·
668 1296 786 1316 formidine
795 1296 923 1316 liberandae
933 1302 1013 1316 canan

219 1328 356 1352 consulenti.
372 1329 435 1353 data,
451 1336 464 1350 ι
473 1329 552 1350 Clodio
563 1333 633 1351 nutem
645 1330 668 1351 in
679 1330 806 1351 Ciceronem
818 1330 912 1355 maligne
922 1337 1012 1351 conver-

219 1369 256 1387 ιι,
267 1362 302 1383 hic
313 1363 391 1384 ordine
400 1364 504 1391 deincep!
514 1365 641 1392 proposita,
653 1372 692 1386 nec
701 1366 728 1386 de
738 1366 818 1387 ceteri·
829 1367 894 1386 relius
906 1365 961 1389 suin,
973 1371 1012 1385 nee

219 1397 246 1418 de
256 1404 296 1418 nia
305 1398 381 1423 domo.
398 1399 436 1419 teil
450 1400 526 1427 potiu-
535 1400 562 1420 de
571 1400 634 1421 dumo
645 1400 720 1421 Clodii
731 1404 752 1421 et
763 1402 828 1421 rebu-
839 1400 967 1427 aecipiend-
977 1407 1011 1420 es-

219 1438 254 1457 te.
270 1431 311 1453 luc
325 1433 426 1454 oratione
435 1435 572 1462 propositum
583 1435 649 1456 Iubet
659 1436 782 1456 ostendere.
812 1435 958 1462 Haruspicum
968 1435 1011 1459 igi-

219 1471 255 1487 tur
268 1467 310 1487 ill·
324 1474 431 1495 reuponn
442 1473 503 1489 eruit
514 1469 675 1490 huiuscemodi:
697 1472 718 1496 1)
729 1471 803 1491 Ludus
811 1470 883 1491 minus
893 1470 1012 1495 diligenter

219 1501 291 1522 facto·
308 1502 464 1530 pullutmque;
487 1506 511 1530 2)
526 1504 575 1525 loca
589 1511 652 1525 narra
667 1508 688 1526 et
703 1505 809 1531 relig-insu
824 1506 917 1533 profanu
935 1504 1011 1525 haberi

218 1537 276 1564 (cup,
287 1539 331 1563 5.)3
360 1540 383 1564 3)
394 1542 494 1559 oratore·
504 1539 626 1560 contraius
638 1540 714 1567 suque
724 1540 855 1561 interfectos
866 1542 895 1566 (c.
906 1542 964 1566 ¹6.);
987 1541 1011 1566 Δ)

218 1572 281 1592 sudem
292 1575 313 1592 et
322 1572 477 1594 iusiurandum
489 1573 646 1601 neglectuni(c.
655 1577 712 1602 17.);
722 1577 745 1601 5)
756 1575 866 1596 sacrificia
877 1578 964 1596 vetusta
975 1581 1010 1595 or-

217 1606 320 1634 cultnque
334 1607 406 1628 minn-
421 1608 542 1634 diligenter
555 1609 613 1630 factu
624 1609 753 1637 pollutaque
762 1611 791 1635 (e.
805 1612 861 1636 17.)·.
886 1612 908 1636 6)
924 1617 1011 1631 monere

217 1640 270 1661 deon
280 1641 428 1667 immortales,
445 1650 472 1663 ne
482 1650 521 1671 per
534 1644 672 1671 optimatium
687 1644 820 1665 discordiam
836 1645 1009 1665 dissensionem-

217 1682 259 1702 que
273 1676 374 1703 patribus
389 1677 572 1705 principibusque
586 1680 663 1700 caedes
678 1679 820 1707 periculaque
835 1684 936 1700 creentur
946 1679 1010 1700 nuxi-

217 1710 292 1737 lioque
302 1711 410 1732 deminuti
419 1713 556 1737 deliciantur.
567 1721 634 1740 quare
644 1715 670 1734 ad
681 1722 746 1735 unum
757 1714 871 1742 imperium
883 1714 1010 1741 provinciae

217 1746 308 1766 redeant
317 1747 473 1774 exercitu-que
482 1748 560 1775 pulsu·
570 1749 736 1776 ‹leminutioque
746 1750 833 1770 accedat
844 1751 938 1775 (c.1!1.);
950 1752 973 1775 7)
984 1756 1010 1769 ne

217 1780 366 1802 deteriorum·
377 1781 518 1809 repul-inque
528 1783 597 1804 liunus
608 1788 714 1809 augeatur
723 1784 752 1809 (c.
764 1786 817 1810 26.).
829 1788 850 1804 et
860 1786 882 1810 8)
892 1791 942 1811 proi
948 1784 1009 1804 iden-

217 1815 267 1836 (lum
277 1822 334 1840 ene,
346 1823 372 1837 ne
382 1820 454 1837 nutus
464 1817 601 1845 reipublicae
611 1822 755 1839 commutetur
764 1820 794 1843 (c.
804 1821 837 1839 27.
850 1820 926 1845 extu).

273 1869 293 1895 Ι.
306 1870 330 1895 l.
352 1865 487 1897 Hesterno
496 1871 553 1902 die,
569 1876 655 1906 patres
666 1872 822 1906 conscripti,
835 1880 919 1906 quum
932 1880 974 1898 me
985 1877 1010 1899 et

218 1910 305 1932 vestra
325 1906 441 1943 dignitas
462 1912 488 1934 et
508 1908 657 1943 frequentia
676 1909 798 1944 equitum
819 1909 1007 1940 Romanorum,

215 1943 317 1978 quibus
328 1949 436 1970 senatus
448 1944 569 1976 dabatur.
579 1954 674 1981 magno
684 1955 762 1980 opere
771 1951 945 1973 commosset:
959 1955 1010 1981 pu-

216 1981 269 2006 tavi
286 1980 353 2007 mihi
367 1982 563 2016 reprimendam
574 1992 633 2009 esse
645 1983 673 2009 P.
686 1983 771 2010 Clodii
783 1984 946 2018 impudicam
959 1985 1010 2010 im-

216 2017 382 2051 pudentiam,
398 2027 483 2053 quum
496 2020 518 2045 is
530 2020 734 2054 publicanorum
745 2029 868 2047 caussam
880 2020 1010 2047 stultissi-

216 2054 268 2080 mis
283 2055 534 2091 interrogationibus
551 2057 704 2092 impediret,
727 2062 752 2084 et
767 2058 795 2083 P.
809 2058 924 2084 Tullioni
942 2058 1009 2093 Syro

216 2096 323 2118 navaret
334 2100 449 2127 operam,
458 2098 537 2128 atque
547 2094 570 2120 ei
582 2103 650 2125 sese,
658 2095 701 2121 cui
713 2099 783 2121 totus
795 2095 920 2125 venierat,
929 2096 1008 2121 etiam

215 2128 292 2155 vobis
304 2129 516 2164 inspectantibus
529 2131 684 2158 venditaret.
715 2132 806 2167 ltaque
819 2132 953 2159 hominem
967 2132 1009 2158 fu-

215 2170 316 2192 rentem
327 2166 560 2202 exsultantemque
574 2169 707 2199 continui,
729 2169 843 2195 simulac
858 2169 1007 2204 periculum

214 2203 308 2229 iudicii
326 2203 442 2230 intendi:
462 2205 569 2231 duobus
580 2206 693 2240 inceptis
705 2206 794 2232 verbis
805 2215 910 2233 omnem
922 2207 1008 2241 impe-

215 2244 272 2266 tum
283 2239 437 2276 gladiatoris
449 2241 626 2277 ferociamque
641 2244 798 2278 compressi.
838 2245 863 2270 Ξ.
885 2244 1008 2271 Attamen

214 2277 325 2312 ignarus
337 2277 395 2309 ille,
408 2279 455 2314 qui
467 2279 590 2306 consules
601 2285 703 2311 essent,
716 2281 861 2316 exsanguis
872 2286 952 2316 atque
963 2289 1007 2307 ae-

215 2319 318 2345 stuans,
331 2323 360 2341 se
371 2324 404 2342 ex
413 2317 487 2342 curia
499 2321 606 2351 repente
616 2318 755 2352 proripuit,
768 2326 829 2344 cum
841 2318 1006 2353 quibusdam

216 2350 304 2378 fractis
319 2352 372 2378 iam
387 2357 467 2388 atque
483 2353 609 2380 inanibus
622 2355 716 2385 minis,
739 2359 835 2381 etcum
848 2355 921 2381 illius
932 2355 1007 2381 Piso-

216 2388 287 2414 niani
299 2390 426 2424 temporis
436 2390 634 2426 Gabinianique
645 2391 799 2418 terroribus.
821 2392 906 2424 Quem
920 2401 1006 2427 quum

215 2425 393 2459 egredientem
414 2427 521 2463 insequi
541 2429 703 2463 coepissem:
723 2430 781 2463 cepi
802 2429 928 2464 equidem
949 2429 1006 2455 fru-

215 2465 288 2488 ctum
308 2464 457 2490 maximum
477 2469 503 2491 et
522 2474 556 2492 ex
575 2466 789 2492 consurrectione
814 2467 934 2492 omnium
959 2475 1006 2492 ve-

216 2501 301 2524 strum
317 2504 343 2540 et
357 2508 390 2527 ex
405 2501 530 2528 comitatu
544 2502 758 2537 publicanorum.
799 2502 851 2529 Sed
863 2511 954 2529 vecors
966 2512 1007 2529 re—

214 2539 294 2576 pente
305 2544 362 2562 sine
373 2546 422 2564 suo
434 2538 510 2565 vultu
518 2560 524 2570 ,
541 2540 599 2566 sine
609 2539 708 2570 colore,
726 2540 784 2565 sine
800 2548 863 2566 voce
873 2541 1004 2566 constitit:

215 2570 313 2598 demde
327 2575 457 2607 respexit3
479 2580 504 2602 et
519 2576 633 2603 simulac
647 2576 695 2603 Cn.
707 2576 850 2603 Lentulum
867 2577 1004 2603 consulem

216 2609 332 2642 aspexit.
345 2611 460 2637 concidit
470 2612 498 2638 in
508 2614 597 2640 curiae
609 2622 692 2648 paene
703 2613 803 2644 limine,
815 2614 1003 2645 recordatione,

215 2644 302 2676 credo,
316 2645 424 2674 Gabinii
435 2649 477 2675 sui
487 2649 672 2686 desiderioque
682 2650 796 2677 Pisonis.
818 2650 902 2677 Cuius
913 2659 962 2686 ego
972 2651 1005 2677 de

1064 1226 1188 1253 effrenato
1199 1232 1223 1253 et
1235 1228 1372 1262 praecipiti
1385 1227 1472 1254 furore
1483 1227 1548 1262 quid
1560 1226 1665 1253 dicam?
1683 1226 1757 1253 Haud
1770 1231 1855 1261 potest

1063 1265 1232 1299 gravioribus
1243 1274 1256 1291 a
1269 1273 1311 1291 me
1322 1265 1410 1291 verbis
1422 1264 1564 1293 vulnerari,
1573 1273 1652 1299 quam
1665 1269 1705 1290 est
1715 1265 1813 1294 statim.
1827 1265 1854 1290 in

1065 1301 1131 1328 facto
1145 1302 1216 1336 ipso,
1239 1310 1252 1328 a
1267 1302 1428 1337 gravissimo
1443 1302 1500 1328 viro
1509 1302 1537 1327 P.
1551 1301 1664 1327 Servilio
1679 1301 1815 1327 confectus
1826 1309 1855 1327 ac

1064 1339 1221 1365 trucidatus.
1262 1340 1346 1366 Cuius
1366 1340 1388 1365 si
1404 1339 1482 1365 etiam
1499 1339 1553 1364 vim
1569 1343 1594 1364 et
1609 1339 1765 1374 gravitatem
1781 1338 1854 1364 illam

1063 1376 1226 1412 singularem
1241 1385 1270 1403 ac
1282 1385 1364 1411 paene
1375 1376 1493 1402 divinam
1505 1376 1612 1410 assequi
1625 1384 1744 1410 possem:
1767 1380 1854 1402 tamen

1065 1422 1115 1439 non
1135 1413 1242 1445 dubito,
1264 1415 1330 1449 quin
1350 1422 1378 1439 ea
1394 1413 1457 1443 tela,
1479 1421 1548 1448 quae
1563 1414 1703 1439 coniecerit
1717 1413 1852 1444 inimicus,

1063 1459 1144 1485 quam
1156 1459 1199 1481 ea,
1212 1459 1280 1486 quae
1291 1450 1391 1486 collega
1403 1451 1485 1486 patris
1496 1451 1594 1481 emisit,
1609 1450 1705 1476 leviora
1717 1454 1795 1485 atque
1808 1449 1855 1476 he-

1063 1488 1162 1514 betiora
1173 1496 1230 1514 esse
1242 1488 1390 1514 videantur.

1119 1539 1150 1565 11.
1165 1539 1189 1564 3.
1207 1537 1259 1564 Sed
1276 1542 1362 1564 tamen
1379 1538 1430 1564 mei
1447 1536 1646 1563 factitationem
1658 1544 1789 1572 exponere
1801 1536 1855 1563 illis

1062 1575 1136 1606 volo,
1153 1575 1200 1610 qui
1213 1575 1335 1601 hesterno
1345 1575 1388 1601 die
1399 1574 1488 1600 dolore
1500 1582 1541 1600 me
1552 1573 1650 1600 elatum
1659 1595 1665 1604 ,
1682 1578 1708 1600 et
1719 1573 1854 1600 iracundia

1063 1612 1169 1648 longius
1185 1621 1266 1647 prope
1276 1612 1428 1647 digressum
1439 1611 1644 1639 arbitrabantur,
1657 1620 1737 1645 quam
1748 1611 1855 1645 sapien-

1062 1650 1096 1676 tis
1109 1649 1224 1676 hominis
1235 1649 1347 1684 cogitata
1360 1649 1425 1675 ratio
1436 1648 1591 1682 postularet.
1613 1647 1686 1674 Nihil
1698 1647 1747 1674 feci
1759 1648 1852 1678 iratus,

1063 1686 1129 1713 nihil
1141 1687 1280 1720 impotenti
1292 1687 1393 1717 animo,
1412 1685 1478 1712 nihil
1495 1693 1545 1711 non
1560 1684 1606 1711 diu
1617 1684 1813 1711 consideratum
1825 1693 1855 1711 ac

1062 1723 1147 1750 multo
1157 1728 1216 1749 ante
1228 1723 1394 1749 meditatum.
1434 1722 1491 1757 Ego
1501 1723 1571 1748 enim
1580 1742 1586 1752 ,
1603 1726 1688 1756 patres
1699 1722 1852 1756 conscripti,

1062 1761 1201 1787 inimicum
1213 1768 1254 1786 me
1265 1768 1372 1794 semper
1382 1767 1440 1786 esse
1451 1758 1587 1794 professus
1599 1767 1658 1785 sum
1671 1758 1790 1789 duobus,
1806 1759 1854 1794 qui

1062 1806 1113 1829 me,
1126 1798 1174 1832 qui
1186 1797 1388 1832 rempublicam,
1401 1805 1485 1831 quum
1498 1795 1639 1822 defendere
1649 1795 1785 1826 deberent,
1798 1804 1855 1822 ser-

1062 1843 1123 1861 vare
1143 1839 1265 1869 possent;
1287 1842 1427 1869 quumque
1447 1833 1480 1859 ad
1500 1833 1639 1860 consulare
1654 1833 1772 1859 officium
1787 1833 1854 1867 ipsis

1061 1872 1217 1907 insignibus
1228 1871 1301 1897 illius
1314 1871 1428 1906 imperii,
1437 1870 1470 1896 ad
1482 1879 1567 1896 meam
1577 1870 1690 1896 salutem
1703 1879 1754 1896 non
1765 1870 1854 1896 solum

1061 1909 1228 1940 auctoritate,
1254 1908 1301 1934 sed
1320 1909 1398 1934 etiam
1420 1908 1545 1942 precibus
1565 1908 1662 1934 vestris
1683 1912 1852 1934 vocarentur:

1061 1947 1148 1981 primo
1160 1946 1339 1981 reliquerunt,
1353 1945 1450 1971 deinde
1462 1945 1647 1980 prodIderunt,
1661 1949 1795 1979 postremo
1806 1953 1854 1979 op-

1062 1988 1258 2019 pugnaverunt.
1273 1983 1452 2017 praemiisque
1465 1981 1579 2008 nefariae
1591 1982 1720 2016 pactionis
1732 1981 1854 2008 funditus

1061 2030 1112 2047 una
1128 2030 1189 2047 cum
1205 2020 1340 2055 republica
1357 2028 1517 2055 oppressum
1532 2020 1748 2054 exstinctumque
1763 2018 1855 2045 volue-

1061 2063 1136 2085 runt:
1158 2058 1259 2093 quique
1271 2066 1321 2083 suo
1331 2057 1414 2083 ductu
1425 2062 1450 2083 et
1461 2057 1585 2091 imperio,
1598 2060 1707 2082 cruento
1718 2055 1764 2082 illo
1774 2060 1854 2090 atque

1061 2095 1180 2126 funesto,
1197 2094 1331 2130 supplicia
1344 2103 1430 2129 neque
1441 2103 1454 2120 a
1465 2095 1598 2120 sociorum
1610 2093 1751 2119 moenibus
1763 2092 1854 2127 prohi-

1060 2133 1131 2163 bere,
1145 2140 1232 2167 neque
1246 2132 1362 2158 hostium
1375 2131 1489 2158 urbibus
1500 2130 1597 2157 inferre
1609 2134 1765 2165 potuerunt:
1781 2129 1854 2156 exci-

1060 2170 1175 2200 sionem,
1198 2168 1448 2199 inflammationem,
1470 2169 1650 2198 eversionem.
1668 2165 1853 2202 depopulatio-

1060 2215 1120 2233 nem
1130 2227 1136 2238 ,
1153 2207 1303 2233 vastitatem
1319 2214 1376 2231 eam
1391 2214 1440 2232 sua
1455 2213 1516 2231 cum
1532 2204 1628 2240 praeda
1644 2205 1711 2230 meis
1725 2203 1853 2230 omnibus

1060 2245 1135 2270 tectis
1146 2248 1225 2278 atque
1237 2243 1306 2279 agris
1318 2242 1476 2269 intulerunt.
1517 2243 1541 2268 4.
1557 2242 1624 2268 Cum
1635 2241 1678 2267 bis
1689 2240 1767 2267 furiis
1777 2245 1804 2266 et
1813 2239 1853 2266 fa-

1059 2281 1150 2312 cibus,
1167 2289 1229 2307 cum
1242 2280 1297 2311 his,
1314 2280 1438 2315 inquam,
1457 2279 1576 2306 exitiosis
1587 2277 1716 2313 prodigiis
1727 2286 1757 2303 ac
1768 2285 1853 2312 paene

1060 2318 1141 2344 huius
1156 2317 1262 2352 imperii
1278 2317 1400 2352 pestibus
1415 2316 1517 2343 bellum
1533 2316 1600 2342 mihi
1615 2313 1778 2349 inexpiabile
1792 2314 1852 2341 dieo

1059 2363 1117 2381 esse
1127 2359 1298 2389 susceptum:
1311 2362 1398 2389 neque
1407 2353 1435 2379 id
1447 2359 1533 2379 tamen
1544 2353 1634 2387 ipsum
1645 2356 1757 2382 tantum,
1765 2359 1853 2386 quan-

1059 2397 1115 2418 tum
1127 2400 1204 2418 meus
1215 2400 1244 2418 ac
1256 2399 1385 2421 meorum,
1393 2390 1441 2416 sed
1452 2395 1562 2420 tantum,
1570 2393 1702 2424 quantum
1715 2393 1802 2415 vester
1812 2393 1853 2415 at-

1058 2438 1111 2464 que
1126 2429 1247 2455 omnium
1265 2428 1394 2454 bonorum
1406 2427 1481 2454 dolor
1490 2425 1645 2462 postulavit.
1685 2426 1728 2452 111.
1749 2426 1779 2452 ln
1791 2424 1852 2452 Clo-

1058 2466 1134 2492 dium
1150 2474 1213 2492 vero
1228 2474 1279 2492 non
1295 2469 1335 2491 est
1349 2464 1428 2491 hodie
1444 2472 1532 2490 meum
1543 2463 1630 2489 maius
1639 2462 1746 2493 odium,
1767 2470 1851 2498 quam

1058 2502 1104 2529 illo
1124 2503 1167 2529 die
1187 2502 1251 2533 fuit,
1272 2510 1358 2537 quum
1373 2501 1451 2527 illum
1466 2500 1620 2527 ambustum
1636 2499 1849 2535 religiosissimis

1057 2540 1167 2576 ignibus
1182 2539 1294 2575 cognovi
1310 2537 1435 2564 muliebri
1449 2542 1542 2564 ornatu
1552 2545 1586 2563 ex
1595 2537 1696 2563 incesto
1706 2541 1800 2572 stupro
1809 2540 1849 2562 at-

1056 2585 1110 2612 que
1124 2585 1157 2604 ex
1171 2576 1250 2603 domo
1264 2575 1396 2611 pontificis
1406 2575 1515 2601 maximi
1526 2574 1666 2600 emissum.
1706 2573 1789 2604 Tum,
1805 2573 1849 2599 in-

1056 2622 1138 2649 quam
1146 2634 1152 2645 ,
1170 2618 1227 2640 tum
1238 2613 1294 2640 vidi
1305 2621 1336 2638 ac
1346 2611 1430 2638 multo
1440 2616 1500 2638 ante
1510 2611 1649 2646 prospexi,
1666 2615 1766 2646 quanta
1780 2614 1848 2636 tem-

1056 2655 1145 2686 pestas
1159 2651 1332 2681 excitaretur,
1348 2652 1446 2684 quanta
1457 2648 1623 2684 impenderet
1631 2647 1745 2684 procella
1757 2647 1848 2682 reipu-
