1941 3052
499 114 550 140 DE
581 114 780 142 LEGIBUS
810 115 890 142 LIB.

55 185 167 217 iisdem;
181 188 305 219 corrupta
316 183 468 215 hominum,
481 193 533 212 non
544 185 666 212 deorum.
699 187 740 212 44.
756 186 853 221 Repri-

54 223 188 249 mamiam
199 230 254 252 me,
272 226 298 248 et
309 230 361 248 non
373 223 500 257 insequar
514 222 634 258 longius,
652 231 738 257 eoque
750 224 850 254 minus,

52 269 107 296 quo
118 259 180 295 plus
191 267 338 294 poenarum
351 259 446 290 habeo,
458 268 539 295 quam
552 261 647 294 petivi.
677 261 791 286 Tantum
803 269 852 295 po-
872 266 873 272 ¹

52 306 124 328 narn,
139 296 277 331 duplicem
288 305 402 331 poenam
413 305 473 323 esse
484 297 615 328 divinam,
629 297 700 332 quod
713 303 815 324 constat
826 302 851 324 et

52 334 185 362 vexandis
197 334 322 360 vivorum
333 334 445 365 animis,
464 339 490 360 et
504 343 533 360 ea
546 334 615 361 fama
627 340 808 366 mortuorum,
822 340 852 361 ut

52 380 144 399 eorum
160 372 275 398 exitium
290 375 316 398 et
330 371 432 397 iudicio
446 372 571 398 vivorum
582 377 607 398 et
617 372 717 407 gaudio
728 381 852 407 compro·
872 389 873 397 η

52 409 141 436 betur.

106 446 200 473 XVIII.
223 447 264 472 45.
285 445 351 482 Agri
367 450 455 472 autem
472 454 505 472 ne
524 451 726 477 consecrentur,
748 445 851 472 Platoni
872 441 873 448 ¹

50 492 161 519 prorsus
173 483 318 510 assentior:
339 483 401 517 qui,
424 484 447 509 si
459 483 538 509 modo
550 484 717 518 interpretari
729 489 848 518 potuero,

51 521 94 548 his
107 521 161 548 fere
172 521 264 548 verbis
275 521 372 547 utitur:
393 530 404 544 u
412 521 490 546 Terra
504 521 595 555 igitur,
609 525 638 546 ut
650 520 725 546 focus
735 520 851 547 domici-

51 558 172 590 »liorum,
186 566 260 585 sacra
271 557 383 584 deorum
394 558 516 584 omnium
528 562 577 584 est.
602 558 731 589 Quocirca
744 566 776 584 ne
787 559 849 593 quis

50 597 162 623 »iterum
175 595 247 622 idem
258 599 421 621 consecrato.
456 595 560 621 Aurum
572 599 660 621 autem
673 600 698 621 et
709 600 849 630 argentum

50 634 92 660 »in
108 633 224 660 urbibus
240 637 265 659 et
280 632 407 667 privatim
423 636 449 658 et
464 632 491 658 in
507 631 576 658 fanis
592 632 726 658 invidiosa
743 641 784 658 res
798 637 847 658 est.

50 671 132 697 »Tum
142 671 218 701 ebur,
227 679 261 696 ex
272 670 346 696 inani
357 677 467 704 corpore
478 674 635 701 extractum,
646 669 717 696 haud
729 671 794 696 satis
805 678 850 696 ca-

49 713 135 735 »stum
146 708 248 734 donum
259 707 319 734 deo.
360 708 414 733 lam
426 715 470 733 aes
482 711 561 742 atque
574 706 687 737 ferrum,
705 706 790 732 duelli
807 707 850 732 in-

49 750 224 776 »strumenta,
248 753 299 771 non
316 744 380 771 fani.
422 745 554 780 Ligneum
573 749 676 775 autem,
698 744 770 778 quod
787 745 849 778 quis

49 783 189 814 moluerit,
201 791 256 809 uno
266 790 280 808 e
293 782 365 817 ligno
376 781 507 812 dedicato,
524 782 643 816 itemque
656 781 807 815 lapideum,
822 782 848 807 in

49 820 185 846 »delubris
196 819 399 846 communibus.
440 818 544 845 Textife
556 827 588 844 ne
599 819 753 853 operosius,
766 827 849 853 quam

49 858 187 884 »mulieris
197 866 265 892 opus
278 861 456 883 menstruum.
492 855 570 882 Color
581 860 669 882 autem
681 855 759 882 albus
772 864 850 890 prae-

49 896 142 930 »cipue
153 895 267 921 decorus
278 894 328 920 deo
339 898 380 920 est
393 902 478 928 quum
489 894 516 919 in
529 894 637 924 ceteris,
661 897 718 919 tum
731 893 849 919 maxime

48 933 90 959 »in
103 932 199 959 textili.
234 932 326 957 Tincta
339 939 401 957 vero
413 930 510 960 absint,
525 930 576 956 nisi
589 939 602 956 a
614 929 720 956 bellicis
733 931 849 966 insigni-

49 970 124 996 »bus.
159 969 335 995 Divinissima
346 972 435 994 autem
446 967 514 994 dona
528 976 591 993 aves
602 972 628 993 et
639 967 738 993 formae
750 968 783 993 ab
797 976 849 994 uno

48 1008 163 1042 »pictore
183 1015 237 1032 uno
258 1005 395 1032 absolutae
420 1005 478 1031 die:
512 1005 631 1039 itemque
656 1010 751 1031 cetera.
766 1005 849 1031 huius

48 1043 181 1079 »exempli
193 1043 261 1070 dona
273 1048 378 1069 sunto.«
405 1043 472 1068 Haec
483 1041 523 1068 illi
535 1042 651 1077 placent.
679 1042 732 1068 Sed
744 1051 793 1078 ego
804 1051 849 1068 ce-

48 1087 103 1108 tera
119 1090 171 1108 non
188 1086 241 1107 tam
257 1081 377 1107 restricte
388 1079 530 1115 praefinio,
554 1079 596 1105 vel
609 1079 751 1106 hominum
763 1080 846 1111 vitiis,

48 1119 91 1146 vel
103 1118 236 1146 subsidiis
248 1123 400 1152 temporum
412 1118 510 1144 victus.
526 1117 731 1143 Terraecultum
740 1118 849 1153 segnio-

47 1165 105 1183 rem
116 1157 241 1191 suspicor
253 1155 321 1186 fore,
339 1155 363 1181 si
378 1155 412 1181 ad
428 1163 486 1181 eam
497 1154 624 1180 utendam
636 1154 759 1189 ferroque
771 1155 849 1181 subi-

47 1193 164 1230 gendam
175 1193 376 1228 superstitionis
387 1191 490 1227 aliquid
502 1192 654 1218 accesserit.

101 1231 168 1258 Arr.
190 1231 279 1257 Habeo
295 1231 356 1257 ista.
397 1231 474 1256 Nunc
490 1229 522 1255 de
534 1230 617 1255 sacris
630 1230 768 1264 perpetuis
779 1229 848 1256 etde

48 1269 170 1295 manium
183 1269 240 1294 iure
252 1272 342 1294 restat.
382 1267 418 1293 M.
435 1268 456 1293 0
469 1267 564 1293 miram
581 1267 752 1298 memoriani,
770 1267 849 1293 Pom-

47 1307 126 1341 poni,
143 1306 230 1332 tuam!
253 1306 286 1332 At
301 1305 368 1331 mihi
385 1305 435 1331 ista
451 1304 615 1331 exciderant.
656 1305 697 1330 46.
718 1304 786 1331 Αττ.
812 1305 848 1330 lta

47 1343 141 1370 credo:
164 1343 211 1370 sed
228 1347 316 1369 tamen
333 1342 383 1369 hoc
397 1342 484 1377 magis
495 1350 540 1368 eas
551 1350 593 1368 res
604 1347 630 1368 et
641 1342 752 1367 memini
764 1346 790 1368 et
801 1350 849 1368 ex-

47 1385 152 1416 specto,
175 1380 248 1415 quod
265 1385 290 1406 et
305 1379 338 1406 ad
354 1380 523 1414 pontificium
539 1380 581 1405 ius
593 1384 618 1405 et
629 1379 661 1405 ad
673 1379 754 1405 civile
765 1379 848 1414 pcrti-

48 1423 122 1445 nent.
163 1418 199 1445 M.
222 1418 304 1445 Vero:
321 1422 347 1444 et
358 1417 528 1452 apertissima
540 1421 603 1443 sunt
615 1417 674 1442 istis
685 1416 718 1442 de
730 1417 811 1442 rebus
823 1421 848 1443 et

47 1464 176 1491 responsa
187 1460 213 1482 et
223 1456 321 1489 scripta
334 1454 432 1481 multa:
445 1459 471 1481 et
482 1463 531 1490 ego
543 1455 569 1480 in
581 1454 630 1480 hoc
640 1455 714 1480 omni
725 1462 848 1480 sermone

48 1498 147 1524 nostro,
156 1492 229 1528 quod
241 1492 273 1518 ad
285 1500 403 1527 cumque
416 1491 483 1528 legis
494 1500 581 1527 genus
593 1500 635 1517 me
646 1491 849 1526 ‹lisputationo-

48 1535 102 1557 stra
113 1530 266 1561 deduxerit,
276 1530 403 1560 tractabo,
416 1530 505 1564 quoad
517 1534 616 1564 potero,
631 1530 690 1555 eius
703 1530 790 1564 ipsius
800 1538 848 1564 ge-

48 1569 120 1594 neris
133 1568 175 1594 ius
186 1567 267 1594 civile
279 1572 414 1594 nostrum:
433 1566 480 1593 sed
496 1567 544 1597 ita,
563 1566 637 1593 locus
651 1571 679 1592 ut
694 1567 752 1601 ipse
769 1572 847 1592 notus

47 1606 91 1637 sit,
105 1614 139 1632 ex
149 1614 203 1640 quo
214 1604 328 1631 dueatur
338 1613 462 1639 quaeque
474 1613 534 1639 pars
547 1605 623 1635 iuris,
633 1608 661 1630 ut
673 1613 724 1630 non
736 1603 848 1630 difficile

47 1644 91 1675 sit,
105 1643 153 1678 qui
165 1642 244 1669 modo
256 1643 365 1678 ingenio
376 1642 461 1677 possit
472 1643 583 1672 moveri,
599 1650 788 1676 quaecumque
801 1650 848 1667 no-

47 1689 80 1707 va
100 1689 195 1706 caussa
214 1679 410 1706 consultatiove
430 1679 570 1710 acciderit,
596 1680 656 1704 eius
681 1683 769 1705 tenere
793 1679 845 1709 ius,

47 1726 133 1753 quum
145 1718 220 1748 sciat,
233 1725 308 1752 aquo
319 1717 354 1743 sit
364 1717 451 1751 capite
463 1715 649 1751 repetendum.
662 1716 736 1743 xix.
745 1716 847 1743 47.Sed

48 1754 234 1786 iureconsulti,
247 1755 306 1781 sive
316 1755 414 1780 erroris
424 1753 573 1780 obiiciendi
584 1762 688 1784 caussa,
705 1763 759 1789 quo
771 1755 846 1789 plura

47 1797 73 1820 et
83 1792 236 1819 difficiliora
248 1793 317 1818 scire
329 1791 484 1818 videantur:
498 1791 647 1825 sive‚quod
659 1792 778 1818 similius
791 1794 846 1819 veri

47 1835 96 1861 est,
105 1830 271 1866 ignoratione
282 1829 406 1860 docendi,
414 1830 485 1864 (nam
494 1838 544 1855 non
551 1829 639 1855 solum
651 1830 719 1855 scire
730 1829 844 1865 aliquid,

48 1868 113 1894 artis
124 1872 173 1898 est,
186 1867 234 1893 sed
245 1866 378 1901 quaedam
391 1875 432 1892 ars
447 1867 528 1892 etiam
540 1866 665 1900 docendi)
676 1876 765 1902 saepe,
774 1868 846 1903 quod

48 1905 165 1940 positum
182 1909 222 1930 est
238 1905 265 1930 in
282 1912 333 1929 una
350 1904 516 1938 cognitione,
534 1903 561 1929 id
579 1904 605 1929 in
623 1904 725 1930 infinita
741 1905 847 1940 disper-

47 1943 164 1969 tiuntur:
188 1940 262 1967 velut
274 1941 300 1967 in
317 1941 366 1966 boc
378 1941 436 1975 ipso
445 1948 557 1975 genere,
575 1949 657 1975 quam
672 1950 800 1977 magnum
814 1943 847 1969 il-

47 1979 94 2006 lud
106 1978 247 2005 Scaevolae
261 1977 370 2008 faciunt,
386 1978 525 2012 pontifices
537 1978 629 2009 ambo,
646 1983 672 2005 et
685 1979 766 2006 iidem
779 1981 846 2006 iuris

46 2016 225 2053 peritissimi?
246 2016 344 2050 Saepe,
362 2016 451 2050 inquit
463 2015 551 2041 l‘ublii
564 2015 649 2046 filius,
668 2024 701 2042 ex
714 2022 786 2050 patre
798 2026 846 2043 au-

46 2054 119 2086 divi,
142 2054 295 2089 pontificem
313 2053 448 2079 neminem
466 2052 566 2078 bonum
583 2060 655 2083 csse,
675 2054 727 2079 nisi
743 2055 791 2089 qui
804 2055 846 2080 ius

47 2091 128 2119 civile
139 2095 290 2127 cognosset.
324 2089 474 2116 Touunne‘?
492 2089 559 2124 quid
574 2089 625 2115 ita?
645 2090 712 2124 quid
728 2092 800 2117 euim
813 2092 846 2117 ad

47 2129 215 2165 pontificem.
238 2128 271 2154 de
293 2128 350 2154 iure
371 2128 503 2162 parietum
520 2131 565 2153 aut
580 2135 712 2161 aquarum
731 2134 776 2155 aut
793 2129 847 2155 ullo

47 2165 175 2194 omnino‘?
186 2166 265 2201 Ergo,
273 2165 346 2200 quod
357 2174 419 2191 cum
432 2164 561 2199 religione
571 2165 744 2192 coniunctum
752 2171 801 2192 est.
819 2166 846 2192 ld

48 2209 137 2231 autem
149 2203 311 2238 quantulum
323 2203 376 2229 est!
400 2203 435 2228 De
446 2202 544 2232 sacris,
562 2202 655 2233 credo,
673 2203 706 2229 de
719 2204 800 2233 votis,
813 2203 846 2229 de

49 2241 133 2272 feriis,
146 2241 179 2267 de
190 2239 332 2275 sepulcris,
346 2244 371 2266 et
381 2241 404 2266 si
415 2239 481 2274 quid
492 2239 625 2265 eiusmodi
638 2245 687 2266 est.
728 2242 781 2267 Cur
796 2242 848 2276 igi-

49 2283 92 2306 tur
107 2279 173 2305 haec
191 2282 260 2304 tanta
278 2277 405 2308 facimus,
429 2285 514 2311 quum
530 2281 615 2303 cetera
633 2286 762 2312 perparva
775 2278 848 2304 sint?

49 2317 85 2343 De
96 2317 180 2342 sacris
194 2320 297 2346 autem,
321 2316 368 2350 qui
383 2315 455 2341 locus
467 2319 538 2348 patet
550 2314 642 2345 latius,
663 2315 726 2342 liuee
743 2317 778 2342 sit
795 2325 846 2342 una

49 2355 194 2384 sententia,
212 2357 241 2379 ut
256 2357 448 2379 conserventur
463 2360 570 2386 semper
585 2356 610 2378 et
625 2352 753 2387 deinceps
769 2353 847 2379 smni-
869 2357 870 2362 ¹

50 2390 94 2418 liis
109 2391 256 2426 prodantur
271 2396 308 2421 et,
329 2395 358 2416 ut
374 2390 400 2416 in
414 2389 471 2425 lege
488 2389 580 2423 posui,
599 2395 726 2424 perpetuu
739 2391 791 2416 sint
804 2399 847 2415 sa-
869 2403 870 2406 =

49 2436 103 2456 cra.
132 2429 185 2455 lloc
196 2437 249 2455 uno
260 2428 359 2462 posito,
378 2427 441 2453 huuc
455 2427 511 2452 iura
524 2426 679 2460 pontificum
692 2429 847 2454 auctoritate

50 2470 191 2493 consecuta
207 2470 283 2496 sunt,
307 2470 336 2492 ut
351 2474 383 2491 ne
398 2468 479 2490 morte
496 2463 698 2499 patrisfamilias
709 2473 846 2491 saerormn

50 2503 178 2530 memoria
193 2503 338 2534 occideret·,
363 2503 397 2528 iis
415 2507 505 2528 essent
523 2510 552 2527 ea
568 2501 707 2533 adiuncta,
730 2502 762 2528 ad
778 2511 846 2537 quos

50 2540 173 2567 eiusdem
186 2545 268 2567 morte
281 2541 395 2575 pecunia
408 2540 520 2565 venerit.
562 2539 602 2564 48.
620 2539 672 2564 lloc
685 2548 738 2565 uno
749 2540 844 2574 posito,

49 2577 123 2613 quod
134 2578 218 2604 estad
228 2579 408 2614 cognitionem
420 2576 580 2611 disciplinae
595 2577 673 2606 satis.
692 2577 848 2603 innumera-
869 2583 870 2592 ³

50 2615 116 2642 bilia
132 2620 291 2647 nascuntur,
314 2615 416 2650 quibus
432 2615 577 2650 implentur
594 2614 846 2641 iurisconsultorum

52 2652 130 2680 libri:
143 2657 310 2688 quaeruntur
320 2653 402 2684 enim,
418 2653 466 2688 qui
477 2652 658 2687 astringantur
669 2652 762 2678 sacris.
796 2652 846 2678 lle-

921 115 958 142 11.
989 115 1081 143 CAP.
1115 118 1144 143 45
1164 131 1200 136 —
1220 118 1260 144 24.
1637 122 1700 148 {215

903 186 998 213 redum
1010 196 1103 213 caussa
1116 188 1264 214 iustissima
1276 193 1325 214 est.
1347 187 1426 214 Nulla
1438 193 1478 215 est
1488 189 1560 216 enim
1574 198 1696 225 persona,

903 232 972 258 quae
984 224 1016 250 ad
1028 225 1114 251 vicem
1126 226 1198 256 eius,
1221 226 1269 260 qui
1285 234 1299 251 e
1316 226 1369 252 vita
1383 226 1568 261 emigraverit,
1586 230 1699 262 propius

903 261 1019 288 accedat.
1060 262 1174 293 Deinde,
1194 263 1242 297 qui
1259 268 1341 289 morte
1358 268 1548 290 testamentove
1564 266 1624 290 eius
1641 270 1699 292 tan-

903 299 1024 325 tumdem
1036 300 1131 334 capiat,
1145 305 1275 334 quantum
1288 309 1381 326 omnes
1393 300 1515 328 heredes.
1550 302 1579 328 Id
1591 311 1699 337 quoque

902 336 1006 362 ordine.
1033 337 1080 363 Est
1090 338 1162 363 enim
1175 337 1208 363 ad
1221 337 1256 368 id,
1270 337 1342 372 quod
1353 339 1520 372 propositum
1531 344 1580 370 est,
1593 348 1698 366 accom-

903 373 1051 400 modatum.
1091 374 1179 400 Tertio
1192 374 1260 405 loco,
1278 375 1301 400 si
1313 384 1390 401 nemo
1402 376 1437 401 sit
1449 376 1538 407 lieres,
1556 377 1593 407 is,
1606 378 1653 412 qui
1665 377 1698 403 de

902 410 994 441 honis,
1012 419 1081 445 quae
1094 412 1154 437 eius
1166 411 1276 442 fuerint,
1295 420 1379 447 quum
1392 414 1516 443 moritur,
1536 422 1586 440 usu
1598 416 1699 449 ceperit

903 447 1051 481 plurimum
1064 448 1236 482 possidendo.
1277 449 1388 481 Quarto,
1405 450 1428 476 si
1443 459 1521 476 nemo
1532 452 1579 481 sit,
1596 453 1644 486 qui
1656 451 1699 478 ul-

903 484 955 510 lam
968 493 1023 511 rem
1035 486 1149 520 ceperit,
1167 486 1199 512 de
1211 486 1388 513 creditoribus
1400 488 1472 517 eius,
1489 489 1536 522 qui
1548 488 1697 522 plurimum

902 526 998 548 servet.
1039 524 1080 548 49.
1102 523 1227 549 Extrema
1244 524 1288 549 illa
1305 533 1417 558 persona
1429 529 1481 555 est,
1500 530 1528 551 ut
1545 526 1581 556 is,
1598 527 1646 560 qui
1661 528 1696 557 ei,

901 560 949 594 qui
965 564 1085 586 mortuus
1097 561 1144 591 sit,
1162 562 1303 594 pecuniam
1315 561 1452 592 debuerit,
1471 563 1627 597 neminique
1639 572 1698 590 eam

902 596 1021 626 solverit,
1036 597 1146 631 proinde
1159 598 1296 628 habeatur,
1305 599 1383 633 quasi
1395 607 1452 624 eam
1464 601 1606 633 pecuniam
1618 609 1698 635 cepe-

902 634 945 660 rit.
986 634 1048 660 XX.
1062 635 1130 660 Haec
1142 644 1189 661 nos
1200 644 1213 661 a
1226 635 1352 662 Scaevola
1364 636 1524 667 didicimus,
1540 638 1638 664 nonita
1649 638 1698 664 de-

901 671 1000 705 scripta
1012 671 1045 697 ab
1058 672 1186 706 antiquis.
1228 674 1294 699 Nam
1312 673 1350 699 illi
1368 674 1478 708 quidem
1492 674 1534 700 his
1546 675 1636 701 verbis
1648 676 1697 701 do-

901 708 1005 739 cebant,
1015 709 1101 734 tribus
1112 709 1199 736 modis
1210 712 1294 736 sacris
1305 711 1431 746 astringi:
1446 711 1604 742 hereditate,
1617 718 1663 739 aut
1673 713 1697 739 si

903 746 1030 771 maiorem
1047 751 1148 780 partem
1164 748 1294 781 pecuniae
1313 749 1413 782 capiat,
1436 753 1481 774 aut
1497 749 1520 774 si
1537 750 1620 775 maior
1636 759 1697 784 pars

901 783 1032 817 pecuniae
1050 784 1133 818 legata
1150 789 1203 815 est,
1226 785 1250 810 si
1267 785 1328 811 inde
1344 785 1484 819 quippiam
1503 787 1613 820 ceperit.
1653 789 1695 813 50.

901 820 953 846 Sed
967 820 1120 854 pontificem
1133 830 1289 856 sequamur.
1311 822 1414 848 Videtis
1426 823 1517 857 igitur,
1531 824 1619 849 omnia
1631 832 1697 858 pen-

901 857 963 883 dere
975 866 1008 883 ex
1020 866 1073 884 uno
1085 858 1139 888 ilio.
1152 858 1224 892 quod
1236 859 1374 893 pontifices
1386 860 1528 893 pecuniam
1540 862 1623 886 sacris
1634 870 1697 887 con-

902 895 979 928 iungi
996 894 1103 926 volunt,
1121 896 1274 931 iisdemque
1291 896 1370 922 ferias
1385 901 1409 922 et
1423 898 1599 923 caerimonias
1615 899 1698 924 ascri-

902 932 1004 958 bendas
1016 937 1118 966 putant.
1137 933 1224 967 Atque
1236 934 1314 959 etiam
1326 934 1390 960 dant
1402 934 1450 960 hoc
1461 934 1611 965 Scaevolae,
1625 935 1697 970 quod

901 974 941 995 est
956 970 1077 1004 partitio:
1102 974 1144 1001 ut,
1162 971 1185 996 si
1201 971 1228 996 in
1243 976 1400 997 testamento
1410 971 1523 998 deducta
1535 973 1632 1007 scripta
1645 982 1696 999 non

901 1007 945 1037 sit,
961 1007 1067 1042 ipsique
1080 1008 1170 1033 minus
1182 1009 1310 1042 ceperint,
1319 1017 1400 1043 quam
1411 1009 1539 1035 omnibus
1552 1010 1697 1036 heredibus

901 1044 1078 1079 relinquatur,
1103 1046 1221 1071 sacrisne
1242 1045 1396 1081 alligentur.
1437 1046 1465 1072 ln
1485 1046 1626 1073 donatione
1649 1048 1698 1073 hoc

902 1081 984 1108 iidem
995 1090 1074 1108 secus
1091 1082 1311 1117 interpretantur:
1335 1088 1360 1110 et
1375 1083 1447 1118 quod
1462 1084 1654 1118 paterfamilias
1671 1086 1697 1111 in

901 1119 961 1145 eius
973 1119 1181 1154 donatione,qui
1197 1121 1223 1146 in
1236 1121 1323 1155 ipsius
1335 1125 1462 1155 potestate
1474 1126 1552 1152 essct,
1566 1122 1698 1156 approba-

901 1157 953 1187 vit,
972 1161 1059 1183 ratum
1073 1161 1126 1183 est:
1149 1157 1222 1192 quod
1234 1166 1264 1184 eo
1277 1159 1406 1184 insciente
1418 1158 1516 1184 sactum
1529 1164 1581 1189 est.
1599 1160 1622 1185 si
1635 1159 1660 1185 id
1676 1160 1697 1185 is

901 1202 953 1220 non
969 1194 1112 1228 approbat,
1136 1199 1222 1221 ratum
1244 1204 1296 1221 non
1315 1200 1364 1221 est.
1407 1197 1450 1222 51.
1474 1196 1520 1222 His
1541 1197 1695 1231 propositis,

900 1231 1122 1266 quaestiunculae
1138 1232 1238 1258 multae
1258 1237 1416 1259 nascuntur:
1439 1242 1506 1268 quas
1529 1235 1576 1268 qui
1598 1234 1698 1260 intelli-

900 1274 957 1304 gat,
974 1278 1024 1295 non
1037 1270 1060 1295 si
1072 1269 1105 1295 ad
1116 1274 1197 1304 caput
1208 1269 1316 1300 reserat,
1335 1278 1383 1304 per
1393 1271 1491 1305 seipse
1504 1270 1580 1297 facile
1593 1272 1698 1306 perspi-

900 1307 967 1332 ciat:
980 1306 1074 1337 veluti,
1087 1307 1111 1333 si
1124 1308 1214 1333 minus
1226 1308 1288 1342 quis
1299 1308 1424 1342 cepisset,
1434 1316 1466 1333 ne
1478 1309 1561 1333 saeris
1573 1308 1698 1343 alligare-

901 1349 955 1370 tur:
980 1352 1009 1369 ac
1023 1348 1082 1378 post
1098 1344 1131 1370 de
1147 1344 1206 1370 eius
1224 1345 1370 1370 heredibus
1386 1345 1485 1380 aliquis
1501 1347 1635 1381 exegisset
1650 1354 1698 1380 pro

900 1390 948 1407 sua
960 1386 1033 1415 parte
1046 1381 1082 1412 id,
1096 1381 1169 1416 quod
1181 1382 1214 1407 ab
1225 1391 1264 1412 eo,
1278 1383 1356 1408 cuius
1369 1383 1425 1416 ipse
1439 1383 1515 1408 lieres
1527 1387 1605 1412 esset,
1621 1392 1697 1417 prae-

901 1420 1055 1445 termissum
1068 1418 1176 1445 fuisset:
1193 1428 1278 1454 eaque
1291 1420 1403 1454 pecunia
1415 1428 1466 1445 non
1480 1420 1566 1445 minor
1576 1426 1645 1446 esset
1658 1420 1697 1446 fa-

899 1461 941 1482 cta
952 1465 1014 1482 cum
1030 1457 1168 1490 superiore
1180 1457 1332 1487 exactione,
1354 1466 1435 1491 quam
1453 1457 1598 1483 heredibus
1609 1459 1696 1484 omni-

900 1494 952 1519 bus
963 1498 1033 1520 esset
1045 1494 1148 1520 relicta:
1162 1494 1209 1528 qui
1221 1504 1278 1520 eam
1291 1495 1433 1528 pecuniam
1445 1495 1594 1530 exegisset,
1608 1495 1696 1521 solum

900 1532 958 1557 sinc
970 1531 1159 1561 coheredibus,
1173 1532 1256 1557 sacris
1269 1531 1383 1567 alligari.
1418 1532 1487 1563 Quin
1500 1532 1580 1557 eiiam
1590 1538 1693 1561 cavent,

900 1574 942 1599 ut,
960 1569 1004 1594 cui
1022 1568 1083 1603 plus
1101 1568 1216 1604 legatum
1229 1570 1276 1598 sit,
1299 1577 1379 1603 quam
1392 1569 1450 1595 siue
1463 1569 1590 1604 religione
1602 1578 1696 1604 capere

902 1606 991 1636 liceat,
1007 1607 1028 1631 is
1040 1614 1086 1640 per
1097 1615 1142 1631 aes
1154 1611 1179 1632 et
1191 1606 1287 1632 libram
1300 1606 1425 1632 heredem
1438 1608 1587 1633 testamenti
1599 1608 1694 1637 solvat,

900 1648 1038 1678 propterea
1050 1643 1121 1678 quod
1133 1652 1163 1669 eo
1181 1643 1236 1669 loco
1254 1652 1295 1669 res
1311 1649 1363 1674 est,
1388 1645 1421 1670 ita
1436 1644 1522 1670 soluta
1540 1644 1694 1675 hereditate,

899 1682 978 1716 quasi
990 1690 1018 1706 ea
1032 1682 1145 1715 pecunia
1159 1680 1243 1716 legata
1255 1690 1306 1707 nou
1317 1686 1397 1707 esset.
1438 1681 1511 1708 XXI.
1525 1683 1566 1708 52.
1584 1682 1636 1708 tiot-
1647 1691 1697 1717 ego

901 1718 957 1744 loeo
969 1718 1116 1753 multisque
1128 1718 1188 1744 aliis
1203 1727 1302 1753 quaero
1318 1727 1331 1744 a
1348 1719 1438 1749 vobis,
1456 1718 1612 1749 Scaevolae,
1630 1728 1696 1754 pon-

900 1757 985 1782 tifices
997 1757 1109 1782 maximi
1120 1760 1145 1782 et
1157 1756 1278 1782 homines
1291 1764 1349 1782 meo
1360 1756 1471 1790 quidem
1485 1756 1585 1782 iudicio
1597 1758 1697 1783 acutis-

900 1794 976 1824 simi,
988 1793 1054 1828 quid
1067 1794 1114 1823 sit,
1127 1793 1199 1828 quod
1214 1793 1246 1819 ad
1261 1794 1301 1819 ius
1314 1794 1480 1828 pontificium
1493 1793 1572 1819 civile
1587 1800 1696 1828 appeta-

900 1831 944 1857 tis.
985 1830 1080 1857 Civilis
1096 1832 1168 1857 enim
1186 1831 1252 1857 iuris
1267 1832 1378 1857 seientia
1396 1831 1562 1865 pontificium
1579 1831 1695 1866 quodam

900 1868 978 1895 modo
995 1868 1097 1894 tollitis.
1139 1869 1205 1894 Nam
1222 1877 1295 1894 sacra
1311 1877 1372 1894 cum
1389 1869 1515 1903 pecunia.
1539 1869 1695 1903 pontificum

899 1907 1062 1936 auctoritate,
1077 1905 1150 1932 nulla
1164 1905 1230 1938 lege,
1246 1907 1386 1932 coniuncta
1399 1911 1470 1932 sunt.
1513 1907 1603 1940 ltaque
1614 1907 1637 1932 si
1651 1915 1696 1932 vos

900 1943 1084 1970 tantummodo
1105 1943 1244 1978 pontifices
1264 1945 1372 1973 essetis,
1398 1943 1558 1977 pontificalis
1580 1949 1696 1969 maneret

899 1981 1057 2007 auctoritas:
1074 1981 1121 2006 sed
1134 1980 1206 2015 quod
1219 1980 1300 2006 iidem
1313 1981 1379 2006 iuris
1391 1980 1481 2006 civilis
1493 1981 1556 2006 estis
1564 1981 1696 2015 peritissi-

900 2019 946 2048 mi,
965 2018 1013 2044 luic
1023 2019 1135 2044 scientia
1148 2018 1221 2044 illam
1234 2018 1354 2044 eluditis.
1397 2018 1498 2044 Placuit
1511 2018 1538 2044 Ρ,
1552 2018 1695 2043 Scaevolae

899 2060 924 2081 et
935 2056 1111 2086 Coruncanio,
1125 2056 1300 2090 pontificibus
1312 2056 1447 2085 maximis,
1461 2056 1578 2090 itemque
1589 2057 1694 2085 ceteris,

898 2093 945 2127 qui
959 2092 1125 2118 tantumdem
1137 2097 1252 2126 caperet,
1266 2098 1397 2127 quantum
1409 2102 1502 2118 omnes
1516 2093 1636 2121 heredes.
1653 2102 1695 2118 sa-

898 2139 951 2155 cris
963 2129 1078 2164 alligari.
1120 2129 1261 2155 llabeoius
1274 2130 1452 2163 pontificium.
1493 2131 1534 2155 511.
1557 2129 1627 2161 Quid
1644 2130 1694 2155 huc

899 2167 1011 2192 necessit
1022 2176 1055 2192 ex
1067 2167 1123 2192 iure
1134 2166 1228 2192 civili?
1240 2167 1390 2200 partitionis
1400 2172 1479 2201 eaput
1491 2168 1620 2201 seriptum
1631 2175 1695 2191 eau-

899 2208 936 2233 te,
960 2208 988 2230 ut
999 2209 1106 2229 eentum
1120 2204 1224 2229 nummi
1235 2203 1439 2230 deducerentur.
1480 2205 1587 2230 luveuta
1603 2209 1641 2229 est
1654 2213 1695 2229 rit-

899 2242 943 2271 tio,
957 2250 1005 2266 eur
1017 2241 1129 2275 pecunia
1142 2249 1278 2266 sacrorum
1291 2240 1411 2266 molestia
1425 2241 1590 2267 liberaretur.
1617 2240 1693 2272 Quod

898 2279 920 2304 si
939 2278 1001 2308 boc,
1025 2279 1072 2313 qui
1091 2282 1277 2304 testamentum
1294 2277 1420 2308 faciebat,
1443 2287 1530 2304 raven
1553 2278 1692 2307 uoluisset,

898 2315 1023 2342 admonet
1035 2314 1242 2341 iurisconsultus
1255 2315 1297 2340 liii·
1309 2315 1418 2349 quidcui
1433 2316 1490 2350 ipse
1498 2316 1610 2344 Murius,
1629 2324 1694 2349 pou—

899 2353 963 2379 tifex
977 2353 1056 2383 idem,
1070 2358 1098 2379 ut
1111 2353 1200 2378 minus
1211 2353 1396 2386 eapiat,quam
1409 2353 1536 2378 omuibus=
1549 2352 1694 2377 heredibus

899 2390 1076 2425 relinquatur.
1117 2391 1216 2424 Super,
1241 2390 1379 2418 dicebaut.
1407 2391 1454 2424 qui
1479 2389 1545 2423 quid
1567 2390 1691 2423 repissef.

898 2427 1040 2460 adstringi.
1078 2428 1181 2453 Rursus
1193 2429 1276 2453 siu-ris
1289 2427 1443 2452 liberantur.
1486 2427 1538 2452 lfor
1551 2435 1612 2452 vero
1625 2426 1692 2452 nibil

899 2465 931 2490 ad
948 2465 1114 2499 pontificium
1129 2465 1184 2493 ius,
1204 2469 1229 2490 et
1245 2474 1258 2489 e
1276 2464 1364 2490 medio
1379 2470 1418 2489 est
1432 2465 1488 2489 iure
1500 2463 1588 2492 rnili,
1608 2469 1634 2489 ut
1647 2472 1693 2497 per

899 2512 943 2528 aes
959 2507 983 2528 et
1001 2502 1095 2528 librum
1113 2501 1237 2527 heredem
1255 2502 1404 2528 testamenti
1422 2501 1539 2530 soliaut.
1559 2507 1584 2527 et
1599 2501 1691 2526 eodem

900 2539 956 2565 loro
968 2548 1008 2565 res
1020 2540 1068 2569 sit,
1091 2539 1168 2573 quasi
1186 2548 1215 2564 ea
1233 2540 1344 2573 pecunia
1359 2538 1441 2572 legat-i
1454 2548 1503 2564 nou
1516 2543 1598 2566 esset.
1617 2539 1639 2564 si
1658 2547 1688 2567 is,

898 2577 942 2603 oui
955 2577 1070 2611 legatum
1083 2581 1131 2606 est,
1148 2577 1291 2610 stipulatus
1303 2582 1341 2602 est
1354 2575 1379 2601 id
1388 2585 1485 2610 ipsum.
1494 2575 1690 2610 quodlegatuiu

897 2619 950 2644 est,
965 2620 993 2640 ut
1003 2623 1032 2640 ea
1045 2614 1158 2648 peeunia
1170 2622 1202 2639 ex
1212 2613 1384 2649 stipulatione
1395 2613 1538 2642 debeatur,
1557 2614 1645 2648 sitque
1661 2622 1690 2638 ea

898 2650 991 2688 [ωσι-[ε
1002 2661 1050 2678 non
1061 2653 1178 2684 ufliyufu.
