<?xml version="1.0" encoding="UTF-8"?>
<!DOCTYPE html PUBLIC "-//W3C//DTD XHTML 1.0 Transitional//EN"
    "http://www.w3.org/TR/xhtml1/DTD/xhtml1-transitional.dtd">
<html xmlns="http://www.w3.org/1999/xhtml" xml:lang="en" lang="en">
 <head>
  <title>
</title>
<meta http-equiv="Content-Type" content="text/html;charset=utf-8" />
  <meta name='ocr-system' content='tesseract 3.04.00' />
  <meta name='ocr-capabilities' content='ocr_page ocr_carea ocr_par ocr_line ocrx_word'/>
</head>
<body>
  <div class='ocr_page' id='page_1' title='image "./operaomniaunovol00ciceuoft_1005.png"; bbox 0 0 1941 3052; ppageno 0'>
   <div class='ocr_carea' id='block_1_1' title="bbox 0 0 30 1418">
    <p class='ocr_par' dir='ltr' id='par_1_1' title="bbox 0 0 30 1418">
     <span class='ocr_line' id='line_1_1' title="bbox 0 0 30 1418; baseline 0 0"><span class='ocrx_word' id='word_1_1' title='bbox 0 0 30 1418; x_wconf 95' lang='lat' dir='ltr'> </span> 
     </span>
    </p>
   </div>
   <div class='ocr_carea' id='block_1_2' title="bbox 343 127 1058 155">
    <p class='ocr_par' dir='ltr' id='par_1_2' title="bbox 343 127 1058 155">
     <span class='ocr_line' id='line_1_2' title="bbox 343 127 1058 155; baseline -0.001 0"><span class='ocrx_word' id='word_1_2' title='bbox 343 128 710 155; x_wconf 71' lang='lat' dir='ltr'><strong>ACADEMICORUM</strong></span> <span class='ocrx_word' id='word_1_3' title='bbox 740 127 945 155; x_wconf 82' lang='lat' dir='ltr'>PRIORUM</span> <span class='ocrx_word' id='word_1_4' title='bbox 979 128 1058 155; x_wconf 86' lang='lat' dir='ltr'>LIB.</span> 
     </span>
    </p>
   </div>
   <div class='ocr_carea' id='block_1_3' title="bbox 57 198 857 2359">
    <p class='ocr_par' dir='ltr' id='par_1_3' title="bbox 58 198 857 2096">
     <span class='ocr_line' id='line_1_3' title="bbox 62 198 853 235; baseline -0.003 -8"><span class='ocrx_word' id='word_1_5' title='bbox 62 205 124 231; x_wconf 88' lang='lat' dir='ltr'>mat,</span> <span class='ocrx_word' id='word_1_6' title='bbox 137 200 239 235; x_wconf 83' lang='lat' dir='ltr'>percipi</span> <span class='ocrx_word' id='word_1_7' title='bbox 250 204 276 226; x_wconf 88' lang='lat' dir='ltr'>et</span> <span class='ocrx_word' id='word_1_8' title='bbox 286 198 477 234; x_wconf 79' lang='lat' dir='ltr'>comprehendi</span> <span class='ocrx_word' id='word_1_9' title='bbox 489 198 571 226; x_wconf 91' lang='lat' dir='ltr'>multa</span> <span class='ocrx_word' id='word_1_10' title='bbox 583 207 671 234; x_wconf 89' lang='lat' dir='ltr'>posse.</span> <span class='ocrx_word' id='word_1_11' title='bbox 711 199 739 225; x_wconf 95' lang='lat' dir='ltr'>In</span> <span class='ocrx_word' id='word_1_12' title='bbox 751 199 853 234; x_wconf 89' lang='lat' dir='ltr'>quibus</span> 
     </span>
     <span class='ocr_line' id='line_1_4' title="bbox 61 236 853 271; baseline -0.003 -7"><span class='ocrx_word' id='word_1_13' title='bbox 61 237 126 264; x_wconf 90' lang='lat' dir='ltr'>solis</span> <span class='ocrx_word' id='word_1_14' title='bbox 142 238 230 263; x_wconf 87' lang='lat' dir='ltr'>inesse</span> <span class='ocrx_word' id='word_1_15' title='bbox 245 237 325 262; x_wconf 90' lang='lat' dir='ltr'>etiam</span> <span class='ocrx_word' id='word_1_16' title='bbox 340 237 480 262; x_wconf 89' lang='lat' dir='ltr'>scientiam</span> <span class='ocrx_word' id='word_1_17' title='bbox 496 236 626 267; x_wconf 81' lang='lat' dir='ltr'>dicimus;</span> <span class='ocrx_word' id='word_1_18' title='bbox 645 245 727 271; x_wconf 87' lang='lat' dir='ltr'>quam</span> <span class='ocrx_word' id='word_1_19' title='bbox 741 245 789 262; x_wconf 91' lang='lat' dir='ltr'>nos</span> <span class='ocrx_word' id='word_1_20' title='bbox 801 245 853 262; x_wconf 91' lang='lat' dir='ltr'>non</span> 
     </span>
     <span class='ocr_line' id='line_1_5' title="bbox 61 273 853 309; baseline -0.003 -8"><span class='ocrx_word' id='word_1_21' title='bbox 61 274 327 309; x_wconf 80' lang='lat' dir='ltr'>comprehensionem</span> <span class='ocrx_word' id='word_1_22' title='bbox 348 274 427 300; x_wconf 92' lang='lat' dir='ltr'>modo</span> <span class='ocrx_word' id='word_1_23' title='bbox 447 282 549 304; x_wconf 90' lang='lat' dir='ltr'>rerum,</span> <span class='ocrx_word' id='word_1_24' title='bbox 575 274 623 300; x_wconf 89' lang='lat' dir='ltr'>sed</span> <span class='ocrx_word' id='word_1_25' title='bbox 648 282 706 300; x_wconf 87' lang='lat' dir='ltr'>eam</span> <span class='ocrx_word' id='word_1_26' title='bbox 729 273 853 300; x_wconf 87' lang='lat' dir='ltr'>stabilem</span> 
     </span>
     <span class='ocr_line' id='line_1_6' title="bbox 61 310 853 347; baseline 0 -10"><span class='ocrx_word' id='word_1_27' title='bbox 61 320 168 347; x_wconf 87' lang='lat' dir='ltr'>quoque</span> <span class='ocrx_word' id='word_1_28' title='bbox 180 315 258 346; x_wconf 85' lang='lat' dir='ltr'>atque</span> <span class='ocrx_word' id='word_1_29' title='bbox 271 310 468 337; x_wconf 76' lang='lat' dir='ltr'>immutabilem</span> <span class='ocrx_word' id='word_1_30' title='bbox 484 319 542 337; x_wconf 88' lang='lat' dir='ltr'>esse</span> <span class='ocrx_word' id='word_1_31' title='bbox 556 319 711 337; x_wconf 86' lang='lat' dir='ltr'>censemus:</span> <span class='ocrx_word' id='word_1_32' title='bbox 735 311 853 345; x_wconf 82' lang='lat' dir='ltr'>itemque</span> 
     </span>
     <span class='ocr_line' id='line_1_7' title="bbox 61 348 854 383; baseline -0.001 -9"><span class='ocrx_word' id='word_1_33' title='bbox 61 349 235 383; x_wconf 77' lang='lat' dir='ltr'>sapientiam,</span> <span class='ocrx_word' id='word_1_34' title='bbox 253 353 336 374; x_wconf 87' lang='lat' dir='ltr'>artem</span> <span class='ocrx_word' id='word_1_35' title='bbox 352 348 475 378; x_wconf 86' lang='lat' dir='ltr'>vivendi,</span> <span class='ocrx_word' id='word_1_36' title='bbox 492 357 559 383; x_wconf 90' lang='lat' dir='ltr'>quae</span> <span class='ocrx_word' id='word_1_37' title='bbox 575 349 633 382; x_wconf 89' lang='lat' dir='ltr'>ipsa</span> <span class='ocrx_word' id='word_1_38' title='bbox 644 357 677 374; x_wconf 80' lang='lat' dir='ltr'>ex</span> <span class='ocrx_word' id='word_1_39' title='bbox 688 356 746 374; x_wconf 87' lang='lat' dir='ltr'>sese</span> <span class='ocrx_word' id='word_1_40' title='bbox 758 348 854 374; x_wconf 89' lang='lat' dir='ltr'>habeat</span> 
     </span>
     <span class='ocr_line' id='line_1_8' title="bbox 61 385 855 412; baseline -0.001 -1"><span class='ocrx_word' id='word_1_41' title='bbox 61 386 248 412; x_wconf 85' lang='lat' dir='ltr'>constantiam.</span> <span class='ocrx_word' id='word_1_42' title='bbox 288 385 325 411; x_wconf 91' lang='lat' dir='ltr'>Ea</span> <span class='ocrx_word' id='word_1_43' title='bbox 346 390 435 412; x_wconf 89' lang='lat' dir='ltr'>autem</span> <span class='ocrx_word' id='word_1_44' title='bbox 456 386 603 412; x_wconf 85' lang='lat' dir='ltr'>constantia</span> <span class='ocrx_word' id='word_1_45' title='bbox 624 386 647 412; x_wconf 96' lang='lat' dir='ltr'>si</span> <span class='ocrx_word' id='word_1_46' title='bbox 667 385 734 411; x_wconf 91' lang='lat' dir='ltr'>nihil</span> <span class='ocrx_word' id='word_1_47' title='bbox 758 385 855 411; x_wconf 90' lang='lat' dir='ltr'>habeat</span> 
     </span>
     <span class='ocr_line' id='line_1_9' title="bbox 60 422 855 458; baseline 0 -10"><span class='ocrx_word' id='word_1_48' title='bbox 60 423 180 458; x_wconf 82' lang='lat' dir='ltr'>percepti</span> <span class='ocrx_word' id='word_1_49' title='bbox 191 427 216 449; x_wconf 91' lang='lat' dir='ltr'>et</span> <span class='ocrx_word' id='word_1_50' title='bbox 227 423 335 458; x_wconf 81' lang='lat' dir='ltr'>cogniti,</span> <span class='ocrx_word' id='word_1_51' title='bbox 349 431 457 457; x_wconf 83' lang='lat' dir='ltr'>quaero,</span> <span class='ocrx_word' id='word_1_52' title='bbox 470 422 542 448; x_wconf 85' lang='lat' dir='ltr'>unde</span> <span class='ocrx_word' id='word_1_53' title='bbox 555 427 614 449; x_wconf 86' lang='lat' dir='ltr'>nata</span> <span class='ocrx_word' id='word_1_54' title='bbox 625 423 673 453; x_wconf 84' lang='lat' dir='ltr'>sit,</span> <span class='ocrx_word' id='word_1_55' title='bbox 687 427 732 448; x_wconf 89' lang='lat' dir='ltr'>aut</span> <span class='ocrx_word' id='word_1_56' title='bbox 742 430 855 457; x_wconf 90' lang='lat' dir='ltr'>quomo-</span> 
     </span>
     <span class='ocr_line' id='line_1_10' title="bbox 61 459 854 494; baseline -0.001 -8"><span class='ocrx_word' id='word_1_57' title='bbox 61 459 113 486; x_wconf 79' lang='lat' dir='ltr'>do‘?</span> <span class='ocrx_word' id='word_1_58' title='bbox 132 459 235 492; x_wconf 86' lang='lat' dir='ltr'>Quaero</span> <span class='ocrx_word' id='word_1_59' title='bbox 246 460 340 490; x_wconf 88' lang='lat' dir='ltr'>etiam,</span> <span class='ocrx_word' id='word_1_60' title='bbox 356 459 402 486; x_wconf 89' lang='lat' dir='ltr'>ille</span> <span class='ocrx_word' id='word_1_61' title='bbox 414 460 456 486; x_wconf 88' lang='lat' dir='ltr'>vir</span> <span class='ocrx_word' id='word_1_62' title='bbox 466 460 567 490; x_wconf 79' lang='lat' dir='ltr'>bonuS,</span> <span class='ocrx_word' id='word_1_63' title='bbox 585 460 633 494; x_wconf 91' lang='lat' dir='ltr'>qui</span> <span class='ocrx_word' id='word_1_64' title='bbox 646 460 737 486; x_wconf 85' lang='lat' dir='ltr'>statuit</span> <span class='ocrx_word' id='word_1_65' title='bbox 747 468 854 486; x_wconf 88' lang='lat' dir='ltr'>omnem</span> 
     </span>
     <span class='ocr_line' id='line_1_11' title="bbox 61 496 853 531; baseline -0.001 -8"><span class='ocrx_word' id='word_1_66' title='bbox 61 497 210 524; x_wconf 87' lang='lat' dir='ltr'>cruciatum</span> <span class='ocrx_word' id='word_1_67' title='bbox 222 496 348 531; x_wconf 88' lang='lat' dir='ltr'>perferre,</span> <span class='ocrx_word' id='word_1_68' title='bbox 358 496 519 523; x_wconf 78' lang='lat' dir='ltr'>intolerabili</span> <span class='ocrx_word' id='word_1_69' title='bbox 531 496 621 523; x_wconf 88' lang='lat' dir='ltr'>dolore</span> <span class='ocrx_word' id='word_1_70' title='bbox 633 496 742 523; x_wconf 85' lang='lat' dir='ltr'>lacerari</span> <span class='ocrx_word' id='word_1_71' title='bbox 754 497 853 531; x_wconf 90' lang='lat' dir='ltr'>potius,</span> 
     </span>
     <span class='ocr_line' id='line_1_12' title="bbox 61 533 854 570; baseline -0.001 -10"><span class='ocrx_word' id='word_1_72' title='bbox 61 542 143 570; x_wconf 89' lang='lat' dir='ltr'>quam</span> <span class='ocrx_word' id='word_1_73' title='bbox 154 539 184 560; x_wconf 93' lang='lat' dir='ltr'>ut</span> <span class='ocrx_word' id='word_1_74' title='bbox 194 533 314 560; x_wconf 81' lang='lat' dir='ltr'>officium</span> <span class='ocrx_word' id='word_1_75' title='bbox 326 534 420 569; x_wconf 90' lang='lat' dir='ltr'>prodat</span> <span class='ocrx_word' id='word_1_76' title='bbox 435 539 480 560; x_wconf 91' lang='lat' dir='ltr'>aut</span> <span class='ocrx_word' id='word_1_77' title='bbox 495 534 590 565; x_wconf 78' lang='lat' dir='ltr'>fidem,</span> <span class='ocrx_word' id='word_1_78' title='bbox 607 542 655 560; x_wconf 86' lang='lat' dir='ltr'>cur</span> <span class='ocrx_word' id='word_1_79' title='bbox 669 534 717 560; x_wconf 93' lang='lat' dir='ltr'>has</span> <span class='ocrx_word' id='word_1_80' title='bbox 733 534 786 560; x_wconf 94' lang='lat' dir='ltr'>sibi</span> <span class='ocrx_word' id='word_1_81' title='bbox 802 538 854 559; x_wconf 90' lang='lat' dir='ltr'>tam</span> 
     </span>
     <span class='ocr_line' id='line_1_13' title="bbox 61 570 855 608; baseline -0.001 -11"><span class='ocrx_word' id='word_1_82' title='bbox 61 580 158 608; x_wconf 82' lang='lat' dir='ltr'>graves</span> <span class='ocrx_word' id='word_1_83' title='bbox 170 570 242 607; x_wconf 81' lang='lat' dir='ltr'>leges</span> <span class='ocrx_word' id='word_1_84' title='bbox 254 572 421 606; x_wconf 80' lang='lat' dir='ltr'>imposuerit,</span> <span class='ocrx_word' id='word_1_85' title='bbox 434 580 528 606; x_wconf 83' lang='lat' dir='ltr'>quum,</span> <span class='ocrx_word' id='word_1_86' title='bbox 545 571 720 606; x_wconf 89' lang='lat' dir='ltr'>quamobrem</span> <span class='ocrx_word' id='word_1_87' title='bbox 732 571 766 597; x_wconf 83' lang='lat' dir='ltr'>ita</span> <span class='ocrx_word' id='word_1_88' title='bbox 776 579 855 605; x_wconf 92' lang='lat' dir='ltr'>opor-</span> 
     </span>
     <span class='ocr_line' id='line_1_14' title="bbox 61 608 852 643; baseline -0.003 -8"><span class='ocrx_word' id='word_1_89' title='bbox 61 613 141 640; x_wconf 82' lang='lat' dir='ltr'>teret,</span> <span class='ocrx_word' id='word_1_90' title='bbox 159 608 227 634; x_wconf 92' lang='lat' dir='ltr'>nihil</span> <span class='ocrx_word' id='word_1_91' title='bbox 244 608 354 635; x_wconf 88' lang='lat' dir='ltr'>haberet</span> <span class='ocrx_word' id='word_1_92' title='bbox 369 608 570 643; x_wconf 86' lang='lat' dir='ltr'>comprehensi,</span> <span class='ocrx_word' id='word_1_93' title='bbox 593 609 725 643; x_wconf 74' lang='lat' dir='ltr'>percepti,</span> <span class='ocrx_word' id='word_1_94' title='bbox 743 608 852 643; x_wconf 75' lang='lat' dir='ltr'>cogniti,</span> 
     </span>
     <span class='ocr_line' id='line_1_15' title="bbox 60 645 856 681; baseline -0.001 -9"><span class='ocrx_word' id='word_1_95' title='bbox 60 645 217 673; x_wconf 64' lang='lat' dir='ltr'>constituti?</span> <span class='ocrx_word' id='word_1_96' title='bbox 236 645 316 672; x_wconf 92' lang='lat' dir='ltr'>Nullo</span> <span class='ocrx_word' id='word_1_97' title='bbox 336 646 419 681; x_wconf 87' lang='lat' dir='ltr'>igitur</span> <span class='ocrx_word' id='word_1_98' title='bbox 438 645 516 672; x_wconf 90' lang='lat' dir='ltr'>modo</span> <span class='ocrx_word' id='word_1_99' title='bbox 536 646 593 671; x_wconf 81' lang='lat' dir='ltr'>fieri</span> <span class='ocrx_word' id='word_1_100' title='bbox 613 650 711 680; x_wconf 90' lang='lat' dir='ltr'>potest,</span> <span class='ocrx_word' id='word_1_101' title='bbox 734 650 764 671; x_wconf 92' lang='lat' dir='ltr'>ut</span> <span class='ocrx_word' id='word_1_102' title='bbox 779 645 856 679; x_wconf 88' lang='lat' dir='ltr'>quis-</span> 
     </span>
     <span class='ocr_line' id='line_1_16' title="bbox 61 682 856 718; baseline -0.001 -9"><span class='ocrx_word' id='word_1_103' title='bbox 61 692 143 718; x_wconf 88' lang='lat' dir='ltr'>quam</span> <span class='ocrx_word' id='word_1_104' title='bbox 156 684 221 710; x_wconf 87' lang='lat' dir='ltr'>tanti</span> <span class='ocrx_word' id='word_1_105' title='bbox 232 684 354 709; x_wconf 83' lang='lat' dir='ltr'>aestimet</span> <span class='ocrx_word' id='word_1_106' title='bbox 365 684 524 717; x_wconf 82' lang='lat' dir='ltr'>aequitatem</span> <span class='ocrx_word' id='word_1_107' title='bbox 536 687 561 709; x_wconf 90' lang='lat' dir='ltr'>et</span> <span class='ocrx_word' id='word_1_108' title='bbox 573 682 662 713; x_wconf 80' lang='lat' dir='ltr'>fidem,</span> <span class='ocrx_word' id='word_1_109' title='bbox 678 687 708 709; x_wconf 91' lang='lat' dir='ltr'>ut</span> <span class='ocrx_word' id='word_1_110' title='bbox 721 683 780 708; x_wconf 90' lang='lat' dir='ltr'>eius</span> <span class='ocrx_word' id='word_1_111' title='bbox 791 690 856 708; x_wconf 91' lang='lat' dir='ltr'>con-</span> 
     </span>
     <span class='ocr_line' id='line_1_17' title="bbox 61 719 855 754; baseline -0.003 -7"><span class='ocrx_word' id='word_1_112' title='bbox 61 720 209 747; x_wconf 87' lang='lat' dir='ltr'>servandae</span> <span class='ocrx_word' id='word_1_113' title='bbox 220 728 315 746; x_wconf 87' lang='lat' dir='ltr'>caussa</span> <span class='ocrx_word' id='word_1_114' title='bbox 326 720 432 746; x_wconf 89' lang='lat' dir='ltr'>nullum</span> <span class='ocrx_word' id='word_1_115' title='bbox 444 719 609 754; x_wconf 89' lang='lat' dir='ltr'>supplicium</span> <span class='ocrx_word' id='word_1_116' title='bbox 622 724 739 750; x_wconf 86' lang='lat' dir='ltr'>recuset,</span> <span class='ocrx_word' id='word_1_117' title='bbox 756 720 809 746; x_wconf 86' lang='lat' dir='ltr'>nisi</span> <span class='ocrx_word' id='word_1_118' title='bbox 821 719 855 745; x_wconf 90' lang='lat' dir='ltr'>iis</span> 
     </span>
     <span class='ocr_line' id='line_1_18' title="bbox 61 756 853 792; baseline -0.003 -8"><span class='ocrx_word' id='word_1_119' title='bbox 61 757 143 784; x_wconf 87' lang='lat' dir='ltr'>rebus</span> <span class='ocrx_word' id='word_1_120' title='bbox 154 766 280 784; x_wconf 88' lang='lat' dir='ltr'>assensus</span> <span class='ocrx_word' id='word_1_121' title='bbox 292 758 339 788; x_wconf 89' lang='lat' dir='ltr'>sit,</span> <span class='ocrx_word' id='word_1_122' title='bbox 353 765 422 792; x_wconf 89' lang='lat' dir='ltr'>quae</span> <span class='ocrx_word' id='word_1_123' title='bbox 433 756 514 783; x_wconf 85' lang='lat' dir='ltr'>falsae</span> <span class='ocrx_word' id='word_1_124' title='bbox 525 766 584 783; x_wconf 82' lang='lat' dir='ltr'>esse</span> <span class='ocrx_word' id='word_1_125' title='bbox 596 766 647 783; x_wconf 93' lang='lat' dir='ltr'>non</span> <span class='ocrx_word' id='word_1_126' title='bbox 659 762 781 791; x_wconf 86' lang='lat' dir='ltr'>possunt.</span> <span class='ocrx_word' id='word_1_127' title='bbox 811 757 853 782; x_wconf 73' lang='lat'>24.</span> 
     </span>
     <span class='ocr_line' id='line_1_19' title="bbox 61 794 856 830; baseline -0.003 -9"><span class='ocrx_word' id='word_1_128' title='bbox 61 796 121 830; x_wconf 87' lang='lat' dir='ltr'>Ipsa</span> <span class='ocrx_word' id='word_1_129' title='bbox 133 804 195 821; x_wconf 83' lang='lat' dir='ltr'>vero</span> <span class='ocrx_word' id='word_1_130' title='bbox 206 795 350 829; x_wconf 76' lang='lat' dir='ltr'>sapientia,</span> <span class='ocrx_word' id='word_1_131' title='bbox 364 795 388 820; x_wconf 90' lang='lat' dir='ltr'>si</span> <span class='ocrx_word' id='word_1_132' title='bbox 399 803 427 820; x_wconf 89' lang='lat' dir='ltr'>se</span> <span class='ocrx_word' id='word_1_133' title='bbox 438 794 580 829; x_wconf 79' lang='lat' dir='ltr'>ignorabit,</span> <span class='ocrx_word' id='word_1_134' title='bbox 593 795 724 828; x_wconf 85' lang='lat' dir='ltr'>sapientia</span> <span class='ocrx_word' id='word_1_135' title='bbox 735 794 778 824; x_wconf 88' lang='lat' dir='ltr'>sit,</span> <span class='ocrx_word' id='word_1_136' title='bbox 793 802 856 819; x_wconf 86' lang='lat' dir='ltr'>nec-</span> 
     </span>
     <span class='ocr_line' id='line_1_20' title="bbox 62 830 856 866; baseline -0.003 -8"><span class='ocrx_word' id='word_1_137' title='bbox 62 840 108 864; x_wconf 70' lang='lat' dir='ltr'>ne,</span> <span class='ocrx_word' id='word_1_138' title='bbox 133 840 187 866; x_wconf 92' lang='lat' dir='ltr'>quo</span> <span class='ocrx_word' id='word_1_139' title='bbox 202 831 281 858; x_wconf 89' lang='lat' dir='ltr'>modo</span> <span class='ocrx_word' id='word_1_140' title='bbox 297 832 415 866; x_wconf 87' lang='lat' dir='ltr'>primum</span> <span class='ocrx_word' id='word_1_141' title='bbox 430 831 563 858; x_wconf 85' lang='lat' dir='ltr'>obtinebit</span> <span class='ocrx_word' id='word_1_142' title='bbox 578 840 674 858; x_wconf 86' lang='lat' dir='ltr'>nomen</span> <span class='ocrx_word' id='word_1_143' title='bbox 691 830 856 865; x_wconf 70' lang='lat' dir='ltr'>sapientiae?</span> 
     </span>
     <span class='ocr_line' id='line_1_21' title="bbox 61 868 856 904; baseline -0.003 -9"><span class='ocrx_word' id='word_1_144' title='bbox 61 869 160 895; x_wconf 90' lang='lat' dir='ltr'>deinde</span> <span class='ocrx_word' id='word_1_145' title='bbox 175 877 229 903; x_wconf 91' lang='lat' dir='ltr'>quo</span> <span class='ocrx_word' id='word_1_146' title='bbox 243 869 321 895; x_wconf 92' lang='lat' dir='ltr'>modo</span> <span class='ocrx_word' id='word_1_147' title='bbox 331 869 469 903; x_wconf 87' lang='lat' dir='ltr'>suscipere</span> <span class='ocrx_word' id='word_1_148' title='bbox 481 868 599 903; x_wconf 84' lang='lat' dir='ltr'>aliquam</span> <span class='ocrx_word' id='word_1_149' title='bbox 612 877 667 895; x_wconf 89' lang='lat' dir='ltr'>rem</span> <span class='ocrx_word' id='word_1_150' title='bbox 678 873 724 895; x_wconf 88' lang='lat' dir='ltr'>aut</span> <span class='ocrx_word' id='word_1_151' title='bbox 734 876 812 904; x_wconf 87' lang='lat' dir='ltr'>agere</span> <span class='ocrx_word' id='word_1_152' title='bbox 824 868 856 893; x_wconf 85' lang='lat' dir='ltr'>fi-</span> 
     </span>
     <span class='ocr_line' id='line_1_22' title="bbox 61 904 857 940; baseline -0.003 -7"><span class='ocrx_word' id='word_1_153' title='bbox 61 906 155 933; x_wconf 87' lang='lat' dir='ltr'>denter</span> <span class='ocrx_word' id='word_1_154' title='bbox 165 905 283 936; x_wconf 85' lang='lat' dir='ltr'>audebit,</span> <span class='ocrx_word' id='word_1_155' title='bbox 297 914 381 940; x_wconf 88' lang='lat' dir='ltr'>quum</span> <span class='ocrx_word' id='word_1_156' title='bbox 394 906 458 932; x_wconf 89' lang='lat' dir='ltr'>certi</span> <span class='ocrx_word' id='word_1_157' title='bbox 470 905 538 932; x_wconf 92' lang='lat' dir='ltr'>nihil</span> <span class='ocrx_word' id='word_1_158' title='bbox 550 906 613 937; x_wconf 90' lang='lat' dir='ltr'>erit,</span> <span class='ocrx_word' id='word_1_159' title='bbox 627 905 699 940; x_wconf 93' lang='lat' dir='ltr'>quod</span> <span class='ocrx_word' id='word_1_160' title='bbox 710 904 857 940; x_wconf 69' lang='lat' dir='ltr'>sequatur?</span> 
     </span>
     <span class='ocr_line' id='line_1_23' title="bbox 61 942 855 978; baseline 0 -9"><span class='ocrx_word' id='word_1_161' title='bbox 61 952 147 978; x_wconf 90' lang='lat' dir='ltr'>quum</span> <span class='ocrx_word' id='word_1_162' title='bbox 162 951 225 969; x_wconf 88' lang='lat' dir='ltr'>vero</span> <span class='ocrx_word' id='word_1_163' title='bbox 241 943 388 973; x_wconf 88' lang='lat' dir='ltr'>dubitabit,</span> <span class='ocrx_word' id='word_1_164' title='bbox 406 942 473 978; x_wconf 93' lang='lat' dir='ltr'>quid</span> <span class='ocrx_word' id='word_1_165' title='bbox 484 943 680 969; x_wconf 81' lang='lat' dir='ltr'>sitextremum</span> <span class='ocrx_word' id='word_1_166' title='bbox 692 948 718 969; x_wconf 90' lang='lat' dir='ltr'>et</span> <span class='ocrx_word' id='word_1_167' title='bbox 728 943 855 969; x_wconf 91' lang='lat' dir='ltr'>ultimum</span> 
     </span>
     <span class='ocr_line' id='line_1_24' title="bbox 61 980 857 1015; baseline 0 -9"><span class='ocrx_word' id='word_1_168' title='bbox 61 981 202 1011; x_wconf 91' lang='lat' dir='ltr'>bonorum,</span> <span class='ocrx_word' id='word_1_169' title='bbox 215 981 350 1015; x_wconf 87' lang='lat' dir='ltr'>ignorans,</span> <span class='ocrx_word' id='word_1_170' title='bbox 366 989 420 1015; x_wconf 89' lang='lat' dir='ltr'>quo</span> <span class='ocrx_word' id='word_1_171' title='bbox 431 980 520 1006; x_wconf 90' lang='lat' dir='ltr'>omnia</span> <span class='ocrx_word' id='word_1_172' title='bbox 531 980 688 1011; x_wconf 86' lang='lat' dir='ltr'>referantur,</span> <span class='ocrx_word' id='word_1_173' title='bbox 702 981 749 1015; x_wconf 91' lang='lat' dir='ltr'>qui</span> <span class='ocrx_word' id='word_1_174' title='bbox 761 980 857 1015; x_wconf 89' lang='lat' dir='ltr'>poterit</span> 
     </span>
     <span class='ocr_line' id='line_1_25' title="bbox 60 1017 854 1053; baseline 0.001 -10"><span class='ocrx_word' id='word_1_175' title='bbox 60 1026 120 1044; x_wconf 88' lang='lat' dir='ltr'>esse</span> <span class='ocrx_word' id='word_1_176' title='bbox 139 1017 288 1052; x_wconf 69' lang='lat' dir='ltr'>sapientia?</span> <span class='ocrx_word' id='word_1_177' title='bbox 310 1017 397 1052; x_wconf 82' lang='lat' dir='ltr'>Atque</span> <span class='ocrx_word' id='word_1_178' title='bbox 418 1018 498 1044; x_wconf 90' lang='lat' dir='ltr'>etiam</span> <span class='ocrx_word' id='word_1_179' title='bbox 520 1017 588 1044; x_wconf 91' lang='lat' dir='ltr'>illud</span> <span class='ocrx_word' id='word_1_180' title='bbox 608 1018 784 1053; x_wconf 89' lang='lat' dir='ltr'>perspicuum</span> <span class='ocrx_word' id='word_1_181' title='bbox 805 1022 854 1048; x_wconf 89' lang='lat' dir='ltr'>est,</span> 
     </span>
     <span class='ocr_line' id='line_1_26' title="bbox 60 1055 856 1090; baseline -0.001 -9"><span class='ocrx_word' id='word_1_182' title='bbox 60 1055 187 1082; x_wconf 89' lang='lat' dir='ltr'>constitui</span> <span class='ocrx_word' id='word_1_183' title='bbox 199 1063 308 1081; x_wconf 86' lang='lat' dir='ltr'>necesse</span> <span class='ocrx_word' id='word_1_184' title='bbox 319 1063 377 1081; x_wconf 88' lang='lat' dir='ltr'>esse</span> <span class='ocrx_word' id='word_1_185' title='bbox 389 1055 510 1086; x_wconf 91' lang='lat' dir='ltr'>initium,</span> <span class='ocrx_word' id='word_1_186' title='bbox 527 1055 600 1090; x_wconf 92' lang='lat' dir='ltr'>quod</span> <span class='ocrx_word' id='word_1_187' title='bbox 611 1055 756 1090; x_wconf 87' lang='lat' dir='ltr'>sapientia,</span> <span class='ocrx_word' id='word_1_188' title='bbox 770 1063 856 1090; x_wconf 92' lang='lat' dir='ltr'>quum</span> 
     </span>
     <span class='ocr_line' id='line_1_27' title="bbox 60 1092 856 1128; baseline 0.001 -10"><span class='ocrx_word' id='word_1_189' title='bbox 60 1092 128 1127; x_wconf 88' lang='lat' dir='ltr'>quid</span> <span class='ocrx_word' id='word_1_190' title='bbox 139 1100 218 1128; x_wconf 84' lang='lat' dir='ltr'>agere</span> <span class='ocrx_word' id='word_1_191' title='bbox 230 1093 351 1127; x_wconf 78' lang='lat' dir='ltr'>incipiat,</span> <span class='ocrx_word' id='word_1_192' title='bbox 364 1097 506 1127; x_wconf 75' lang='lat' dir='ltr'>sequatur,</span> <span class='ocrx_word' id='word_1_193' title='bbox 523 1093 606 1128; x_wconf 89' lang='lat' dir='ltr'>idque</span> <span class='ocrx_word' id='word_1_194' title='bbox 617 1093 725 1119; x_wconf 90' lang='lat' dir='ltr'>initium</span> <span class='ocrx_word' id='word_1_195' title='bbox 738 1101 796 1119; x_wconf 85' lang='lat' dir='ltr'>esse</span> <span class='ocrx_word' id='word_1_196' title='bbox 808 1101 856 1118; x_wconf 85' lang='lat' dir='ltr'>na-</span> 
     </span>
     <span class='ocr_line' id='line_1_28' title="bbox 60 1129 855 1165; baseline 0 -9"><span class='ocrx_word' id='word_1_197' title='bbox 60 1135 135 1156; x_wconf 88' lang='lat' dir='ltr'>turae</span> <span class='ocrx_word' id='word_1_198' title='bbox 156 1129 396 1156; x_wconf 86' lang='lat' dir='ltr'>accommodatum.</span> <span class='ocrx_word' id='word_1_199' title='bbox 437 1130 504 1155; x_wconf 93' lang='lat' dir='ltr'>Nam</span> <span class='ocrx_word' id='word_1_200' title='bbox 527 1129 605 1156; x_wconf 90' lang='lat' dir='ltr'>aliter</span> <span class='ocrx_word' id='word_1_201' title='bbox 624 1130 764 1165; x_wconf 85' lang='lat' dir='ltr'>appetitio,</span> <span class='ocrx_word' id='word_1_202' title='bbox 787 1130 855 1165; x_wconf 90' lang='lat' dir='ltr'>(eam</span> 
     </span>
     <span class='ocr_line' id='line_1_29' title="bbox 60 1166 857 1203; baseline 0 -10"><span class='ocrx_word' id='word_1_203' title='bbox 60 1167 132 1193; x_wconf 91' lang='lat' dir='ltr'>enim</span> <span class='ocrx_word' id='word_1_204' title='bbox 148 1175 208 1193; x_wconf 87' lang='lat' dir='ltr'>esse</span> <span class='ocrx_word' id='word_1_205' title='bbox 223 1166 349 1193; x_wconf 87' lang='lat' dir='ltr'>volumus</span> <span class='ocrx_word' id='word_1_206' title='bbox 366 1166 456 1203; x_wconf 76' lang='grc' dir='ltr'>ὁρμήν)</span> <span class='ocrx_word' id='word_1_207' title='bbox 472 1176 525 1201; x_wconf 90' lang='lat' dir='ltr'>qua</span> <span class='ocrx_word' id='word_1_208' title='bbox 541 1167 574 1193; x_wconf 91' lang='lat' dir='ltr'>ad</span> <span class='ocrx_word' id='word_1_209' title='bbox 590 1167 725 1203; x_wconf 86' lang='lat' dir='ltr'>agendum</span> <span class='ocrx_word' id='word_1_210' title='bbox 737 1166 857 1202; x_wconf 90' lang='lat' dir='ltr'>impelli-</span> 
     </span>
     <span class='ocr_line' id='line_1_30' title="bbox 59 1204 856 1239; baseline 0 -9"><span class='ocrx_word' id='word_1_211' title='bbox 59 1212 122 1230; x_wconf 87' lang='lat' dir='ltr'>mur</span> <span class='ocrx_word' id='word_1_212' title='bbox 140 1209 166 1231; x_wconf 90' lang='lat' dir='ltr'>et</span> <span class='ocrx_word' id='word_1_213' title='bbox 181 1204 209 1231; x_wconf 93' lang='lat' dir='ltr'>id</span> <span class='ocrx_word' id='word_1_214' title='bbox 224 1204 391 1239; x_wconf 88' lang='lat' dir='ltr'>appetimus,</span> <span class='ocrx_word' id='word_1_215' title='bbox 417 1204 490 1239; x_wconf 93' lang='lat' dir='ltr'>quod</span> <span class='ocrx_word' id='word_1_216' title='bbox 505 1209 546 1231; x_wconf 87' lang='lat' dir='ltr'>est</span> <span class='ocrx_word' id='word_1_217' title='bbox 560 1205 664 1236; x_wconf 88' lang='lat' dir='ltr'>visum,</span> <span class='ocrx_word' id='word_1_218' title='bbox 686 1205 788 1231; x_wconf 90' lang='lat' dir='ltr'>moveri</span> <span class='ocrx_word' id='word_1_219' title='bbox 803 1212 856 1230; x_wconf 92' lang='lat' dir='ltr'>non</span> 
     </span>
     <span class='ocr_line' id='line_1_31' title="bbox 61 1241 857 1277; baseline 0.001 -10"><span class='ocrx_word' id='word_1_220' title='bbox 61 1246 157 1276; x_wconf 89' lang='lat' dir='ltr'>potest.</span> <span class='ocrx_word' id='word_1_221' title='bbox 197 1243 239 1268; x_wconf 69' lang='lat'>25.</span> <span class='ocrx_word' id='word_1_222' title='bbox 262 1241 331 1267; x_wconf 88' lang='lat' dir='ltr'>Illud</span> <span class='ocrx_word' id='word_1_223' title='bbox 342 1246 446 1272; x_wconf 91' lang='lat' dir='ltr'>autem,</span> <span class='ocrx_word' id='word_1_224' title='bbox 464 1241 536 1276; x_wconf 90' lang='lat' dir='ltr'>quod</span> <span class='ocrx_word' id='word_1_225' title='bbox 548 1247 650 1273; x_wconf 89' lang='lat' dir='ltr'>movet,</span> <span class='ocrx_word' id='word_1_226' title='bbox 667 1242 743 1277; x_wconf 87' lang='lat' dir='ltr'>prius</span> <span class='ocrx_word' id='word_1_227' title='bbox 753 1246 857 1277; x_wconf 87' lang='lat' dir='ltr'>oportet</span> 
     </span>
     <span class='ocr_line' id='line_1_32' title="bbox 61 1278 854 1314; baseline 0 -10"><span class='ocrx_word' id='word_1_228' title='bbox 61 1278 147 1305; x_wconf 88' lang='lat' dir='ltr'>videri</span> <span class='ocrx_word' id='word_1_229' title='bbox 159 1279 238 1313; x_wconf 91' lang='lat' dir='ltr'>eique</span> <span class='ocrx_word' id='word_1_230' title='bbox 249 1278 336 1304; x_wconf 92' lang='lat' dir='ltr'>credi:</span> <span class='ocrx_word' id='word_1_231' title='bbox 355 1278 428 1313; x_wconf 87' lang='lat' dir='ltr'>quod</span> <span class='ocrx_word' id='word_1_232' title='bbox 440 1278 496 1305; x_wconf 84' lang='lat' dir='ltr'>fieri</span> <span class='ocrx_word' id='word_1_233' title='bbox 509 1288 560 1305; x_wconf 93' lang='lat' dir='ltr'>non</span> <span class='ocrx_word' id='word_1_234' title='bbox 573 1283 671 1314; x_wconf 90' lang='lat' dir='ltr'>potest,</span> <span class='ocrx_word' id='word_1_235' title='bbox 688 1280 712 1305; x_wconf 93' lang='lat' dir='ltr'>si</span> <span class='ocrx_word' id='word_1_236' title='bbox 724 1279 764 1310; x_wconf 89' lang='lat' dir='ltr'>id,</span> <span class='ocrx_word' id='word_1_237' title='bbox 782 1278 854 1314; x_wconf 90' lang='lat' dir='ltr'>quod</span> 
     </span>
     <span class='ocr_line' id='line_1_33' title="bbox 60 1315 855 1351; baseline 0 -9"><span class='ocrx_word' id='word_1_238' title='bbox 60 1316 151 1342; x_wconf 89' lang='lat' dir='ltr'>visum</span> <span class='ocrx_word' id='word_1_239' title='bbox 167 1317 231 1346; x_wconf 90' lang='lat' dir='ltr'>erit,</span> <span class='ocrx_word' id='word_1_240' title='bbox 248 1315 366 1342; x_wconf 86' lang='lat' dir='ltr'>discerni</span> <span class='ocrx_word' id='word_1_241' title='bbox 382 1324 434 1342; x_wconf 93' lang='lat' dir='ltr'>non</span> <span class='ocrx_word' id='word_1_242' title='bbox 451 1317 547 1351; x_wconf 87' lang='lat' dir='ltr'>poterit</span> <span class='ocrx_word' id='word_1_243' title='bbox 562 1325 575 1342; x_wconf 92' lang='lat' dir='ltr'>a</span> <span class='ocrx_word' id='word_1_244' title='bbox 591 1316 667 1343; x_wconf 78' lang='lat' dir='ltr'>falso.</span> <span class='ocrx_word' id='word_1_245' title='bbox 708 1316 855 1348; x_wconf 90' lang='lat' dir='ltr'>Quomodo</span> 
     </span>
     <span class='ocr_line' id='line_1_34' title="bbox 60 1352 853 1388; baseline 0.001 -9"><span class='ocrx_word' id='word_1_246' title='bbox 60 1357 149 1380; x_wconf 87' lang='lat' dir='ltr'>autem</span> <span class='ocrx_word' id='word_1_247' title='bbox 170 1353 272 1379; x_wconf 89' lang='lat' dir='ltr'>moveri</span> <span class='ocrx_word' id='word_1_248' title='bbox 288 1353 395 1379; x_wconf 84' lang='lat' dir='ltr'>animus</span> <span class='ocrx_word' id='word_1_249' title='bbox 411 1352 444 1379; x_wconf 91' lang='lat' dir='ltr'>ad</span> <span class='ocrx_word' id='word_1_250' title='bbox 459 1353 640 1388; x_wconf 89' lang='lat' dir='ltr'>appetendum</span> <span class='ocrx_word' id='word_1_251' title='bbox 656 1358 754 1388; x_wconf 88' lang='lat' dir='ltr'>potest,</span> <span class='ocrx_word' id='word_1_252' title='bbox 777 1354 800 1380; x_wconf 90' lang='lat' dir='ltr'>si</span> <span class='ocrx_word' id='word_1_253' title='bbox 816 1353 853 1385; x_wconf 84' lang='lat' dir='ltr'>id,</span> 
     </span>
     <span class='ocr_line' id='line_1_35' title="bbox 59 1390 856 1426; baseline 0.001 -10"><span class='ocrx_word' id='word_1_254' title='bbox 59 1390 133 1426; x_wconf 88' lang='lat' dir='ltr'>quod</span> <span class='ocrx_word' id='word_1_255' title='bbox 144 1390 260 1421; x_wconf 87' lang='lat' dir='ltr'>videtur,</span> <span class='ocrx_word' id='word_1_256' title='bbox 274 1399 326 1416; x_wconf 89' lang='lat' dir='ltr'>non</span> <span class='ocrx_word' id='word_1_257' title='bbox 337 1391 493 1425; x_wconf 87' lang='lat' dir='ltr'>percipitur,</span> <span class='ocrx_word' id='word_1_258' title='bbox 502 1391 766 1417; x_wconf 85' lang='lat' dir='ltr'>accommodatumnc</span> <span class='ocrx_word' id='word_1_259' title='bbox 778 1396 856 1417; x_wconf 88' lang='lat' dir='ltr'>natu-</span> 
     </span>
     <span class='ocr_line' id='line_1_36' title="bbox 60 1427 853 1463; baseline 0 -9"><span class='ocrx_word' id='word_1_260' title='bbox 60 1436 104 1454; x_wconf 90' lang='lat' dir='ltr'>rae</span> <span class='ocrx_word' id='word_1_261' title='bbox 115 1428 162 1458; x_wconf 92' lang='lat' dir='ltr'>sit,</span> <span class='ocrx_word' id='word_1_262' title='bbox 176 1436 209 1454; x_wconf 91' lang='lat' dir='ltr'>an</span> <span class='ocrx_word' id='word_1_263' title='bbox 221 1427 358 1454; x_wconf 70' lang='lat' dir='ltr'>alienum?</span> <span class='ocrx_word' id='word_1_264' title='bbox 371 1428 503 1463; x_wconf 87' lang='lat' dir='ltr'>itemque,</span> <span class='ocrx_word' id='word_1_265' title='bbox 522 1429 559 1460; x_wconf 91' lang='lat' dir='ltr'>si,</span> <span class='ocrx_word' id='word_1_266' title='bbox 576 1428 643 1463; x_wconf 87' lang='lat' dir='ltr'>quid</span> <span class='ocrx_word' id='word_1_267' title='bbox 658 1428 741 1455; x_wconf 77' lang='lat' dir='ltr'>officii</span> <span class='ocrx_word' id='word_1_268' title='bbox 755 1429 798 1454; x_wconf 89' lang='lat' dir='ltr'>sui</span> <span class='ocrx_word' id='word_1_269' title='bbox 809 1429 853 1459; x_wconf 87' lang='lat' dir='ltr'>sit,</span> 
     </span>
     <span class='ocr_line' id='line_1_37' title="bbox 60 1465 855 1501; baseline 0.001 -10"><span class='ocrx_word' id='word_1_270' title='bbox 60 1473 112 1491; x_wconf 92' lang='lat' dir='ltr'>non</span> <span class='ocrx_word' id='word_1_271' title='bbox 128 1465 244 1491; x_wconf 88' lang='lat' dir='ltr'>occurrit</span> <span class='ocrx_word' id='word_1_272' title='bbox 258 1465 360 1496; x_wconf 90' lang='lat' dir='ltr'>animo,</span> <span class='ocrx_word' id='word_1_273' title='bbox 379 1465 447 1491; x_wconf 93' lang='lat' dir='ltr'>nihil</span> <span class='ocrx_word' id='word_1_274' title='bbox 464 1474 593 1500; x_wconf 89' lang='lat' dir='ltr'>umquam</span> <span class='ocrx_word' id='word_1_275' title='bbox 608 1466 717 1492; x_wconf 91' lang='lat' dir='ltr'>omnino</span> <span class='ocrx_word' id='word_1_276' title='bbox 731 1470 804 1501; x_wconf 85' lang='lat' dir='ltr'>aget,</span> <span class='ocrx_word' id='word_1_277' title='bbox 822 1465 855 1492; x_wconf 92' lang='lat' dir='ltr'>ad</span> 
     </span>
     <span class='ocr_line' id='line_1_38' title="bbox 60 1501 856 1538; baseline 0.001 -10"><span class='ocrx_word' id='word_1_278' title='bbox 60 1501 162 1529; x_wconf 86' lang='lat' dir='ltr'>nullam</span> <span class='ocrx_word' id='word_1_279' title='bbox 175 1510 230 1528; x_wconf 90' lang='lat' dir='ltr'>rem</span> <span class='ocrx_word' id='word_1_280' title='bbox 243 1510 372 1536; x_wconf 90' lang='lat' dir='ltr'>umquam</span> <span class='ocrx_word' id='word_1_281' title='bbox 384 1502 551 1536; x_wconf 85' lang='lat' dir='ltr'>impelletur,</span> <span class='ocrx_word' id='word_1_282' title='bbox 569 1511 718 1538; x_wconf 89' lang='lat' dir='ltr'>numquam</span> <span class='ocrx_word' id='word_1_283' title='bbox 733 1502 856 1529; x_wconf 90' lang='lat' dir='ltr'>movebi-</span> 
     </span>
     <span class='ocr_line' id='line_1_39' title="bbox 59 1538 855 1574; baseline 0.001 -9"><span class='ocrx_word' id='word_1_284' title='bbox 59 1544 112 1566; x_wconf 88' lang='lat' dir='ltr'>tur.</span> <span class='ocrx_word' id='word_1_285' title='bbox 153 1538 230 1571; x_wconf 86' lang='lat' dir='ltr'>Quod</span> <span class='ocrx_word' id='word_1_286' title='bbox 244 1540 267 1565; x_wconf 91' lang='lat' dir='ltr'>si</span> <span class='ocrx_word' id='word_1_287' title='bbox 283 1539 387 1574; x_wconf 88' lang='lat' dir='ltr'>aliquid</span> <span class='ocrx_word' id='word_1_288' title='bbox 402 1540 546 1574; x_wconf 85' lang='lat' dir='ltr'>aliquando</span> <span class='ocrx_word' id='word_1_289' title='bbox 557 1545 665 1566; x_wconf 91' lang='lat' dir='ltr'>acturus</span> <span class='ocrx_word' id='word_1_290' title='bbox 676 1545 729 1571; x_wconf 91' lang='lat' dir='ltr'>est,</span> <span class='ocrx_word' id='word_1_291' title='bbox 746 1548 855 1567; x_wconf 86' lang='lat' dir='ltr'>necesse</span> 
     </span>
     <span class='ocr_line' id='line_1_40' title="bbox 59 1576 855 1611; baseline 0.003 -9"><span class='ocrx_word' id='word_1_292' title='bbox 59 1581 100 1603; x_wconf 89' lang='lat' dir='ltr'>est</span> <span class='ocrx_word' id='word_1_293' title='bbox 114 1576 142 1602; x_wconf 90' lang='lat' dir='ltr'>id</span> <span class='ocrx_word' id='word_1_294' title='bbox 160 1577 185 1603; x_wconf 85' lang='lat' dir='ltr'>ei</span> <span class='ocrx_word' id='word_1_295' title='bbox 205 1585 315 1608; x_wconf 89' lang='lat' dir='ltr'>verum,</span> <span class='ocrx_word' id='word_1_296' title='bbox 336 1576 409 1611; x_wconf 92' lang='lat' dir='ltr'>quod</span> <span class='ocrx_word' id='word_1_297' title='bbox 429 1578 558 1608; x_wconf 90' lang='lat' dir='ltr'>occurrit,</span> <span class='ocrx_word' id='word_1_298' title='bbox 582 1577 678 1604; x_wconf 87' lang='lat' dir='ltr'>videri.</span> <span class='ocrx_word' id='word_1_299' title='bbox 719 1580 761 1605; x_wconf 79' lang='lat'>26.</span> <span class='ocrx_word' id='word_1_300' title='bbox 783 1577 855 1610; x_wconf 86' lang='lat' dir='ltr'>Quid</span> 
     </span>
     <span class='ocr_line' id='line_1_41' title="bbox 59 1613 854 1650; baseline 0.001 -10"><span class='ocrx_word' id='word_1_301' title='bbox 59 1613 146 1649; x_wconf 89' lang='lat' dir='ltr'>quod,</span> <span class='ocrx_word' id='word_1_302' title='bbox 167 1613 191 1640; x_wconf 92' lang='lat' dir='ltr'>si</span> <span class='ocrx_word' id='word_1_303' title='bbox 212 1614 261 1640; x_wconf 87' lang='lat' dir='ltr'>ista</span> <span class='ocrx_word' id='word_1_304' title='bbox 282 1622 344 1640; x_wconf 88' lang='lat' dir='ltr'>vera</span> <span class='ocrx_word' id='word_1_305' title='bbox 360 1619 436 1645; x_wconf 89' lang='lat' dir='ltr'>sunt,</span> <span class='ocrx_word' id='word_1_306' title='bbox 459 1615 525 1640; x_wconf 84' lang='lat' dir='ltr'>ratio</span> <span class='ocrx_word' id='word_1_307' title='bbox 539 1616 628 1641; x_wconf 92' lang='lat' dir='ltr'>omnis</span> <span class='ocrx_word' id='word_1_308' title='bbox 644 1614 758 1647; x_wconf 89' lang='lat' dir='ltr'>tollitur,</span> <span class='ocrx_word' id='word_1_309' title='bbox 775 1615 854 1650; x_wconf 88' lang='lat' dir='ltr'>quasi</span> 
     </span>
     <span class='ocr_line' id='line_1_42' title="bbox 58 1650 855 1687; baseline 0.001 -10"><span class='ocrx_word' id='word_1_310' title='bbox 58 1650 192 1687; x_wconf 83' lang='lat' dir='ltr'>quaedam</span> <span class='ocrx_word' id='word_1_311' title='bbox 204 1651 251 1677; x_wconf 80' lang='lat' dir='ltr'>lux</span> <span class='ocrx_word' id='word_1_312' title='bbox 263 1650 408 1686; x_wconf 88' lang='lat' dir='ltr'>lumenque</span> <span class='ocrx_word' id='word_1_313' title='bbox 420 1651 508 1678; x_wconf 81' lang='lat' dir='ltr'>vitae‘?</span> <span class='ocrx_word' id='word_1_314' title='bbox 519 1652 653 1679; x_wconf 86' lang='lat' dir='ltr'>Tamenne</span> <span class='ocrx_word' id='word_1_315' title='bbox 664 1653 691 1679; x_wconf 93' lang='lat' dir='ltr'>in</span> <span class='ocrx_word' id='word_1_316' title='bbox 704 1653 753 1679; x_wconf 85' lang='lat' dir='ltr'>ista</span> <span class='ocrx_word' id='word_1_317' title='bbox 764 1653 855 1687; x_wconf 85' lang='lat' dir='ltr'>pravi-</span> 
     </span>
     <span class='ocr_line' id='line_1_43' title="bbox 59 1687 852 1724; baseline 0.003 -10"><span class='ocrx_word' id='word_1_318' title='bbox 59 1693 110 1715; x_wconf 88' lang='lat' dir='ltr'>tate</span> <span class='ocrx_word' id='word_1_319' title='bbox 121 1687 294 1723; x_wconf 81' lang='lat' dir='ltr'>perstabitis‘?</span> <span class='ocrx_word' id='word_1_320' title='bbox 314 1688 381 1715; x_wconf 86' lang='lat' dir='ltr'>Nam</span> <span class='ocrx_word' id='word_1_321' title='bbox 392 1688 540 1724; x_wconf 87' lang='lat' dir='ltr'>quaerendi</span> <span class='ocrx_word' id='word_1_322' title='bbox 553 1690 661 1716; x_wconf 88' lang='lat' dir='ltr'>initium</span> <span class='ocrx_word' id='word_1_323' title='bbox 673 1690 739 1716; x_wconf 87' lang='lat' dir='ltr'>ratio</span> <span class='ocrx_word' id='word_1_324' title='bbox 750 1689 852 1716; x_wconf 89' lang='lat' dir='ltr'>attulit:</span> 
     </span>
     <span class='ocr_line' id='line_1_44' title="bbox 58 1725 855 1762; baseline 0.001 -10"><span class='ocrx_word' id='word_1_325' title='bbox 58 1734 129 1761; x_wconf 87' lang='lat' dir='ltr'>quae</span> <span class='ocrx_word' id='word_1_326' title='bbox 144 1725 256 1760; x_wconf 81' lang='lat' dir='ltr'>perfecit</span> <span class='ocrx_word' id='word_1_327' title='bbox 271 1726 398 1752; x_wconf 88' lang='lat' dir='ltr'>virtutem</span> <span class='ocrx_word' id='word_1_328' title='bbox 407 1746 413 1757; x_wconf 93' lang='lat'>,</span> <span class='ocrx_word' id='word_1_329' title='bbox 431 1735 516 1761; x_wconf 90' lang='lat' dir='ltr'>quum</span> <span class='ocrx_word' id='word_1_330' title='bbox 529 1731 600 1753; x_wconf 89' lang='lat' dir='ltr'>esset</span> <span class='ocrx_word' id='word_1_331' title='bbox 611 1727 668 1762; x_wconf 85' lang='lat' dir='ltr'>ipsa</span> <span class='ocrx_word' id='word_1_332' title='bbox 680 1727 746 1753; x_wconf 92' lang='lat' dir='ltr'>ratio</span> <span class='ocrx_word' id='word_1_333' title='bbox 757 1727 855 1753; x_wconf 76' lang='lat' dir='ltr'>confir-</span> 
     </span>
     <span class='ocr_line' id='line_1_45' title="bbox 59 1762 855 1800; baseline 0.001 -11"><span class='ocrx_word' id='word_1_334' title='bbox 59 1767 128 1789; x_wconf 88' lang='lat' dir='ltr'>mata</span> <span class='ocrx_word' id='word_1_335' title='bbox 140 1762 303 1798; x_wconf 87' lang='lat' dir='ltr'>quaerendo.</span> <span class='ocrx_word' id='word_1_336' title='bbox 334 1762 460 1795; x_wconf 91' lang='lat' dir='ltr'>Quaestio</span> <span class='ocrx_word' id='word_1_337' title='bbox 471 1768 560 1790; x_wconf 86' lang='lat' dir='ltr'>autem</span> <span class='ocrx_word' id='word_1_338' title='bbox 572 1769 612 1791; x_wconf 88' lang='lat' dir='ltr'>est</span> <span class='ocrx_word' id='word_1_339' title='bbox 623 1765 750 1799; x_wconf 83' lang='lat' dir='ltr'>appetitio</span> <span class='ocrx_word' id='word_1_340' title='bbox 761 1765 855 1800; x_wconf 85' lang='lat' dir='ltr'>cogni-</span> 
     </span>
     <span class='ocr_line' id='line_1_46' title="bbox 58 1800 855 1835; baseline 0 -7"><span class='ocrx_word' id='word_1_341' title='bbox 58 1801 153 1831; x_wconf 83' lang='lat' dir='ltr'>tionis,</span> <span class='ocrx_word' id='word_1_342' title='bbox 167 1800 387 1835; x_wconf 88' lang='lat' dir='ltr'>quaestionisque</span> <span class='ocrx_word' id='word_1_343' title='bbox 399 1800 461 1827; x_wconf 83' lang='lat' dir='ltr'>linis</span> <span class='ocrx_word' id='word_1_344' title='bbox 472 1801 602 1828; x_wconf 88' lang='lat' dir='ltr'>inventio.</span> <span class='ocrx_word' id='word_1_345' title='bbox 643 1802 677 1828; x_wconf 80' lang='lat' dir='ltr'>At</span> <span class='ocrx_word' id='word_1_346' title='bbox 688 1810 765 1828; x_wconf 86' lang='lat' dir='ltr'>nemo</span> <span class='ocrx_word' id='word_1_347' title='bbox 777 1802 855 1828; x_wconf 89' lang='lat' dir='ltr'>inve-</span> 
     </span>
     <span class='ocr_line' id='line_1_47' title="bbox 58 1837 854 1873; baseline 0.004 -10"><span class='ocrx_word' id='word_1_348' title='bbox 58 1838 99 1864; x_wconf 87' lang='lat' dir='ltr'>nit</span> <span class='ocrx_word' id='word_1_349' title='bbox 109 1837 188 1871; x_wconf 73' lang='lat' dir='ltr'>falsa,</span> <span class='ocrx_word' id='word_1_350' title='bbox 201 1846 249 1864; x_wconf 89' lang='lat' dir='ltr'>nec</span> <span class='ocrx_word' id='word_1_351' title='bbox 260 1846 299 1869; x_wconf 84' lang='lat' dir='ltr'>ea,</span> <span class='ocrx_word' id='word_1_352' title='bbox 307 1846 376 1872; x_wconf 87' lang='lat' dir='ltr'>quae</span> <span class='ocrx_word' id='word_1_353' title='bbox 388 1838 489 1865; x_wconf 90' lang='lat' dir='ltr'>ineerta</span> <span class='ocrx_word' id='word_1_354' title='bbox 500 1843 666 1873; x_wconf 81' lang='lat' dir='ltr'>permanent,</span> <span class='ocrx_word' id='word_1_355' title='bbox 675 1839 783 1866; x_wconf 84' lang='lat' dir='ltr'>inventa</span> <span class='ocrx_word' id='word_1_356' title='bbox 794 1847 854 1866; x_wconf 86' lang='lat' dir='ltr'>esse</span> 
     </span>
     <span class='ocr_line' id='line_1_48' title="bbox 58 1874 851 1911; baseline 0.004 -11"><span class='ocrx_word' id='word_1_357' title='bbox 58 1879 185 1909; x_wconf 88' lang='lat' dir='ltr'>possunt:</span> <span class='ocrx_word' id='word_1_358' title='bbox 203 1874 264 1906; x_wconf 92' lang='lat' dir='ltr'>sed,</span> <span class='ocrx_word' id='word_1_359' title='bbox 277 1883 363 1910; x_wconf 90' lang='lat' dir='ltr'>quum</span> <span class='ocrx_word' id='word_1_360' title='bbox 374 1883 404 1901; x_wconf 91' lang='lat' dir='ltr'>ea</span> <span class='ocrx_word' id='word_1_361' title='bbox 413 1896 419 1906; x_wconf 90' lang='lat'>,</span> <span class='ocrx_word' id='word_1_362' title='bbox 432 1884 501 1910; x_wconf 82' lang='lat' dir='ltr'>quae</span> <span class='ocrx_word' id='word_1_363' title='bbox 512 1877 590 1911; x_wconf 89' lang='lat' dir='ltr'>quasi</span> <span class='ocrx_word' id='word_1_364' title='bbox 602 1876 721 1903; x_wconf 90' lang='lat' dir='ltr'>involuta</span> <span class='ocrx_word' id='word_1_365' title='bbox 734 1876 851 1908; x_wconf 80' lang='lat' dir='ltr'>fuerunt,</span> 
     </span>
     <span class='ocr_line' id='line_1_49' title="bbox 59 1912 854 1947; baseline 0.004 -10"><span class='ocrx_word' id='word_1_366' title='bbox 59 1916 148 1947; x_wconf 85' lang='lat' dir='ltr'>aperta</span> <span class='ocrx_word' id='word_1_367' title='bbox 164 1915 240 1943; x_wconf 88' lang='lat' dir='ltr'>sunt,</span> <span class='ocrx_word' id='word_1_368' title='bbox 262 1916 318 1938; x_wconf 90' lang='lat' dir='ltr'>tum</span> <span class='ocrx_word' id='word_1_369' title='bbox 336 1912 444 1939; x_wconf 89' lang='lat' dir='ltr'>inventa</span> <span class='ocrx_word' id='word_1_370' title='bbox 460 1912 598 1940; x_wconf 87' lang='lat' dir='ltr'>dicuntur.</span> <span class='ocrx_word' id='word_1_371' title='bbox 637 1914 681 1940; x_wconf 92' lang='lat' dir='ltr'>Sic</span> <span class='ocrx_word' id='word_1_372' title='bbox 701 1918 727 1940; x_wconf 90' lang='lat' dir='ltr'>et</span> <span class='ocrx_word' id='word_1_373' title='bbox 745 1914 854 1940; x_wconf 89' lang='lat' dir='ltr'>initium</span> 
     </span>
     <span class='ocr_line' id='line_1_50' title="bbox 58 1948 853 1985; baseline 0.004 -11"><span class='ocrx_word' id='word_1_374' title='bbox 58 1948 220 1984; x_wconf 86' lang='lat' dir='ltr'>quaerendi,</span> <span class='ocrx_word' id='word_1_375' title='bbox 238 1952 264 1975; x_wconf 85' lang='lat' dir='ltr'>et</span> <span class='ocrx_word' id='word_1_376' title='bbox 278 1949 367 1975; x_wconf 80' lang='lat' dir='ltr'>exitus</span> <span class='ocrx_word' id='word_1_377' title='bbox 383 1949 551 1984; x_wconf 90' lang='lat' dir='ltr'>percipiendi</span> <span class='ocrx_word' id='word_1_378' title='bbox 567 1954 593 1977; x_wconf 90' lang='lat' dir='ltr'>et</span> <span class='ocrx_word' id='word_1_379' title='bbox 607 1951 853 1985; x_wconf 90' lang='lat' dir='ltr'>comprehendendi</span> 
     </span>
     <span class='ocr_line' id='line_1_51' title="bbox 58 1986 854 2022; baseline 0.001 -8"><span class='ocrx_word' id='word_1_380' title='bbox 58 1990 163 2014; x_wconf 85' lang='lat' dir='ltr'>tenetur</span> <span class='ocrx_word' id='word_1_381' title='bbox 176 1986 196 2012; x_wconf 75' lang='lat'>‘.</span> <span class='ocrx_word' id='word_1_382' title='bbox 218 1986 309 2020; x_wconf 84' lang='lat' dir='ltr'>ltaque</span> <span class='ocrx_word' id='word_1_383' title='bbox 319 1987 470 2021; x_wconf 83' lang='lat' dir='ltr'>argumenti</span> <span class='ocrx_word' id='word_1_384' title='bbox 482 1987 628 2018; x_wconf 88' lang='lat' dir='ltr'>conclusio,</span> <span class='ocrx_word' id='word_1_385' title='bbox 640 1996 709 2022; x_wconf 88' lang='lat' dir='ltr'>quae</span> <span class='ocrx_word' id='word_1_386' title='bbox 720 1993 761 2015; x_wconf 88' lang='lat' dir='ltr'>est</span> <span class='ocrx_word' id='word_1_387' title='bbox 771 1988 854 2015; x_wconf 88' lang='lat' dir='ltr'>Grae—</span> 
     </span>
     <span class='ocr_line' id='line_1_52' title="bbox 58 2022 854 2061; baseline 0.003 -11"><span class='ocrx_word' id='word_1_388' title='bbox 58 2031 89 2050; x_wconf 88' lang='lat' dir='ltr'>ce</span> <span class='ocrx_word' id='word_1_389' title='bbox 100 2022 245 2053; x_wconf 75' lang='grc' dir='ltr'><em>ἀπόδειξις,</em></span> <span class='ocrx_word' id='word_1_390' title='bbox 262 2023 297 2049; x_wconf 85' lang='lat' dir='ltr'>ita</span> <span class='ocrx_word' id='word_1_391' title='bbox 308 2022 450 2050; x_wconf 76' lang='lat' dir='ltr'>definitur:</span> <span class='ocrx_word' id='word_1_392' title='bbox 473 2024 561 2055; x_wconf 83' lang='lat' dir='ltr'>Ratio,</span> <span class='ocrx_word' id='word_1_393' title='bbox 574 2033 643 2059; x_wconf 88' lang='lat' dir='ltr'>quae</span> <span class='ocrx_word' id='word_1_394' title='bbox 654 2033 689 2051; x_wconf 87' lang='lat' dir='ltr'>ex</span> <span class='ocrx_word' id='word_1_395' title='bbox 700 2025 780 2052; x_wconf 85' lang='lat' dir='ltr'>rebus</span> <span class='ocrx_word' id='word_1_396' title='bbox 792 2034 854 2061; x_wconf 89' lang='lat' dir='ltr'>per-</span> 
     </span>
     <span class='ocr_line' id='line_1_53' title="bbox 58 2059 740 2096; baseline 0.001 -9"><span class='ocrx_word' id='word_1_397' title='bbox 58 2061 144 2096; x_wconf 90' lang='lat' dir='ltr'>ceptis</span> <span class='ocrx_word' id='word_1_398' title='bbox 155 2059 188 2086; x_wconf 85' lang='lat' dir='ltr'>ad</span> <span class='ocrx_word' id='word_1_399' title='bbox 200 2059 237 2091; x_wconf 92' lang='lat' dir='ltr'>id,</span> <span class='ocrx_word' id='word_1_400' title='bbox 250 2059 322 2094; x_wconf 90' lang='lat' dir='ltr'>quod</span> <span class='ocrx_word' id='word_1_401' title='bbox 335 2069 386 2087; x_wconf 93' lang='lat' dir='ltr'>non</span> <span class='ocrx_word' id='word_1_402' title='bbox 398 2061 606 2095; x_wconf 84' lang='lat' dir='ltr'>percipiebatur,</span> <span class='ocrx_word' id='word_1_403' title='bbox 620 2061 740 2089; x_wconf 83' lang='lat' dir='ltr'>adducit.</span> 
     </span>
    </p>

    <p class='ocr_par' dir='ltr' id='par_1_4' title="bbox 57 2097 854 2359">
     <span class='ocr_line' id='line_1_54' title="bbox 114 2097 854 2135; baseline 0.003 -11"><span class='ocrx_word' id='word_1_404' title='bbox 114 2097 162 2124; x_wconf 77' lang='lat' dir='ltr'>IX.</span> <span class='ocrx_word' id='word_1_405' title='bbox 178 2098 221 2124; x_wconf 74' lang='lat'>27.</span> <span class='ocrx_word' id='word_1_406' title='bbox 236 2097 312 2129; x_wconf 83' lang='lat' dir='ltr'>Quod</span> <span class='ocrx_word' id='word_1_407' title='bbox 324 2097 346 2123; x_wconf 87' lang='lat' dir='ltr'>si</span> <span class='ocrx_word' id='word_1_408' title='bbox 357 2098 447 2124; x_wconf 89' lang='lat' dir='ltr'>omnia</span> <span class='ocrx_word' id='word_1_409' title='bbox 459 2099 516 2125; x_wconf 87' lang='lat' dir='ltr'>visa</span> <span class='ocrx_word' id='word_1_410' title='bbox 528 2099 662 2125; x_wconf 91' lang='lat' dir='ltr'>eiusmodi</span> <span class='ocrx_word' id='word_1_411' title='bbox 675 2104 773 2129; x_wconf 80' lang='lat' dir='ltr'>essent,</span> <span class='ocrx_word' id='word_1_412' title='bbox 786 2108 854 2135; x_wconf 83' lang='lat' dir='ltr'>qua-</span> 
     </span>
     <span class='ocr_line' id='line_1_55' title="bbox 60 2134 852 2172; baseline 0.001 -10"><span class='ocrx_word' id='word_1_413' title='bbox 60 2135 95 2162; x_wconf 85' lang='lat' dir='ltr'>lia</span> <span class='ocrx_word' id='word_1_414' title='bbox 111 2135 156 2161; x_wconf 91' lang='lat' dir='ltr'>isti</span> <span class='ocrx_word' id='word_1_415' title='bbox 170 2134 277 2165; x_wconf 90' lang='lat' dir='ltr'>dicunt,</span> <span class='ocrx_word' id='word_1_416' title='bbox 296 2139 325 2161; x_wconf 91' lang='lat' dir='ltr'>ut</span> <span class='ocrx_word' id='word_1_417' title='bbox 339 2143 369 2161; x_wconf 90' lang='lat' dir='ltr'>ea</span> <span class='ocrx_word' id='word_1_418' title='bbox 381 2134 423 2161; x_wconf 87' lang='lat' dir='ltr'>vel</span> <span class='ocrx_word' id='word_1_419' title='bbox 436 2135 501 2162; x_wconf 79' lang='lat' dir='ltr'>salsa</span> <span class='ocrx_word' id='word_1_420' title='bbox 513 2144 573 2162; x_wconf 85' lang='lat' dir='ltr'>esse</span> <span class='ocrx_word' id='word_1_421' title='bbox 584 2141 705 2171; x_wconf 85' lang='lat' dir='ltr'>possent,</span> <span class='ocrx_word' id='word_1_422' title='bbox 724 2146 811 2172; x_wconf 85' lang='lat' dir='ltr'>neque</span> <span class='ocrx_word' id='word_1_423' title='bbox 823 2146 852 2163; x_wconf 86' lang='lat' dir='ltr'>ea</span> 
     </span>
     <span class='ocr_line' id='line_1_56' title="bbox 57 2171 854 2210; baseline 0.003 -11"><span class='ocrx_word' id='word_1_424' title='bbox 57 2177 148 2208; x_wconf 87' lang='lat' dir='ltr'>posset</span> <span class='ocrx_word' id='word_1_425' title='bbox 159 2171 213 2198; x_wconf 87' lang='lat' dir='ltr'>ulla</span> <span class='ocrx_word' id='word_1_426' title='bbox 225 2172 297 2198; x_wconf 89' lang='lat' dir='ltr'>notio</span> <span class='ocrx_word' id='word_1_427' title='bbox 307 2171 472 2199; x_wconf 86' lang='lat' dir='ltr'>discernere:</span> <span class='ocrx_word' id='word_1_428' title='bbox 485 2181 540 2208; x_wconf 92' lang='lat' dir='ltr'>quo</span> <span class='ocrx_word' id='word_1_429' title='bbox 551 2173 629 2199; x_wconf 91' lang='lat' dir='ltr'>modo</span> <span class='ocrx_word' id='word_1_430' title='bbox 640 2175 796 2210; x_wconf 76' lang='lat' dir='ltr'>quempiam</span> <span class='ocrx_word' id='word_1_431' title='bbox 808 2180 854 2202; x_wconf 88' lang='lat' dir='ltr'>aut</span> 
     </span>
     <span class='ocr_line' id='line_1_57' title="bbox 57 2208 854 2244; baseline 0.003 -7"><span class='ocrx_word' id='word_1_432' title='bbox 57 2209 224 2237; x_wconf 88' lang='lat' dir='ltr'>conclusisse</span> <span class='ocrx_word' id='word_1_433' title='bbox 245 2208 362 2244; x_wconf 88' lang='lat' dir='ltr'>aliquid,</span> <span class='ocrx_word' id='word_1_434' title='bbox 389 2214 435 2236; x_wconf 83' lang='lat' dir='ltr'>aut</span> <span class='ocrx_word' id='word_1_435' title='bbox 456 2210 593 2237; x_wconf 86' lang='lat' dir='ltr'>invenisse</span> <span class='ocrx_word' id='word_1_436' title='bbox 613 2211 784 2238; x_wconf 77' lang='lat' dir='ltr'>diceremus?</span> <span class='ocrx_word' id='word_1_437' title='bbox 808 2216 854 2239; x_wconf 83' lang='lat' dir='ltr'>aut</span> 
     </span>
     <span class='ocr_line' id='line_1_58' title="bbox 57 2246 853 2284; baseline 0.003 -10"><span class='ocrx_word' id='word_1_438' title='bbox 57 2255 127 2282; x_wconf 83' lang='lat' dir='ltr'>quae</span> <span class='ocrx_word' id='word_1_439' title='bbox 138 2251 208 2273; x_wconf 90' lang='lat' dir='ltr'>esset</span> <span class='ocrx_word' id='word_1_440' title='bbox 217 2246 338 2273; x_wconf 86' lang='lat' dir='ltr'>conclusi</span> <span class='ocrx_word' id='word_1_441' title='bbox 349 2247 500 2282; x_wconf 80' lang='lat' dir='ltr'>argumenti</span> <span class='ocrx_word' id='word_1_442' title='bbox 513 2247 597 2274; x_wconf 73' lang='lat' dir='ltr'>tides?</span> <span class='ocrx_word' id='word_1_443' title='bbox 617 2249 675 2283; x_wconf 84' lang='lat' dir='ltr'>ipsa</span> <span class='ocrx_word' id='word_1_444' title='bbox 691 2254 779 2276; x_wconf 81' lang='lat' dir='ltr'>autem</span> <span class='ocrx_word' id='word_1_445' title='bbox 791 2250 853 2284; x_wconf 89' lang='lat' dir='ltr'>phi-</span> 
     </span>
     <span class='ocr_line' id='line_1_59' title="bbox 58 2283 853 2321; baseline 0.003 -10"><span class='ocrx_word' id='word_1_446' title='bbox 58 2283 189 2319; x_wconf 80' lang='lat' dir='ltr'>losophia,</span> <span class='ocrx_word' id='word_1_447' title='bbox 201 2292 270 2319; x_wconf 86' lang='lat' dir='ltr'>quae</span> <span class='ocrx_word' id='word_1_448' title='bbox 281 2284 429 2311; x_wconf 85' lang='lat' dir='ltr'>rationibus</span> <span class='ocrx_word' id='word_1_449' title='bbox 440 2284 564 2320; x_wconf 78' lang='lat' dir='ltr'>progredi</span> <span class='ocrx_word' id='word_1_450' title='bbox 575 2285 663 2316; x_wconf 88' lang='lat' dir='ltr'>debet,</span> <span class='ocrx_word' id='word_1_451' title='bbox 676 2295 757 2321; x_wconf 89' lang='lat' dir='ltr'>quem</span> <span class='ocrx_word' id='word_1_452' title='bbox 770 2287 853 2313; x_wconf 87' lang='lat' dir='ltr'>hube-</span> 
     </span>
     <span class='ocr_line' id='line_1_60' title="bbox 57 2320 852 2359; baseline 0.003 -11"><span class='ocrx_word' id='word_1_453' title='bbox 57 2321 98 2349; x_wconf 90' lang='lat' dir='ltr'>bit</span> <span class='ocrx_word' id='word_1_454' title='bbox 112 2320 234 2348; x_wconf 68' lang='lat' dir='ltr'>exitum?</span> <span class='ocrx_word' id='word_1_455' title='bbox 248 2321 400 2356; x_wconf 81' lang='lat' dir='ltr'>Sapientiae</span> <span class='ocrx_word' id='word_1_456' title='bbox 415 2330 477 2348; x_wconf 89' lang='lat' dir='ltr'>vero</span> <span class='ocrx_word' id='word_1_457' title='bbox 492 2322 559 2356; x_wconf 90' lang='lat' dir='ltr'>quid</span> <span class='ocrx_word' id='word_1_458' title='bbox 575 2321 695 2349; x_wconf 83' lang='lat' dir='ltr'>futurum</span> <span class='ocrx_word' id='word_1_459' title='bbox 712 2323 769 2350; x_wconf 73' lang='lat' dir='ltr'>est‘?</span> <span class='ocrx_word' id='word_1_460' title='bbox 783 2333 852 2359; x_wconf 87' lang='lat' dir='ltr'>quae</span> 
     </span>
    </p>
   </div>
   <div class='ocr_carea' id='block_1_4' title="bbox 56 2358 874 2394">
    <p class='ocr_par' dir='ltr' id='par_1_5' title="bbox 56 2358 874 2394">
     <span class='ocr_line' id='line_1_61' title="bbox 56 2358 874 2394; baseline 0.002 -8"><span class='ocrx_word' id='word_1_461' title='bbox 56 2367 145 2394; x_wconf 87' lang='lat' dir='ltr'>neque</span> <span class='ocrx_word' id='word_1_462' title='bbox 156 2358 189 2385; x_wconf 88' lang='lat' dir='ltr'>de</span> <span class='ocrx_word' id='word_1_463' title='bbox 199 2367 227 2385; x_wconf 90' lang='lat' dir='ltr'>se</span> <span class='ocrx_word' id='word_1_464' title='bbox 240 2359 297 2393; x_wconf 84' lang='lat' dir='ltr'>ipsa</span> <span class='ocrx_word' id='word_1_465' title='bbox 309 2358 432 2385; x_wconf 83' lang='lat' dir='ltr'>dubitare</span> <span class='ocrx_word' id='word_1_466' title='bbox 444 2359 532 2390; x_wconf 88' lang='lat' dir='ltr'>debet,</span> <span class='ocrx_word' id='word_1_467' title='bbox 548 2368 636 2394; x_wconf 86' lang='lat' dir='ltr'>neque</span> <span class='ocrx_word' id='word_1_468' title='bbox 646 2360 679 2387; x_wconf 85' lang='lat' dir='ltr'>de</span> <span class='ocrx_word' id='word_1_469' title='bbox 690 2362 748 2387; x_wconf 81' lang='lat' dir='ltr'>suis</span> <span class='ocrx_word' id='word_1_470' title='bbox 759 2361 852 2388; x_wconf 86' lang='lat' dir='ltr'>decre·</span> <span class='ocrx_word' id='word_1_471' title='bbox 873 2359 874 2362; x_wconf 68' lang='grc'>’</span> 
     </span>
    </p>
   </div>
   <div class='ocr_carea' id='block_1_5' title="bbox 56 2396 852 2695">
    <p class='ocr_par' dir='ltr' id='par_1_6' title="bbox 56 2396 852 2695">
     <span class='ocr_line' id='line_1_62' title="bbox 57 2396 850 2432; baseline 0.003 -9"><span class='ocrx_word' id='word_1_472' title='bbox 57 2397 101 2427; x_wconf 89' lang='lat' dir='ltr'>tis,</span> <span class='ocrx_word' id='word_1_473' title='bbox 114 2404 183 2431; x_wconf 88' lang='lat' dir='ltr'>quae</span> <span class='ocrx_word' id='word_1_474' title='bbox 195 2396 350 2431; x_wconf 86' lang='lat' dir='ltr'>philosophi</span> <span class='ocrx_word' id='word_1_475' title='bbox 363 2401 458 2423; x_wconf 83' lang='lat' dir='ltr'>vocant</span> <span class='ocrx_word' id='word_1_476' title='bbox 469 2396 602 2432; x_wconf 70' lang='grc' dir='ltr'>ὃόγμαιαῑ</span> <span class='ocrx_word' id='word_1_477' title='bbox 618 2405 733 2432; x_wconf 89' lang='lat' dir='ltr'>quorum</span> <span class='ocrx_word' id='word_1_478' title='bbox 745 2398 850 2425; x_wconf 90' lang='lat' dir='ltr'>nullum</span> 
     </span>
     <span class='ocr_line' id='line_1_63' title="bbox 56 2432 852 2470; baseline 0.004 -11"><span class='ocrx_word' id='word_1_479' title='bbox 56 2434 116 2460; x_wconf 89' lang='lat' dir='ltr'>sine</span> <span class='ocrx_word' id='word_1_480' title='bbox 127 2432 226 2459; x_wconf 85' lang='lat' dir='ltr'>scelere</span> <span class='ocrx_word' id='word_1_481' title='bbox 237 2433 314 2468; x_wconf 90' lang='lat' dir='ltr'>prodi</span> <span class='ocrx_word' id='word_1_482' title='bbox 325 2434 431 2468; x_wconf 89' lang='lat' dir='ltr'>poterit.</span> <span class='ocrx_word' id='word_1_483' title='bbox 457 2433 547 2466; x_wconf 89' lang='lat' dir='ltr'>Quum</span> <span class='ocrx_word' id='word_1_484' title='bbox 558 2435 630 2460; x_wconf 92' lang='lat' dir='ltr'>enim</span> <span class='ocrx_word' id='word_1_485' title='bbox 641 2434 778 2462; x_wconf 87' lang='lat' dir='ltr'>decretum</span> <span class='ocrx_word' id='word_1_486' title='bbox 791 2445 852 2470; x_wconf 86' lang='lat' dir='ltr'>pro-</span> 
     </span>
     <span class='ocr_line' id='line_1_64' title="bbox 56 2470 851 2506; baseline 0.004 -10"><span class='ocrx_word' id='word_1_487' title='bbox 56 2470 139 2501; x_wconf 87' lang='lat' dir='ltr'>ditur,</span> <span class='ocrx_word' id='word_1_488' title='bbox 154 2470 197 2497; x_wconf 87' lang='lat' dir='ltr'>lex</span> <span class='ocrx_word' id='word_1_489' title='bbox 208 2471 264 2497; x_wconf 83' lang='lat' dir='ltr'>veri</span> <span class='ocrx_word' id='word_1_490' title='bbox 276 2471 394 2506; x_wconf 88' lang='lat' dir='ltr'>rectique</span> <span class='ocrx_word' id='word_1_491' title='bbox 406 2471 540 2506; x_wconf 72' lang='lat' dir='ltr'>proditur,</span> <span class='ocrx_word' id='word_1_492' title='bbox 554 2479 608 2506; x_wconf 93' lang='lat' dir='ltr'>quo</span> <span class='ocrx_word' id='word_1_493' title='bbox 619 2480 633 2497; x_wconf 92' lang='lat' dir='ltr'>e</span> <span class='ocrx_word' id='word_1_494' title='bbox 645 2473 710 2499; x_wconf 89' lang='lat' dir='ltr'>vitio</span> <span class='ocrx_word' id='word_1_495' title='bbox 720 2477 746 2498; x_wconf 90' lang='lat' dir='ltr'>ct</span> <span class='ocrx_word' id='word_1_496' title='bbox 757 2473 851 2499; x_wconf 86' lang='lat' dir='ltr'>amici-</span> 
     </span>
     <span class='ocr_line' id='line_1_65' title="bbox 57 2507 848 2543; baseline 0.003 -9"><span class='ocrx_word' id='word_1_497' title='bbox 57 2508 155 2534; x_wconf 90' lang='lat' dir='ltr'>tiarum</span> <span class='ocrx_word' id='word_1_498' title='bbox 167 2507 340 2543; x_wconf 84' lang='lat' dir='ltr'>proditiones,</span> <span class='ocrx_word' id='word_1_499' title='bbox 349 2513 374 2535; x_wconf 92' lang='lat' dir='ltr'>et</span> <span class='ocrx_word' id='word_1_500' title='bbox 385 2517 474 2535; x_wconf 90' lang='lat' dir='ltr'>rerum</span> <span class='ocrx_word' id='word_1_501' title='bbox 485 2508 655 2543; x_wconf 87' lang='lat' dir='ltr'>publicarum</span> <span class='ocrx_word' id='word_1_502' title='bbox 668 2511 741 2536; x_wconf 83' lang='lat' dir='ltr'>nasci</span> <span class='ocrx_word' id='word_1_503' title='bbox 753 2510 848 2536; x_wconf 83' lang='lat' dir='ltr'>solent.</span> 
     </span>
     <span class='ocr_line' id='line_1_66' title="bbox 56 2545 851 2581; baseline 0.003 -10"><span class='ocrx_word' id='word_1_504' title='bbox 56 2545 115 2571; x_wconf 90' lang='lat' dir='ltr'>Non</span> <span class='ocrx_word' id='word_1_505' title='bbox 125 2549 212 2580; x_wconf 91' lang='lat' dir='ltr'>potest</span> <span class='ocrx_word' id='word_1_506' title='bbox 222 2545 305 2581; x_wconf 82' lang='lat' dir='ltr'>igitur</span> <span class='ocrx_word' id='word_1_507' title='bbox 315 2545 443 2577; x_wconf 86' lang='lat' dir='ltr'>dubitari,</span> <span class='ocrx_word' id='word_1_508' title='bbox 456 2547 522 2581; x_wconf 91' lang='lat' dir='ltr'>quin</span> <span class='ocrx_word' id='word_1_509' title='bbox 534 2545 670 2572; x_wconf 82' lang='lat' dir='ltr'>decretum</span> <span class='ocrx_word' id='word_1_510' title='bbox 684 2547 789 2573; x_wconf 81' lang='lat' dir='ltr'>millum</span> <span class='ocrx_word' id='word_1_511' title='bbox 802 2547 851 2573; x_wconf 80' lang='lat' dir='ltr'>sal-</span> 
     </span>
     <span class='ocr_line' id='line_1_67' title="bbox 56 2582 851 2618; baseline 0.004 -11"><span class='ocrx_word' id='word_1_512' title='bbox 56 2590 118 2608; x_wconf 89' lang='lat' dir='ltr'>sum</span> <span class='ocrx_word' id='word_1_513' title='bbox 134 2582 219 2617; x_wconf 88' lang='lat' dir='ltr'>possit</span> <span class='ocrx_word' id='word_1_514' title='bbox 233 2590 305 2614; x_wconf 85' lang='lat' dir='ltr'>esse,</span> <span class='ocrx_word' id='word_1_515' title='bbox 323 2584 493 2618; x_wconf 80' lang='lat' dir='ltr'>sapientique</span> <span class='ocrx_word' id='word_1_516' title='bbox 507 2583 572 2610; x_wconf 84' lang='lat' dir='ltr'>satis</span> <span class='ocrx_word' id='word_1_517' title='bbox 589 2592 640 2610; x_wconf 92' lang='lat' dir='ltr'>non</span> <span class='ocrx_word' id='word_1_518' title='bbox 655 2584 703 2614; x_wconf 86' lang='lat' dir='ltr'>sit,</span> <span class='ocrx_word' id='word_1_519' title='bbox 726 2593 776 2610; x_wconf 94' lang='lat' dir='ltr'>non</span> <span class='ocrx_word' id='word_1_520' title='bbox 791 2593 851 2611; x_wconf 82' lang='lat' dir='ltr'>esso</span> 
     </span>
     <span class='ocr_line' id='line_1_68' title="bbox 57 2618 847 2653; baseline 0.005 -8"><span class='ocrx_word' id='word_1_521' title='bbox 57 2618 170 2650; x_wconf 72' lang='lat' dir='ltr'>falsum,</span> <span class='ocrx_word' id='word_1_522' title='bbox 187 2618 234 2645; x_wconf 82' lang='lat' dir='ltr'>sed</span> <span class='ocrx_word' id='word_1_523' title='bbox 245 2620 325 2646; x_wconf 82' lang='lat' dir='ltr'>etiam</span> <span class='ocrx_word' id='word_1_524' title='bbox 335 2620 445 2653; x_wconf 85' lang='lat' dir='ltr'>stabile,</span> <span class='ocrx_word' id='word_1_525' title='bbox 460 2621 544 2647; x_wconf 81' lang='lat' dir='ltr'>lixum</span> <span class='ocrx_word' id='word_1_526' title='bbox 552 2641 558 2652; x_wconf 92' lang='lat'>,</span> <span class='ocrx_word' id='word_1_527' title='bbox 571 2626 658 2647; x_wconf 86' lang='lat' dir='ltr'>ratum</span> <span class='ocrx_word' id='word_1_528' title='bbox 669 2629 728 2648; x_wconf 78' lang='lat' dir='ltr'>osse</span> <span class='ocrx_word' id='word_1_529' title='bbox 739 2621 847 2649; x_wconf 79' lang='lat' dir='ltr'>debeat:</span> 
     </span>
     <span class='ocr_line' id='line_1_69' title="bbox 56 2656 850 2695; baseline 0.003 -11"><span class='ocrx_word' id='word_1_530' title='bbox 56 2656 130 2692; x_wconf 87' lang='lat' dir='ltr'>quod</span> <span class='ocrx_word' id='word_1_531' title='bbox 146 2664 253 2684; x_wconf 82' lang='lat' dir='ltr'>movere</span> <span class='ocrx_word' id='word_1_532' title='bbox 268 2657 341 2685; x_wconf 86' lang='lat' dir='ltr'>nulla</span> <span class='ocrx_word' id='word_1_533' title='bbox 359 2659 424 2685; x_wconf 86' lang='lat' dir='ltr'>ratio</span> <span class='ocrx_word' id='word_1_534' title='bbox 439 2663 530 2694; x_wconf 81' lang='lat' dir='ltr'>queat.</span> <span class='ocrx_word' id='word_1_535' title='bbox 569 2657 643 2685; x_wconf 82' lang='lat' dir='ltr'>Talia</span> <span class='ocrx_word' id='word_1_536' title='bbox 659 2664 747 2686; x_wconf 79' lang='lat' dir='ltr'>autem</span> <span class='ocrx_word' id='word_1_537' title='bbox 762 2667 850 2695; x_wconf 85' lang='lat' dir='ltr'>neque</span> 
     </span>
    </p>
   </div>
   <div class='ocr_carea' id='block_1_6' title="bbox 873 271 880 1030">
    <p class='ocr_par' dir='ltr' id='par_1_7' title="bbox 873 271 880 1030">
     <span class='ocr_line' id='line_1_70' title="bbox 873 271 880 1030; baseline 0 0"><span class='ocrx_word' id='word_1_538' title='bbox 873 271 880 1030; x_wconf 95' lang='lat' dir='ltr'> </span> 
     </span>
    </p>
   </div>
   <div class='ocr_carea' id='block_1_7' title="bbox 875 1227 879 1781">
    <p class='ocr_par' dir='ltr' id='par_1_8' title="bbox 875 1227 879 1781">
     <span class='ocr_line' id='line_1_71' title="bbox 875 1227 879 1781; baseline 0 0"><span class='ocrx_word' id='word_1_539' title='bbox 875 1227 879 1781; x_wconf 95' lang='lat' dir='ltr'> </span> 
     </span>
    </p>
   </div>
   <div class='ocr_carea' id='block_1_8' title="bbox 879 2026 884 2560">
    <p class='ocr_par' dir='ltr' id='par_1_9' title="bbox 879 2026 884 2560">
     <span class='ocr_line' id='line_1_72' title="bbox 879 2026 884 2560; baseline 0 0"><span class='ocrx_word' id='word_1_540' title='bbox 879 2026 884 2560; x_wconf 95' lang='lat' dir='ltr'> </span> 
     </span>
    </p>
   </div>
   <div class='ocr_carea' id='block_1_9' title="bbox 871 1931 877 2673">
    <p class='ocr_par' dir='ltr' id='par_1_10' title="bbox 871 1931 877 2673">
     <span class='ocr_line' id='line_1_73' title="bbox 871 1931 877 2673; baseline 0 0"><span class='ocrx_word' id='word_1_541' title='bbox 871 1931 877 2673; x_wconf 95' lang='lat' dir='ltr'> </span> 
     </span>
    </p>
   </div>
   <div class='ocr_carea' id='block_1_10' title="bbox 1093 127 1692 156">
    <p class='ocr_par' dir='ltr' id='par_1_11' title="bbox 1093 127 1692 156">
     <span class='ocr_line' id='line_1_74' title="bbox 1093 127 1692 156; baseline 0.002 -2"><span class='ocrx_word' id='word_1_542' title='bbox 1093 128 1128 154; x_wconf 90' lang='lat'>11.</span> <span class='ocrx_word' id='word_1_543' title='bbox 1159 127 1251 155; x_wconf 76' lang='lat' dir='ltr'>CAP.</span> <span class='ocrx_word' id='word_1_544' title='bbox 1283 129 1299 154; x_wconf 82' lang='lat'>7</span> <span class='ocrx_word' id='word_1_545' title='bbox 1319 144 1354 148; x_wconf 89' lang='lat'><strong>—</strong></span> <span class='ocrx_word' id='word_1_546' title='bbox 1377 129 1416 155; x_wconf 73' lang='lat'>40.</span> <span class='ocrx_word' id='word_1_547' title='bbox 1648 131 1692 156; x_wconf 79' lang='lat'>98¹</span> 
     </span>
    </p>
   </div>
   <div class='ocr_carea' id='block_1_11' title="bbox 901 199 1703 2696">
    <p class='ocr_par' dir='ltr' id='par_1_12' title="bbox 901 199 1703 2696">
     <span class='ocr_line' id='line_1_75' title="bbox 904 199 1698 235; baseline 0.001 -10"><span class='ocrx_word' id='word_1_548' title='bbox 904 207 972 230; x_wconf 87' lang='lat' dir='ltr'>esse,</span> <span class='ocrx_word' id='word_1_549' title='bbox 986 207 1072 234; x_wconf 85' lang='lat' dir='ltr'>neque</span> <span class='ocrx_word' id='word_1_550' title='bbox 1084 199 1169 225; x_wconf 88' lang='lat' dir='ltr'>videri</span> <span class='ocrx_word' id='word_1_551' title='bbox 1182 204 1294 234; x_wconf 89' lang='lat' dir='ltr'>possunt</span> <span class='ocrx_word' id='word_1_552' title='bbox 1304 208 1395 226; x_wconf 90' lang='lat' dir='ltr'>eorum</span> <span class='ocrx_word' id='word_1_553' title='bbox 1408 200 1521 230; x_wconf 87' lang='lat' dir='ltr'>ratione,</span> <span class='ocrx_word' id='word_1_554' title='bbox 1539 200 1587 235; x_wconf 89' lang='lat' dir='ltr'>qui</span> <span class='ocrx_word' id='word_1_555' title='bbox 1599 200 1644 226; x_wconf 85' lang='lat' dir='ltr'>illa</span> <span class='ocrx_word' id='word_1_556' title='bbox 1657 202 1698 227; x_wconf 76' lang='lat' dir='ltr'>vi-</span> 
     </span>
     <span class='ocr_line' id='line_1_76' title="bbox 905 236 1698 273; baseline 0.003 -11"><span class='ocrx_word' id='word_1_557' title='bbox 905 245 947 267; x_wconf 88' lang='lat' dir='ltr'>sa,</span> <span class='ocrx_word' id='word_1_558' title='bbox 965 245 978 262; x_wconf 93' lang='lat' dir='ltr'>e</span> <span class='ocrx_word' id='word_1_559' title='bbox 994 236 1095 271; x_wconf 91' lang='lat' dir='ltr'>quibus</span> <span class='ocrx_word' id='word_1_560' title='bbox 1111 238 1200 263; x_wconf 90' lang='lat' dir='ltr'>omnia</span> <span class='ocrx_word' id='word_1_561' title='bbox 1216 236 1319 263; x_wconf 87' lang='lat' dir='ltr'>decreta</span> <span class='ocrx_word' id='word_1_562' title='bbox 1336 242 1399 263; x_wconf 88' lang='lat' dir='ltr'>sunt</span> <span class='ocrx_word' id='word_1_563' title='bbox 1414 242 1486 267; x_wconf 80' lang='lat' dir='ltr'>nata,</span> <span class='ocrx_word' id='word_1_564' title='bbox 1504 242 1602 273; x_wconf 88' lang='lat' dir='ltr'>negant</span> <span class='ocrx_word' id='word_1_565' title='bbox 1616 238 1698 272; x_wconf 90' lang='lat' dir='ltr'>quid-</span> 
     </span>
     <span class='ocr_line' id='line_1_77' title="bbox 905 273 1696 308; baseline 0.003 -9"><span class='ocrx_word' id='word_1_566' title='bbox 905 282 986 308; x_wconf 83' lang='lat' dir='ltr'>quam</span> <span class='ocrx_word' id='word_1_567' title='bbox 998 282 1011 299; x_wconf 86' lang='lat' dir='ltr'>a</span> <span class='ocrx_word' id='word_1_568' title='bbox 1022 273 1097 299; x_wconf 88' lang='lat' dir='ltr'>falsis</span> <span class='ocrx_word' id='word_1_569' title='bbox 1109 275 1246 300; x_wconf 84' lang='lat' dir='ltr'>interesse.</span> <span class='ocrx_word' id='word_1_570' title='bbox 1287 276 1329 300; x_wconf 72' lang='lat'>⁵28.</span> <span class='ocrx_word' id='word_1_571' title='bbox 1351 275 1391 300; x_wconf 82' lang='lat' dir='ltr'>Ex</span> <span class='ocrx_word' id='word_1_572' title='bbox 1403 274 1452 300; x_wconf 89' lang='lat' dir='ltr'>hoc</span> <span class='ocrx_word' id='word_1_573' title='bbox 1463 274 1531 300; x_wconf 88' lang='lat' dir='ltr'>illud</span> <span class='ocrx_word' id='word_1_574' title='bbox 1543 280 1581 301; x_wconf 88' lang='lat' dir='ltr'>est</span> <span class='ocrx_word' id='word_1_575' title='bbox 1593 280 1696 305; x_wconf 89' lang='lat' dir='ltr'>natum,</span> 
     </span>
     <span class='ocr_line' id='line_1_78' title="bbox 905 310 1699 347; baseline 0.003 -11"><span class='ocrx_word' id='word_1_576' title='bbox 905 310 977 345; x_wconf 92' lang='lat' dir='ltr'>quod</span> <span class='ocrx_word' id='word_1_577' title='bbox 989 310 1311 345; x_wconf 76' lang='lat' dir='ltr'>postulabatl-lortensius,</span> <span class='ocrx_word' id='word_1_578' title='bbox 1321 316 1350 337; x_wconf 94' lang='lat' dir='ltr'>ut</span> <span class='ocrx_word' id='word_1_579' title='bbox 1362 311 1388 337; x_wconf 89' lang='lat' dir='ltr'>id</span> <span class='ocrx_word' id='word_1_580' title='bbox 1400 312 1490 346; x_wconf 89' lang='lat' dir='ltr'>ipsum</span> <span class='ocrx_word' id='word_1_581' title='bbox 1501 311 1595 338; x_wconf 86' lang='lat' dir='ltr'>saltem</span> <span class='ocrx_word' id='word_1_582' title='bbox 1606 320 1699 347; x_wconf 90' lang='lat' dir='ltr'>perce-</span> 
     </span>
     <span class='ocr_line' id='line_1_79' title="bbox 906 348 1699 384; baseline 0.003 -11"><span class='ocrx_word' id='word_1_583' title='bbox 906 353 981 382; x_wconf 90' lang='lat' dir='ltr'>ptum</span> <span class='ocrx_word' id='word_1_584' title='bbox 998 356 1011 373; x_wconf 88' lang='lat' dir='ltr'>a</span> <span class='ocrx_word' id='word_1_585' title='bbox 1027 349 1146 382; x_wconf 86' lang='lat' dir='ltr'>sapiente</span> <span class='ocrx_word' id='word_1_586' title='bbox 1162 348 1301 379; x_wconf 88' lang='lat' dir='ltr'>diceretis,</span> <span class='ocrx_word' id='word_1_587' title='bbox 1320 348 1387 374; x_wconf 89' lang='lat' dir='ltr'>nihil</span> <span class='ocrx_word' id='word_1_588' title='bbox 1403 357 1481 383; x_wconf 90' lang='lat' dir='ltr'>posse</span> <span class='ocrx_word' id='word_1_589' title='bbox 1493 350 1605 384; x_wconf 88' lang='lat' dir='ltr'>percipi.</span> <span class='ocrx_word' id='word_1_590' title='bbox 1646 349 1699 375; x_wconf 86' lang='lat' dir='ltr'>Sed</span> 
     </span>
     <span class='ocr_line' id='line_1_80' title="bbox 905 385 1699 421; baseline 0.003 -11"><span class='ocrx_word' id='word_1_591' title='bbox 905 385 1043 419; x_wconf 81' lang='lat' dir='ltr'>Antipatro</span> <span class='ocrx_word' id='word_1_592' title='bbox 1056 386 1105 411; x_wconf 92' lang='lat' dir='ltr'>hoc</span> <span class='ocrx_word' id='word_1_593' title='bbox 1116 385 1187 411; x_wconf 88' lang='lat' dir='ltr'>idem</span> <span class='ocrx_word' id='word_1_594' title='bbox 1199 385 1358 420; x_wconf 83' lang='lat' dir='ltr'>postulanti.</span> <span class='ocrx_word' id='word_1_595' title='bbox 1374 394 1459 420; x_wconf 84' lang='lat' dir='ltr'>quum</span> <span class='ocrx_word' id='word_1_596' title='bbox 1471 386 1585 416; x_wconf 89' lang='lat' dir='ltr'>diceret,</span> <span class='ocrx_word' id='word_1_597' title='bbox 1599 387 1637 417; x_wconf 85' lang='lat' dir='ltr'>ei,</span> <span class='ocrx_word' id='word_1_598' title='bbox 1651 387 1699 421; x_wconf 92' lang='lat' dir='ltr'>qui</span> 
     </span>
     <span class='ocr_line' id='line_1_81' title="bbox 905 421 1697 457; baseline 0.001 -9"><span class='ocrx_word' id='word_1_599' title='bbox 905 421 1049 448; x_wconf 82' lang='lat' dir='ltr'>affirmaret</span> <span class='ocrx_word' id='word_1_600' title='bbox 1070 422 1138 448; x_wconf 94' lang='lat' dir='ltr'>nihil</span> <span class='ocrx_word' id='word_1_601' title='bbox 1158 431 1236 457; x_wconf 90' lang='lat' dir='ltr'>posse</span> <span class='ocrx_word' id='word_1_602' title='bbox 1258 423 1374 457; x_wconf 88' lang='lat' dir='ltr'>percipi,</span> <span class='ocrx_word' id='word_1_603' title='bbox 1400 428 1607 450; x_wconf 87' lang='lat' dir='ltr'>consentaneum</span> <span class='ocrx_word' id='word_1_604' title='bbox 1629 432 1697 454; x_wconf 86' lang='lat' dir='ltr'>esse,</span> 
     </span>
     <span class='ocr_line' id='line_1_82' title="bbox 906 459 1699 494; baseline 0.003 -9"><span class='ocrx_word' id='word_1_605' title='bbox 906 468 990 485; x_wconf 92' lang='lat' dir='ltr'>unum</span> <span class='ocrx_word' id='word_1_606' title='bbox 1007 464 1094 485; x_wconf 87' lang='lat' dir='ltr'>tamen</span> <span class='ocrx_word' id='word_1_607' title='bbox 1112 459 1179 485; x_wconf 90' lang='lat' dir='ltr'>illud</span> <span class='ocrx_word' id='word_1_608' title='bbox 1195 459 1283 485; x_wconf 82' lang='lat' dir='ltr'>dicere</span> <span class='ocrx_word' id='word_1_609' title='bbox 1300 460 1402 494; x_wconf 88' lang='lat' dir='ltr'>percipi</span> <span class='ocrx_word' id='word_1_610' title='bbox 1421 469 1513 494; x_wconf 89' lang='lat' dir='ltr'>posse,</span> <span class='ocrx_word' id='word_1_611' title='bbox 1535 466 1563 487; x_wconf 92' lang='lat' dir='ltr'>ut</span> <span class='ocrx_word' id='word_1_612' title='bbox 1579 461 1629 487; x_wconf 87' lang='lat' dir='ltr'>alia</span> <span class='ocrx_word' id='word_1_613' title='bbox 1646 469 1699 487; x_wconf 89' lang='lat' dir='ltr'>non</span> 
     </span>
     <span class='ocr_line' id='line_1_83' title="bbox 906 496 1700 531; baseline 0.003 -9"><span class='ocrx_word' id='word_1_614' title='bbox 906 501 1028 531; x_wconf 85' lang='lat' dir='ltr'>possent,</span> <span class='ocrx_word' id='word_1_615' title='bbox 1046 496 1195 523; x_wconf 89' lang='lat' dir='ltr'>Carneades</span> <span class='ocrx_word' id='word_1_616' title='bbox 1207 498 1311 523; x_wconf 90' lang='lat' dir='ltr'>acutius</span> <span class='ocrx_word' id='word_1_617' title='bbox 1326 497 1476 523; x_wconf 88' lang='lat' dir='ltr'>resistebat.</span> <span class='ocrx_word' id='word_1_618' title='bbox 1517 499 1583 524; x_wconf 85' lang='lat' dir='ltr'>Nam</span> <span class='ocrx_word' id='word_1_619' title='bbox 1597 503 1700 524; x_wconf 86' lang='lat' dir='ltr'>tantum</span> 
     </span>
     <span class='ocr_line' id='line_1_84' title="bbox 906 533 1699 565; baseline 0.003 -6"><span class='ocrx_word' id='word_1_620' title='bbox 906 534 1000 560; x_wconf 88' lang='lat' dir='ltr'>abesse</span> <span class='ocrx_word' id='word_1_621' title='bbox 1011 533 1129 563; x_wconf 80' lang='lat' dir='ltr'>dicebat,</span> <span class='ocrx_word' id='word_1_622' title='bbox 1146 538 1175 560; x_wconf 87' lang='lat' dir='ltr'>ut</span> <span class='ocrx_word' id='word_1_623' title='bbox 1186 534 1212 560; x_wconf 94' lang='lat' dir='ltr'>id</span> <span class='ocrx_word' id='word_1_624' title='bbox 1224 539 1432 560; x_wconf 84' lang='lat' dir='ltr'>consentaneum</span> <span class='ocrx_word' id='word_1_625' title='bbox 1443 540 1525 565; x_wconf 85' lang='lat' dir='ltr'>esset,</span> <span class='ocrx_word' id='word_1_626' title='bbox 1542 540 1571 561; x_wconf 88' lang='lat' dir='ltr'>ut</span> <span class='ocrx_word' id='word_1_627' title='bbox 1583 536 1699 561; x_wconf 80' lang='lat' dir='ltr'>maxime</span> 
     </span>
     <span class='ocr_line' id='line_1_85' title="bbox 906 571 1697 607; baseline 0.003 -11"><span class='ocrx_word' id='word_1_628' title='bbox 906 571 985 597; x_wconf 90' lang='lat' dir='ltr'>etiam</span> <span class='ocrx_word' id='word_1_629' title='bbox 998 576 1167 606; x_wconf 77' lang='lat' dir='ltr'>repugnaret.</span> <span class='ocrx_word' id='word_1_630' title='bbox 1202 571 1253 603; x_wconf 90' lang='lat' dir='ltr'>Qui</span> <span class='ocrx_word' id='word_1_631' title='bbox 1265 573 1336 597; x_wconf 90' lang='lat' dir='ltr'>enim</span> <span class='ocrx_word' id='word_1_632' title='bbox 1349 577 1457 607; x_wconf 79' lang='lat' dir='ltr'>negaret</span> <span class='ocrx_word' id='word_1_633' title='bbox 1467 572 1617 607; x_wconf 84' lang='lat' dir='ltr'>quidquam</span> <span class='ocrx_word' id='word_1_634' title='bbox 1629 581 1697 603; x_wconf 88' lang='lat' dir='ltr'>esse,</span> 
     </span>
     <span class='ocr_line' id='line_1_86' title="bbox 906 608 1700 643; baseline 0.001 -9"><span class='ocrx_word' id='word_1_635' title='bbox 906 608 978 643; x_wconf 92' lang='lat' dir='ltr'>quod</span> <span class='ocrx_word' id='word_1_636' title='bbox 993 609 1188 643; x_wconf 88' lang='lat' dir='ltr'>perciperetur,</span> <span class='ocrx_word' id='word_1_637' title='bbox 1203 617 1265 634; x_wconf 86' lang='lat' dir='ltr'>eum</span> <span class='ocrx_word' id='word_1_638' title='bbox 1281 608 1349 634; x_wconf 92' lang='lat' dir='ltr'>nihil</span> <span class='ocrx_word' id='word_1_639' title='bbox 1366 610 1499 643; x_wconf 82' lang='lat' dir='ltr'>excipere.</span> <span class='ocrx_word' id='word_1_640' title='bbox 1540 611 1575 636; x_wconf 91' lang='lat' dir='ltr'>lta</span> <span class='ocrx_word' id='word_1_641' title='bbox 1591 617 1700 636; x_wconf 86' lang='lat' dir='ltr'>necesse</span> 
     </span>
     <span class='ocr_line' id='line_1_87' title="bbox 906 645 1697 681; baseline 0.001 -10"><span class='ocrx_word' id='word_1_642' title='bbox 906 654 978 676; x_wconf 88' lang='lat' dir='ltr'>esse,</span> <span class='ocrx_word' id='word_1_643' title='bbox 991 654 1024 671; x_wconf 88' lang='lat' dir='ltr'>ne</span> <span class='ocrx_word' id='word_1_644' title='bbox 1037 645 1063 671; x_wconf 90' lang='lat' dir='ltr'>id</span> <span class='ocrx_word' id='word_1_645' title='bbox 1076 646 1164 679; x_wconf 90' lang='lat' dir='ltr'>ipsum</span> <span class='ocrx_word' id='word_1_646' title='bbox 1176 645 1301 680; x_wconf 89' lang='lat' dir='ltr'>quidem,</span> <span class='ocrx_word' id='word_1_647' title='bbox 1317 646 1389 680; x_wconf 90' lang='lat' dir='ltr'>quod</span> <span class='ocrx_word' id='word_1_648' title='bbox 1401 651 1542 681; x_wconf 79' lang='lat' dir='ltr'>exceptum</span> <span class='ocrx_word' id='word_1_649' title='bbox 1556 656 1606 673; x_wconf 90' lang='lat' dir='ltr'>non</span> <span class='ocrx_word' id='word_1_650' title='bbox 1619 652 1697 677; x_wconf 84' lang='lat' dir='ltr'>esset,</span> 
     </span>
     <span class='ocr_line' id='line_1_88' title="bbox 906 682 1701 717; baseline 0.003 -9"><span class='ocrx_word' id='word_1_651' title='bbox 906 682 1097 717; x_wconf 87' lang='lat' dir='ltr'>comprehendi</span> <span class='ocrx_word' id='word_1_652' title='bbox 1109 687 1134 709; x_wconf 89' lang='lat' dir='ltr'>et</span> <span class='ocrx_word' id='word_1_653' title='bbox 1144 683 1247 717; x_wconf 92' lang='lat' dir='ltr'>percipi</span> <span class='ocrx_word' id='word_1_654' title='bbox 1259 682 1314 709; x_wconf 94' lang='lat' dir='ltr'>ullo</span> <span class='ocrx_word' id='word_1_655' title='bbox 1327 683 1404 710; x_wconf 88' lang='lat' dir='ltr'>modo</span> <span class='ocrx_word' id='word_1_656' title='bbox 1415 692 1503 717; x_wconf 90' lang='lat' dir='ltr'>posse.</span> <span class='ocrx_word' id='word_1_657' title='bbox 1543 686 1585 710; x_wconf 69' lang='grc' dir='ltr'>ς29.</span> <span class='ocrx_word' id='word_1_658' title='bbox 1607 685 1701 710; x_wconf 76' lang='lat' dir='ltr'>Antio-</span> 
     </span>
     <span class='ocr_line' id='line_1_89' title="bbox 905 719 1698 754; baseline 0.003 -9"><span class='ocrx_word' id='word_1_659' title='bbox 905 720 973 745; x_wconf 92' lang='lat' dir='ltr'>chus</span> <span class='ocrx_word' id='word_1_660' title='bbox 996 719 1028 745; x_wconf 91' lang='lat' dir='ltr'>ad</span> <span class='ocrx_word' id='word_1_661' title='bbox 1050 720 1131 745; x_wconf 90' lang='lat' dir='ltr'>istum</span> <span class='ocrx_word' id='word_1_662' title='bbox 1152 719 1239 746; x_wconf 89' lang='lat' dir='ltr'>locum</span> <span class='ocrx_word' id='word_1_663' title='bbox 1259 721 1379 754; x_wconf 90' lang='lat' dir='ltr'>pressius</span> <span class='ocrx_word' id='word_1_664' title='bbox 1400 720 1542 747; x_wconf 85' lang='lat' dir='ltr'>videbatur</span> <span class='ocrx_word' id='word_1_665' title='bbox 1562 721 1698 747; x_wconf 84' lang='lat' dir='ltr'>accedere.</span> 
     </span>
     <span class='ocr_line' id='line_1_90' title="bbox 906 756 1699 792; baseline 0.003 -10"><span class='ocrx_word' id='word_1_666' title='bbox 906 756 1037 788; x_wconf 89' lang='lat' dir='ltr'>Quoniam</span> <span class='ocrx_word' id='word_1_667' title='bbox 1045 757 1116 783; x_wconf 90' lang='lat' dir='ltr'>enim</span> <span class='ocrx_word' id='word_1_668' title='bbox 1129 756 1156 782; x_wconf 92' lang='lat' dir='ltr'>id</span> <span class='ocrx_word' id='word_1_669' title='bbox 1169 757 1455 784; x_wconf 84' lang='lat' dir='ltr'>haberentAcademici</span> <span class='ocrx_word' id='word_1_670' title='bbox 1468 758 1613 788; x_wconf 83' lang='lat' dir='ltr'>decretum,</span> <span class='ocrx_word' id='word_1_671' title='bbox 1628 759 1699 792; x_wconf 67' lang='lat' dir='ltr'>[sen-</span> 
     </span>
     <span class='ocr_line' id='line_1_91' title="bbox 906 794 1700 830; baseline 0.003 -11"><span class='ocrx_word' id='word_1_672' title='bbox 906 794 961 820; x_wconf 90' lang='lat' dir='ltr'>titis</span> <span class='ocrx_word' id='word_1_673' title='bbox 973 795 1045 820; x_wconf 92' lang='lat' dir='ltr'>enim</span> <span class='ocrx_word' id='word_1_674' title='bbox 1059 794 1111 820; x_wconf 90' lang='lat' dir='ltr'>iam</span> <span class='ocrx_word' id='word_1_675' title='bbox 1123 794 1173 820; x_wconf 89' lang='lat' dir='ltr'>hoc</span> <span class='ocrx_word' id='word_1_676' title='bbox 1184 803 1226 820; x_wconf 90' lang='lat' dir='ltr'>me</span> <span class='ocrx_word' id='word_1_677' title='bbox 1234 794 1510 830; x_wconf 60' lang='lat' dir='ltr'>&amp;dryadicere,)nihil</span> <span class='ocrx_word' id='word_1_678' title='bbox 1522 804 1600 829; x_wconf 84' lang='lat' dir='ltr'>posse</span> <span class='ocrx_word' id='word_1_679' title='bbox 1612 796 1700 829; x_wconf 88' lang='lat' dir='ltr'>perci-</span> 
     </span>
     <span class='ocr_line' id='line_1_92' title="bbox 906 831 1701 865; baseline 0.001 -9"><span class='ocrx_word' id='word_1_680' title='bbox 906 831 948 865; x_wconf 90' lang='lat' dir='ltr'>pi,</span> <span class='ocrx_word' id='word_1_681' title='bbox 966 840 1018 857; x_wconf 89' lang='lat' dir='ltr'>non</span> <span class='ocrx_word' id='word_1_682' title='bbox 1032 831 1130 857; x_wconf 90' lang='lat' dir='ltr'>debere</span> <span class='ocrx_word' id='word_1_683' title='bbox 1141 840 1186 857; x_wconf 87' lang='lat' dir='ltr'>eos</span> <span class='ocrx_word' id='word_1_684' title='bbox 1198 832 1225 857; x_wconf 89' lang='lat' dir='ltr'>in</span> <span class='ocrx_word' id='word_1_685' title='bbox 1236 840 1285 858; x_wconf 91' lang='lat' dir='ltr'>suo</span> <span class='ocrx_word' id='word_1_686' title='bbox 1296 831 1415 862; x_wconf 88' lang='lat' dir='ltr'>decreto,</span> <span class='ocrx_word' id='word_1_687' title='bbox 1432 833 1503 858; x_wconf 85' lang='lat' dir='ltr'>sicut</span> <span class='ocrx_word' id='word_1_688' title='bbox 1514 833 1541 858; x_wconf 90' lang='lat' dir='ltr'>in</span> <span class='ocrx_word' id='word_1_689' title='bbox 1552 833 1647 859; x_wconf 87' lang='lat' dir='ltr'>ceteris</span> <span class='ocrx_word' id='word_1_690' title='bbox 1659 841 1701 858; x_wconf 90' lang='lat' dir='ltr'>re-</span> 
     </span>
     <span class='ocr_line' id='line_1_93' title="bbox 907 867 1702 904; baseline 0.001 -10"><span class='ocrx_word' id='word_1_691' title='bbox 907 868 972 899; x_wconf 85' lang='lat' dir='ltr'>bus,</span> <span class='ocrx_word' id='word_1_692' title='bbox 989 867 1129 899; x_wconf 85' lang='lat' dir='ltr'>fluctuare,</span> <span class='ocrx_word' id='word_1_693' title='bbox 1147 869 1304 903; x_wconf 90' lang='lat' dir='ltr'>praesertim</span> <span class='ocrx_word' id='word_1_694' title='bbox 1315 877 1401 904; x_wconf 91' lang='lat' dir='ltr'>quum</span> <span class='ocrx_word' id='word_1_695' title='bbox 1413 870 1438 895; x_wconf 92' lang='lat' dir='ltr'>in</span> <span class='ocrx_word' id='word_1_696' title='bbox 1451 877 1481 895; x_wconf 92' lang='lat' dir='ltr'>eo</span> <span class='ocrx_word' id='word_1_697' title='bbox 1492 878 1597 895; x_wconf 81' lang='lat' dir='ltr'>summa</span> <span class='ocrx_word' id='word_1_698' title='bbox 1612 870 1702 895; x_wconf 74' lang='lat' dir='ltr'>consi-</span> 
     </span>
     <span class='ocr_line' id='line_1_94' title="bbox 906 905 1698 942; baseline 0.001 -11"><span class='ocrx_word' id='word_1_699' title='bbox 906 910 996 931; x_wconf 86' lang='lat' dir='ltr'>steret.</span> <span class='ocrx_word' id='word_1_700' title='bbox 1037 906 1109 931; x_wconf 86' lang='lat' dir='ltr'>Hanc</span> <span class='ocrx_word' id='word_1_701' title='bbox 1123 906 1195 932; x_wconf 89' lang='lat' dir='ltr'>enim</span> <span class='ocrx_word' id='word_1_702' title='bbox 1208 914 1266 931; x_wconf 87' lang='lat' dir='ltr'>esse</span> <span class='ocrx_word' id='word_1_703' title='bbox 1277 905 1397 942; x_wconf 85' lang='lat' dir='ltr'>regulam</span> <span class='ocrx_word' id='word_1_704' title='bbox 1410 907 1490 932; x_wconf 89' lang='lat' dir='ltr'>totius</span> <span class='ocrx_word' id='word_1_705' title='bbox 1501 906 1698 941; x_wconf 87' lang='lat' dir='ltr'>philosophiae,</span> 
     </span>
     <span class='ocr_line' id='line_1_95' title="bbox 906 943 1700 979; baseline 0.001 -11"><span class='ocrx_word' id='word_1_706' title='bbox 906 943 1123 969; x_wconf 88' lang='lat' dir='ltr'>constitutionem</span> <span class='ocrx_word' id='word_1_707' title='bbox 1140 944 1209 973; x_wconf 87' lang='lat' dir='ltr'>veri,</span> <span class='ocrx_word' id='word_1_708' title='bbox 1229 943 1301 973; x_wconf 85' lang='lat' dir='ltr'>salsi,</span> <span class='ocrx_word' id='word_1_709' title='bbox 1320 944 1434 979; x_wconf 77' lang='lat' dir='ltr'>cogniti,</span> <span class='ocrx_word' id='word_1_710' title='bbox 1453 944 1595 979; x_wconf 81' lang='lat' dir='ltr'>incogniti:</span> <span class='ocrx_word' id='word_1_711' title='bbox 1619 952 1700 978; x_wconf 89' lang='lat' dir='ltr'>quam</span> 
     </span>
     <span class='ocr_line' id='line_1_96' title="bbox 907 980 1701 1016; baseline 0 -10"><span class='ocrx_word' id='word_1_712' title='bbox 907 980 1036 1006; x_wconf 86' lang='lat' dir='ltr'>rationem</span> <span class='ocrx_word' id='word_1_713' title='bbox 1047 980 1175 1015; x_wconf 88' lang='lat' dir='ltr'>quoniam</span> <span class='ocrx_word' id='word_1_714' title='bbox 1187 981 1509 1015; x_wconf 89' lang='lat' dir='ltr'>susciperentdocereque</span> <span class='ocrx_word' id='word_1_715' title='bbox 1516 981 1623 1008; x_wconf 82' lang='lat' dir='ltr'>vellent.</span> <span class='ocrx_word' id='word_1_716' title='bbox 1632 989 1701 1016; x_wconf 85' lang='lat' dir='ltr'>quae</span> 
     </span>
     <span class='ocr_line' id='line_1_97' title="bbox 907 1018 1701 1053; baseline 0.001 -10"><span class='ocrx_word' id='word_1_717' title='bbox 907 1026 920 1043; x_wconf 89' lang='lat' dir='ltr'>a</span> <span class='ocrx_word' id='word_1_718' title='bbox 931 1018 1029 1052; x_wconf 89' lang='lat' dir='ltr'>quovis</span> <span class='ocrx_word' id='word_1_719' title='bbox 1041 1018 1127 1052; x_wconf 90' lang='lat' dir='ltr'>accipi</span> <span class='ocrx_word' id='word_1_720' title='bbox 1137 1022 1276 1052; x_wconf 87' lang='lat' dir='ltr'>oporteret,</span> <span class='ocrx_word' id='word_1_721' title='bbox 1291 1023 1316 1044; x_wconf 91' lang='lat' dir='ltr'>et</span> <span class='ocrx_word' id='word_1_722' title='bbox 1326 1027 1395 1052; x_wconf 87' lang='lat' dir='ltr'>quae</span> <span class='ocrx_word' id='word_1_723' title='bbox 1406 1018 1557 1053; x_wconf 88' lang='lat' dir='ltr'>repudiari,</span> <span class='ocrx_word' id='word_1_724' title='bbox 1571 1024 1639 1044; x_wconf 87' lang='lat' dir='ltr'>certe</span> <span class='ocrx_word' id='word_1_725' title='bbox 1652 1018 1701 1044; x_wconf 84' lang='lat' dir='ltr'>hoc</span> 
     </span>
     <span class='ocr_line' id='line_1_98' title="bbox 906 1055 1702 1090; baseline 0 -9"><span class='ocrx_word' id='word_1_726' title='bbox 906 1055 1006 1090; x_wconf 89' lang='lat' dir='ltr'>ipsum,</span> <span class='ocrx_word' id='word_1_727' title='bbox 1015 1063 1049 1082; x_wconf 85' lang='lat' dir='ltr'>ex</span> <span class='ocrx_word' id='word_1_728' title='bbox 1059 1063 1113 1090; x_wconf 90' lang='lat' dir='ltr'>quo</span> <span class='ocrx_word' id='word_1_729' title='bbox 1123 1063 1202 1081; x_wconf 87' lang='lat' dir='ltr'>omne</span> <span class='ocrx_word' id='word_1_730' title='bbox 1213 1056 1270 1081; x_wconf 91' lang='lat' dir='ltr'>veri</span> <span class='ocrx_word' id='word_1_731' title='bbox 1282 1055 1397 1090; x_wconf 82' lang='lat' dir='ltr'>falsique</span> <span class='ocrx_word' id='word_1_732' title='bbox 1410 1056 1542 1081; x_wconf 90' lang='lat' dir='ltr'>iudicium</span> <span class='ocrx_word' id='word_1_733' title='bbox 1553 1061 1630 1082; x_wconf 85' lang='lat' dir='ltr'>esset.</span> <span class='ocrx_word' id='word_1_734' title='bbox 1641 1064 1702 1090; x_wconf 89' lang='lat' dir='ltr'>per-</span> 
     </span>
     <span class='ocr_line' id='line_1_99' title="bbox 906 1092 1700 1127; baseline 0 -9"><span class='ocrx_word' id='word_1_735' title='bbox 906 1093 995 1127; x_wconf 89' lang='lat' dir='ltr'>cipere</span> <span class='ocrx_word' id='word_1_736' title='bbox 1010 1101 1055 1119; x_wconf 91' lang='lat' dir='ltr'>eos</span> <span class='ocrx_word' id='word_1_737' title='bbox 1071 1092 1209 1119; x_wconf 89' lang='lat' dir='ltr'>debuisse.</span> <span class='ocrx_word' id='word_1_738' title='bbox 1249 1093 1354 1118; x_wconf 90' lang='lat' dir='ltr'>Etenim</span> <span class='ocrx_word' id='word_1_739' title='bbox 1371 1092 1424 1119; x_wconf 91' lang='lat' dir='ltr'>duo</span> <span class='ocrx_word' id='word_1_740' title='bbox 1438 1102 1496 1119; x_wconf 90' lang='lat' dir='ltr'>esse</span> <span class='ocrx_word' id='word_1_741' title='bbox 1509 1093 1572 1119; x_wconf 81' lang='lat' dir='ltr'>hacc</span> <span class='ocrx_word' id='word_1_742' title='bbox 1584 1094 1700 1119; x_wconf 79' lang='lat' dir='ltr'>maxima</span> 
     </span>
     <span class='ocr_line' id='line_1_100' title="bbox 907 1129 1702 1165; baseline 0 -9"><span class='ocrx_word' id='word_1_743' title='bbox 907 1130 934 1156; x_wconf 92' lang='lat' dir='ltr'>in</span> <span class='ocrx_word' id='word_1_744' title='bbox 946 1129 1131 1165; x_wconf 89' lang='lat' dir='ltr'>philosophia,</span> <span class='ocrx_word' id='word_1_745' title='bbox 1149 1130 1283 1156; x_wconf 91' lang='lat' dir='ltr'>iudicium</span> <span class='ocrx_word' id='word_1_746' title='bbox 1295 1131 1351 1156; x_wconf 87' lang='lat' dir='ltr'>veri</span> <span class='ocrx_word' id='word_1_747' title='bbox 1363 1135 1388 1157; x_wconf 87' lang='lat' dir='ltr'>et</span> <span class='ocrx_word' id='word_1_748' title='bbox 1400 1130 1479 1156; x_wconf 83' lang='lat' dir='ltr'>finem</span> <span class='ocrx_word' id='word_1_749' title='bbox 1491 1130 1634 1157; x_wconf 89' lang='lat' dir='ltr'>bonorum:</span> <span class='ocrx_word' id='word_1_750' title='bbox 1654 1139 1702 1156; x_wconf 85' lang='lat' dir='ltr'>nce</span> 
     </span>
     <span class='ocr_line' id='line_1_101' title="bbox 906 1167 1702 1203; baseline 0.001 -10"><span class='ocrx_word' id='word_1_751' title='bbox 906 1168 1055 1202; x_wconf 86' lang='lat' dir='ltr'>sapientem</span> <span class='ocrx_word' id='word_1_752' title='bbox 1068 1175 1146 1202; x_wconf 90' lang='lat' dir='ltr'>posse</span> <span class='ocrx_word' id='word_1_753' title='bbox 1161 1175 1233 1196; x_wconf 90' lang='lat' dir='ltr'>esse,</span> <span class='ocrx_word' id='word_1_754' title='bbox 1255 1168 1303 1202; x_wconf 90' lang='lat' dir='ltr'>qui</span> <span class='ocrx_word' id='word_1_755' title='bbox 1318 1172 1363 1194; x_wconf 91' lang='lat' dir='ltr'>aut</span> <span class='ocrx_word' id='word_1_756' title='bbox 1378 1167 1557 1203; x_wconf 88' lang='lat' dir='ltr'>cognoscendi</span> <span class='ocrx_word' id='word_1_757' title='bbox 1573 1176 1632 1194; x_wconf 85' lang='lat' dir='ltr'>esse</span> <span class='ocrx_word' id='word_1_758' title='bbox 1649 1168 1702 1193; x_wconf 89' lang='lat' dir='ltr'>ini-</span> 
     </span>
     <span class='ocr_line' id='line_1_102' title="bbox 907 1205 1702 1240; baseline 0.001 -10"><span class='ocrx_word' id='word_1_759' title='bbox 907 1205 974 1230; x_wconf 90' lang='lat' dir='ltr'>tium</span> <span class='ocrx_word' id='word_1_760' title='bbox 986 1205 1103 1240; x_wconf 83' lang='lat' dir='ltr'>ignoret,</span> <span class='ocrx_word' id='word_1_761' title='bbox 1121 1209 1166 1231; x_wconf 87' lang='lat' dir='ltr'>aut</span> <span class='ocrx_word' id='word_1_762' title='bbox 1177 1209 1326 1231; x_wconf 83' lang='lat' dir='ltr'>extremum</span> <span class='ocrx_word' id='word_1_763' title='bbox 1338 1205 1495 1240; x_wconf 85' lang='lat' dir='ltr'>expetendi,</span> <span class='ocrx_word' id='word_1_764' title='bbox 1513 1210 1554 1235; x_wconf 84' lang='lat' dir='ltr'>ut,</span> <span class='ocrx_word' id='word_1_765' title='bbox 1574 1205 1702 1231; x_wconf 83' lang='lat' dir='ltr'>autunde</span> 
     </span>
     <span class='ocr_line' id='line_1_103' title="bbox 907 1241 1701 1276; baseline 0.001 -9"><span class='ocrx_word' id='word_1_766' title='bbox 907 1241 1100 1276; x_wconf 82' lang='lat' dir='ltr'>proficiscatur,</span> <span class='ocrx_word' id='word_1_767' title='bbox 1109 1246 1154 1268; x_wconf 92' lang='lat' dir='ltr'>aut</span> <span class='ocrx_word' id='word_1_768' title='bbox 1164 1250 1218 1276; x_wconf 90' lang='lat' dir='ltr'>quo</span> <span class='ocrx_word' id='word_1_769' title='bbox 1229 1243 1443 1276; x_wconf 88' lang='lat' dir='ltr'>perveniendum</span> <span class='ocrx_word' id='word_1_770' title='bbox 1455 1243 1497 1273; x_wconf 88' lang='lat' dir='ltr'>sit,</span> <span class='ocrx_word' id='word_1_771' title='bbox 1507 1243 1616 1269; x_wconf 86' lang='lat' dir='ltr'>nesciat.</span> <span class='ocrx_word' id='word_1_772' title='bbox 1634 1242 1701 1268; x_wconf 84' lang='lat' dir='ltr'>llaec</span> 
     </span>
     <span class='ocr_line' id='line_1_104' title="bbox 907 1279 1702 1314; baseline 0 -9"><span class='ocrx_word' id='word_1_773' title='bbox 907 1283 995 1306; x_wconf 85' lang='lat' dir='ltr'>autem</span> <span class='ocrx_word' id='word_1_774' title='bbox 1008 1279 1106 1305; x_wconf 88' lang='lat' dir='ltr'>habere</span> <span class='ocrx_word' id='word_1_775' title='bbox 1117 1279 1214 1310; x_wconf 86' lang='lat' dir='ltr'>dubia,</span> <span class='ocrx_word' id='word_1_776' title='bbox 1233 1287 1319 1314; x_wconf 85' lang='lat' dir='ltr'>neque</span> <span class='ocrx_word' id='word_1_777' title='bbox 1332 1280 1374 1305; x_wconf 92' lang='lat' dir='ltr'>his</span> <span class='ocrx_word' id='word_1_778' title='bbox 1387 1280 1421 1306; x_wconf 90' lang='lat' dir='ltr'>ita</span> <span class='ocrx_word' id='word_1_779' title='bbox 1436 1279 1583 1309; x_wconf 82' lang='lat' dir='ltr'>confidere,</span> <span class='ocrx_word' id='word_1_780' title='bbox 1603 1284 1631 1305; x_wconf 91' lang='lat' dir='ltr'>ut</span> <span class='ocrx_word' id='word_1_781' title='bbox 1645 1288 1702 1305; x_wconf 85' lang='lat' dir='ltr'>ino-</span> 
     </span>
     <span class='ocr_line' id='line_1_105' title="bbox 906 1316 1700 1352; baseline 0.001 -10"><span class='ocrx_word' id='word_1_782' title='bbox 906 1317 964 1342; x_wconf 90' lang='lat' dir='ltr'>veri</span> <span class='ocrx_word' id='word_1_783' title='bbox 980 1325 1031 1343; x_wconf 93' lang='lat' dir='ltr'>non</span> <span class='ocrx_word' id='word_1_784' title='bbox 1050 1317 1167 1351; x_wconf 92' lang='lat' dir='ltr'>possint,</span> <span class='ocrx_word' id='word_1_785' title='bbox 1190 1316 1333 1343; x_wconf 87' lang='lat' dir='ltr'>abhorrere</span> <span class='ocrx_word' id='word_1_786' title='bbox 1354 1326 1367 1343; x_wconf 83' lang='lat' dir='ltr'>a</span> <span class='ocrx_word' id='word_1_787' title='bbox 1388 1318 1519 1352; x_wconf 82' lang='lat' dir='ltr'>sapientia</span> <span class='ocrx_word' id='word_1_788' title='bbox 1540 1316 1700 1351; x_wconf 87' lang='lat' dir='ltr'>plurimum.</span> 
     </span>
     <span class='ocr_line' id='line_1_106' title="bbox 906 1353 1703 1390; baseline -0.001 -10"><span class='ocrx_word' id='word_1_789' title='bbox 906 1354 960 1380; x_wconf 85' lang='lat' dir='ltr'>Hoc</span> <span class='ocrx_word' id='word_1_790' title='bbox 976 1355 1058 1390; x_wconf 89' lang='lat' dir='ltr'>igitur</span> <span class='ocrx_word' id='word_1_791' title='bbox 1073 1353 1152 1380; x_wconf 90' lang='lat' dir='ltr'>modo</span> <span class='ocrx_word' id='word_1_792' title='bbox 1167 1354 1257 1388; x_wconf 90' lang='lat' dir='ltr'>potius</span> <span class='ocrx_word' id='word_1_793' title='bbox 1273 1359 1328 1381; x_wconf 88' lang='lat' dir='ltr'>erat</span> <span class='ocrx_word' id='word_1_794' title='bbox 1342 1354 1375 1380; x_wconf 85' lang='lat' dir='ltr'>ab</span> <span class='ocrx_word' id='word_1_795' title='bbox 1392 1354 1434 1380; x_wconf 89' lang='lat' dir='ltr'>his</span> <span class='ocrx_word' id='word_1_796' title='bbox 1450 1353 1654 1389; x_wconf 84' lang='lat' dir='ltr'>postulandum,</span> <span class='ocrx_word' id='word_1_797' title='bbox 1674 1358 1703 1380; x_wconf 91' lang='lat' dir='ltr'>ut</span> 
     </span>
     <span class='ocr_line' id='line_1_107' title="bbox 907 1390 1701 1426; baseline -0.001 -9"><span class='ocrx_word' id='word_1_798' title='bbox 907 1390 956 1417; x_wconf 90' lang='lat' dir='ltr'>hoc</span> <span class='ocrx_word' id='word_1_799' title='bbox 968 1400 1053 1417; x_wconf 90' lang='lat' dir='ltr'>unum</span> <span class='ocrx_word' id='word_1_800' title='bbox 1062 1391 1165 1422; x_wconf 88' lang='lat' dir='ltr'>saltem,</span> <span class='ocrx_word' id='word_1_801' title='bbox 1179 1392 1282 1426; x_wconf 83' lang='lat' dir='ltr'>percipi</span> <span class='ocrx_word' id='word_1_802' title='bbox 1293 1391 1360 1417; x_wconf 93' lang='lat' dir='ltr'>nihil</span> <span class='ocrx_word' id='word_1_803' title='bbox 1373 1400 1461 1426; x_wconf 86' lang='lat' dir='ltr'>posse,</span> <span class='ocrx_word' id='word_1_804' title='bbox 1475 1396 1630 1426; x_wconf 79' lang='lat' dir='ltr'>perceptum</span> <span class='ocrx_word' id='word_1_805' title='bbox 1643 1399 1701 1417; x_wconf 82' lang='lat' dir='ltr'>esse</span> 
     </span>
     <span class='ocr_line' id='line_1_108' title="bbox 906 1428 1702 1456; baseline 0 -2"><span class='ocrx_word' id='word_1_806' title='bbox 906 1428 1036 1455; x_wconf 89' lang='lat' dir='ltr'>dicerent.</span> <span class='ocrx_word' id='word_1_807' title='bbox 1077 1428 1130 1455; x_wconf 89' lang='lat' dir='ltr'>Sed</span> <span class='ocrx_word' id='word_1_808' title='bbox 1144 1428 1176 1454; x_wconf 91' lang='lat' dir='ltr'>de</span> <span class='ocrx_word' id='word_1_809' title='bbox 1191 1429 1368 1455; x_wconf 90' lang='lat' dir='ltr'>inconstantia</span> <span class='ocrx_word' id='word_1_810' title='bbox 1381 1430 1461 1456; x_wconf 91' lang='lat' dir='ltr'>totius</span> <span class='ocrx_word' id='word_1_811' title='bbox 1474 1428 1580 1455; x_wconf 91' lang='lat' dir='ltr'>illorum</span> <span class='ocrx_word' id='word_1_812' title='bbox 1593 1433 1702 1454; x_wconf 82' lang='lat' dir='ltr'>senten-</span> 
     </span>
     <span class='ocr_line' id='line_1_109' title="bbox 907 1465 1702 1501; baseline -0.001 -9"><span class='ocrx_word' id='word_1_813' title='bbox 907 1466 971 1496; x_wconf 89' lang='lat' dir='ltr'>tiae,</span> <span class='ocrx_word' id='word_1_814' title='bbox 989 1467 1013 1492; x_wconf 92' lang='lat' dir='ltr'>si</span> <span class='ocrx_word' id='word_1_815' title='bbox 1028 1465 1082 1492; x_wconf 91' lang='lat' dir='ltr'>ulla</span> <span class='ocrx_word' id='word_1_816' title='bbox 1093 1466 1223 1492; x_wconf 85' lang='lat' dir='ltr'>sententia</span> <span class='ocrx_word' id='word_1_817' title='bbox 1235 1467 1397 1501; x_wconf 91' lang='lat' dir='ltr'>cuiusquam</span> <span class='ocrx_word' id='word_1_818' title='bbox 1407 1475 1466 1492; x_wconf 86' lang='lat' dir='ltr'>esse</span> <span class='ocrx_word' id='word_1_819' title='bbox 1478 1471 1563 1501; x_wconf 83' lang='lat' dir='ltr'>potest</span> <span class='ocrx_word' id='word_1_820' title='bbox 1574 1465 1642 1492; x_wconf 87' lang='lat' dir='ltr'>nihil</span> <span class='ocrx_word' id='word_1_821' title='bbox 1654 1474 1702 1500; x_wconf 86' lang='lat' dir='ltr'>ap-</span> 
     </span>
     <span class='ocr_line' id='line_1_110' title="bbox 906 1502 1702 1537; baseline 0 -8"><span class='ocrx_word' id='word_1_822' title='bbox 906 1503 1058 1537; x_wconf 86' lang='lat' dir='ltr'>probantis,</span> <span class='ocrx_word' id='word_1_823' title='bbox 1071 1508 1124 1534; x_wconf 86' lang='lat' dir='ltr'>est,</span> <span class='ocrx_word' id='word_1_824' title='bbox 1141 1504 1286 1537; x_wconf 87' lang='lat' dir='ltr'>utopinor,</span> <span class='ocrx_word' id='word_1_825' title='bbox 1304 1503 1406 1530; x_wconf 89' lang='lat' dir='ltr'>dictum</span> <span class='ocrx_word' id='word_1_826' title='bbox 1417 1504 1492 1530; x_wconf 85' lang='lat' dir='ltr'>satis.</span> <span class='ocrx_word' id='word_1_827' title='bbox 1532 1503 1567 1529; x_wconf 84' lang='lat' dir='ltr'>X.</span> <span class='ocrx_word' id='word_1_828' title='bbox 1590 1505 1630 1529; x_wconf 85' lang='lat'>30.</span> <span class='ocrx_word' id='word_1_829' title='bbox 1653 1502 1702 1529; x_wconf 77' lang='lat' dir='ltr'>Se·</span> 
     </span>
     <span class='ocr_line' id='line_1_111' title="bbox 906 1540 1702 1575; baseline -0.003 -8"><span class='ocrx_word' id='word_1_830' title='bbox 906 1542 999 1575; x_wconf 89' lang='lat' dir='ltr'>quitur</span> <span class='ocrx_word' id='word_1_831' title='bbox 1010 1540 1156 1575; x_wconf 85' lang='lat' dir='ltr'>disputatio</span> <span class='ocrx_word' id='word_1_832' title='bbox 1166 1541 1273 1575; x_wconf 86' lang='lat' dir='ltr'>copiosa</span> <span class='ocrx_word' id='word_1_833' title='bbox 1285 1540 1329 1567; x_wconf 86' lang='lat' dir='ltr'>illa</span> <span class='ocrx_word' id='word_1_834' title='bbox 1341 1541 1462 1575; x_wconf 88' lang='lat' dir='ltr'>quidem,</span> <span class='ocrx_word' id='word_1_835' title='bbox 1478 1540 1526 1566; x_wconf 90' lang='lat' dir='ltr'>sed</span> <span class='ocrx_word' id='word_1_836' title='bbox 1537 1540 1627 1575; x_wconf 88' lang='lat' dir='ltr'>paullo</span> <span class='ocrx_word' id='word_1_837' title='bbox 1639 1540 1702 1566; x_wconf 86' lang='lat' dir='ltr'>abs-</span> 
     </span>
     <span class='ocr_line' id='line_1_112' title="bbox 906 1577 1702 1613; baseline -0.001 -9"><span class='ocrx_word' id='word_1_838' title='bbox 906 1579 1014 1605; x_wconf 88' lang='lat' dir='ltr'>trusior.</span> <span class='ocrx_word' id='word_1_839' title='bbox 1054 1578 1138 1604; x_wconf 79' lang='lat' dir='ltr'>Habet</span> <span class='ocrx_word' id='word_1_840' title='bbox 1156 1578 1228 1604; x_wconf 88' lang='lat' dir='ltr'>enim</span> <span class='ocrx_word' id='word_1_841' title='bbox 1245 1577 1413 1613; x_wconf 89' lang='lat' dir='ltr'>aliquantum</span> <span class='ocrx_word' id='word_1_842' title='bbox 1429 1587 1442 1605; x_wconf 86' lang='lat' dir='ltr'>a</span> <span class='ocrx_word' id='word_1_843' title='bbox 1459 1578 1594 1613; x_wconf 77' lang='lat' dir='ltr'>physicis:</span> <span class='ocrx_word' id='word_1_844' title='bbox 1613 1582 1641 1604; x_wconf 91' lang='lat' dir='ltr'>ut</span> <span class='ocrx_word' id='word_1_845' title='bbox 1655 1585 1702 1603; x_wconf 89' lang='lat' dir='ltr'>ve-</span> 
     </span>
     <span class='ocr_line' id='line_1_113' title="bbox 906 1615 1700 1651; baseline -0.003 -9"><span class='ocrx_word' id='word_1_846' title='bbox 906 1624 977 1647; x_wconf 85' lang='lat' dir='ltr'>rear,</span> <span class='ocrx_word' id='word_1_847' title='bbox 996 1624 1028 1641; x_wconf 92' lang='lat' dir='ltr'>ne</span> <span class='ocrx_word' id='word_1_848' title='bbox 1044 1616 1171 1642; x_wconf 89' lang='lat' dir='ltr'>maiorem</span> <span class='ocrx_word' id='word_1_849' title='bbox 1189 1615 1286 1651; x_wconf 78' lang='lat' dir='ltr'>largiar</span> <span class='ocrx_word' id='word_1_850' title='bbox 1301 1616 1339 1646; x_wconf 90' lang='lat' dir='ltr'>ei,</span> <span class='ocrx_word' id='word_1_851' title='bbox 1357 1616 1405 1650; x_wconf 94' lang='lat' dir='ltr'>qui</span> <span class='ocrx_word' id='word_1_852' title='bbox 1416 1620 1505 1642; x_wconf 89' lang='lat' dir='ltr'>contra</span> <span class='ocrx_word' id='word_1_853' title='bbox 1517 1615 1639 1641; x_wconf 73' lang='lat' dir='ltr'>«licturus</span> <span class='ocrx_word' id='word_1_854' title='bbox 1650 1620 1700 1645; x_wconf 88' lang='lat' dir='ltr'>est,</span> 
     </span>
     <span class='ocr_line' id='line_1_114' title="bbox 907 1652 1701 1688; baseline -0.001 -9"><span class='ocrx_word' id='word_1_855' title='bbox 907 1653 1056 1679; x_wconf 87' lang='lat' dir='ltr'>libertatem</span> <span class='ocrx_word' id='word_1_856' title='bbox 1076 1657 1102 1679; x_wconf 87' lang='lat' dir='ltr'>et</span> <span class='ocrx_word' id='word_1_857' title='bbox 1123 1652 1268 1679; x_wconf 86' lang='lat' dir='ltr'>licentiam.</span> <span class='ocrx_word' id='word_1_858' title='bbox 1309 1653 1376 1679; x_wconf 87' lang='lat' dir='ltr'>Nam</span> <span class='ocrx_word' id='word_1_859' title='bbox 1397 1653 1464 1688; x_wconf 92' lang='lat' dir='ltr'>quid</span> <span class='ocrx_word' id='word_1_860' title='bbox 1484 1661 1545 1679; x_wconf 90' lang='lat' dir='ltr'>eum</span> <span class='ocrx_word' id='word_1_861' title='bbox 1568 1652 1701 1678; x_wconf 79' lang='lat' dir='ltr'>facturum</span> 
     </span>
     <span class='ocr_line' id='line_1_115' title="bbox 906 1689 1702 1726; baseline -0.001 -10"><span class='ocrx_word' id='word_1_862' title='bbox 906 1695 998 1726; x_wconf 90' lang='lat' dir='ltr'>putem</span> <span class='ocrx_word' id='word_1_863' title='bbox 1009 1690 1042 1716; x_wconf 90' lang='lat' dir='ltr'>de</span> <span class='ocrx_word' id='word_1_864' title='bbox 1053 1689 1153 1716; x_wconf 90' lang='lat' dir='ltr'>abditis</span> <span class='ocrx_word' id='word_1_865' title='bbox 1165 1690 1246 1716; x_wconf 88' lang='lat' dir='ltr'>rebus</span> <span class='ocrx_word' id='word_1_866' title='bbox 1257 1695 1282 1716; x_wconf 91' lang='lat' dir='ltr'>et</span> <span class='ocrx_word' id='word_1_867' title='bbox 1293 1690 1425 1721; x_wconf 80' lang='lat' dir='ltr'>obscuris,</span> <span class='ocrx_word' id='word_1_868' title='bbox 1439 1691 1487 1725; x_wconf 89' lang='lat' dir='ltr'>qui</span> <span class='ocrx_word' id='word_1_869' title='bbox 1500 1690 1585 1717; x_wconf 86' lang='lat' dir='ltr'>lucem</span> <span class='ocrx_word' id='word_1_870' title='bbox 1598 1690 1702 1724; x_wconf 87' lang='lat' dir='ltr'>cripere</span> 
     </span>
     <span class='ocr_line' id='line_1_116' title="bbox 905 1727 1702 1762; baseline -0.001 -8"><span class='ocrx_word' id='word_1_871' title='bbox 905 1727 1034 1754; x_wconf 70' lang='lat' dir='ltr'>conetur?</span> <span class='ocrx_word' id='word_1_872' title='bbox 1046 1727 1098 1754; x_wconf 86' lang='lat' dir='ltr'>Sed</span> <span class='ocrx_word' id='word_1_873' title='bbox 1109 1727 1241 1762; x_wconf 90' lang='lat' dir='ltr'>disputari</span> <span class='ocrx_word' id='word_1_874' title='bbox 1254 1732 1354 1762; x_wconf 83' lang='lat' dir='ltr'>poterat</span> <span class='ocrx_word' id='word_1_875' title='bbox 1364 1727 1509 1758; x_wconf 86' lang='lat' dir='ltr'>subtiliter,</span> <span class='ocrx_word' id='word_1_876' title='bbox 1523 1732 1622 1762; x_wconf 79' lang='lat' dir='ltr'>quanto</span> <span class='ocrx_word' id='word_1_877' title='bbox 1633 1736 1702 1762; x_wconf 87' lang='lat' dir='ltr'>qua-</span> 
     </span>
     <span class='ocr_line' id='line_1_117' title="bbox 905 1764 1699 1800; baseline -0.001 -9"><span class='ocrx_word' id='word_1_878' title='bbox 905 1766 928 1791; x_wconf 88' lang='lat' dir='ltr'>si</span> <span class='ocrx_word' id='word_1_879' title='bbox 940 1765 1052 1791; x_wconf 80' lang='lat' dir='ltr'>artificio</span> <span class='ocrx_word' id='word_1_880' title='bbox 1064 1770 1157 1791; x_wconf 88' lang='lat' dir='ltr'>natura</span> <span class='ocrx_word' id='word_1_881' title='bbox 1170 1764 1296 1791; x_wconf 80' lang='lat' dir='ltr'>fabricata</span> <span class='ocrx_word' id='word_1_882' title='bbox 1304 1764 1602 1800; x_wconf 82' lang='lat' dir='ltr'>essetprimumanimal</span> <span class='ocrx_word' id='word_1_883' title='bbox 1611 1773 1699 1795; x_wconf 81' lang='lat' dir='ltr'>omne,</span> 
     </span>
     <span class='ocr_line' id='line_1_118' title="bbox 905 1802 1699 1838; baseline -0.001 -9"><span class='ocrx_word' id='word_1_884' title='bbox 905 1802 1003 1829; x_wconf 88' lang='lat' dir='ltr'>deinde</span> <span class='ocrx_word' id='word_1_885' title='bbox 1016 1803 1152 1829; x_wconf 92' lang='lat' dir='ltr'>hominem</span> <span class='ocrx_word' id='word_1_886' title='bbox 1165 1803 1295 1835; x_wconf 63' lang='lat' dir='ltr'>maxime,</span> <span class='ocrx_word' id='word_1_887' title='bbox 1309 1811 1378 1838; x_wconf 84' lang='lat' dir='ltr'>quae</span> <span class='ocrx_word' id='word_1_888' title='bbox 1391 1803 1431 1828; x_wconf 80' lang='lat' dir='ltr'>vis</span> <span class='ocrx_word' id='word_1_889' title='bbox 1443 1808 1512 1829; x_wconf 81' lang='lat' dir='ltr'>esset</span> <span class='ocrx_word' id='word_1_890' title='bbox 1524 1803 1549 1828; x_wconf 95' lang='lat' dir='ltr'>in</span> <span class='ocrx_word' id='word_1_891' title='bbox 1558 1802 1699 1833; x_wconf 73' lang='lat' dir='ltr'>sensibus,</span> 
     </span>
     <span class='ocr_line' id='line_1_119' title="bbox 905 1839 1698 1875; baseline -0.001 -9"><span class='ocrx_word' id='word_1_892' title='bbox 905 1840 1134 1875; x_wconf 87' lang='lat' dir='ltr'>quemadmodum</span> <span class='ocrx_word' id='word_1_893' title='bbox 1146 1840 1233 1874; x_wconf 89' lang='lat' dir='ltr'>primo</span> <span class='ocrx_word' id='word_1_894' title='bbox 1244 1840 1302 1866; x_wconf 82' lang='lat' dir='ltr'>visa</span> <span class='ocrx_word' id='word_1_895' title='bbox 1318 1849 1365 1866; x_wconf 83' lang='lat' dir='ltr'>nos</span> <span class='ocrx_word' id='word_1_896' title='bbox 1382 1839 1524 1875; x_wconf 88' lang='lat' dir='ltr'>pellerent,</span> <span class='ocrx_word' id='word_1_897' title='bbox 1542 1839 1639 1865; x_wconf 79' lang='lat' dir='ltr'>deinde</span> <span class='ocrx_word' id='word_1_898' title='bbox 1654 1848 1698 1874; x_wconf 85' lang='lat' dir='ltr'>ap—</span> 
     </span>
     <span class='ocr_line' id='line_1_120' title="bbox 905 1877 1701 1913; baseline -0.003 -9"><span class='ocrx_word' id='word_1_899' title='bbox 905 1878 998 1913; x_wconf 86' lang='lat' dir='ltr'>petitio</span> <span class='ocrx_word' id='word_1_900' title='bbox 1009 1878 1043 1904; x_wconf 84' lang='lat' dir='ltr'>ab</span> <span class='ocrx_word' id='word_1_901' title='bbox 1055 1877 1097 1904; x_wconf 87' lang='lat' dir='ltr'>his</span> <span class='ocrx_word' id='word_1_902' title='bbox 1111 1877 1189 1912; x_wconf 85' lang='lat' dir='ltr'>pulsa</span> <span class='ocrx_word' id='word_1_903' title='bbox 1201 1882 1370 1912; x_wconf 86' lang='lat' dir='ltr'>sequeretur:</span> <span class='ocrx_word' id='word_1_904' title='bbox 1395 1882 1451 1904; x_wconf 91' lang='lat' dir='ltr'>tum</span> <span class='ocrx_word' id='word_1_905' title='bbox 1466 1882 1495 1903; x_wconf 93' lang='lat' dir='ltr'>ut</span> <span class='ocrx_word' id='word_1_906' title='bbox 1506 1886 1602 1903; x_wconf 77' lang='lat' dir='ltr'>sensus</span> <span class='ocrx_word' id='word_1_907' title='bbox 1614 1877 1646 1903; x_wconf 84' lang='lat' dir='ltr'>ad</span> <span class='ocrx_word' id='word_1_908' title='bbox 1660 1885 1701 1903; x_wconf 79' lang='lat' dir='ltr'>res</span> 
     </span>
     <span class='ocr_line' id='line_1_121' title="bbox 905 1914 1700 1950; baseline -0.003 -9"><span class='ocrx_word' id='word_1_909' title='bbox 905 1914 1093 1950; x_wconf 85' lang='lat' dir='ltr'>percipiendas</span> <span class='ocrx_word' id='word_1_910' title='bbox 1110 1914 1321 1941; x_wconf 88' lang='lat' dir='ltr'>intenderemus.</span> <span class='ocrx_word' id='word_1_911' title='bbox 1363 1915 1437 1941; x_wconf 82' lang='lat' dir='ltr'>Mens</span> <span class='ocrx_word' id='word_1_912' title='bbox 1453 1915 1525 1941; x_wconf 89' lang='lat' dir='ltr'>enim</span> <span class='ocrx_word' id='word_1_913' title='bbox 1543 1915 1614 1949; x_wconf 82' lang='lat' dir='ltr'>ipsa,</span> <span class='ocrx_word' id='word_1_914' title='bbox 1631 1923 1700 1949; x_wconf 73' lang='lat' dir='ltr'>quae</span> 
     </span>
     <span class='ocr_line' id='line_1_122' title="bbox 904 1952 1701 1987; baseline -0.003 -8"><span class='ocrx_word' id='word_1_915' title='bbox 904 1961 1035 1979; x_wconf 88' lang='lat' dir='ltr'>sensuum</span> <span class='ocrx_word' id='word_1_916' title='bbox 1048 1952 1106 1979; x_wconf 87' lang='lat' dir='ltr'>l&#39;ons</span> <span class='ocrx_word' id='word_1_917' title='bbox 1118 1956 1167 1983; x_wconf 88' lang='lat' dir='ltr'>est,</span> <span class='ocrx_word' id='word_1_918' title='bbox 1176 1957 1255 1987; x_wconf 89' lang='lat' dir='ltr'>atque</span> <span class='ocrx_word' id='word_1_919' title='bbox 1267 1953 1346 1978; x_wconf 84' lang='lat' dir='ltr'>etiam</span> <span class='ocrx_word' id='word_1_920' title='bbox 1359 1953 1417 1987; x_wconf 85' lang='lat' dir='ltr'>ipsa</span> <span class='ocrx_word' id='word_1_921' title='bbox 1428 1961 1524 1978; x_wconf 88' lang='lat' dir='ltr'>sensus</span> <span class='ocrx_word' id='word_1_922' title='bbox 1536 1957 1584 1981; x_wconf 81' lang='lat' dir='ltr'>est,</span> <span class='ocrx_word' id='word_1_923' title='bbox 1594 1957 1701 1978; x_wconf 74' lang='lat' dir='ltr'>naturu-</span> 
     </span>
     <span class='ocr_line' id='line_1_123' title="bbox 906 1989 1699 2024; baseline -0.003 -8"><span class='ocrx_word' id='word_1_924' title='bbox 906 1990 957 2016; x_wconf 90' lang='lat' dir='ltr'>lem</span> <span class='ocrx_word' id='word_1_925' title='bbox 970 1991 1025 2016; x_wconf 91' lang='lat' dir='ltr'>vim</span> <span class='ocrx_word' id='word_1_926' title='bbox 1037 1990 1126 2021; x_wconf 85' lang='lat' dir='ltr'>habet,</span> <span class='ocrx_word' id='word_1_927' title='bbox 1139 1998 1221 2024; x_wconf 87' lang='lat' dir='ltr'>quam</span> <span class='ocrx_word' id='word_1_928' title='bbox 1234 1989 1347 2016; x_wconf 78' lang='lat' dir='ltr'>intendit</span> <span class='ocrx_word' id='word_1_929' title='bbox 1359 1989 1391 2016; x_wconf 83' lang='lat' dir='ltr'>ad</span> <span class='ocrx_word' id='word_1_930' title='bbox 1402 1998 1441 2020; x_wconf 83' lang='lat' dir='ltr'>ea,</span> <span class='ocrx_word' id='word_1_931' title='bbox 1454 1990 1555 2024; x_wconf 87' lang='lat' dir='ltr'>quibus</span> <span class='ocrx_word' id='word_1_932' title='bbox 1567 1994 1699 2015; x_wconf 80' lang='lat' dir='ltr'>movetur.</span> 
     </span>
     <span class='ocr_line' id='line_1_124' title="bbox 906 2026 1699 2062; baseline -0.003 -9"><span class='ocrx_word' id='word_1_933' title='bbox 906 2028 995 2062; x_wconf 86' lang='lat' dir='ltr'>ltaque</span> <span class='ocrx_word' id='word_1_934' title='bbox 1002 2027 1054 2053; x_wconf 81' lang='lat' dir='ltr'>alia</span> <span class='ocrx_word' id='word_1_935' title='bbox 1066 2028 1124 2053; x_wconf 87' lang='lat' dir='ltr'>visa</span> <span class='ocrx_word' id='word_1_936' title='bbox 1135 2028 1175 2053; x_wconf 81' lang='lat' dir='ltr'>sie</span> <span class='ocrx_word' id='word_1_937' title='bbox 1186 2027 1289 2061; x_wconf 82' lang='lat' dir='ltr'>arripit,</span> <span class='ocrx_word' id='word_1_938' title='bbox 1298 2031 1327 2053; x_wconf 89' lang='lat' dir='ltr'>ut</span> <span class='ocrx_word' id='word_1_939' title='bbox 1339 2027 1381 2053; x_wconf 87' lang='lat' dir='ltr'>his</span> <span class='ocrx_word' id='word_1_940' title='bbox 1392 2028 1482 2053; x_wconf 78' lang='lat' dir='ltr'>statim</span> <span class='ocrx_word' id='word_1_941' title='bbox 1494 2031 1595 2053; x_wconf 87' lang='lat' dir='ltr'>utatur:</span> <span class='ocrx_word' id='word_1_942' title='bbox 1610 2026 1699 2060; x_wconf 72' lang='lat' dir='ltr'>aliqu-1</span> 
     </span>
     <span class='ocr_line' id='line_1_125' title="bbox 905 2064 1699 2099; baseline -0.003 -9"><span class='ocrx_word' id='word_1_943' title='bbox 905 2065 1038 2096; x_wconf 72' lang='lat' dir='ltr'>recondit,</span> <span class='ocrx_word' id='word_1_944' title='bbox 1060 2073 1074 2091; x_wconf 86' lang='lat' dir='ltr'>e</span> <span class='ocrx_word' id='word_1_945' title='bbox 1095 2065 1197 2099; x_wconf 87' lang='lat' dir='ltr'>quibus</span> <span class='ocrx_word' id='word_1_946' title='bbox 1218 2065 1345 2090; x_wconf 83' lang='lat' dir='ltr'>memoria</span> <span class='ocrx_word' id='word_1_947' title='bbox 1366 2065 1459 2091; x_wconf 90' lang='lat' dir='ltr'>oritur.</span> <span class='ocrx_word' id='word_1_948' title='bbox 1500 2064 1590 2090; x_wconf 80' lang='lat' dir='ltr'>Cetera</span> <span class='ocrx_word' id='word_1_949' title='bbox 1611 2069 1699 2089; x_wconf 74' lang='lat' dir='ltr'>autem</span> 
     </span>
     <span class='ocr_line' id='line_1_126' title="bbox 904 2101 1700 2136; baseline -0.003 -8"><span class='ocrx_word' id='word_1_950' title='bbox 904 2101 1134 2128; x_wconf 86' lang='lat' dir='ltr'>similitudinibus</span> <span class='ocrx_word' id='word_1_951' title='bbox 1144 2101 1295 2132; x_wconf 80' lang='lat' dir='ltr'>constituit,</span> <span class='ocrx_word' id='word_1_952' title='bbox 1309 2110 1342 2128; x_wconf 83' lang='lat' dir='ltr'>ex</span> <span class='ocrx_word' id='word_1_953' title='bbox 1353 2101 1455 2136; x_wconf 88' lang='lat' dir='ltr'>quibus</span> <span class='ocrx_word' id='word_1_954' title='bbox 1466 2101 1621 2127; x_wconf 84' lang='lat' dir='ltr'>el&#39;ticiuntur</span> <span class='ocrx_word' id='word_1_955' title='bbox 1632 2101 1700 2127; x_wconf 81' lang='lat' dir='ltr'>noti-</span> 
     </span>
     <span class='ocr_line' id='line_1_127' title="bbox 905 2138 1701 2173; baseline -0.004 -8"><span class='ocrx_word' id='word_1_956' title='bbox 905 2140 955 2165; x_wconf 84' lang='lat' dir='ltr'>tiae</span> <span class='ocrx_word' id='word_1_957' title='bbox 970 2147 1073 2170; x_wconf 82' lang='lat' dir='ltr'>rerum3</span> <span class='ocrx_word' id='word_1_958' title='bbox 1091 2148 1159 2173; x_wconf 82' lang='lat' dir='ltr'>quas</span> <span class='ocrx_word' id='word_1_959' title='bbox 1174 2139 1269 2164; x_wconf 85' lang='lat' dir='ltr'>Graeci</span> <span class='ocrx_word' id='word_1_960' title='bbox 1286 2144 1342 2165; x_wconf 90' lang='lat' dir='ltr'>tum</span> <span class='ocrx_word' id='word_1_961' title='bbox 1358 2139 1469 2168; x_wconf 64' lang='grc' dir='ltr'>ἑννοίας,</span> <span class='ocrx_word' id='word_1_962' title='bbox 1488 2144 1543 2165; x_wconf 90' lang='lat' dir='ltr'>tum</span> <span class='ocrx_word' id='word_1_963' title='bbox 1559 2138 1701 2172; x_wconf 57' lang='grc' dir='ltr'>προλήψει,-</span> 
     </span>
     <span class='ocr_line' id='line_1_128' title="bbox 904 2176 1699 2211; baseline -0.004 -9"><span class='ocrx_word' id='word_1_964' title='bbox 904 2180 1010 2202; x_wconf 85' lang='lat' dir='ltr'>vocant.</span> <span class='ocrx_word' id='word_1_965' title='bbox 1051 2176 1088 2202; x_wconf 87' lang='lat' dir='ltr'>Eo</span> <span class='ocrx_word' id='word_1_966' title='bbox 1103 2184 1187 2211; x_wconf 79' lang='lat' dir='ltr'>qutun</span> <span class='ocrx_word' id='word_1_967' title='bbox 1204 2176 1317 2202; x_wconf 83' lang='lat' dir='ltr'>accessit</span> <span class='ocrx_word' id='word_1_968' title='bbox 1332 2176 1397 2202; x_wconf 87' lang='lat' dir='ltr'>ratio</span> <span class='ocrx_word' id='word_1_969' title='bbox 1415 2176 1621 2210; x_wconf 72' lang='lat' dir='ltr'>argumentique</span> <span class='ocrx_word' id='word_1_970' title='bbox 1637 2183 1699 2200; x_wconf 75' lang='lat' dir='ltr'>con-</span> 
     </span>
     <span class='ocr_line' id='line_1_129' title="bbox 903 2212 1699 2248; baseline -0.003 -9"><span class='ocrx_word' id='word_1_971' title='bbox 903 2213 990 2239; x_wconf 83' lang='lat' dir='ltr'>clusio</span> <span class='ocrx_word' id='word_1_972' title='bbox 1006 2221 1150 2248; x_wconf 85' lang='lat' dir='ltr'>rerumque</span> <span class='ocrx_word' id='word_1_973' title='bbox 1167 2212 1406 2238; x_wconf 84' lang='lat' dir='ltr'>innumerabilium</span> <span class='ocrx_word' id='word_1_974' title='bbox 1424 2212 1581 2238; x_wconf 73' lang='lat' dir='ltr'>mulmudo.</span> <span class='ocrx_word' id='word_1_975' title='bbox 1605 2218 1659 2238; x_wconf 85' lang='lat' dir='ltr'>tum</span> <span class='ocrx_word' id='word_1_976' title='bbox 1675 2217 1699 2237; x_wconf 72' lang='lat' dir='ltr'>vt</span> 
     </span>
     <span class='ocr_line' id='line_1_130' title="bbox 904 2249 1698 2285; baseline -0.005 -9"><span class='ocrx_word' id='word_1_977' title='bbox 904 2251 1039 2285; x_wconf 81' lang='lat' dir='ltr'>perceptio</span> <span class='ocrx_word' id='word_1_978' title='bbox 1050 2259 1142 2276; x_wconf 88' lang='lat' dir='ltr'>corum</span> <span class='ocrx_word' id='word_1_979' title='bbox 1154 2250 1275 2276; x_wconf 90' lang='lat' dir='ltr'>omnium</span> <span class='ocrx_word' id='word_1_980' title='bbox 1287 2254 1405 2284; x_wconf 87' lang='lat' dir='ltr'>apparet,</span> <span class='ocrx_word' id='word_1_981' title='bbox 1414 2255 1439 2276; x_wconf 86' lang='lat' dir='ltr'>et</span> <span class='ocrx_word' id='word_1_982' title='bbox 1450 2249 1543 2275; x_wconf 86' lang='lat' dir='ltr'>cadem</span> <span class='ocrx_word' id='word_1_983' title='bbox 1555 2251 1628 2276; x_wconf 80' lang='lat' dir='ltr'>ratio.</span> <span class='ocrx_word' id='word_1_984' title='bbox 1639 2258 1698 2283; x_wconf 68' lang='lat' dir='ltr'>pcr-</span> 
     </span>
     <span class='ocr_line' id='line_1_131' title="bbox 905 2286 1697 2321; baseline -0.006 -7"><span class='ocrx_word' id='word_1_985' title='bbox 905 2287 971 2314; x_wconf 79' lang='lat' dir='ltr'>fccta</span> <span class='ocrx_word' id='word_1_986' title='bbox 985 2287 1026 2313; x_wconf 85' lang='lat' dir='ltr'>his</span> <span class='ocrx_word' id='word_1_987' title='bbox 1037 2287 1181 2321; x_wconf 79' lang='lat' dir='ltr'>gradibus,</span> <span class='ocrx_word' id='word_1_988' title='bbox 1200 2286 1232 2312; x_wconf 83' lang='lat' dir='ltr'>ad</span> <span class='ocrx_word' id='word_1_989' title='bbox 1248 2287 1407 2320; x_wconf 77' lang='lat' dir='ltr'>sapientiam</span> <span class='ocrx_word' id='word_1_990' title='bbox 1423 2287 1554 2321; x_wconf 80' lang='lat' dir='ltr'>pervenit.</span> <span class='ocrx_word' id='word_1_991' title='bbox 1596 2289 1636 2312; x_wconf 73' lang='grc' dir='ltr'>ζΗ.</span> <span class='ocrx_word' id='word_1_992' title='bbox 1660 2286 1697 2311; x_wconf 72' lang='grc' dir='ltr'>,Μ</span> 
     </span>
     <span class='ocr_line' id='line_1_132' title="bbox 905 2324 1698 2360; baseline -0.004 -9"><span class='ocrx_word' id='word_1_993' title='bbox 905 2333 993 2351; x_wconf 90' lang='lat' dir='ltr'>rerum</span> <span class='ocrx_word' id='word_1_994' title='bbox 1011 2325 1093 2360; x_wconf 79' lang='lat' dir='ltr'>igitur</span> <span class='ocrx_word' id='word_1_995' title='bbox 1108 2325 1248 2350; x_wconf 80' lang='lat' dir='ltr'>scientiam</span> <span class='ocrx_word' id='word_1_996' title='bbox 1262 2325 1386 2358; x_wconf 73' lang='lat' dir='ltr'>vitaeque</span> <span class='ocrx_word' id='word_1_997' title='bbox 1399 2325 1574 2350; x_wconf 80' lang='lat' dir='ltr'>constantiam</span> <span class='ocrx_word' id='word_1_998' title='bbox 1590 2324 1698 2357; x_wconf 71' lang='lat' dir='ltr'>aptissi-</span> 
     </span>
     <span class='ocr_line' id='line_1_133' title="bbox 904 2361 1697 2396; baseline -0.005 -8"><span class='ocrx_word' id='word_1_999' title='bbox 904 2371 945 2388; x_wconf 81' lang='lat' dir='ltr'>ma</span> <span class='ocrx_word' id='word_1_1000' title='bbox 957 2370 1042 2396; x_wconf 84' lang='lat' dir='ltr'>quum</span> <span class='ocrx_word' id='word_1_1001' title='bbox 1055 2363 1089 2388; x_wconf 85' lang='lat' dir='ltr'>sit</span> <span class='ocrx_word' id='word_1_1002' title='bbox 1100 2370 1176 2387; x_wconf 79' lang='lat' dir='ltr'>niens</span> <span class='ocrx_word' id='word_1_1003' title='bbox 1189 2361 1320 2392; x_wconf 82' lang='lat' dir='ltr'>hominis,</span> <span class='ocrx_word' id='word_1_1004' title='bbox 1339 2361 1510 2395; x_wconf 72' lang='lat' dir='ltr'>amplectitur</span> <span class='ocrx_word' id='word_1_1005' title='bbox 1525 2369 1641 2386; x_wconf 74' lang='lat' dir='ltr'>maxum·</span> <span class='ocrx_word' id='word_1_1006' title='bbox 1654 2370 1697 2385; x_wconf 74' lang='lat' dir='ltr'>co—</span> 
     </span>
     <span class='ocr_line' id='line_1_134' title="bbox 902 2397 1697 2435; baseline -0.003 -10"><span class='ocrx_word' id='word_1_1007' title='bbox 902 2400 1060 2435; x_wconf 77' lang='lat' dir='ltr'>gnitionem,</span> <span class='ocrx_word' id='word_1_1008' title='bbox 1074 2403 1099 2425; x_wconf 83' lang='lat' dir='ltr'>ct</span> <span class='ocrx_word' id='word_1_1009' title='bbox 1111 2400 1188 2425; x_wconf 76' lang='lat' dir='ltr'>istam</span> <span class='ocrx_word' id='word_1_1010' title='bbox 1200 2399 1352 2433; x_wconf 68' lang='grc' dir='ltr'>κατάληψιν,</span> <span class='ocrx_word' id='word_1_1011' title='bbox 1362 2407 1453 2433; x_wconf 82' lang='lat' dir='ltr'>quam.</span> <span class='ocrx_word' id='word_1_1012' title='bbox 1464 2403 1491 2423; x_wconf 93' lang='lat' dir='ltr'>ut</span> <span class='ocrx_word' id='word_1_1013' title='bbox 1502 2397 1568 2423; x_wconf 75' lang='lat' dir='ltr'>«lixi.</span> <span class='ocrx_word' id='word_1_1014' title='bbox 1585 2398 1697 2423; x_wconf 73' lang='lat' dir='ltr'>verbum</span> 
     </span>
     <span class='ocr_line' id='line_1_135' title="bbox 903 2435 1695 2471; baseline -0.003 -9"><span class='ocrx_word' id='word_1_1015' title='bbox 903 2446 916 2462; x_wconf 83' lang='lat' dir='ltr'>c</span> <span class='ocrx_word' id='word_1_1016' title='bbox 943 2436 1025 2462; x_wconf 82' lang='lat' dir='ltr'>verbo</span> <span class='ocrx_word' id='word_1_1017' title='bbox 1049 2437 1244 2471; x_wconf 74' lang='lat' dir='ltr'>exprimentes,</span> <span class='ocrx_word' id='word_1_1018' title='bbox 1270 2436 1537 2470; x_wconf 71' lang='lat' dir='ltr'>coniprclwusioncui</span> <span class='ocrx_word' id='word_1_1019' title='bbox 1563 2435 1695 2465; x_wconf 73' lang='lat' dir='ltr'>dicemus,</span> 
     </span>
     <span class='ocr_line' id='line_1_136' title="bbox 902 2472 1696 2509; baseline -0.001 -10"><span class='ocrx_word' id='word_1_1020' title='bbox 902 2482 987 2509; x_wconf 91' lang='lat' dir='ltr'>quum</span> <span class='ocrx_word' id='word_1_1021' title='bbox 1006 2474 1091 2507; x_wconf 83' lang='lat' dir='ltr'>ipsam</span> <span class='ocrx_word' id='word_1_1022' title='bbox 1109 2482 1155 2508; x_wconf 91' lang='lat' dir='ltr'>per</span> <span class='ocrx_word' id='word_1_1023' title='bbox 1171 2482 1199 2499; x_wconf 81' lang='lat' dir='ltr'>se</span> <span class='ocrx_word' id='word_1_1024' title='bbox 1215 2478 1285 2499; x_wconf 79' lang='lat' dir='ltr'>aiunt</span> <span class='ocrx_word' id='word_1_1025' title='bbox 1301 2472 1378 2507; x_wconf 75' lang='lat' dir='ltr'>(nihil</span> <span class='ocrx_word' id='word_1_1026' title='bbox 1395 2478 1434 2499; x_wconf 73' lang='lat' dir='ltr'>cst</span> <span class='ocrx_word' id='word_1_1027' title='bbox 1450 2472 1521 2498; x_wconf 85' lang='lat' dir='ltr'>enim</span> <span class='ocrx_word' id='word_1_1028' title='bbox 1538 2473 1562 2498; x_wconf 84' lang='lat' dir='ltr'>ci</span> <span class='ocrx_word' id='word_1_1029' title='bbox 1579 2473 1696 2498; x_wconf 72' lang='lat' dir='ltr'>veritatis</span> 
     </span>
     <span class='ocr_line' id='line_1_137' title="bbox 903 2510 1697 2545; baseline -0.001 -9"><span class='ocrx_word' id='word_1_1030' title='bbox 903 2511 962 2537; x_wconf 90' lang='lat' dir='ltr'>luce</span> <span class='ocrx_word' id='word_1_1031' title='bbox 977 2511 1095 2545; x_wconf 84' lang='lat' dir='ltr'>dulcius)</span> <span class='ocrx_word' id='word_1_1032' title='bbox 1112 2516 1166 2537; x_wconf 88' lang='lat' dir='ltr'>tum</span> <span class='ocrx_word' id='word_1_1033' title='bbox 1184 2511 1263 2537; x_wconf 85' lang='lat' dir='ltr'>ctiam</span> <span class='ocrx_word' id='word_1_1034' title='bbox 1281 2515 1387 2544; x_wconf 74' lang='lat' dir='ltr'>propter</span> <span class='ocrx_word' id='word_1_1035' title='bbox 1401 2518 1490 2536; x_wconf 80' lang='lat' dir='ltr'>usum.</span> <span class='ocrx_word' id='word_1_1036' title='bbox 1531 2510 1660 2541; x_wconf 71' lang='lat' dir='ltr'>Quocirca</span> <span class='ocrx_word' id='word_1_1037' title='bbox 1672 2515 1697 2535; x_wconf 82' lang='lat' dir='ltr'>ct</span> 
     </span>
     <span class='ocr_line' id='line_1_138' title="bbox 901 2546 1693 2582; baseline -0.003 -8"><span class='ocrx_word' id='word_1_1038' title='bbox 901 2548 1028 2574; x_wconf 76' lang='lat' dir='ltr'>sensibus</span> <span class='ocrx_word' id='word_1_1039' title='bbox 1040 2549 1136 2578; x_wconf 81' lang='lat' dir='ltr'>utitur,</span> <span class='ocrx_word' id='word_1_1040' title='bbox 1153 2553 1179 2575; x_wconf 83' lang='lat' dir='ltr'>ct</span> <span class='ocrx_word' id='word_1_1041' title='bbox 1190 2553 1258 2574; x_wconf 79' lang='lat' dir='ltr'>artes</span> <span class='ocrx_word' id='word_1_1042' title='bbox 1270 2547 1364 2577; x_wconf 76' lang='lat' dir='ltr'>eflicit,</span> <span class='ocrx_word' id='word_1_1043' title='bbox 1383 2548 1461 2582; x_wconf 74' lang='lat' dir='ltr'>quusi</span> <span class='ocrx_word' id='word_1_1044' title='bbox 1476 2555 1572 2572; x_wconf 76' lang='lat' dir='ltr'>seusus</span> <span class='ocrx_word' id='word_1_1045' title='bbox 1584 2546 1693 2573; x_wconf 77' lang='lat' dir='ltr'>alteros:</span> 
     </span>
     <span class='ocr_line' id='line_1_139' title="bbox 901 2584 1696 2620; baseline -0.001 -9"><span class='ocrx_word' id='word_1_1046' title='bbox 901 2590 926 2612; x_wconf 80' lang='lat' dir='ltr'>ct</span> <span class='ocrx_word' id='word_1_1047' title='bbox 938 2594 1023 2620; x_wconf 86' lang='lat' dir='ltr'>usque</span> <span class='ocrx_word' id='word_1_1048' title='bbox 1038 2594 1068 2611; x_wconf 88' lang='lat' dir='ltr'>co</span> <span class='ocrx_word' id='word_1_1049' title='bbox 1079 2585 1277 2620; x_wconf 84' lang='lat' dir='ltr'>philosophiam</span> <span class='ocrx_word' id='word_1_1050' title='bbox 1292 2585 1376 2619; x_wconf 82' lang='lat' dir='ltr'>ipsam</span> <span class='ocrx_word' id='word_1_1051' title='bbox 1389 2584 1551 2612; x_wconf 82' lang='lat' dir='ltr'>corroborat.</span> <span class='ocrx_word' id='word_1_1052' title='bbox 1571 2590 1598 2610; x_wconf 85' lang='lat' dir='ltr'>ut</span> <span class='ocrx_word' id='word_1_1053' title='bbox 1610 2585 1696 2610; x_wconf 81' lang='lat' dir='ltr'>virtu-</span> 
     </span>
     <span class='ocr_line' id='line_1_140' title="bbox 902 2621 1696 2658; baseline -0.001 -9"><span class='ocrx_word' id='word_1_1054' title='bbox 902 2628 954 2649; x_wconf 84' lang='lat' dir='ltr'>tem</span> <span class='ocrx_word' id='word_1_1055' title='bbox 966 2622 1076 2652; x_wconf 79' lang='lat' dir='ltr'>efficiat,</span> <span class='ocrx_word' id='word_1_1056' title='bbox 1094 2631 1127 2650; x_wconf 81' lang='lat' dir='ltr'>cx</span> <span class='ocrx_word' id='word_1_1057' title='bbox 1138 2632 1190 2658; x_wconf 88' lang='lat' dir='ltr'>qua</span> <span class='ocrx_word' id='word_1_1058' title='bbox 1202 2631 1228 2648; x_wconf 86' lang='lat' dir='ltr'>rc</span> <span class='ocrx_word' id='word_1_1059' title='bbox 1240 2631 1292 2648; x_wconf 85' lang='lat' dir='ltr'>uun</span> <span class='ocrx_word' id='word_1_1060' title='bbox 1305 2623 1358 2648; x_wconf 70' lang='lat' dir='ltr'>vita</span> <span class='ocrx_word' id='word_1_1061' title='bbox 1369 2623 1457 2648; x_wconf 81' lang='lat' dir='ltr'>omnis</span> <span class='ocrx_word' id='word_1_1062' title='bbox 1469 2627 1528 2656; x_wconf 81' lang='lat' dir='ltr'>apta</span> <span class='ocrx_word' id='word_1_1063' title='bbox 1540 2623 1584 2647; x_wconf 85' lang='lat' dir='ltr'>sit.</span> <span class='ocrx_word' id='word_1_1064' title='bbox 1626 2621 1696 2655; x_wconf 68' lang='lat' dir='ltr'>Ergo</span> 
     </span>
     <span class='ocr_line' id='line_1_141' title="bbox 901 2658 1696 2696; baseline -0.005 -9"><span class='ocrx_word' id='word_1_1065' title='bbox 901 2660 943 2691; x_wconf 86' lang='lat' dir='ltr'>hi,</span> <span class='ocrx_word' id='word_1_1066' title='bbox 965 2660 1013 2695; x_wconf 87' lang='lat' dir='ltr'>qui</span> <span class='ocrx_word' id='word_1_1067' title='bbox 1030 2666 1128 2696; x_wconf 80' lang='lat' dir='ltr'>negant</span> <span class='ocrx_word' id='word_1_1068' title='bbox 1142 2659 1292 2696; x_wconf 84' lang='lat' dir='ltr'>quidquam</span> <span class='ocrx_word' id='word_1_1069' title='bbox 1310 2668 1387 2695; x_wconf 82' lang='lat' dir='ltr'>posse</span> <span class='ocrx_word' id='word_1_1070' title='bbox 1402 2658 1608 2694; x_wconf 82' lang='lat' dir='ltr'>comprehendi,</span> <span class='ocrx_word' id='word_1_1071' title='bbox 1631 2659 1696 2685; x_wconf 75' lang='lat' dir='ltr'>hacc</span> 
     </span>
    </p>
   </div>
  </div>
 </body>
</html>
