1941 3052
239 153 286 177 rats,
812 153 852 178 45.
887 153 920 178 Μ.
957 153 984 178 T.

236 224 323 248 tisset:
349 222 537 248 colim-rimavit
559 222 598 247 vir
617 221 742 255 egregius
762 230 791 247 ac
813 231 872 248 vcro
891 222 1021 253 Metellus,

235 264 372 294 totumquo
384 260 450 285 ³01¹.
464 258 575 284 Servilio
589 258 686 284 dicenti
697 259 774 284 etiam
790 263 846 285 tum
859 259 965 285 tradidit
977 268 1024 285 ncc

234 296 306 322 illoiu
319 296 436 322 divinam
449 297 613 329 gravitatem,
623 295 910 331 plcnamantiquitatist,
919 296 1022 322 dlutius

235 334 312 359 lionio
327 333 446 359 eumdem
463 332 602 365 sanguinis
619 333 704 366 potuit
719 333 864 363 sustinere,
883 338 907 359 et
919 341 1022 359 mecum

233 371 329 396 absens
350 370 478 396 beneficio
496 378 545 394 suo
565 368 642 395 rediit
660 370 685 395 in
703 370 825 404 gratiam.
868 372 924 396 131.
946 370 1022 402 Quod

232 412 313 436 certo.
331 408 352 432 ai
364 406 496 440 estaliqui
508 414 603 431 sensus
615 406 641 432 in
654 411 736 433 morte
748 407 940 441 praeclarorum
954 408 1023 433 viro-

232 453 304 473 rum,
322 452 406 478 quum
422 443 547 468 omnibus
564 442 690 474 Metellis,
703 448 759 470 tum
771 453 832 470 vero
844 445 890 470 uni
904 445 960 471 viro
971 444 1023 470 sor-

232 481 334 507 tissiuio
345 485 370 506 et
382 480 664 515 praestantissimocivi
675 482 868 515 gratissimum,
878 481 950 508 fratri
962 490 1020 512 suo,

231 517 299 548 fecit,
316 518 387 543 socio
406 517 538 546 laborum.
557 517 749 551 periculorum.
767 519 939 545 consiliorum
951 527 1023 545 meo—

230 563 298 580 rum.
341 555 430 580 inn.
462 554 572 580 Reditus
598 563 660 581 vero
681 563 756 581 meus
776 556 823 590 qui
845 555 937 587 suerit,
959 557 1022 591 quis

229 591 349 627 ignorat?
377 591 604 626 quemadmodum
626 592 693 618 milii
713 592 864 619 advenienti
886 598 1020 628 tamquam

230 629 310 654 totius
327 628 415 654 ltaliae
435 633 514 664 atquo
530 629 617 663 ipsius
633 630 732 663 patriae
747 630 882 656 dexteram
898 639 1022 665 porrexe—

229 666 281 692 rint
301 666 469 697 Brundisini,
492 674 577 701 quum
599 666 666 700 ipsis
688 667 770 693 Nonis
787 667 861 694 Sext.
876 668 946 694 idem
963 668 1020 694 dies

228 703 358 729 adventus
373 704 424 729 mci
442 703 536 730 suisset
548 703 712 739 reditusque,
726 705 820 731 natalis
833 705 902 731 idem
914 705 1021 731 carissi-

228 748 286 766 mae
296 740 373 771 tiliae,
385 749 466 775 quam
478 749 510 767 ex
521 741 681 776 gravissimo
693 746 748 768 tum
760 743 876 777 primum
889 742 1021 769 desiderio

228 777 355 812 luctuque
366 778 502 812 conspexi,
515 778 585 804 idem
597 779 675 805 etiam
687 779 773 814 ipsius
783 779 900 806 coloniae
906 780 956 806 Bru
962 779 1020 805 ndi-

226 815 314 844 sinae,
337 815 406 841 idem
426 814 534 845 Salutis,
557 819 586 841 ut
600 816 688 842 scitis:
710 825 850 852 quumque
866 825 908 843 me
923 817 1019 843 domus

227 851 318 878 eadem
335 853 496 886 optimorum
512 857 537 878 ct
551 852 767 880 doctissimorum
784 855 915 885 virorum,
930 855 1018 880 Laenii

227 889 326 919 Flacci,
344 894 369 915 et
385 890 466 923 patris
481 894 506 916 et
522 889 608 916 fratris
620 891 692 921 eius,
708 890 850 917 laetissima
863 892 1016 926 accepisset.

225 934 294 961 quae
306 927 502 961 proximoanno
513 935 633 953 maerens
649 933 781 963 receperat
797 933 821 955 et
831 937 880 955 suo
887 929 1020 963 praesidio

211 963 398 998 'periculoque
419 963 584 991 defenderat:
606 973 746 1000 quumque
762 966 855 992 itinere
871 971 924 992 toto
939 966 1018 992 urbes

226 1000 314 1027 ltaliae
327 1000 407 1028 festos
418 1001 476 1027 dies
487 1010 564 1037 agere
575 1001 605 1027 ad
611 1007 705 1029 ventus
717 1003 768 1029 mei
781 1003 950 1034 videbantur,
959 1004 1018 1030 viae

225 1037 397 1065 multitudine
410 1038 554 1074 legatorum
566 1039 686 1074 undique
693 1041 836 1067 missorum
847 1040 1019 1067 celebraban—

225 1080 280 1105 tur,
294 1075 327 1102 ad
338 1076 435 1102 Urbem
448 1084 571 1102 accessus
583 1077 732 1104 incredibili
745 1078 883 1104 hominum
895 1078 1019 1104 multitu-

223 1112 286 1139 dine
297 1117 322 1139 et
332 1113 507 1149 gratulatione
518 1112 633 1145 florebat.
648 1114 696 1141 iter
707 1123 720 1141 a
732 1120 814 1149 porta,
823 1117 849 1141 in
857 1115 1016 1150 Capitolium

224 1158 365 1181 ascensus,
382 1150 492 1177 domum
509 1151 610 1177 reditus
622 1153 824 1183 erateiusmodi,
834 1157 863 1179 ut
874 1161 978 1179 summa
991 1154 1017 1179 in

226 1187 322 1213 laetitia
338 1187 405 1213 illud
422 1187 552 1219 dolerem,
570 1189 705 1215 civitatem
722 1194 774 1216 tam
788 1195 890 1226 gratam
902 1194 954 1217 tam
967 1191 1018 1217 mi-

224 1233 310 1251 seram
321 1229 401 1259 atque
411 1233 565 1260 oppressam
578 1225 671 1252 fuisse.

282 1263 338 1288 432.
360 1262 446 1288 Habes
462 1263 556 1298 igitur,
573 1263 645 1298 quod
661 1272 694 1290 ex
704 1272 747 1290 me
758 1265 902 1299 quaesisti.
916 1265 963 1299 qui
976 1273 1018 1291 es-

223 1303 282 1325 sent
296 1299 446 1333 optimates.
487 1300 544 1326 Non
560 1304 600 1326 est
616 1301 699 1332 natio.
710 1305 741 1328 ut
756 1301 863 1328 dixisti:
885 1302 958 1336 quod
969 1310 1018 1337 ego

223 1336 335 1362 verbum
355 1337 465 1372 agnovi:
488 1342 528 1363 est
543 1338 613 1363 enim
630 1337 717 1369 illius,
735 1347 748 1364 a
765 1347 818 1373 quo
834 1347 887 1366 uno
902 1339 1018 1365 maxime

223 1373 252 1399 P.
265 1372 369 1400 Sestius
381 1382 410 1400 se
421 1375 572 1410 oppugnari
584 1374 664 1406 videt,
679 1375 795 1402 hominis
807 1376 876 1407 eius,
890 1377 937 1411 qui
950 1376 1018 1403 hanc

223 1410 356 1437 nationem
373 1410 455 1437 deleri
471 1416 497 1438 et
511 1411 614 1438 concidi
625 1413 743 1447 cupivit:
765 1413 812 1448 qui
825 1413 853 1440 C.
866 1413 1015 1445 Caesarem,
1045 1439 1046 1442 ,

223 1448 313 1474 mitem
330 1448 479 1479 hominem,
497 1452 522 1474 et
537 1457 551 1474 a
566 1449 646 1476 caede
663 1449 862 1482 abhorrentem,
881 1459 960 1486 saepe
975 1451 1018 1478 in—

221 1485 333 1519 crepuit,
346 1493 426 1520 saepe
436 1486 580 1518 accusavit,
593 1495 678 1522 quum
689 1487 926 1519 affirmaret,illum
938 1497 1018 1515 num-

221 1530 316 1557 quam,
338 1522 404 1549 dum
425 1523 490 1549 haec
511 1524 581 1551 natio
596 1524 710 1556 viveret,
727 1526 786 1552 sine
804 1534 867 1552 cura
883 1525 1015 1552 futurum.

221 1559 293 1585 Nihil
311 1559 422 1594 profecit
437 1560 470 1586 de
480 1561 628 1588 universis:
650 1561 683 1588 de
695 1570 737 1588 me
747 1571 824 1598 agere
836 1571 887 1589 non
899 1563 1014 1589 destitit:

221 1604 263 1623 me
278 1597 455 1633 oppugnavit,
468 1598 586 1632 primum
602 1607 649 1633 per
669 1599 783 1626 indicem
796 1600 921 1631 Vettium,
934 1609 1015 1635 quem

221 1634 248 1660 in
263 1635 388 1661 concione
404 1634 437 1661 de
452 1643 495 1661 me
509 1639 535 1662 et
544 1635 578 1662 de
587 1635 744 1662 clarissimis
756 1637 822 1663 viris
831 1638 1014 1673 interrogavit.

220 1671 248 1697 ln
269 1679 324 1706 quo
340 1676 427 1698 tamen
442 1680 487 1698 eos
501 1673 574 1699 cives
589 1674 728 1700 coniunxit
744 1674 837 1700 eodem
855 1674 974 1709 periculo
989 1679 1015 1700 et

220 1707 339 1739 crimine.
354 1713 383 1734 ut
393 1717 406 1735 a
418 1717 460 1734 me
471 1709 766 1746 inieritgratiam,quod
777 1719 820 1737 me
830 1719 891 1737 cum
903 1711 1015 1746 amplis-

220 1745 296 1771 simis
307 1750 334 1771 et
344 1745 496 1772 fortissimis
508 1747 574 1773 viris
585 1749 765 1783 congregavit.
786 1748 878 1775 LXIV.
896 1748 1014 1775 ⁴33.Sed

220 1786 310 1816 postea
321 1783 398 1813 mihi,
411 1782 485 1809 nullo
497 1792 555 1810 meo
566 1785 668 1815 merito,
678 1785 728 1811 nisi
740 1785 812 1820 quod
824 1785 900 1812 bonis
911 1785 1014 1820 placere

219 1819 370 1854 cupiebam,
383 1828 475 1846 omnes
486 1825 526 1846 est
536 1821 648 1848 insidias
659 1821 863 1849 sceleratissime
878 1823 1014 1849 machina-

221 1861 274 1882 tus.
314 1856 360 1883 Ille
375 1857 408 1883 ad
424 1865 482 1888 eos,
499 1866 514 1884 a
529 1858 629 1892 quibus
645 1859 816 1890 audiebatur,
834 1859 954 1894 quotidie
964 1859 1014 1886 ali-

219 1893 285 1928 quid
302 1893 355 1920 ficti
366 1893 502 1921 afferebat:
524 1895 570 1922 ille
582 1895 716 1922 hominem
728 1897 794 1922 mihi
806 1897 1010 1928 amicissimum,

220 1931 268 1957 Cn.
282 1931 447 1966 Pompeium,
460 1932 597 1964 monebat.
611 1937 641 1959 ut
655 1941 741 1959 meam
757 1933 868 1960 domum
883 1938 1013 1960 metueret

218 1972 297 2002 atque
316 1977 330 1994 a
345 1976 387 1994 me
403 1969 462 2002 ipso
476 1974 594 1996 caveret:
616 1969 661 1996 ille
672 1979 701 1996 se
712 1971 750 1997 sic
761 1979 822 1997 cum
834 1971 944 1998 inimico
954 1980 1013 1998 meo

218 2004 362 2039 copularat,
378 2009 407 2032 ut
418 2005 495 2032 illum
507 2015 580 2033 meae
588 2008 799 2042 proscriptionis,
808 2017 889 2043 quam
900 2008 1013 2035 adiuva-

218 2042 262 2068 bat
278 2041 340 2068 Sex.
358 2042 480 2073 Clodius,
498 2044 578 2071 homo
593 2045 626 2071 iis
642 2045 833 2081 dignissimus,
846 2046 1011 2081 quibuscum
1033 2062 1035 2071 ι

218 2079 298 2110 vivit,
317 2079 434 2106 tabulam
450 2088 521 2113 esse,
539 2090 568 2108 se
583 2082 739 2117 scriptorem
749 2082 862 2109 diceret:
885 2083 930 2109 ille
940 2092 1011 2110 unus

217 2116 318 2143 ordinis
330 2117 413 2143 nostri
424 2117 545 2145 discessu
556 2128 623 2150 meo,
633 2119 706 2146 luctu
718 2124 806 2147 vestro
820 2120 908 2155 palam
919 2120 1012 2147 exsul-

218 2154 292 2180 tavit.
332 2155 368 2180 De
388 2163 441 2189 quo
462 2163 523 2191 ego,
545 2165 630 2191 quum
646 2157 766 2192 quotidie
780 2162 880 2189 rueret,
898 2158 1011 2184 verbum

218 2190 277 2222 feci.
285 2191 397 2223 iudices,
405 2200 567 2227 numquam:
586 2202 671 2229 neque
683 2195 783 2229 putavi,
793 2195 1010 2230 quumomnibus

218 2228 348 2254 machinis
360 2237 389 2255 ac
401 2232 546 2261 tormentis,
555 2232 591 2262 vi,
600 2232 727 2262 exercitu.
736 2233 820 2267 copiis
831 2240 1008 2268 oppugnarer,

217 2265 250 2291 de
266 2274 319 2292 uno
334 2267 469 2302 sagittario
479 2276 521 2294 me
532 2270 609 2304 queri
619 2270 771 2295 convenire.
811 2269 875 2296 Acta
888 2278 947 2296 mea
957 2270 1011 2296 sibi

217 2303 254 2328 ait
277 2302 429 2338 displicere.
469 2304 536 2337 Quis
561 2305 663 2332 nescit?
689 2306 737 2341 qui
763 2306 849 2342 legem
869 2315 928 2333 eam
947 2315 1011 2333 con—

219 2344 330 2371 temnat,
347 2349 416 2375 quae
431 2340 548 2369 dilucide
562 2347 642 2373 vetat,
655 2343 814 2379 gladiatores
826 2344 942 2375 biennio,
956 2352 1010 2379 quo

217 2377 279 2411 quis
295 2381 394 2412 peteret
410 2382 455 2404 aut
469 2380 602 2414 petiturus
613 2381 661 2411 sit,
674 2380 755 2407 dare?
778 2382 833 2407 ⁴34.
846 2382 875 2407 ln
886 2389 940 2416 quo
951 2382 1009 2407 eius

219 2415 390 2441 temeritatem
412 2416 475 2443 satis
495 2418 598 2448 mirari,
617 2417 733 2449 iudices,
751 2427 803 2444 non
818 2426 897 2453 queo.
937 2419 1010 2444 Facit

218 2451 384 2490 apertissime
395 2457 484 2479 contra
496 2453 596 2490 legem:
619 2454 681 2481 facit
691 2456 727 2486 is,
741 2456 788 2490 qui
800 2464 887 2490 neque
897 2454 966 2481 elabi
977 2463 1010 2481 ex

220 2487 318 2514 iudicio
336 2489 501 2517 iucunditate
520 2500 582 2523 sua,
604 2500 692 2527 neque
712 2493 797 2518 emitti
812 2493 896 2528 gratia
911 2497 1006 2527 potest,

220 2531 305 2558 neque
320 2526 418 2558 opibus
433 2532 458 2554 et
471 2529 587 2563 potentia
599 2528 671 2565 leges
683 2537 712 2555 ac
724 2529 822 2555 iudicia
833 2529 1006 2565 perfringere.

218 2559 291 2591 Quae
307 2569 347 2587 res
364 2562 498 2591 hominem
514 2565 641 2600 impellit,
659 2570 689 2592 ut
699 2567 735 2592 sit
746 2570 798 2592 tam
810 2565 1009 2601 intemperans?

220 2597 270 2622 Iste
291 2598 370 2624 nimia
391 2599 490 2634 gloriae
508 2603 653 2637 cupiditate
669 2602 797 2629 familiam
812 2603 1004 2639 gladiatoriam,

218 2633 304 2664 credo,
318 2639 410 2676 nactus
421 2642 468 2668 est.
482 2640 638 2673 speciosam.
648 2639 934 2675 nobilem,gloriosam.
954 2641 1008 2666 No-

219 2675 257 2696 rat
272 2671 359 2697 studia
375 2674 481 2707 populi:
504 2676 610 2703 videbat
624 2676 752 2704 clamores
767 2681 794 2704 et
807 2685 952 2704 concursus
964 2677 1007 2704 fu-

1016 153 1288 179 CICERONIS

1051 224 1053 237 ²
1076 227 1157 248 turon.
1199 224 1251 249 liae
1270 224 1465 258 exspectatione
1480 224 1565 250 elatus
1581 224 1671 254 homo,
1689 223 1801 259 flagrans
1816 234 1863 251 cu-

1050 257 1053 298 J
1076 259 1184 294 piditate
1200 260 1313 293 gloriae,
1327 265 1414 286 tenere
1425 269 1454 286 sc
1466 270 1516 287 non
1529 262 1695 296 potuit,quin
1706 270 1751 287 eos
1762 262 1864 297 gladia-

1050 303 1053 346 γ
1075 302 1143 322 tores
1159 297 1308 327 induceret,
1321 306 1436 332 quorum
1447 303 1517 324 esset
1529 299 1585 333 ipse
1596 299 1803 333 pulcherrimus.
1835 299 1863 326 Si

1074 334 1108 359 ob
1117 342 1174 360 earn
1185 342 1307 360 catinam
1319 339 1437 369 peccaret
1447 339 1481 364 et.
1491 344 1537 369 pro
1547 337 1643 362 recenti
1656 336 1746 370 populi
1754 336 1863 362 Romani

1075 371 1100 397 in
1112 379 1140 396 se
1152 371 1293 401 beneficio,
1307 371 1427 406 populari
1439 372 1528 398 studio
1538 372 1631 402 elatus,
1645 378 1731 400 tamen
1743 374 1864 409 ignosce-

1075 412 1113 434 ret
1128 416 1218 435 nemo:
1241 417 1324 443 quum
1342 417 1403 434 vcro
1417 417 1449 435 ne
1463 409 1495 435 dc
1508 409 1645 435 venalibus
1655 410 1765 445 quidem
1776 410 1864 437 homi-

1074 454 1121 471 nes
1136 445 1246 476 clectos,
1259 445 1305 471 sed
1319 454 1351 472 ex
1362 446 1503 481 ergastulis
1514 451 1629 481 emptos,
1643 447 1795 474 nominibus
1806 447 1864 482 gla-

1073 482 1193 508 diatoriis
1205 483 1312 513 ornarit,
1326 487 1351 509 et
1361 484 1453 509 sortito
1462 483 1527 509 alios
1534 483 1676 513 Samnites.
1690 484 1755 511 alios
1767 493 1863 520 provo-

1073 524 1172 545 catores
1185 519 1283 550 Iecerit,
1297 524 1367 546 tanta
1379 520 1496 550 licentia.
1510 525 1579 547 tanta
1592 519 1681 556 legum
1691 522 1861 557 contemptio,

1072 565 1153 591 quern
1170 557 1291 583 habitura
1306 558 1341 583 sit
1351 558 1466 587 exitum.
1481 566 1531 584 non
1544 557 1723 592 pertimescit?
1744 560 1798 585 ⁴35.
1810 558 1862 585 Sed

1074 594 1152 620 habet
1167 594 1334 620 defensiones
1345 594 1426 620 duas:
1449 595 1574 629 primum.
1591 595 1640 625 Do,
1653 595 1753 630 inquit,
1766 595 1862 622 bestia·

1073 632 1139 657 rios:
1164 631 1205 657 lex
1217 636 1256 657 est
1266 632 1363 666 scripta
1378 631 1411 658 de
1421 631 1624 667 gladiatoribus.
1650 632 1764 659 Festive.
1787 633 1863 659 Acci-

1073 668 1127 703 pite
1140 668 1242 703 aliquid
1258 669 1337 694 etiam
1353 670 1467 695 acutius
1508 670 1579 695 Dicet
1591 678 1619 695 se
1629 678 1680 696 non
1692 669 1860 702 gladiatores.

1072 706 1119 731 sed
1139 714 1223 732 unum
1239 705 1411 741 gladiatorem
1426 706 1502 736 dare,
1518 711 1544 732 et
1564 711 1643 733 totam
1659 706 1819 733 aedilitatem
1835 707 1862 734 in

1073 751 1172 769 munus
1198 743 1246 769 hoc
1272 743 1416 770 tratulisse.
1462 743 1597 770 Praeclara
1617 743 1747 770 aedilitas.
1788 744 1862 771 Unus

1072 779 1126 807 leo:
1148 780 1256 806 ducenti
1272 780 1400 807 bestiarii.
1422 781 1519 807 Verum
1535 785 1624 807 utatur
1635 781 1683 807 hac
1693 781 1859 808 defensione:

1071 818 1150 852 cupio
1164 826 1226 844 eum
1238 826 1302 844 suae
1312 818 1572 844 caussaeconlidere.
1613 818 1684 844 Solet
1694 819 1765 845 enim
1777 818 1862 845 tribu-

1072 863 1119 881 nos
1136 855 1221 889 plebis
1232 854 1374 890 appellare,
1388 860 1413 882 et
1425 856 1449 881 vi
1462 855 1591 882 iudicium
1603 855 1762 886 disturbare,
1775 864 1860 891 quum

1070 892 1177 918 diffidit.
1217 892 1301 924 Quem
1320 901 1370 918 non
1386 897 1438 918 tam
1453 892 1581 923 admiror,
1593 892 1666 927 quod
1678 901 1763 919 meam
1776 893 1860 927 legem

1070 934 1233 960 contemnat,
1257 930 1374 956 hominis
1394 930 1509 960 inimici,
1531 938 1611 965 quam
1632 930 1704 964 quod
1724 938 1753 956 se
1768 931 1861 956 statuit

1070 967 1179 993 omnino
1193 966 1359 993 consularem
1376 967 1460 1003 legem
1478 967 1577 993 nullam
1595 972 1696 1002 putare.
1737 967 1858 996 Aciliam,

1070 1003 1183 1035 Didiam.
1197 1004 1336 1034 Liciniam,
1350 1005 1451 1030 Iuniam
1463 1005 1632 1039 contempsit.
1659 1005 1780 1030 Etiamne
1791 1005 1858 1033 eius.

1070 1049 1151 1076 quem
1172 1050 1220 1067 sua
1242 1041 1299 1077 lege
1314 1046 1339 1067 et
1354 1050 1403 1068 suo
1418 1042 1546 1068 beneficio
1561 1047 1695 1072 ornatum,
1714 1042 1859 1071 munitum,

1070 1083 1200 1105 armatum
1216 1078 1282 1105 solet
1297 1078 1413 1115 gloriari,
1427 1078 1455 1105 C.
1468 1079 1587 1105 Caesaris
1600 1079 1684 1114 legem
1695 1079 1728 1105 de
1740 1079 1860 1113 pecuniis

1069 1115 1224 1150 repetundis
1240 1124 1291 1142 non
1308 1120 1383 1151 putat
1393 1124 1451 1142 esse
1464 1116 1567 1152 Iegem?
1585 1117 1617 1142 Et
1629 1117 1703 1142 aiunt
1713 1116 1779 1142 alios
1790 1124 1858 1146 esse,

1069 1153 1116 1188 qui
1132 1158 1187 1179 acta
1204 1153 1323 1179 Caesaris
1339 1153 1502 1184 rescindant,
1519 1162 1604 1188 quum
1621 1153 1685 1179 haec
1695 1154 1794 1188 optima
1807 1153 1858 1183 Iex.

1069 1195 1095 1216 et
1105 1190 1138 1216 ab
1149 1190 1196 1216 illo
1207 1199 1297 1217 socero
1307 1190 1366 1216 eius
1377 1195 1401 1217 et
1412 1191 1445 1217 ab
1457 1190 1506 1217 hoc
1517 1190 1615 1217 assecla
1626 1190 1795 1226 negligatur?

1125 1227 1205 1254 LXV.
1230 1228 1264 1254 Et
1287 1227 1417 1254 cohortari
1441 1236 1524 1254 ausus
1549 1232 1589 1254 est
1608 1233 1744 1254 accusator
1764 1228 1791 1254 in
1812 1227 1860 1253 hac

1069 1273 1162 1291 caussa
1179 1273 1239 1295 vos,
1257 1264 1372 1295 iudices.
1390 1269 1420 1291 ut
1435 1264 1579 1300 aliquando
1593 1265 1688 1291 essetis
1699 1265 1799 1295 severi.
1811 1265 1860 1291 ali—

1069 1302 1177 1337 quando
1192 1301 1351 1328 medicinam
1368 1302 1530 1328 adhiberetis
1545 1301 1717 1337 reipublicae.
1757 1302 1814 1328 Non
1830 1309 1859 1328 ea

1069 1344 1108 1365 est
1128 1338 1272 1370 medicina,
1293 1347 1378 1374 quum
1399 1348 1478 1366 sanae
1493 1340 1559 1374 parti
1574 1340 1691 1374 corporis
1701 1338 1859 1374 scalpellum

1069 1376 1211 1403 adhibetur
1221 1381 1300 1411 atque
1311 1377 1441 1412 integrae:
1456 1376 1607 1403 carnificina
1618 1381 1658 1403 est
1669 1376 1717 1402 ista
1729 1381 1754 1403 et
1763 1375 1860 1403 crude-

1070 1413 1140 1440 litas.
1180 1414 1212 1440 }li
1224 1413 1365 1440 medentur
1375 1413 1550 1448 reipublicae.
1563 1414 1611 1449 qui
1622 1418 1745 1440 exsecant
1757 1418 1857 1449 pestem

1068 1451 1196 1487 aliquam,
1210 1455 1346 1487 tamquam
1358 1455 1486 1478 strumam
1497 1452 1623 1478 civitatis.

1125 1490 1182 1515 136.
1198 1489 1264 1519 Sed.
1279 1493 1308 1515 ut
1319 1494 1468 1515 extremum
1480 1489 1574 1515 habeat
1585 1487 1686 1524 aliquid
1697 1488 1778 1514 oratio
1789 1495 1857 1518 mea,

1068 1530 1093 1552 et
1104 1530 1134 1552 ut
1144 1534 1193 1562 ego
1203 1531 1263 1552 ante
1274 1526 1380 1553 dicendi
1393 1526 1471 1552 finem
1484 1526 1587 1557 faciam,
1600 1534 1682 1561 quam
1693 1533 1741 1552 vos
1752 1533 1794 1551 me
1805 1529 1858 1551 tam

1067 1567 1164 1590 attente
1189 1563 1328 1595 audiendi;
1360 1563 1516 1590 concludam
1541 1563 1608 1589 illud
1633 1563 1666 1589 de
1685 1562 1859 1597 optimatibus

1067 1609 1213 1635 eorumque
1238 1600 1406 1635 principibus
1425 1609 1456 1627 ac
1475 1600 1637 1635 reipublicae
1656 1599 1856 1626 defensoribus:

1067 1645 1178 1672 vosque,
1191 1637 1380 1668 adolescentes,
1393 1642 1417 1664 et
1428 1638 1475 1672 qui
1487 1637 1590 1664 nobiles
1601 1638 1674 1667 estis,
1682 1636 1716 1663 ad
1727 1637 1856 1662 maiorum

1067 1679 1215 1700 vestrorum
1226 1675 1400 1700 imitationem
1413 1675 1542 1705 excitabo,
1555 1679 1581 1700 et
1589 1675 1637 1709 qui
1649 1674 1756 1709 ingenio
1766 1678 1791 1699 et
1803 1674 1858 1699 vir-

1066 1716 1122 1738 tute
1136 1711 1301 1738 nobilitatem
1317 1712 1427 1746 potestis
1442 1712 1583 1746 consequi,
1600 1711 1633 1737 ad
1648 1719 1705 1737 eam
1717 1711 1855 1741 rationem,

1065 1749 1092 1775 in
1107 1757 1160 1783 qua
1175 1748 1253 1775 multi
1270 1748 1392 1775 homines
1407 1749 1468 1774 novi
1484 1748 1619 1775 ethonore
1630 1753 1655 1774 et
1665 1747 1747 1783 gloria
1762 1747 1858 1774 florue-

1065 1790 1135 1816 runt,
1148 1785 1314 1812 cohortabor.
1338 1786 1395 1811 ⁴37.
1410 1786 1479 1811 llaec
1489 1790 1530 1812 est
1539 1794 1592 1812 una
1603 1786 1654 1815 via,
1669 1785 1735 1811 mihi
1746 1784 1854 1815 credite,

1065 1827 1090 1849 et
1102 1822 1188 1849 laudis
1198 1827 1223 1849 et
1234 1822 1372 1858 dignitatis
1382 1822 1534 1849 ethonoris:
1555 1831 1570 1849 a
1581 1823 1658 1849 bonis
1667 1822 1742 1852 viris,
1750 1823 1857 1856 sapien-

1065 1860 1150 1891 tibus.
1176 1865 1201 1886 et
1225 1860 1292 1886 bene
1312 1864 1405 1886 natura
1425 1861 1575 1887 constitutis
1596 1859 1698 1885 laudari
1718 1864 1743 1885 et
1762 1859 1854 1894 diligi:

1064 1906 1142 1923 nosse
1157 1897 1362 1931 descriptionem
1377 1898 1506 1928 civitatis,
1523 1905 1538 1923 a
1549 1897 1695 1923 maioribus
1707 1896 1802 1922 nostris
1812 1904 1856 1922 sa-

1041 1965 1042 1972 *
1064 1935 1230 1969 pientissime
1241 1935 1426 1961 constitutam:
1441 1935 1489 1969 qui
1499 1943 1585 1969 quum
1595 1942 1689 1970 regum
1701 1937 1855 1968 potestatem

1041 1974 1042 1977 ’
1064 1981 1115 1998 non
1135 1971 1272 2002 tulissent,
1290 1972 1325 1997 ita
1340 1972 1514 2007 magistratus
1527 1980 1630 1998 annuos
1645 1975 1813 2001 creaverunt,
1826 1975 1857 1997 ut

1063 2009 1205 2035 consilium
1222 2013 1330 2035 senatus
1342 2008 1504 2044 reipublicae
1515 2012 1704 2044 praeponerent
1715 2008 1856 2042 sempiter-

1064 2055 1142 2077 num,
1165 2046 1346 2081 deligerentur
1355 2051 1443 2072 autem
1455 2047 1482 2073 in
1495 2046 1522 2072 id
1532 2046 1675 2072 consilium
1686 2045 1719 2071 ab
1729 2045 1856 2071 universo

1064 2083 1176 2118 populo,
1193 2083 1336 2118 aditusque
1347 2084 1374 2110 in
1385 2083 1463 2110 illum
1473 2091 1611 2110 summum
1623 2083 1743 2109 ordinem
1753 2082 1855 2109 civium

1064 2121 1211 2148 industriae
1222 2129 1251 2147 ac
1262 2121 1354 2147 virtuti
1366 2125 1479 2155 pateret:
1501 2125 1623 2147 senatum
1634 2119 1796 2154 reipublicae
1806 2127 1855 2146 cu-

1063 2158 1180 2189 stodem,
1207 2157 1370 2192 praesidem,
1397 2162 1619 2193 propugnatorem
1643 2156 1852 2183 collocaverunt:

1064 2195 1146 2222 huius
1166 2195 1268 2222 ordinis
1289 2195 1443 2221 auctoritate
1464 2195 1503 2221 uti
1528 2195 1708 2230 magistratus,
1729 2198 1756 2220 et
1774 2194 1852 2228 quasi

1039 2241 1041 2248 ⁴
1063 2233 1200 2259 ministros
1210 2233 1364 2268 gravissimi
1375 2231 1481 2258 consilii
1491 2240 1550 2258 esse
1561 2231 1715 2258 voluerunt:
1730 2235 1853 2256 senatum

1062 2275 1150 2296 autem
1165 2270 1255 2304 ipsum
1271 2270 1453 2304 proximorum
1467 2269 1592 2296 ordinum
1607 2267 1748 2303 splendore
1757 2267 1854 2294 confir-

1063 2307 1138 2338 mari,
1151 2306 1238 2341 plebis
1250 2306 1398 2333 libertatem
1409 2305 1577 2333 etcommoda
1587 2305 1655 2332 tueri
1666 2309 1745 2339 atque
1755 2312 1853 2340 augere

1062 2344 1214 2371 voluerunt.
1230 2344 1233 2347 “
1245 2343 1336 2370 LXVI.
1361 2345 1417 2370 ⁴38.
1432 2344 1500 2370 Haec
1513 2343 1562 2378 qui
1575 2350 1624 2377 pro
1634 2341 1706 2368 virili
1719 2346 1793 2376 parte
1805 2341 1853 2368 de-

1062 2381 1186 2412 fendunt.
1204 2381 1345 2416 optimates
1359 2385 1436 2412 sunt,
1456 2381 1651 2414 cuiuscumque
1666 2379 1720 2405 sint
1734 2378 1850 2405 ordinis:

1060 2419 1107 2453 qui
1119 2423 1207 2444 autem
1219 2418 1361 2453 praecipue
1371 2418 1428 2444 suis
1439 2417 1588 2443 cervicibus
1594 2420 1664 2442 tanta
1675 2416 1766 2442 munia
1772 2420 1852 2450 atque

1060 2493 1128 2519 tium
1149 2493 1297 2527 principes,
1320 2496 1439 2518 auctores
1458 2495 1485 2517 et
1503 2494 1700 2516 conservatores
1723 2490 1848 2516 civitatis.

1059 2530 1127 2556 Huic
1142 2529 1282 2556 hominum
1297 2529 1387 2565 generi
1399 2528 1488 2558 fateor,
1501 2532 1531 2554 ut
1541 2532 1600 2553 ante
1611 2527 1678 2558 dixi,
1689 2526 1789 2553 multos
1802 2526 1850 2552 ad-

1059 2567 1203 2597 versarios,
1215 2566 1350 2596 inimicos,
1364 2565 1468 2591 invidos
1479 2572 1547 2594 esse,
1561 2564 1644 2590 multa
1655 2563 1767 2599 proponi
1777 2564 1851 2598 peri-

1058 2603 1127 2634 cula,
1139 2603 1238 2630 multas
1248 2602 1341 2629 inferri
1352 2602 1471 2632 iniurias,
1480 2610 1590 2637 magnos
1600 2609 1659 2627 esse
1669 2600 1848 2635 experiundos

1058 2645 1084 2666 et
1098 2640 1254 2667 subeundos
1269 2639 1386 2666 labores:
1408 2639 1456 2665 sed
1467 2639 1533 2665 mihi
1543 2639 1632 2665 omnis
1643 2638 1725 2664 oratio
1734 2641 1776 2664 est
1784 2645 1846 2664 cum

1058 2677 1170 2709 virtute,
1190 2686 1242 2705 non
1264 2685 1327 2703 cum
1345 2676 1461 2708 desidia;
1483 2684 1544 2702 cum
1559 2675 1700 2712 dignitate,
1717 2683 1774 2702 nnn
1784 2682 1848 2702 cum

1060 2455 1253 2490 rempublicam
1265 2455 1412 2486 sustinent,
1425 2455 1445 2481 ii
1455 2462 1560 2488 semper
1570 2453 1654 2479 habiti
1665 2457 1729 2479 sunt
1737 2453 1851 2488 optima·
1863 2477 1866 2482 ,
1903 2481 1906 2486 .
1935 2478 1937 2482 ,
