1941 3052
528 154 824 181 PHILIPPICA
857 153 892 179 X.
933 153 1031 179 CAP.
1068 155 1182 179 1-5.

37 233 90 254 tam
106 227 232 262 frequens
247 230 355 252 senatus
368 225 431 257 fuit,
453 230 484 252 ut
494 234 566 252 unus
577 225 674 261 aliquis
686 230 759 252 tuam
771 233 832 251 sen-

37 265 146 292 tentiam
158 268 268 290 secutus
278 263 331 290 sit?
349 263 403 290 Cur
413 272 520 298 semper
530 264 569 290 tui
584 262 730 289 dissimiles
741 261 833 288 defen-

35 301 97 329 dis‘?
110 310 171 332 cur,
184 309 270 336 quum
281 304 306 327 te
317 305 342 327 et
352 301 405 327 vita
416 305 441 327 et
452 300 557 327 fortuna
569 305 613 327 tua
625 301 658 327 ad
668 301 753 327 otium
765 299 833 326 etad

35 339 192 375 dignitatem
208 338 315 369 invitet,
334 347 363 364 ea
375 338 485 373 probas,
503 347 532 364 ea
542 338 677 369 decernis,
695 346 725 363 ea
739 337 831 367 sentis,

36 385 105 412 quae
124 377 179 402 sint
193 376 302 402 inimica
317 380 343 401 et
357 376 410 402 otio
426 375 562 402 communi
579 380 605 401 et
617 375 741 410 dignitati
757 374 835 400 tuae?

36 415 68 441 II.
82 415 106 440 4.
119 414 195 445 Nam,
208 417 238 440 ut
249 413 386 447 superiora
397 413 528 444 omittam,
537 413 586 439 hoc
597 412 755 447 certe,qu0d
767 411 833 437 mihi

36 451 182 478 maximam
204 451 405 477 admirationem
421 455 523 481 movet,
545 459 598 476 non
616 450 717 476 tacebo.
758 448 834 481 Quod

36 493 78 515 est
87 488 137 515 tibi
147 497 209 514 cum
215 488 304 514 Brutis
315 487 436 514 bellum?
446 488 500 514 Cur
511 496 565 518 eos,
574 496 642 522 quos
653 495 745 514 omnes
752 495 835 521 paene

38 526 159 553 venerari
170 525 314 556 debemus,
327 524 401 551 solus
412 524 572 561 oppugnas?
584 525 705 551 Alterum
719 525 835 550 circum-

37 563 124 590 sederi
139 572 191 590 non
203 562 313 589 moleste
325 562 391 594 fers,
414 562 527 588 alterum
538 566 583 588 tua
594 563 723 588 sententia
735 561 834 596 spolias

35 601 71 628 iis
82 601 175 635 copiis,
187 609 255 635 quas
266 601 324 635 ipse
335 608 385 626 suo
396 599 485 626 labore
495 604 521 626 et
531 599 650 634 periculo
661 599 693 625 ad
705 598 836 633 reipubli-

0 641 1 670 ᾖ
36 647 95 670 cae,
114 647 165 665 non
181 638 215 664 ad
230 646 310 664 suum
326 637 490 672 praesidium
506 645 553 671 per
564 645 592 662 se
607 636 680 662 nullo
692 636 835 662 adiuvante

0 676 1 684 ³
36 675 159 702 confecit.
185 675 252 708 Quis
271 679 312 701 est
331 675 382 701 iste
401 678 465 701 tuus
481 682 592 705 sensus,
614 682 684 708 quae
699 674 832 709 cogitatio,

37 713 132 740 Brutos
148 717 177 739 ut
192 721 243 739 non
255 712 364 747 probes,
381 711 509 738 Antonios
525 710 640 745 probes‘?
658 720 726 746 quos
742 719 835 736 omnes

36 751 191 777 carissimos
202 749 313 780 habent,
327 754 355 775 tu
366 748 473 775 oderis?
492 757 560 783 quos
573 748 744 774 acerbissime
755 748 835 774 ceteri

37 788 163 819 oderunt⁷
181 791 210 813 tu
220 787 435 813 constantissime
449 785 565 822 diligas?
584 785 775 820 Amplissimae
788 785 835 811 tibi

38 825 159 852 fortunae
174 828 250 856 sunt,
271 832 396 850 summus
411 823 519 850 honoris
534 823 648 859 gradus,
667 822 752 853 filius,
771 827 837 848 utet

38 862 118 889 audio
128 866 154 888 et
163 869 254 896 sper0,
272 865 350 887 natus
361 860 394 887 ad
405 860 528 887 laudem:
550 861 594 887 cui
605 869 690 895 quum
704 859 837 895 reipubli-

37 908 83 926 cae
97 908 192 926 caussa
211 898 300 929 faveo,
319 903 375 925 tum
390 898 470 924 etiam
485 902 541 924 tua.
581 899 606 924 5.
628 898 731 930 Quaero
742 898 833 933 igitur,

38 945 135 964 eumne
145 936 219 962 Bruti
230 935 347 962 similem
360 935 451 967 malis,
469 944 502 962 an
513 935 640 962 Antonii‘?
659 944 689 961 ac
701 935 833 970 permitto,

37 978 68 1002 ut
78 974 110 1000 de
121 974 207 1000 tribus
218 974 340 1000 Antoniis
351 973 444 1009 eligas,
457 981 539 1008 quem
551 972 628 999 velis.
662 973 703 999 Dii
715 972 833 1003 meliora,

37 1011 155 1047 inquies.
178 1011 231 1038 Cur
241 1011 324 1046 igitur
334 1019 387 1037 non
398 1011 437 1037 eis
451 1010 533 1041 faves,
547 1019 592 1037 eos
605 1010 707 1041 laudas,
720 1019 835 1045 quorum

38 1048 155 1076 similem
171 1048 257 1074 filium
272 1052 348 1074 tuum
364 1056 423 1075 esse
438 1047 499 1075 vis?
519 1047 607 1074 Simul
623 1049 695 1074 enim
710 1052 735 1074 et
747 1048 837 1082 reipu-

37 1086 124 1113 blicae
137 1085 276 1117 eonsules,
298 1090 324 1112 et
339 1094 470 1121 propones
488 1085 529 1112 illi
544 1085 666 1120 exempla
682 1086 715 1112 ad
729 1086 837 1112 imitan-

38 1124 114 1151 dum.
140 1124 194 1150 Hoc
205 1131 275 1155 vero,
288 1122 320 1155 Q.
334 1123 401 1155 Fufi,
415 1123 495 1158 cupio
506 1124 564 1150 sine
575 1123 720 1150 ofsensione
733 1128 836 1149 nostrae

38 1161 170 1188 amicitiae
185 1162 224 1187 sic
240 1165 342 1192 tecum,
360 1165 414 1187 uta
426 1165 450 1187 te
461 1161 624 1187 dissentiens
636 1165 753 1191 senator,
770 1169 837 1195 que-

38 1199 75 1225 ri:
88 1198 132 1234 (ita
147 1199 217 1225 enim
230 1198 366 1230 dixisti‚et
376 1198 486 1233 quidem
498 1198 532 1224 de
543 1199 656 1233 scripto:
670 1207 731 1224 nam
743 1202 768 1224 te
780 1198 838 1224 ino-

38 1237 82 1272 pia
93 1236 168 1263 verbi
180 1235 286 1270 lapsum
298 1240 428 1270 putarem,
442 1236 495 1262 nisi
505 1240 578 1262 tuam
589 1236 617 1262 in
628 1235 741 1262 dicendo
754 1235 837 1261 sacul-

38 1278 118 1300 tatem
137 1273 270 1309 nossem2)
286 1273 385 1300 litteras
401 1274 476 1300 Bruti
492 1278 560 1300 recte
575 1278 600 1299 et
616 1273 709 1300 ordine
724 1273 837 1308 scriptas

38 1311 134 1338 videri.
174 1310 245 1343 Quid
256 1314 296 1337 est
307 1310 393 1342 aliud,
407 1310 546 1337 librarium
559 1311 632 1337 Bruti
646 1310 766 1341 laudare,
785 1319 836 1337 non

38 1347 170 1376 Brutum?
208 1350 232 1374 6.
254 1348 339 1374 Usum
357 1349 385 1374 in
400 1348 552 1383 republica,
575 1348 685 1379 Calene,
709 1357 836 1382 magnum

38 1387 92 1412 iam
109 1386 206 1412 habere
221 1390 246 1412 et
257 1385 339 1412 debes
350 1390 375 1412 et
386 1390 470 1420 potes.
510 1385 623 1418 Quando
633 1386 667 1412 ita
678 1382 784 1411 decerni
797 1386 838 1412 vi-

38 1422 122 1450 disti‘?
145 1427 190 1449 aut
210 1431 264 1458 quo
283 1422 515 1449 senatusconsulto
535 1423 617 1449 huius
639 1424 745 1459 generis
764 1422 838 1458 (sunt

38 1462 111 1487 enim
126 1460 343 1495 innumerabilia)
359 1460 426 1486 bene
441 1461 553 1495 scriptas
566 1460 665 1487 litteras
676 1460 812 1487 decretum
824 1469 836 1486 a

39 1498 152 1525 senatu?
171 1497 248 1530 Quod
264 1497 376 1524 verbum
392 1498 440 1524 tibi
456 1507 508 1524 non
523 1498 635 1529 excidit,
658 1502 688 1524 ut
703 1506 782 1532 saepe
798 1498 835 1529 fit,

39 1535 161 1562 fortuito:
174 1536 314 1570 scriptum,
328 1535 495 1566 meditatum,
508 1536 653 1571 cogitatum
664 1535 786 1562 attulisti.

94 1573 137 1599 111.
159 1572 232 1598 Hanc
252 1573 300 1599 tibi
322 1573 544 1599 consuetudinem
561 1573 698 1608 plerisque
713 1573 740 1599 in
757 1573 838 1599 rebus

38 1610 117 1637 honis
128 1610 291 1636 obtrectandi
302 1611 325 1636 si
336 1611 383 1645 qui
395 1610 552 1637 detraxerit:
566 1610 632 1645 quid
639 1611 696 1641 tibi,
706 1610 777 1645 quod
785 1611 837 1636 sibi

39 1647 155 1683 quisque
171 1647 248 1679 velit,
272 1656 323 1674 non
338 1647 522 1682 relinquetur?
542 1647 720 1680 Quamobrem
742 1648 838 1683 collige

39 1689 65 1712 te
80 1685 209 1720 placaque
224 1685 344 1711 animum
357 1685 438 1712 istum
450 1685 595 1720 aliquando
606 1690 632 1712 et
642 1686 748 1721 mitiga:
774 1685 837 1712 audi

39 1723 111 1749 viros
127 1722 224 1754 bonos,
242 1723 343 1757 quibus
358 1723 441 1749 uteris
453 1723 584 1749 multum:
603 1723 710 1758 loquere
721 1731 783 1749 curn
796 1731 839 1749 sa-

40 1760 208 1795 pientissimo
224 1760 346 1791 homine,
363 1769 461 1796 genero
473 1765 531 1791 tuo,
549 1762 670 1795 saepius,
686 1769 767 1796 quam
780 1761 839 1795 ipse

39 1801 142 1824 tecum:
165 1802 222 1824 tum
238 1798 355 1832 denique
367 1798 530 1833 amplissimi
541 1798 649 1825 honoris
662 1807 757 1825 nomen
769 1799 839 1825 obti-

40 1835 125 1861 nebis.
156 1834 196 1861 An
208 1843 270 1862 vero
281 1835 331 1861 hoc
342 1844 389 1870 pro
401 1835 485 1862 nihilo
497 1840 584 1871 putas,
598 1835 634 1871 (in
646 1844 700 1871 quo
711 1836 838 1871 equidem

39 1880 87 1908 pro
98 1872 213 1898 amicitia
224 1877 296 1898 tuam
309 1873 394 1899 vicem
406 1873 495 1899 dolere
505 1873 598 1909 sole0,)
608 1873 693 1900 ess‘erri
708 1874 758 1899 hoc
771 1873 838 1900 foras

39 1909 111 1936 etad
127 1909 219 1944 populi
230 1910 341 1936 Romani
357 1919 434 1936 aures
450 1911 602 1945 pervenire,
621 1911 658 1942 ei,
675 1911 722 1946 qui
735 1911 838 1945 primus

39 1947 198 1973 sententiam
216 1946 325 1978 dixerit,
344 1948 479 1974 neminem
495 1947 654 1975 assensum?
673 1949 745 1983 quod
759 1949 839 1975 etiam

39 1983 119 2011 hodie
131 1983 252 2010 futurum
265 1984 386 2011 arbitror.

98 2021 227 2057 Legiones
246 2021 357 2048 abducis
378 2030 392 2048 a
412 2022 502 2049 Bruto.
542 2021 633 2054 Quas?
662 2023 763 2058 Nempe
784 2032 837 2054 eas,

40 2067 108 2094 quas
119 2058 166 2084 ille
177 2067 190 2084 a
202 2058 230 2084 C.
245 2058 351 2085 Antonii
367 2059 466 2085 scelere
482 2060 589 2090 avertit,
612 2060 681 2086 etad
691 2060 840 2095 rempubli-

40 2104 98 2123 cam
113 2104 161 2122 sua
177 2097 330 2122 auctoritate
346 2096 473 2122 traduxit.
514 2097 618 2123 Rursus
635 2097 718 2133 igitur
732 2098 773 2124 vis
789 2107 840 2124 nu-

41 2132 134 2160 dutum
146 2133 223 2159 illum
240 2138 319 2168 atque
330 2133 417 2160 solum
430 2143 443 2159 a
455 2134 591 2168 republica
604 2134 750 2170 relegatum
765 2135 839 2161 vide-

41 2170 73 2197 ri.
103 2171 129 2197 7.
142 2171 195 2197 Vos
209 2175 305 2201 autem,
320 2176 407 2205 patres
418 2172 569 2206 conscripti,
585 2172 608 2198 si
621 2172 656 2198 M.
669 2173 780 2198 Brutum
792 2172 840 2198 de-

42 2209 180 2235 serueritis
201 2213 226 2234 et
247 2208 431 2243 prodideritis,
453 2217 534 2243 quern
556 2209 661 2235 tandem
677 2210 763 2236 civem
779 2218 840 2236 um-
862 2198 864 2229 i*

41 2252 122 2280 quam
133 2245 282 2272 ornabitis?
300 2247 344 2272 cui
357 2245 500 2272 favebitis?
511 2246 568 2272 Nisi
581 2245 645 2273 forte
657 2255 710 2278 eos,
723 2247 771 2282 qui
783 2247 841 2273 dia-

41 2282 118 2310 dema
129 2283 320 2318 imposuerint,
337 2283 548 2313 conservandos,
570 2292 627 2315 eos,
644 2285 692 2319 qui
707 2285 781 2320 regni
794 2293 840 2310 no-

42 2327 103 2347 men
115 2320 287 2351 sustulerint,
304 2320 466 2347 deserendos
477 2321 586 2355 putatis.
627 2321 664 2347 Ac
675 2321 708 2348 de
720 2322 767 2348 bac
779 2323 840 2356 qui—

43 2356 103 2384 dem
122 2358 214 2384 divina
234 2363 314 2393 atque
333 2357 478 2384 immortali
501 2358 578 2384 laude
593 2359 628 2384 Μ,
648 2359 722 2385 Bruti
743 2359 838 2390 silebo,

42 2402 124 2429 quae,
146 2396 298 2431 gratissima
315 2395 442 2421 memoria
461 2396 582 2421 omnium
601 2397 702 2422 civium
725 2397 838 2426 inclusa,

43 2432 160 2459 nondum
181 2432 288 2468 publica
312 2433 466 2460 auctoritate
486 2437 578 2459 testata
599 2437 648 2459 est.
694 2434 840 2460 Tantamne

43 2469 206 2504 patientiam,
219 2470 256 2496 dii
270 2470 345 2496 bonil
359 2475 458 2497 tantam
469 2470 688 2501 moderationem,
702 2475 800 2497 tantam
814 2471 839 2497 in

43 2505 140 2534 iniuria
151 2507 371 2542 tranquillitatem
384 2512 409 2534 et
421 2507 592 2534 modestiam}
608 2507 659 2539 Qui
671 2516 756 2542 quum
765 2516 841 2542 prae-

44 2545 83 2570 tor
93 2543 171 2571 Urbis
182 2549 260 2576 esset,
268 2545 338 2572 Urbe
349 2545 443 2576 caruit,
456 2545 500 2571 ius
513 2553 564 2571 non
574 2544 651 2575 dixit,
665 2553 750 2579 quum
762 2554 841 2571 omno

43 2579 86 2607 ius
106 2582 144 2608 rei
163 2582 286 2617 publicae
307 2583 529 2618 recuperavisset:
552 2591 694 2617 quumque
708 2591 840 2609 concursu

44 2618 198 2652 quotidiano
209 2619 338 2647 bonorum
350 2621 482 2650 omnium,
498 2620 546 2654 qui
557 2619 724 2646 admirabilis
734 2619 767 2646 ud
779 2629 840 2646 euni

46 2654 100 2682 fieri
112 2655 220 2688 solebat,
234 2657 421 2692 praesidioque
432 2657 521 2684 Italiae
531 2661 642 2683 cunctae
652 2662 745 2692 septus
753 2662 842 2692 posset

45 2698 116 2722 esse,
137 2693 234 2721 absens
252 2694 352 2722 iudicio
370 2695 501 2722 bonorum
517 2694 645 2722 defensus
660 2703 718 2721 esse
735 2695 839 2726 maluit,

1631 154 1679 179 639

884 232 964 258 quam
972 232 1098 258 praesens
1105 232 1199 250 manu:
1212 224 1298 259 quine
1304 222 1470 258 Apollinares
1481 222 1591 257 quidem
1604 222 1681 249 ludos

885 270 932 296 pro
938 270 986 287 sua
994 261 1141 296 populique
1147 261 1394 296 Romanidignitate
1405 265 1543 295 apparatos
1556 268 1681 294 praesens

885 299 954 329 fecit,
969 307 1000 325 ne
1012 307 1092 333 quam
1105 300 1175 325 viam
1188 298 1346 333 patefaceret
1357 298 1621 324 sceleratissimorum
1634 297 1682 324 bo—

886 337 989 362 minum
1006 336 1140 362 audaciae.
1182 337 1224 362 IV.
1247 338 1271 362 8.
1293 335 1475 370 Quamquam,
1494 335 1682 370 quiumquam

886 378 931 399 aut
942 373 998 399 ludi
1010 378 1055 399 aut
1065 374 1122 399 dies
1136 374 1255 400 laetiores
1267 373 1383 404 fuerunt,
1398 381 1478 407 quam
1491 381 1575 407 quum
1587 372 1615 398 in
1627 372 1683 398 sin-

886 411 958 446 gulis
975 411 1098 437 versibus
1114 411 1231 445 populus
1244 411 1378 437 Romanus
1395 410 1512 436 maximo
1528 409 1642 435 clamore
1658 414 1683 435 et

886 448 983 483 plausu
995 449 1069 474 Bruti
1086 449 1240 474 memoriam
1258 446 1486 483 prosequebatur?
1507 447 1609 481 Corpus
1621 446 1684 472 abe-

886 490 925 511 rat
937 485 1092 516 liberatoris,
1107 485 1236 512 libertatis
1247 486 1374 512 memoria
1384 485 1486 511 aderat:
1508 485 1534 510 in
1547 493 1599 518 qua
1610 484 1683 510 Bruti

886 524 974 558 imago
995 524 1067 549 cerni
1088 523 1237 549 videbatur.
1278 523 1311 549 At
1326 523 1397 548 hunc
1413 523 1454 548 bis
1471 522 1536 556 ipsis
1558 522 1683 547 ludorum

887 560 983 586 diebus
994 560 1119 586 videbam
1130 561 1157 586 in
1170 560 1257 586 insula
1270 560 1413 586 clarissimi
1425 559 1613 589 adolescentis,
1631 559 1685 584 Lu-

887 597 959 628 culli,
974 598 1117 632 propinqui
1130 598 1188 628 sui,
1201 597 1268 623 nihil
1281 598 1333 623 nisi
1343 598 1375 623 (le
1386 606 1449 631 pace
1461 601 1486 623 et
1496 596 1634 622 concordia
1646 596 1684 622 ci-

888 636 962 661 vium
972 636 1141 671 cogitantem.
1163 635 1295 661 Eumdem
1308 635 1362 660 vidi
1380 639 1470 669 postea
1485 634 1573 660 Veliae
1589 633 1685 659 ceden-

887 677 939 698 tem
956 672 1041 703 Italia,
1064 680 1097 698 ne
1111 681 1164 706 qua
1175 673 1288 698 oriretur
1299 672 1362 698 belli
1373 672 1461 698 civilis
1473 680 1566 697 caussa
1578 676 1685 705 propter

887 719 925 736 se.
965 710 987 736 Ο
1003 710 1186 744 spectaculum
1201 709 1269 735 illud
1285 718 1337 735 non
1355 709 1432 735 modo
1449 709 1613 737 bominibus,
1637 708 1683 733 sed

888 747 968 773 undis
984 748 1051 782 ipsis
1071 752 1096 773 et
1117 746 1251 773 littoribus
1271 746 1436 773 luctuosum!
1459 746 1551 771 cedere
1572 754 1585 771 e
1601 746 1685 780 patria

887 789 1047 810 servatorem
1065 785 1137 815 eius,
1157 792 1262 810 manere
1278 785 1305 810 in
1321 784 1404 818 patria
1421 783 1581 817 perditores!
1599 783 1683 808 ‹jassii

887 822 981 848 classis
996 822 1089 856 paucis
1105 826 1165 856 post
1179 821 1276 847 diebus
1291 820 1518 855 consequebatur,
1542 825 1570 846 ut
1582 828 1623 845 me
1635 828 1686 854 pu-

888 860 973 891 deret,
987 864 1075 894 patres
1086 859 1243 893 conscripti,
1257 860 1283 884 in
1296 867 1354 884 eam
1368 858 1462 884 urbem
1475 857 1573 887 redire,
1587 866 1619 883 ex
1631 866 1685 891 qua

888 897 926 923 illi
943 898 1055 923 abirent.
1096 896 1148 923 Sed
1163 905 1217 931 quo
1232 896 1344 922 consilio
1359 895 1498 925 redierim,
1519 895 1595 921 initio
1609 894 1686 920 audi—

888 936 945 965 stis,
960 939 1019 969 post
1030 935 1094 961 estis
1106 935 1218 969 experti.
1245 936 1270 960 9.
1282 934 1472 968 Exspectatum
1485 933 1568 967 igitur
1580 936 1686 966 tempus

888 982 902 999 a
918 973 998 999 Bruto
1014 977 1062 998 est.
1103 972 1170 997 Nam
1185 971 1274 1006 quoad
1290 980 1337 998 vos
1353 971 1442 997 omnia
1455 970 1508 1004 pati
1522 969 1600 999 vidit,
1621 978 1686 995 usus

888 1015 928 1036 est
943 1011 1002 1045 ipse
1016 1009 1168 1036 incredibili
1185 1009 1321 1044 patientia.
1361 1009 1535 1042 Posteaquam
1552 1016 1598 1033 vos
1610 1006 1642 1032 ad
1656 1006 1687 1032 li-

888 1048 1017 1074 bertatem
1028 1048 1113 1074 sensit
1123 1051 1237 1078 erectos,
1256 1046 1388 1081 praesidia
1400 1050 1502 1072 vestrae
1516 1045 1628 1071 libertati
1641 1052 1687 1078 pa-

889 1086 965 1112 ravit.

944 1123 977 1149 At
992 1123 1036 1149 cui
1052 1122 1121 1157 pesti
1136 1126 1305 1156 quantaeque
1321 1119 1435 1147 restitit‘?
1455 1120 1483 1146 Si
1500 1120 1571 1146 enini
1588 1119 1617 1145 C.
1633 1120 1687 1145 An-

889 1161 991 1191 tonius,
1014 1160 1088 1194 quod
1108 1160 1197 1185 animo
1217 1158 1379 1187 intenderat,
1404 1158 1529 1192 perticere
1546 1157 1685 1191 potuisset,

888 1198 1030 1233 (potuisset
1041 1202 1140 1227 autem,
1149 1197 1201 1223 nisi
1214 1197 1272 1222 eius
1284 1195 1375 1222 sceleri
1385 1196 1468 1221 vii-tus
1476 1196 1510 1221 M.
1519 1195 1592 1220 Bruti
1604 1194 1688 1220 obsti—

889 1235 985 1271 tisset,)
997 1235 1191 1265 Macedoniam,
1209 1234 1358 1269 Illyricum,
1373 1234 1511 1259 Graeciam
1525 1232 1688 1267 perdidisse-

889 1282 965 1300 mus:
988 1277 1059 1299 esset
1075 1272 1116 1299 vel
1129 1271 1326 1306 receptaculum
1339 1270 1418 1306 pulso
1428 1270 1542 1296 Antonio
1555 1269 1595 1295 vel
1608 1278 1688 1304 agger

888 1310 1084 1346 oppugnandae
1096 1309 1185 1336 Italiae
1196 1309 1319 1336 Graecia:
1342 1316 1410 1343 quae
1421 1308 1531 1342 quidem
1549 1315 1632 1337 nunc,
1651 1307 1686 1332 M.

889 1349 962 1375 Bruti
975 1348 1096 1382 imperio,
1111 1347 1274 1377 auctoritate,
1288 1346 1372 1380 copiis
1385 1354 1435 1372 non
1448 1346 1575 1371 instructa
1588 1344 1685 1371 solum.

889 1385 936 1411 scd
947 1386 1026 1412 etiam
1038 1389 1127 1411 ornata
1136 1406 1142 1415 ,
1156 1384 1241 1411 tendit
1251 1384 1387 1410 dexteram
1400 1383 1502 1413 Italiae,
1516 1390 1652 1416 suumque
1663 1382 1687 1408 ei

889 1422 1054 1458 praesidium
1076 1421 1226 1457 pollicetur.
1267 1421 1357 1453 Quod,
1383 1421 1431 1455 qui
1456 1420 1489 1445 ab
1514 1419 1560 1445 illo
1580 1419 1689 1444 abducit

889 1461 1050 1491 exercitum,
1064 1465 1089 1486 et
1100 1464 1249 1494 respectum
1263 1458 1474 1493 pulcherrimum
1488 1462 1511 1483 et
1524 1456 1688 1491 praesidium

890 1498 1077 1524 firmissimum
1089 1497 1182 1523 adimit
1194 1496 1366 1531 reipublicae.
1409 1497 1449 1521 to,
1465 1494 1598 1529 Equidem
1610 1494 1690 1528 cupio

890 1536 954 1562 haec
970 1544 1052 1570 quam
1069 1535 1187 1569 primum
1202 1535 1348 1560 Antonium
1367 1533 1474 1563 audire,
1497 1537 1525 1558 ut
1546 1531 1686 1566 intelligat,

890 1582 941 1599 non
948 1574 977 1599 D.
986 1574 1108 1603 Brutum,
1121 1581 1201 1607 quem
1214 1571 1284 1598 vallo
1295 1570 1496 1599 circumsedent,
1509 1568 1555 1595 sed
1567 1569 1688 1603 seipsum

889 1611 1017 1637 obsideri.
1058 1610 1089 1636 V.
1105 1610 1164 1636 Tria
1177 1614 1247 1635 tenet
1258 1608 1354 1643 oppida
1366 1613 1419 1634 toto
1430 1608 1456 1633 in
1468 1606 1531 1633 orbe
1543 1611 1671 1632 terrarum
1682 1615 1687 1632 :

891 1649 971 1675 babet
982 1648 1197 1674 inimicissimam
1210 1646 1338 1673 Galliam:
1357 1654 1401 1671 eos
1412 1645 1500 1674 etiam,
1514 1644 1615 1678 quibus
1627 1652 1690 1669 con-

891 1686 1001 1716 fidebat,
1020 1685 1213 1715 alienissimos,
1231 1683 1447 1718 Transpadanos:
1467 1681 1538 1708 Italia
1549 1681 1637 1707 omnis
1649 1681 1690 1707 in-

891 1723 956 1750 festa
968 1727 1021 1749 est:
1040 1727 1144 1749 exterae
1156 1722 1277 1748 nationes
1289 1730 1302 1747 a
1314 1721 1400 1755 prima
1411 1728 1455 1745 ora
1467 1719 1593 1746 Graeciae
1603 1727 1690 1753 usque

891 1761 923 1787 ad
940 1761 1108 1796 Aegyptum,
1130 1760 1292 1794 optimorum
1313 1763 1338 1785 et
1360 1757 1566 1784 fortissimorum
1587 1757 1689 1782 civium

892 1799 1011 1833 imperiis
1027 1802 1053 1824 et
1069 1797 1210 1832 praesidiis
1227 1800 1358 1823 tenentur.
1399 1795 1461 1821 Erat
1476 1795 1500 1820 ei
1516 1801 1578 1828 spes
1596 1802 1647 1819 una
1664 1793 1690 1819 in

891 1836 1055 1863 C.Antonio:
1068 1836 1125 1870 qui,
1139 1835 1254 1861 duorum
1267 1833 1378 1860 fratrum
1390 1832 1520 1858 aetatibus
1533 1831 1638 1857 medius
1650 1832 1692 1856 in-

893 1875 1031 1904 teriectus,
1051 1873 1123 1899 vitiis
1137 1881 1200 1899 eum
1217 1877 1330 1906 utroque
1347 1870 1475 1897 certabat:
1499 1870 1535 1900 is,
1554 1873 1691 1903 tamquam

891 1911 1076 1938 extruderetur
1096 1919 1109 1936 a
1124 1916 1218 1936 senatu
1235 1910 1261 1936 in
1278 1908 1472 1938 Macedoniani,
1495 1911 1521 1933 et
1536 1915 1587 1932 non
1602 1910 1691 1932 contra

892 1948 1236 1984 prohibereturproticisci,
1254 1948 1289 1973 ita
1301 1946 1428 1972 cucurrit.
1472 1946 1511 1971 Η.
1533 1944 1606 1976 Quae
1624 1948 1691 1969 tcm-

892 1990 993 2021 pestaS,
1011 1986 1049 2012 dii
1064 1985 1242 2011 immortales!
1265 1992 1334 2019 quae
1350 1983 1469 2013 ssainma,
1486 1990 1555 2017 quac
1572 1982 1689 2010 vastitas,

891 2032 960 2058 quae
973 2023 1056 2058 pestis
1063 2023 1189 2050 Graeciae
1204 2022 1308 2052 fuisset,
1318 2021 1369 2047 nisi
1382 2019 1548 2046 incredibilis
1560 2027 1589 2044 ac
1600 2018 1691 2044 divina

892 2061 978 2087 virtus
991 2060 1103 2087 furentis
1115 2060 1232 2087 bominis
1243 2063 1367 2085 conatum
1379 2063 1458 2093 atque
1469 2057 1607 2083 audaciam
1620 2064 1692 2081 com-

893 2097 1054 2133 pressisset?
1073 2098 1146 2130 Quae
1157 2097 1279 2124 celeritas
1290 2096 1334 2122 illa
1346 2096 1433 2122 Bruti!
1450 2103 1518 2130 quae
1529 2094 1606 2120 cura!
1624 2101 1692 2127 quae

894 2136 992 2162 virtus]
1021 2135 1078 2161 Etsi
1099 2144 1131 2161 ne
1152 2136 1180 2161 C.
1203 2134 1314 2169 quidem
1336 2133 1443 2159 Antonii
1463 2132 1585 2158 celeritas
1603 2135 1693 2156 conte-

893 2172 1006 2199 mnenda
1023 2177 1076 2202 cst,
1093 2181 1174 2207 quem
1192 2173 1242 2198 nisi
1258 2172 1285 2197 in
1302 2171 1343 2196 via
1354 2170 1469 2196 caducae.
1480 2169 1640 2195 hereditates
1653 2177 1693 2193 rt*

893 2210 1054 2239 tardassent,
1064 2210 1167 2236 volasse
1179 2218 1250 2239 euni,
1260 2217 1311 2234 non
1324 2209 1372 2234 iter
1385 2207 1478 2233 secisse
1490 2206 1600 2232 diceres.
1620 2204 1692 2230 Alios

892 2248 924 2273 ad
941 2247 1078 2281 negotium
1094 2247 1234 2281 publicum
1252 2246 1289 2271 ire
1305 2253 1390 2279 quum
1406 2245 1545 2278 cupimus,
1565 2243 1610 2268 vix
1624 2242 1692 2267 solc-

893 2293 953 2311 nius
965 2284 1120 2310 extrudere:
1136 2284 1207 2309 bunc
1219 2283 1363 2309 retinentes
1374 2282 1550 2307 extrusimus.
1584 2280 1615 2306 At
1626 2278 1691 2313 quid

892 2323 915 2348 ci
932 2330 992 2347 cuin
1011 2320 1168 2355 Apollonia?
1187 2320 1253 2355 quid
1268 2328 1330 2345 cuin
1346 2318 1528 2354 Dyrrbacbio‘?
1547 2317 1614 2351 quid
1631 2324 1692 2341 cum

871 2370 872 2375 ¹
894 2358 1016 2394 Illyrico?
1035 2358 1101 2393 quid
1121 2366 1183 2383 cuin
1206 2358 1234 2383 Ι).
1252 2357 1348 2382 Vatinii
1370 2356 1536 2390 imperatoris
1557 2352 1694 2380 exercitu?

893 2395 1072 2426 succedebat,
1090 2400 1119 2421 ut
1134 2397 1192 2429 ipso
1207 2394 1325 2423 dicebat,
1349 2393 1494 2419 Hortensio.
1535 2392 1605 2417 Certi
1627 2391 1693 2416 lini-s

894 2433 1071 2463 Macedoniae,
1084 2437 1153 2458 certa
1166 2432 1295 2461 conditio,
1312 2435 1400 2456 certus
1410 2451 1415 2460 ,
1429 2431 1452 2455 si
1465 2428 1542 2455 niodo
1553 2433 1607 2454 crat
1619 2427 1693 2454 ullus

893 2471 1039 2497 exercitus:
1057 2478 1119 2496 cum
1132 2469 1237 2504 Illyrico
1250 2477 1311 2494 vero
1322 2473 1418 2494 etcum
1432 2467 1527 2493 Vatinii
1542 2465 1692 2501 legionibus

893 2508 958 2542 quid
974 2511 1027 2533 erat
1040 2507 1171 2534 Antonio?
1193 2508 1232 2533 (ἒ.
1249 2506 1289 2535 At.
1304 2514 1336 2531 n(-
1348 2505 1427 2530 Bruto
1437 2503 1558 2539 quidem.
1581 2503 1608 2529 Id
1621 2503 1691 2528 enim

894 2545 1004 2571 sortasse
1016 2545 1152 2579 quispiam
1167 2543 1305 2578 improbus
1316 2542 1422 2568 dixerit.
1451 2543 1550 2567 Omnes
1564 2540 1690 2576 legiones,

892 2591 985 2608 omncs
997 2583 1096 2616 copiae,
1105 2590 1174 2617 quae
1186 2582 1286 2615 ubique
1297 2584 1368 2609 sunt,
1381 2578 1544 2614 reipublicae
1555 2583 1631 2604 sunt:
1647 2586 1693 2603 nc—

892 2628 945 2654 ‹1ue
958 2619 1006 2645 bac.
1019 2619 1145 2654 legiones,
1161 2627 1230 2654 quac
1243 2619 1276 2644 M.
1290 2617 1434 2643 Antonium
1447 2616 1621 2651 reliquerunt.
1639 2616 1693 2640 An-

894 2657 957 2683 tonii
971 2657 1068 2692 potius,
1082 2665 1163 2692 quam
1176 2655 1338 2691 reipublicae
1351 2654 1434 2680 luisse
1445 2654 1575 2680 dicentur.
1607 2652 1693 2679 Omne

871 2703 873 2718 ι
894 2695 964 2721 cuim
977 2694 1111 2721 exercitus
1122 2699 1147 2721 et
1158 2694 1263 2728 imperii
1276 2693 1319 2719 ius
1329 2692 1427 2719 amittit
1439 2692 1470 2721 is,
1480 2691 1525 2726 qui
1539 2700 1569 2717 eo
1581 2690 1693 2725 imperio
