1941 3052
518 141 813 169 PHILIPPICA
844 142 895 168 III.

41 213 142 251 gularis
158 213 295 249 integritas
311 213 400 239 minus
416 212 601 240 admirabilem
617 213 679 240 facit
693 213 775 240 huius
786 212 834 240 ho-

41 251 189 279 nestissimi
204 250 264 277 facti
279 250 404 286 gloriam:
427 252 475 286 qui
490 252 598 278 omnino
612 252 775 286 provinciam
788 259 834 277 ne-

40 289 137 325 glexit:
151 297 232 323 quam
243 289 306 315 item
319 297 414 324 magno
425 290 514 315 animo
525 293 550 315 et
560 289 690 315 constanti
702 289 730 316 C.
739 288 834 315 Caese-

40 327 94 353 tius
105 326 264 361 repudiavit.
298 324 349 358 Qui
361 330 423 352 sunt
434 326 516 362 igitur
525 326 631 361 reliqui,
645 335 712 361 quos
724 335 781 352 sors
792 325 834 352 di-

39 364 102 391 vina
116 362 246 390 delectet?
265 363 295 389 L.
312 363 416 390 Annius
432 368 457 390 et
468 364 502 390 M.
515 364 656 390 Antonius.
696 363 718 390 O
729 363 832 390 felicem

39 401 199 436 utrumque!
215 400 284 427 nihil
299 401 371 427 enim
387 401 549 428 maluerunt.
590 401 618 428 C.
635 401 766 428 Antonius
778 401 834 427 Ma-

37 438 187 465 cedoniam.
227 438 304 464 Hunc
314 447 422 473 quoque
433 438 551 465 felicem!
564 438 631 465 hanc
642 439 713 465 enim
727 446 833 472 semper

38 475 154 502 habebat
164 476 191 502 in
202 484 246 502 ore
258 476 432 510 provinciam.
455 476 484 503 C.
497 476 630 503 Calvisius
642 475 767 502 Africam.
786 476 833 501 Ni-

37 512 77 539 hit
89 512 209 539 felicius!
231 513 309 539 Modo
320 513 391 540 enim
403 522 435 540 ex
445 513 533 540 Africa
543 513 692 540 decesserat
703 518 739 544 et,
753 512 832 548 quasi

37 549 162 576 divinans
173 559 203 576 se
213 550 375 581 rediturum,
389 551 456 577 duos
468 551 567 586 legatos
581 551 667 577 Uticae
679 550 830 585 reliquerat.

36 587 138 614 Deinde
158 588 193 614 M.
216 588 302 614 Iccius
323 587 455 620 Siciliam,
482 588 513 620 Q.
536 588 644 615 Cassius
665 588 829 622 Hispaniam.

36 625 95 652 Non
107 625 201 656 habeo,
213 625 280 660 quid
294 626 426 660 suspicer.
465 626 582 652 Duarum
594 624 672 651 credo
682 625 832 659 provincia-

35 670 97 689 rum
109 667 193 689 sortes
205 663 295 689 minus
306 663 412 689 divinas
423 662 517 689 fuisse.
558 662 604 688 XI.
627 663 668 689 27.
690 661 712 689 O
723 662 752 689 C.
766 661 832 689 Cae-

35 708 88 731 sar,
96 699 301 735 (adolescentem
313 699 524 735 appello,)quam
535 704 563 726 tu
575 699 688 726 salutem
700 699 832 734 reipubli-

34 745 81 763 cae
96 737 223 764 attulisti!
245 746 327 772 quam
342 737 530 771 improvisam!
551 745 632 772 quam
648 737 828 771 repentinam!

34 773 87 806 Qui
97 775 168 801 enim
181 774 245 801 haec
255 774 361 810 fugiens
373 774 472 806 fecerit,
483 774 550 809 quid
562 774 657 801 faceret
667 773 831 809 insequens?

33 811 141 838 Etenim
153 812 180 838 in
191 812 316 838 concione
326 812 441 843 dixerat,
459 820 488 838 se
499 812 636 838 custodem
649 811 769 838 futurum
781 812 830 839 Ur-

0 873 2 886 ,
33 848 91 880 bis,
119 857 207 884 usque
221 849 254 875 ad
270 848 402 875 Kalendas
416 849 499 876 Maias
520 849 553 875 ad
569 849 666 876 Urbem
682 850 829 876 exercitum

32 885 199 913 habiturum.
235 885 257 913 Ο
267 886 432 921 praeclarum
443 886 581 913 custodem
593 888 683 914 ovium
695 887 735 923 (ut
745 887 829 922 aiunt)

33 922 143 959 lupum!
165 923 296 951 Custosne
307 924 399 955 Urbis,
416 933 449 950 an
466 924 584 959 direptor
599 929 624 952 et
637 930 746 951 vexator
759 929 829 951 esset

31 960 183 988 Antonius?
202 961 236 988 Et
250 961 361 997 quidem
373 970 402 988 se
417 963 588 989 introiturum
600 963 627 989 in
640 962 737 989 Urbem
749 962 825 994 dixit,

31 999 235 1034 exiturumque,
252 1008 337 1034 quum
353 999 443 1026 vellet.
483 999 554 1032 Quid
570 1000 657 1026 illud‘?
676 1001 769 1027 Nonne
780 1009 828 1026 au—

31 1035 121 1063 diente
136 1036 236 1072 populo
250 1037 346 1063 sedens
357 1045 405 1072 pro
415 1036 479 1064 aede
490 1037 606 1065 Castoris
617 1038 698 1069 dixit,
716 1038 769 1064 nisi
779 1038 827 1073 qui

31 1073 147 1105 vicisset,
160 1075 295 1101 victurum
307 1074 461 1101 neminem‘?

87 1113 130 1138 28.
142 1112 276 1139 Hodierno
286 1112 330 1138 die
341 1113 469 1147 primum,
482 1116 570 1147 patres
581 1113 734 1147 conscripti,
749 1111 827 1149 longo

29 1148 170 1176 intervallo
180 1150 207 1176 in
220 1150 415 1184 possessionem
433 1149 562 1176 libertatis
577 1150 672 1185 pedem
685 1150 825 1185 ponimus:

30 1186 108 1213 cuius
123 1187 233 1222 quidem
245 1196 305 1223 ego,
328 1187 417 1223 quoad
430 1188 517 1222 potui,
537 1196 589 1214 non
601 1188 678 1214 modo
692 1187 824 1219 defensor,

30 1223 78 1250 sed
91 1225 170 1250 etiam
183 1229 351 1251 conservator
363 1225 409 1251 fui.
438 1224 528 1257 Quum
540 1229 627 1251 autem
640 1225 666 1252 id
678 1225 763 1252 facere
774 1234 827 1252 non

29 1269 152 1296 possem,
166 1263 271 1297 quievi:
285 1271 333 1289 nee
344 1263 457 1293 abiecte,
471 1271 519 1289 nee
529 1263 586 1289 sine
597 1262 686 1298 aliqua
698 1263 827 1299 dignitate

28 1307 121 1325 casum
137 1299 215 1326 illum
232 1304 381 1334 temporum
398 1305 422 1326 et
437 1299 554 1326 dolorem
571 1299 631 1326 tuli.
672 1301 744 1327 Hanc
764 1308 827 1327 vero

29 1336 206 1363 taeterrimam
218 1336 335 1363 belluam
347 1337 409 1372 quis
422 1336 488 1363 ferre
500 1341 601 1371 posset,
619 1341 664 1364 aut
675 1337 827 1372 quomodo?

29 1372 99 1405 Quid
116 1378 155 1400 est
170 1375 197 1400 in
208 1374 322 1401 Antonio
339 1379 440 1409 praeter
455 1374 609 1406 libidinem,
631 1375 823 1406 crudelitatem,

29 1410 218 1445 petulantiam,
241 1411 398 1438 audaciam‘?
426 1412 467 1438 Ex
482 1412 524 1438 his
541 1417 610 1438 totus
626 1412 825 1448 conglutinatus

28 1452 78 1474 est.
111 1448 183 1475 Nihil
196 1453 305 1484 apparet
316 1450 342 1475 in
354 1458 385 1475 eo
396 1450 554 1485 ingenuum,
569 1449 635 1476 nibil
648 1450 822 1482 moderatum,

27 1484 96 1512 nihil
108 1485 226 1520 pudens,
241 1486 307 1512 nihil
321 1487 459 1521 pudicum.
501 1488 542 1513 29.
565 1486 744 1522 Quapropter,
758 1496 826 1523 quo-

27 1523 99 1549 niam
115 1532 156 1549 res
173 1524 199 1549 in
210 1523 237 1550 id
251 1523 395 1550 discrimen
408 1524 520 1551 adducta
532 1529 584 1555 est,
603 1529 692 1551 utrum
706 1525 750 1551 ille
762 1533 826 1560 poe-

9 1578 11 1583 ·
27 1568 74 1586 nas
86 1560 249 1595 reipublicae
262 1561 325 1592 luat,
339 1570 370 1588 an
383 1570 430 1588 nos
442 1562 602 1592 serviamus,
611 1562 765 1597 aliquando,
778 1571 825 1597 per

8 1608 11 1616 .
27 1596 90 1624 deos
102 1598 279 1624 immortales!
302 1603 389 1633 patres
400 1600 557 1633 conscripti,
577 1600 691 1634 patrium
704 1601 824 1626 animum

26 1635 207 1670 virtutemque
217 1637 364 1670 capiamus,
378 1640 407 1662 ut
418 1641 463 1663 aut
474 1636 621 1662 libertatem
633 1638 766 1672 propriam
773 1637 826 1663 Ro-

26 1673 98 1698 mani
108 1673 214 1708 generis
225 1678 250 1700 et
261 1673 376 1700 nominis
389 1682 578 1709 recuperemus
589 1679 634 1700 aut
646 1679 756 1701 mortem
768 1683 825 1700 ser-

26 1709 105 1736 vituti
119 1715 322 1745 anteponamus.
363 1711 459 1743 Multa,
481 1720 550 1747 quae
571 1712 598 1737 in
621 1711 702 1738 libera
718 1712 824 1738 civitate

26 1745 132 1773 ferenda
148 1756 200 1774 non
216 1752 317 1780 essent,
340 1749 453 1775 tulimus
469 1755 494 1775 et
510 1749 630 1783 perpessi
646 1758 755 1776 sumus:
778 1749 823 1775 alii

27 1791 74 1818 spe
85 1785 280 1820 recuperandae
293 1785 431 1817 libertatis,
445 1785 490 1812 alii
502 1786 611 1812 vivendi
624 1787 705 1813 nimia
717 1786 824 1821 cupidi-

26 1824 87 1848 tate.
128 1821 194 1854 Sed,
212 1824 235 1849 si
252 1823 296 1849 illa
312 1823 439 1855 tulimus,
457 1832 526 1858 quae
539 1832 586 1850 nos
599 1825 743 1850 necessitas
756 1824 823 1851 ferre

26 1859 124 1894 coegit,
142 1868 212 1895 quae
226 1861 267 1886 vis
283 1861 414 1896 quaedam
432 1869 514 1896 paene
531 1860 631 1888 fatalis.-
654 1870 722 1896 quae
735 1866 821 1888 tamen

25 1895 83 1931 ipsa
95 1905 146 1923 non
159 1897 284 1924 tulimus:
302 1898 416 1924 etiamne
429 1898 509 1925 buius
521 1899 622 1933 impuri
635 1898 742 1926 latronis
755 1899 823 1926 fere-

25 1941 86 1960 mus
99 1935 278 1961 taeterrimum
290 1935 563 1970 crudelissimumque
574 1935 759 1963 dominatum?

81 1970 139 1996 ΧΠ.
162 1973 203 1998 30,
225 1972 296 2004 Quid
312 1972 354 1998 bic
367 1972 456 2003 faciet,
470 1973 492 1999 si
504 1974 632 2007 potuerit,
650 1974 746 2005 iratus,
762 1974 819 2009 qui,

24 2015 110 2043 quum
122 2017 280 2035 succensere
291 2010 391 2035 nemini
403 2014 502 2044 posset,
516 2010 642 2036 omnibus
655 2010 731 2037 bonis
743 2011 823 2037 fuerit

15 2044 170 2073 ‚inimicus‘t
189 2045 260 2078 Quid
276 2046 319 2072 hic
334 2047 416 2073 victor
432 2055 482 2073 non
498 2047 620 2077 audebit,
641 2048 702 2082 qui,
719 2048 821 2075 nuttam

24 2081 137 2118 adeptus
153 2083 304 2114 victoriam,
327 2088 397 2110 tanta
413 2084 511 2110 scelera
528 2089 588 2119 post
599 2084 718 2111 Caesaris
730 2086 823 2112 interi-

24 2123 82 2147 tum
93 2119 202 2147 fecerit?
217 2120 339 2147 refertam
356 2122 414 2147 eius
424 2121 534 2148 domum
545 2121 718 2149 exhauserit?
733 2123 822 2149 hortos

24 2157 193 2193 compilarit?
212 2158 245 2184 ad
264 2167 293 2184 se
313 2167 346 2184 ex
368 2159 409 2184 liis
429 2159 517 2185 onmia
537 2164 691 2186 ornamenta
712 2160 822 2187 tratule-

24 2193 76 2222 rit‘?
90 2195 179 2222 caedis
195 2200 220 2222 et
235 2195 418 2222 incendiorum
435 2205 557 2223 caussam
571 2197 716 2232 quaesierit
730 2206 763 2224 ex
780 2197 822 2224 fu-

25 2232 106 2259 nere?
123 2232 230 2259 duobus
252 2237 298 2259 aut
318 2233 404 2259 tribus
423 2234 663 2261 senatusconsultis
682 2235 750 2262 bene
769 2240 794 2262 et
808 2244 822 2261 c

25 2269 160 2305 republica
177 2270 266 2301 factis,
289 2270 407 2305 reliquas
423 2279 464 2297 ros
480 2271 511 2296 ad
526 2271 629 2298 lucrum
642 2273 821 2308 praedamque

24 2307 204 2334 revocaverit?
219 2308 369 2334 vendiderit
380 2308 582 2335 immunitates?
592 2309 712 2336 civitates
725 2310 821 2336 libera-

24 2343 109 2371 verit‘?
123 2346 274 2380 provincias
291 2346 431 2372 universas
443 2354 476 2372 ex
488 2346 593 2380 imperii
606 2347 697 2382 populi
710 2348 820 2374 Romani

23 2380 81 2408 iure
91 2383 250 2410 sustulerit?
259 2383 368 2409 exsules
381 2383 534 2409 reduxerit?
545 2383 624 2409 falsas
637 2385 708 2418 leges
719 2385 747 2411 C.
756 2386 821 2411 Cae-

24 2419 91 2446 uaris
110 2420 230 2452 nomine,
252 2425 277 2447 et
293 2420 358 2446 falsa
373 2420 477 2447 decreta
493 2422 519 2447 in
535 2429 578 2447 aes
596 2421 736 2448 inridenda
752 2427 777 2448 et
792 2423 819 2448 in

25 2454 153 2491 Capitolio
163 2458 267 2494 figenda
279 2459 424 2488 curaverit,
442 2467 587 2493 earumque
599 2468 686 2485 rerum
699 2460 819 2486 omnium

24 2491 198 2521 domesticum
210 2500 355 2522 mercatum
367 2496 530 2522 instituerit?
545 2496 643 2530 populo
655 2497 771 2523 Romano
783 2497 820 2523 le-

24 2537 71 2567 ges
84 2531 261 2566 imposuerit?
279 2534 361 2559 armis
382 2538 407 2559 et
428 2533 581 2568 praesidiis,
605 2538 630 2559 et
647 2534 775 2568 populum
794 2539 820 2560 et

25 2567 195 2604 magistratus
217 2569 272 2597 foro
291 2570 454 2597 excluserit?
497 2572 538 2596 31.
568 2575 689 2597 senatum
715 2572 820 2606 stiparit

25 2605 125 2631 etmis‘?
143 2611 256 2634 armatos
272 2608 298 2634 in
314 2608 380 2634 cella
396 2608 565 2639 Concordiae,
587 2617 672 2643 quum
696 2613 818 2635 senatum

26 2640 142 2674 haberet,
163 2643 318 2672 incluserit?
337 2645 369 2672 ad
382 2645 498 2681 legiones
510 2646 682 2672 Brundisium
694 2655 819 2672 cucurre-

26 2678 77 2706 rit?
95 2687 129 2707 ex
139 2680 181 2708 his
192 2682 292 2717 optime
301 2683 446 2710 sentientes
457 2684 625 2710 centuriones
640 2683 819 2720 iugulaverit?
838 2699 841 2708 .

936 141 1032 169 CAP.
1064 143 1197 170 7-14.
1330 156 1338 174 ,-
1628 148 1677 173 6⁴9

885 221 946 239 cum
961 214 1078 240 exercitu
1093 214 1204 240 Romam
1220 213 1254 240 sit
1270 213 1302 240 ad
1316 214 1452 240 interitum
1470 220 1590 242 nostrum
1606 220 1630 242 et
1646 216 1678 243 ad

885 251 1103 285 disperditionem
1114 251 1193 278 Urbis
1205 252 1294 277 venire
1305 251 1434 278 conatus‘?
1453 252 1539 287 Atque
1551 253 1573 279 is
1585 254 1617 279 ab
1629 253 1678 280 hoc

884 288 986 322 impetu
997 288 1145 315 abstractus
1156 289 1267 315 consilio
1277 293 1301 315 et
1312 289 1396 324 copiis
1403 289 1532 321 Caesaris,
1545 299 1677 317 consensu

885 330 1082 356 veteranorum,
1108 327 1206 352 virtute
1222 326 1370 362 legionum,
1392 336 1423 353 ne
1443 326 1546 354 fortuna
1568 328 1677 363 quidem

885 362 983 389 fractus
995 364 1091 389 minuit
1102 363 1252 394 audaciam,
1267 372 1314 390 nec
1325 373 1401 390 ruere
1411 364 1520 391 demens
1533 374 1580 392 nec
1592 365 1678 392 furere

885 400 991 426 desinit.
1026 401 1054 427 In
1067 401 1181 427 Galliam
1193 401 1346 428 mutilatum
1358 402 1432 428 ducit
1443 403 1603 429 exercitum:
1617 411 1678 430 cnm

884 446 936 463 una
949 437 1051 473 legione
1062 443 1087 464 et
1098 447 1127 464 ea
1139 438 1279 465 vacillante
1290 439 1319 465 L.
1334 439 1440 466 fratrem
1452 445 1601 475 exspectat:
1624 449 1679 476 quo

884 475 1017 501 neminem
1034 477 1148 510 reperire
1163 480 1249 511 potest
1263 477 1306 502 sui
1321 477 1487 504 similiorem.
1529 478 1575 504 Ille
1590 483 1678 504 autem

883 520 917 538 ex
927 513 1087 539 mirmillone
1097 513 1162 544 dux,
1175 522 1208 539 ex
1217 513 1361 549 gladiatore
1373 515 1524 549 imperator,
1537 524 1605 550 quas
1617 515 1679 542 fecit

883 554 997 586 strages,
1020 550 1186 586 ubicumque
1201 552 1291 585 posuit
1306 553 1432 588 vestigia!
1456 552 1556 579 Fundit
1567 553 1679 588 apothe-

882 596 940 620 cas;
970 588 1055 614 caedit
1074 596 1169 624 greges
1190 593 1369 615 armentorum
1392 589 1544 625 reliquique
1563 591 1676 625 pecoris,

882 624 1072 660 quodcumque
1089 630 1181 652 nactus
1197 630 1251 652 est:
1273 626 1416 661 epulantur
1427 627 1540 654 milites:
1560 628 1619 662 ipse
1630 636 1678 654 au-

882 667 935 688 tem
950 671 992 694 se,
1014 667 1044 689 ut
1064 662 1169 689 fratrem
1184 664 1316 694 imitetur,
1339 664 1427 690 obruit
1443 665 1518 691 vino:
1539 670 1678 692 vastantur

881 700 953 735 agri:
979 700 1145 735 diripiuntur
1169 700 1262 727 villae:
1290 701 1519 733 matresfamilias,
1546 703 1674 739 virgineS,

882 738 956 772 pueri
968 737 1079 773 ingenui
1089 738 1266 772 abripiuntur,
1281 738 1414 764 militibus
1426 739 1576 766 traduntur.
1608 741 1677 766 Haec

881 774 987 805 eadem,
1009 783 1180 810 quacumque
1195 776 1342 801 exercitum
1358 776 1448 807 duxit,
1467 775 1528 802 fecit
1544 778 1578 803 M.
1595 777 1677 804 Anto-

881 812 955 838 nius.
992 811 1063 838 xltt.
1086 813 1126 839 32.
1149 813 1195 838 His
1211 821 1258 839 vos
1274 814 1432 839 taeterrimis
1448 812 1575 840 fratribus
1588 820 1676 849 portas

880 848 1022 884 aperietis?
1032 850 1081 876 hos
1093 858 1222 884 umquam
1232 851 1258 876 in
1266 850 1362 876 Urbem
1373 851 1524 885 recipietis?
1535 860 1595 882 non,
1609 856 1677 878 tem-

880 895 943 922 pore
953 887 1049 918 oblato,
1062 887 1179 913 ducibus
1191 888 1297 922 paratiS,
1311 889 1408 914 animis
1419 888 1536 914 militum
1548 889 1674 920 incitatis,

880 924 979 960 populo
992 925 1110 951 Romano
1125 926 1306 960 conspirante,
1329 925 1402 951 Italia
1418 930 1469 952 tota
1480 926 1512 952 ad
1527 926 1675 953 libertatem

879 962 1088 996 recuperandam
1105 963 1229 993 excitata,
1247 963 1357 989 deorum
1372 963 1564 990 immortalium
1576 964 1677 990 benefi-

879 1000 920 1026 cio
931 999 1062 1026 utemini?
1081 999 1192 1026 Nullum
1204 1001 1253 1026 erit
1267 1005 1382 1035 tempus,
1397 1000 1446 1027 hoc
1457 1002 1566 1028 amisso.
1592 1002 1614 1028 A
1625 1006 1676 1028 ter-

878 1046 925 1073 go,
938 1046 952 1064 a
964 1037 1060 1069 fronte,
1073 1046 1087 1064 a
1099 1037 1227 1064 lateribus
1239 1038 1380 1069 tenebitur,
1394 1039 1417 1064 si
1430 1039 1457 1065 in
1469 1038 1583 1065 Galliam
1595 1048 1677 1065 vene-

878 1075 922 1101 rit.
962 1075 1015 1101 Nec
1029 1075 1074 1102 ille
1089 1076 1170 1101 armis
1180 1075 1281 1106 solum,
1305 1076 1352 1102 sed
1364 1076 1441 1102 etiam
1454 1077 1551 1103 nostris
1562 1076 1676 1103 decretis

878 1112 1015 1148 urgendus
1027 1117 1076 1139 est.
1117 1113 1211 1149 Magna
1223 1113 1264 1139 vis
1276 1118 1323 1143 est,
1338 1122 1465 1149 magnum
1478 1122 1577 1140 numen
1589 1123 1676 1140 unum

878 1155 903 1176 et
920 1150 991 1177 idem
1007 1151 1145 1177 sentientis
1160 1155 1278 1177 senatus.
1318 1151 1421 1177 Videtis
1437 1151 1562 1178 refertum
1576 1151 1673 1182 forum,

878 1187 1063 1223 populumque
1076 1188 1225 1215 Romanum
1241 1188 1274 1214 ad
1290 1197 1365 1223 spem
1383 1189 1578 1224 recuperandae
1595 1189 1676 1215 liber-

878 1226 938 1252 tatis
957 1230 1088 1252 erectum:
1110 1227 1157 1261 qui
1174 1226 1252 1262 longo
1267 1226 1406 1253 intervallo
1420 1235 1505 1262 quum
1522 1226 1675 1262 frequentes

877 1263 921 1289 hic
937 1263 1009 1290 videt
1028 1272 1089 1295 nos,
1115 1268 1171 1290 tum
1193 1268 1281 1298 sperat
1296 1264 1375 1290 etiam
1392 1264 1489 1291 liberos
1505 1265 1672 1291 convenisse.

877 1302 916 1326 33.
938 1301 1013 1327 Hunc
1029 1309 1077 1337 ego
1091 1300 1163 1327 diem
1179 1306 1350 1336 exspectans,
1372 1302 1406 1328 M.
1423 1302 1530 1328 Antonii
1547 1302 1674 1328 scelerata

877 1346 948 1364 arma
959 1339 1051 1369 vitavi,
1065 1343 1131 1369 tum,
1149 1347 1234 1373 quum
1246 1338 1290 1365 ille
1302 1339 1328 1365 in
1341 1348 1383 1365 me
1394 1339 1530 1365 absentem
1543 1339 1674 1366 invehens

878 1384 929 1401 non
941 1375 1119 1411 intelligebat,
1132 1376 1164 1401 ad
1176 1375 1248 1411 quod
1260 1381 1365 1411 tempus
1377 1385 1419 1402 me
1430 1382 1455 1402 et
1466 1385 1538 1402 meas
1550 1377 1620 1402 vires
1633 1385 1674 1402 re-

876 1421 1020 1439 servarem.
1043 1412 1071 1439 Si
1083 1413 1153 1439 enim
1165 1418 1221 1439 tum
1234 1413 1282 1444 illi,
1295 1413 1384 1439 caedis
1395 1423 1407 1439 a
1421 1423 1462 1440 me
1474 1414 1579 1440 initium
1591 1422 1674 1449 quae-

877 1451 957 1481 renti,
975 1450 1135 1485 respondere
1147 1450 1306 1481 voluissem,
1320 1460 1390 1477 muu-
1402 1451 1565 1485 reipublicae
1575 1460 1674 1477 consu-

878 1488 930 1514 lere
941 1496 992 1514 non
1005 1497 1122 1522 possem.
1162 1488 1234 1514 Hanc
1246 1497 1308 1514 vero
1320 1493 1412 1515 nactus
1428 1488 1593 1519 facultatem,
1612 1488 1674 1515 nul-

877 1525 932 1551 lum
945 1530 1064 1560 tempus,
1083 1529 1169 1560 patres
1181 1526 1338 1560 conscripti,
1356 1526 1487 1552 dimittam
1501 1534 1586 1560 neque
1599 1526 1673 1552 diur-

877 1571 941 1589 num
956 1572 1042 1598 neque
1055 1567 1228 1593 nocturnum,
1251 1564 1327 1598 quin,
1340 1563 1372 1589 dc
1386 1563 1505 1589 libertate
1517 1563 1609 1598 populi
1621 1564 1673 1589 Ro-

876 1601 961 1632 mani,
984 1601 1017 1627 de
1031 1600 1161 1636 dignitate
1174 1605 1258 1626 vestra
1271 1600 1341 1635 quod
1353 1601 1522 1635 cogitandum
1534 1601 1568 1627 sit
1577 1622 1582 1630 ,
1600 1601 1673 1636 cogi-

875 1642 942 1664 tem:
956 1638 1027 1672 quod
1039 1637 1172 1673 agendum
1184 1642 1263 1672 atque
1275 1638 1435 1668 faciendum,
1448 1638 1519 1664 idem
1532 1647 1582 1664 uon
1595 1638 1672 1664 modo

875 1684 1009 1706 recusem,
1035 1675 1081 1701 sed
1097 1680 1219 1710 appetam
1236 1677 1314 1701 etiam
1331 1681 1410 1710 atque
1425 1675 1577 1710 deposcam.
1620 1676 1672 1702 lloc

876 1712 934 1744 feci,
947 1713 1012 1739 dum
1026 1712 1112 1739 licuit:
1127 1712 1267 1743 intermisi,
1279 1713 1367 1747 quoad
1380 1722 1430 1739 uon
1445 1713 1527 1739 licuit.
1554 1714 1607 1739 Iam
1620 1722 1671 1739 uon

875 1750 962 1777 solum
975 1750 1047 1781 licet,
1069 1750 1115 1776 sed
1128 1750 1205 1776 ctiam
1219 1759 1325 1776 necesse
1338 1755 1390 1781 est,
1409 1751 1458 1776 nisi
1474 1751 1573 1776 servire
1586 1750 1673 1776 malu-

875 1797 950 1819 mus,
975 1796 1069 1823 qnam,
1093 1796 1124 1814 ne
1139 1788 1301 1818 serviamus,
1325 1789 1406 1814 armis
1418 1788 1569 1822 animisque
1581 1787 1673 1814 decer-

875 1834 946 1852 nere.
988 1826 1029 1852 34.
1051 1825 1091 1851 Dii
1108 1825 1271 1851 immortales
1284 1825 1359 1851 nobis
1373 1826 1435 1851 baec
1448 1825 1578 1860 praesidia
1591 1825 1672 1851 dedc-

875 1867 950 1889 runt:
973 1863 1036 1889 Urbi
1050 1863 1203 1893 Caesarem,
1226 1863 1337 1889 Brutum
1350 1862 1462 1889 Galliae.
1504 1863 1530 1888 Si
1543 1863 1613 1888 enim
1626 1862 1671 1888 ille

874 1901 971 1927 Urbem
982 1901 1132 1935 opprimere
1144 1901 1274 1935 potuisset
1290 1901 1388 1931 statim,
1406 1901 1428 1926 si
1441 1899 1554 1926 Galliam
1568 1905 1669 1932 tenere-3

874 1937 964 1972 paullo
979 1943 1037 1972 post
1055 1938 1155 1973 optimo
1166 1938 1264 1972 cuique
1277 1937 1457 1972 pereundum,
1479 1937 1589 1972 reliquis
1602 1942 1672 1964 esset

873 1975 1055 2002 serviendum.
1095 1975 1165 2001 XIV.
1188 1975 1259 2001 lianc
1275 1976 1357 2010 igitur
1371 1976 1535 2001 occasionem
1555 1975 1670 2001 oblatam

874 2017 971 2043 tenete,
986 2022 1032 2047 per
1043 2012 1105 2038 deos
1117 2012 1293 2039 immortales!
1312 2017 1398 2047 patres
1410 2013 1562 2047 conscripti,
1577 2017 1600 2038 et
1615 2021 1671 2038 am-

874 2050 989 2085 plissimi
1004 2050 1076 2077 orbis
1097 2055 1180 2076 terrae
1194 2050 1299 2077 consilii
1317 2051 1450 2085 principes
1466 2058 1512 2075 vos
1529 2058 1600 2079 esse,
1622 2049 1671 2075 ali-

873 2087 980 2122 quando
995 2087 1180 2114 recordamini.
1222 2087 1335 2123 Signum
1352 2087 1411 2113 date
1426 2087 1525 2122 populo
1541 2088 1667 2115 Romano.

873 2125 1015 2151 consilium
1033 2130 1151 2151 vestrum
1168 2133 1219 2151 non
1235 2124 1328 2151 deesse
1343 2125 1519 2160 reipublicae,
1542 2125 1668 2160 quoniam

873 2162 918 2188 ille
931 2163 1054 2189 virtutem
1067 2171 1143 2189 suam
1156 2171 1207 2189 non
1218 2162 1368 2189 defuturam
1380 2171 1439 2188 csse
1450 2162 1596 2196 profitetur.
1623 2162 1670 2188 Ni-

874 2199 910 2225 bil
926 2204 979 2229 est,
1002 2199 1073 2234 quod
1090 2208 1211 2226 moneam
1228 2208 1284 2225 vos.
1327 2200 1410 2226 Nemo
1431 2204 1469 2225 cst
1491 2204 1541 2225 tam
1558 2198 1666 2229 stultus,

872 2237 918 2271 qui
932 2245 982 2262 non
995 2236 1133 2272 intelligat,
1147 2238 1170 2263 si
1183 2236 1400 2263 indormierimus
1413 2237 1474 2262 buit·
1487 2237 1606 2271 tempori,
1617 2245 1668 2262 non

874 2274 952 2300 modo
970 2273 1105 2300 crudelem
1127 2274 1327 2308 superbamque
1349 2273 1556 2299 ‹lotuiuatimiem
1580 2273 1665 2303 uobis,

873 2311 918 2337 sed
932 2311 1136 2344 igruuuiniosatu
1149 2312 1226 2337 etiam
1239 2316 1262 2336 et
1275 2310 1431 2345 flagitiosam
1448 2310 1591 2336 serendam.
1625 2311 1665 2336 35.

873 2349 962 2375 Nostis
979 2348 1147 2374 insolentiam
1161 2349 1280 2377 Anauni,
1303 2349 1386 2374 nostis
1397 2349 1508 2376 anticos,
1533 2348 1616 2373 nostis
1629 2352 1668 2373 to-

873 2391 924 2412 tam
943 2386 1052 2411 domum
1071 2385 1235 2414 libidinosis,
1260 2385 1455 2420 petulantibus,
1471 2385 1597 2419 impuris.
1616 2386 1667 2410 im-

872 2423 986 2458 pudicis,
1000 2423 1168 2451 aleatoribus.
1178 2423 1260 2448 ebriis
1270 2423 1379 2448 serviro.
1401 2423 1435 2448 tia
1448 2427 1486 2448 est
1498 2431 1603 2447 summa
1617 2422 1667 2448 mi—

871 2461 948 2490 seria,
961 2469 1068 2486 summo
1078 2460 1206 2486 dedecore
1216 2461 1365 2486 coniuncta.
1396 2459 1471 2491 Quod
1484 2460 1505 2485 si
1520 2460 1570 2485 iam
1584 2458 1665 2494 [quod

870 2499 907 2524 dii
923 2507 998 2523 otiien
1015 2498 1158 2532 avertantl)
1179 2497 1260 2523 fatum
1278 2503 1426 2523 extremum
1443 2496 1605 2530 reipublicae
1620 2505 1666 2522 vo-

872 2536 922 2561 nit:
944 2535 1015 2570 quod
1032 2535 1190 2569 gladiatores
1207 2535 1309 2561 nobiles
1326 2534 1438 2563 faciunt,
1458 2540 1485 2560 ut
1499 2535 1607 2560 honeste
1618 2534 1666 2560 de·-

870 2573 1004 2598 cumbaut.
1020 2572 1147 2599 faciamus
1159 2581 1215 2602 uos,
1229 2573 1362 2606 principes
1374 2572 1445 2598 orbis
1458 2577 1585 2597 terrarum
1599 2580 1666 2607 geu-

871 2611 991 2644 tituuque
1007 2611 1142 2640 (minium,
1165 2615 1194 2636 nt
1209 2618 1269 2635 cum
1286 2609 1414 2643 dignitate
1426 2609 1661 2643 potiumuadaurus,

869 2656 949 2682 quam
961 2656 1021 2673 curu
1035 2648 1178 2680 ignominia
1191 2648 1349 2673 serviamus.
1391 2649 1431 2673 36.
1457 2646 1527 2673 Nihil
1540 2653 1578 2672 cst
1590 2647 1664 2672 dete-

868 2685 992 2711 stabilius
1003 2685 1143 2717 dedecore,
1157 2684 1223 2712 nihil
1237 2684 1340 2711 foedius
1350 2685 1488 2711 servitute.
1529 2684 1569 2711 Ad
1580 2684 1663 2710 decus

1398 2731 1456 2758 τε·
