1941 3052
446 126 495 151 DE
530 126 713 152 NATURA
742 125 927 151 DEORUM
959 125 1039 151 LlB‚

92 206 162 224 mus.
203 195 292 228 Quid‘?
306 195 387 222 deum
401 197 489 230 ipsum
502 205 602 222 numne
616 196 725 222 vidisti‘?
741 196 794 223 Cur
805 197 887 231 igitur

92 234 179 261 credis
195 232 274 259 esse‘?
288 232 424 259 Tollamus
440 242 503 268 ergo
515 234 619 264 onmia,
636 242 705 268 quae
720 239 765 260 aut
776 234 886 260 historia

92 272 170 298 nobis
185 275 231 297 aut
245 271 311 297 ratio
327 279 394 296 nova
410 270 494 297 affert.
534 272 571 297 lta
591 271 631 302 fit,
652 276 681 297 ut
699 271 887 297 mediterranei

92 317 164 335 mare
180 316 239 334 esse
254 317 307 334 uon
323 308 440 334 credant.
481 307 554 340 Quae
570 313 633 334 sunt
647 313 733 334 tantae
745 309 828 334 animi
840 317 888 334 an-

90 346 205 382 gustiae,
219 350 257 376 ut,
270 346 406 380 siSeriphi
418 350 495 371 natus
506 354 588 376 esses,
598 354 645 371 nec
657 354 786 380 umquam
798 354 888 381 egres-

91 392 138 409 sus
150 391 183 409 ex
196 382 283 408 insula
292 403 298 413 ,
315 383 341 408 in
353 391 406 417 qua
419 382 572 417 lepusculos
584 383 797 418 vulpeculasque
808 391 888 417 saepe

91 420 217 449 vidisses,
231 428 282 446 non
294 419 416 446 crederes
428 419 518 446 leones
529 424 555 446 et
565 420 708 454 pantheras
720 429 788 451 esse,
802 428 887 455 quum

91 457 150 487 tibi,
160 457 253 492 quales
263 462 361 486 essent.
370 457 512 487 diceretur,
521 458 614 483 sivero
626 457 658 483 de
669 457 811 492 elephanto
825 458 888 492 quis

90 495 200 524 diceret,
214 496 294 520 etiam
306 494 386 520 rideri
399 500 423 520 te
434 494 561 529 putares?
580 495 612 521 Et
623 500 651 521 tu
662 495 782 529 quidem,
792 494 886 526 Vellei,

91 541 143 558 non
161 536 248 558 vestro
266 540 351 562 more,
369 531 417 557 sed
435 531 653 563 Dialectieorum,
674 533 753 567 (quae
765 532 888 558 funditus
909 534 918 567 {j

90 578 157 605 gens
170 574 257 595 vestra
268 578 320 595 non
331 569 426 604 novit,)
442 570 593 604 argumenti
608 570 767 596 sententiam
778 568 888 596 conclu-

91 607 164 632 sisti:
188 607 279 632 beatos
291 615 349 632 esse
359 606 423 632 deos
433 607 585 640 sumpsisti.
611 607 800 633 Concedimus.
823 607 888 632 Bea-

91 650 147 670 tum
160 649 248 669 autem
260 645 318 669 sine
330 644 427 670 virtute
439 645 575 669 neminem
587 653 645 670 esse
656 653 744 678 posse.

146 681 257 707 XXXll.
272 682 312 707 89.
329 681 357 707 ld
368 690 476 716 quoque
487 681 593 711 damus,
602 686 627 707 et
639 681 754 707 libenter
764 681 885 716 quidem.

93 719 220 744 Virtutem
245 724 333 744 autem
364 719 422 744 sine
447 719 548 744 ratione
572 723 693 745 constare
720 728 771 745 non
797 727 885 752 posse.

90 755 238 782 Conveniat
250 756 276 781 id
287 764 396 790 quoque
408 764 517 781 necesse
528 760 577 782 est.
618 756 766 790 Adiungis,
781 756 834 781 Nec
846 764 887 781 ra-

90 794 189 819 tionem
206 802 278 823 esse,
295 793 347 818 nisi
364 793 391 818 in
409 793 526 818 hominis
542 793 637 828 figura.
678 793 763 824 Quem
776 793 825 819 tibi
838 792 887 818 hoc

90 830 215 856 daturum
232 829 327 864 putas‘?
347 830 374 855 Si
390 830 462 855 enim
480 831 513 856 ita
530 835 613 859 esset,
631 830 697 864 quid
712 839 781 864 opus
796 835 851 856 erat
863 834 886 855 te
908 839 910 845 ⁴

89 867 221 902 gradatim
234 868 302 893 istuc
313 866 472 901 pervenire?
492 868 657 902 sumpsisses
669 873 714 893 tuo
726 868 793 893 iure.
815 867 886 899 Quid

89 910 178 931 autem
195 909 235 930 est
250 904 322 930 istud
333 903 483 939 gradatim?
503 905 569 930 Nam
581 913 594 930 a
607 905 691 930 beatis
703 904 735 931 ad
749 905 884 933 virtutem,

89 950 102 967 a
120 943 217 968 virtute
234 941 266 967 ad
282 942 410 968 rationem
428 941 506 967 video
522 946 546 968 te
565 943 673 968 venisse
690 942 831 978 gradibus
865 943 886 968 A

89 979 190 1005 ratione
201 979 233 1005 ad
246 979 392 1005 humanam
405 979 518 1014 liguram
529 980 668 1014 quomodo
674 979 798 1006 accedis?
808 980 886 1005 Prae-

88 1017 200 1050 cipitare
211 1017 281 1042 istuc
292 1016 403 1051 quidem
415 1021 467 1046 est,
486 1026 536 1042 nou
553 1017 726 1043 descendere.
768 1019 809 1043 90.
832 1018 886 1043 Nec

89 1062 152 1080 vero
168 1053 303 1089 intelligo,
320 1062 369 1080 cur
383 1054 509 1080 maluerit
520 1055 654 1088 Epicurus
669 1055 733 1081 deos
745 1055 885 1081 hominum

88 1090 192 1117 similes
204 1091 302 1122 dicere,
311 1100 394 1126 quam
406 1091 529 1117 homines
540 1091 662 1118 deorum.
684 1092 886 1127 Quaeres,quid

88 1129 203 1155 intersit.
245 1128 273 1155 Si
285 1129 358 1154 enim
371 1128 420 1155 hoc
431 1128 471 1154 illi
483 1129 573 1155 simile
585 1130 632 1159 sit,
652 1138 710 1155 esse
726 1129 794 1155 illud
811 1129 884 1156 huic.

90 1165 186 1198 Video,
205 1166 253 1192 sed
264 1166 314 1192 hoc
325 1165 399 1197 dico,
418 1175 469 1192 non
486 1166 519 1192 ab
536 1167 692 1193 hominibus
706 1166 804 1193 formae
817 1167 887 1203 sigu-

89 1211 145 1229 ram
162 1203 269 1229 venisse
285 1203 318 1229 ad
334 1203 412 1229 deos:
431 1203 470 1229 dii
484 1204 557 1229 enim
568 1213 674 1239 semper
685 1204 807 1237 fuerunt,
831 1205 885 1231 nati

88 1249 238 1275 numquam
250 1245 325 1271 sunt,
342 1241 366 1266 si
377 1240 488 1275 quidem
500 1242 600 1267 aeterni
612 1247 674 1268 sunt
686 1242 782 1268 futuri:
802 1246 827 1268 at
839 1243 887 1268 ho-

88 1278 176 1304 mines
188 1278 256 1304 nati:
279 1283 338 1304 aute
354 1279 437 1314 igitur
453 1278 569 1304 humana
585 1278 682 1310 forma,
700 1288 782 1314 quam
799 1279 887 1306 homi-

88 1324 149 1346 nes,
168 1323 211 1346 ea,
230 1324 283 1350 qua
299 1321 373 1342 erant
390 1315 472 1342 forma
489 1316 527 1342 dii
539 1317 713 1343 immortales.
755 1317 810 1343 Non
823 1326 886 1353 ergo

88 1352 196 1379 illorum
209 1353 325 1379 humana
339 1353 431 1385 forma,
445 1353 492 1379 sed
506 1358 592 1380 nostra
605 1353 698 1380 divina
709 1354 823 1381 dicenda
835 1360 884 1381 est.

87 1390 186 1416 Verum
204 1390 253 1416 hoc
269 1390 394 1425 quidem,
418 1395 447 1416 ut
464 1390 571 1417 voletis:
595 1391 661 1417 illud
681 1400 793 1426 quaero,
816 1401 885 1427 quae

88 1426 168 1453 suerit
180 1432 250 1454 tanta
263 1427 366 1454 fortuna
383 1427 461 1462 (nibil
474 1429 585 1454 enimin
598 1437 686 1454 rerum
701 1434 793 1455 natura
806 1431 885 1456 ratio-

87 1473 120 1490 ne
136 1464 236 1491 factum
252 1474 311 1491 esse
328 1465 420 1500 vultis)
435 1481 472 1485 —-
487 1465 534 1492 sed
550 1470 637 1492 tamen
653 1467 715 1501 quis
732 1467 780 1493 istc
796 1472 885 1493 tantus

87 1501 184 1527 casus‘?
212 1504 253 1528 91.
271 1502 342 1528 unde
359 1507 412 1528 tam
430 1502 494 1529 felix
508 1512 655 1529 concursus
671 1508 833 1535 atomorum,
858 1509 885 1531 ut

87 1545 196 1573 repente
208 1539 331 1565 homines
343 1540 455 1566 deorum
468 1539 551 1567 forma
566 1540 756 1567 nascerentur?
777 1542 884 1568 Semina

87 1576 199 1602 deorum
215 1577 350 1603 decidisse
365 1577 398 1603 de
413 1577 486 1604 caelo
504 1578 530 1604 in
547 1582 629 1604 terras
644 1583 783 1613 putamus,
805 1584 831 1606 et
846 1580 885 1605 sic

88 1614 212 1640 homines
223 1619 329 1649 patrum
341 1614 446 1641 similes
458 1615 612 1642 exstitisse?
630 1615 731 1642 Vellem
744 1616 881 1649 diceretis,

86 1651 198 1677 deorum
209 1652 395 1687 cognationem
407 1661 579 1688 agnoscerem
591 1661 643 1679 non
656 1653 768 1679 invitus.
810 1654 884 1680 Nihil

87 1688 138 1715 tale
149 1688 252 1720 dicitis,
271 1689 318 1715 sed
334 1698 398 1715 casn
415 1697 473 1715 esse
484 1690 599 1721 factum,
617 1695 647 1717 ut
657 1690 768 1717 deorum
780 1691 885 1717 similes

86 1733 219 1752 essemus.
261 1727 292 1752 Et
303 1736 374 1753 nuuc
386 1732 542 1763 argumenta
558 1728 713 1762 quaerenda
728 1734 805 1760 sunt,
823 1729 886 1764 qui-

86 1762 139 1789 bus
155 1763 204 1790 hoc
221 1763 374 1790 refellatur?
399 1765 504 1791 Utinam
522 1770 574 1791 tam
592 1765 668 1791 facile
685 1774 746 1791 vera
764 1767 885 1793 invenire

86 1808 208 1835 possem,
233 1810 315 1836 quam
336 1801 401 1827 salsa
422 1803 591 1829 convincere.
633 1803 756 1829 XXXIII.
779 1804 884 1830 Etenim

86 1839 250 1865 enumerasti
267 1840 421 1866 memoriter
432 1840 573 1875 etcopiose
584 1840 623 1874 (ut
635 1841 702 1866 mihi
714 1841 825 1875 quidem
837 1841 885 1867 ad-

86 1875 179 1901 mirari
196 1875 304 1907 liberet,
322 1877 349 1902 in
365 1876 473 1903 homine
484 1886 543 1903 esse
555 1878 673 1904 Romano
685 1883 784 1905 tantam
796 1879 885 1905 scien—

87 1912 173 1947 tiam.)
184 1921 271 1947 usque
284 1922 296 1939 a
309 1913 391 1939 Thale
403 1913 508 1941 Milesio
518 1914 551 1940 de
567 1919 660 1941 natura
672 1915 784 1942 deorum
796 1916 884 1951 philo-

87 1949 234 1983 sophorum
250 1951 406 1977 sententias.
447 1953 488 1977 92.
510 1952 646 1978 Omnesne
658 1952 706 1978 tibi
720 1952 759 1979 illi
771 1953 884 1979 delirare

88 1986 141 2012 visi
152 1991 224 2017 sunt,
240 1987 358 2021 quisine
370 1988 496 2014 manibus
507 1988 660 2023 etpedibus
671 1995 791 2017 constare
802 1991 884 2017 deum

87 2032 166 2058 posse
177 2023 372 2051 decreverunt?
386 2026 424 2051 Ne
437 2025 485 2052 hoc
496 2025 607 2060 quidem
621 2035 668 2053 vos
680 2032 781 2058 movet,
795 2028 885 2054 consi-

87 2060 224 2092 derantes,
246 2070 316 2096 quae
331 2063 366 2088 sit
381 2062 496 2093 utilitas,
518 2071 641 2098 quaeque
656 2065 841 2098 opportunitas
857 2065 884 2091 in

88 2097 197 2124 homine
209 2098 405 2130 membrorum,
419 2104 448 2126 ut
460 2099 598 2131 iudicetis,
616 2101 746 2127 membris
758 2101 885 2128 humanis

86 2134 150 2161 deos
162 2144 213 2162 uon
225 2136 321 2171 egere?
340 2136 411 2168 Quid
427 2137 498 2163 enim
515 2137 631 2172 pedibus
643 2147 711 2173 opus
723 2139 831 2165 estsine
844 2140 886 2166 in-

86 2172 201 2208 gressu?
220 2173 286 2208 quid
303 2174 443 2205 manibus,
459 2175 482 2200 si
498 2174 565 2201 nihil
581 2176 886 2210 comprehendendum?

86 2210 153 2244 quid
170 2209 273 2245 reliqua
289 2210 469 2246 descriptione
484 2213 607 2238 omnium
621 2214 741 2248 corporis
755 2215 882 2248 partium.

87 2247 114 2273 in
125 2256 177 2282 qua
190 2247 257 2273 nibil
270 2248 358 2279 inane,
373 2248 440 2274 nihil
453 2249 510 2275 sine
523 2258 627 2281 caussa,
641 2250 709 2277 nihil
722 2259 884 2285 supervaca-

87 2292 166 2310 neum
179 2284 236 2311 est‘?
257 2285 348 2319 ltaque
364 2285 437 2312 nulla
452 2294 495 2312 ars
506 2287 605 2313 imitari
616 2287 762 2314 sollertiam
775 2293 884 2315 naturae

85 2326 182 2356 potest.
223 2322 338 2348 Habebit
355 2323 436 2358 igitur
454 2323 574 2359 linguam
590 2323 670 2355 deus.
689 2330 715 2352 et
726 2334 777 2351 non
791 2325 885 2360 loque-

86 2363 141 2391 tur3
156 2358 263 2390 dentes,
278 2359 410 2394 palatum,
425 2359 515 2386 fauces
527 2360 632 2387 nullum
643 2362 677 2388 ad
690 2370 783 2388 usum:
799 2371 885 2397 quae-

85 2404 139 2430 que
159 2397 352 2431 procreationis
367 2406 462 2424 caussa
478 2403 572 2424 natura
587 2400 691 2434 corpori
711 2399 830 2430 attinxit.
853 2409 883 2426 ea

86 2432 183 2460 frustra
199 2433 310 2461 habebit
325 2434 401 2467 deus3
420 2443 468 2461 nec
479 2439 587 2461 externa
600 2437 700 2472 magis,
718 2445 800 2471 quam
816 2437 884 2463 inte-

86 2470 164 2502 riora,
177 2479 231 2503 cor,
244 2471 396 2506 pulmones,
410 2472 492 2502 iecur,
501 2477 600 2505 cetera,
614 2473 817 2508 qiiae‚‹letracta
829 2475 884 2501 uti-

87 2507 172 2539 litate,
189 2508 256 2543 quid
273 2508 372 2535 habent
391 2509 557 2536 venustatis?
577 2510 798 2545 quandoquidem
818 2511 883 2538 baec

85 2552 144 2571 esse
156 2545 182 2571 in
193 2545 243 2572 deo
254 2551 362 2581 propter
373 2546 605 2581 pulchritudinem
617 2547 710 2574 vultis.
750 2550 791 2574 93.
808 2549 883 2575 lstis-

86 2590 118 2608 ne
130 2581 242 2609 fidentes
256 2584 370 2610 somniis
381 2592 433 2611 non
445 2583 524 2611 modo
535 2585 670 2619 Epicurus
681 2589 707 2611 et
717 2585 882 2612 Metrodorus

85 2623 111 2645 et
121 2619 300 2647 Hermarchus
314 2626 404 2648 contra
421 2621 612 2657 Pythagoram,
631 2621 767 2648 Platonem
783 2623 883 2658 Empe-

82 2655 243 2693 doctamque
255 2657 391 2689 dixerunt,
407 2659 455 2686 sed
467 2659 636 2686 meretricula
647 2660 727 2687 etiam
739 2660 880 2688 Leontium

1072 126 1090 151 1.
1118 126 1169 151 CA
1182 126 1210 151 P.
1234 128 1264 151 28
1285 141 1320 145 —
1341 128 1383 152 35
1671 131 1732 155 ⁴107

938 200 1027 222 contra
1040 196 1254 231 Theophrastum
1265 198 1382 224 scrihere
1393 206 1458 224 ausa
1470 197 1527 224 est?
1537 199 1604 225 scito
1616 199 1659 225 illa
1672 202 1735 234 qui-

939 232 1000 259 dem
1011 242 1133 259 sermone
1145 239 1169 259 et
1178 234 1270 265 Attico,
1279 234 1326 261 sed
1338 240 1436 262 tamen.
1449 251 1486 255 —-
1496 236 1610 263 Tantum
1623 237 1734 271 Epicuri

940 270 1032 296 hortus
1049 270 1143 297 habuit
1159 271 1290 298 licentiae.
1331 272 1364 298 Et
1378 272 1470 299 soletis
1485 273 1578 308 queri?
1592 275 1661 301 Zeno
1672 276 1735 309 qui-

939 307 1000 333 dem
1021 308 1101 333 etiam
1123 308 1253 343 litigabat.
1294 309 1365 341 Quid
1385 310 1473 336 dicam
1488 310 1648 337 Albutium‘?
1667 313 1734 338 Nam

940 345 1059 371 Phaedro
1071 345 1138 371 nihil
1151 346 1314 380 elegantius,
1332 347 1401 373 nihil
1418 347 1574 374 humanius.
1615 348 1667 375 Sed
1681 354 1735 376 sto-

940 382 1114 408 machabatur
1125 391 1220 413 senex,
1237 384 1260 409 si
1276 384 1342 418 quid
1357 385 1479 419 asperius
1490 384 1626 418 dixeram;
1649 395 1735 421 quum

939 419 1073 453 Epicurus
1094 420 1366 447 contumeliosissime
1386 422 1555 448 Aristotelem
1580 424 1730 453 vexaverit,

940 456 1075 482 Phaedoni
1087 457 1218 483 Socratico
1230 459 1385 492 turpissime
1398 458 1578 490 maledixerit,
1603 460 1736 487 Metrodo-

940 494 971 524 ri,
985 493 1085 519 sodalis
1096 494 1148 524 sui,
1163 494 1279 526 fratrem,
1293 496 1479 527 Timocratem,
1493 498 1556 531 quia
1568 498 1658 524 neseio
1669 498 1736 532 quid

940 531 966 556 in
979 530 1151 565 philosophia
1162 531 1326 564 dissentiret,
1340 534 1400 559 totis
1413 534 1599 561 voluminibus
1611 535 1735 561 concide-

916 576 918 591 t
941 568 986 597 rit,
1002 569 1028 593 in
1044 569 1223 595 Democritum
1242 570 1344 604 ipsum,
1363 579 1443 605 quem
1460 577 1569 598 secutus
1584 578 1636 602 est,
1656 571 1736 598 fuerit

916 607 917 613 ¹
941 605 1071 640 ingratuS,
1086 606 1297 640 Nausiphanem,
1311 609 1470 643 magistrum
1481 617 1575 638 suum,
1592 618 1605 635 a
1617 618 1670 644 quo
1684 618 1735 636 non

915 1072 916 1075 ,
938 1052 1094 1079 cubi-atione
1115 1054 1295 1081 anicularum.

940 642 1163 673 nihildidicerat,
1183 648 1235 669 tam
1252 645 1321 671 male
1337 646 1478 679 acceperit.
1520 646 1644 673 XXXIV.
1667 648 1736 673 Zeno

939 679 1050 713 quidem
1063 688 1115 706 non
1127 689 1171 707 eos
1182 681 1284 711 solum,
1303 683 1350 716 qui
1363 687 1419 708 tum
1431 688 1517 714 erant,
1531 684 1733 718 Apollodorum,

940 716 1060 751 Syllum,
1082 723 1197 747 ceteros.
1222 719 1320 754 figebat
1341 719 1505 751 maledictis,
1531 721 1578 747 sed
1600 722 1734 748 Socratem

940 755 1044 788 ipsum,
1063 760 1199 788 parentem
1215 756 1417 790 philosophiae.
1440 758 1532 784 Latino
1548 759 1630 785 verbo
1648 764 1733 786 utens.

939 799 1059 817 scurram
1076 792 1192 818 Atticum
1209 793 1293 819 fuisse
1314 794 1434 824 dicebat,
1457 795 1640 830 Chrysippum
1657 805 1737 822 num-

939 837 1021 862 quam
1035 829 1088 854 nisi
1104 829 1270 864 Chesippum
1288 831 1408 857 vocabat.
1449 833 1491 858 91.
1513 833 1553 858 Tu
1569 834 1627 867 ipse
1647 833 1737 867 paullo

939 870 1012 896 aute,
1026 874 1111 900 quum
1123 871 1259 901 tamquam
1272 873 1395 894 senatum
1407 869 1630 904 pbilosophorum
1642 871 1736 896 recita-

939 912 980 928 res
989 923 994 933 ,
1010 912 1132 929 summos
1144 904 1216 930 viros
1227 905 1349 939 desipere
1358 927 1363 936 ,
1381 905 1509 935 delirare,
1528 906 1667 934 (lenientes
1679 916 1736 933 esse

938 940 1057 966 dicebas.
1077 940 1197 972 Quorum
1211 943 1235 967 si
1247 951 1325 969 nemo
1337 952 1431 969 verum
1445 944 1513 970 vidit
1523 944 1556 970 de
1568 950 1661 971 natura
1673 944 1737 970 deo-

939 986 1012 1008 rum,
1027 978 1175 1004 verendum
1188 984 1240 1009 est,
1259 989 1292 1005 ne
1305 980 1377 1006 nulla
1389 981 1425 1006 sit
1435 983 1555 1008 omuino.
1596 983 1663 1008 Nam
1676 984 1734 1009 ista.

938 1024 1007 1049 quae
1019 1024 1066 1041 vos
1077 1016 1177 1046 dicitis,
1194 1021 1257 1043 sunt
1268 1022 1319 1043 tota
1330 1019 1527 1049 commentitia,
1544 1020 1590 1045 vix
1601 1019 1683 1055 digna
1697 1020 1738 1045 lu—

1338 1056 1394 1081 Non
1416 1057 1489 1082 enim
1513 1058 1632 1087 sentitis,
1656 1066 1737 1092 quam

938 1090 1022 1116 multa
1034 1090 1112 1116 vobis
1123 1092 1298 1126 suscipienda
1310 1093 1377 1124 sint,
1394 1094 1417 1119 si
1431 1094 1618 1128 impetraritis,
1635 1100 1663 1121 ut
1674 1103 1738 1120 con-

937 1127 1066 1153 cedamus
1081 1128 1203 1154 eamdem
1219 1138 1278 1155 esse
1294 1130 1435 1157 hominum
1452 1136 1477 1157 et
1488 1131 1599 1158 deorum
1613 1132 1735 1167 liguram.

938 1164 1034 1191 Omnis
1046 1165 1135 1191 cultus
1145 1171 1171 1192 et
1181 1168 1283 1193 curatio
1293 1169 1413 1202 corporis
1423 1170 1473 1194 erit
1483 1169 1576 1195 eadem
1584 1169 1737 1196 adhibenda

938 1202 1074 1237 (leo,quae
1087 1203 1231 1230 adhibetur
1243 1204 1360 1231 homini:
1375 1206 1523 1240 ingressus,
1538 1215 1644 1236 cursus,
1659 1216 1738 1233 accu-

939 1240 1013 1269 bitio.
1028 1239 1179 1272 inclinatio,
1195 1243 1294 1272 sessio,
1308 1243 1527 1277 comprehensio,
1541 1244 1574 1269 ad
1586 1249 1736 1270 extremum

938 1278 1018 1303 etiam
1034 1286 1122 1304 sermo
1137 1282 1162 1304 et
1177 1280 1269 1305 oratio.
1310 1282 1351 1306 95.
1375 1281 1442 1306 Nam
1455 1281 1528 1316 quod
1540 1287 1565 1307 et
1575 1290 1662 1307 mares
1673 1282 1737 1308 deos

915 1336 916 1342 ,
938 1319 963 1340 ct
975 1314 1089 1341 seminas
1100 1324 1159 1341 esse
1171 1316 1271 1347 dicitis,
1285 1317 1351 1351 quid
1365 1323 1502 1352 sequatur,
1517 1318 1625 1345 videtis.
1652 1319 1737 1353 Equi-

938 1351 999 1377 dem
1012 1353 1103 1378 mirari
1115 1353 1180 1379 satis
1192 1362 1243 1380 non
1256 1363 1376 1388 possum,
1395 1355 1465 1381 unde
1477 1355 1509 1381 ad
1522 1357 1586 1382 istas
1596 1357 1738 1390 opiniones

939 1395 1026 1415 vester
1043 1389 1087 1416 ille
1102 1391 1228 1425 princeps
1245 1393 1357 1418 venerit.
1398 1393 1450 1419 Sed
1466 1393 1581 1419 clamare
1597 1402 1648 1420 non
1664 1393 1737 1419 desi-

938 1427 1015 1458 nitis,
1034 1427 1203 1454 retinendum
1221 1429 1270 1455 hoc
1285 1438 1357 1458 esse.
1375 1430 1443 1456 deus
1454 1436 1482 1457 ut
1494 1431 1588 1457 beatus
1600 1432 1737 1457 immorta-

939 1464 1026 1499 lisque
1040 1465 1081 1490 sit.
1123 1466 1194 1497 Quid
1206 1471 1295 1492 autem
1306 1467 1402 1497 obstat,
1416 1477 1470 1502 quo
1483 1469 1573 1494 minus
1585 1469 1620 1494 sit
1632 1468 1735 1497 beatus,

914 1521 916 1527 ,
937 1502 961 1527 51
973 1510 1025 1528 non
1038 1502 1073 1528 sit
1084 1502 1180 1537 bipes‘?
1195 1509 1239 1530 aut
1252 1505 1314 1534 ista,
1333 1505 1391 1530 sire
1407 1505 1518 1531 beatitas
1530 1507 1588 1532 sive
1599 1505 1737 1532 beatitudo

914 1560 915 1578 ἶ
937 1539 1051 1565 (licenda
1063 1545 1116 1570 est,
1130 1540 1287 1576 (utrumque
1297 1543 1407 1568 omnino
1418 1542 1532 1573 durum,
1545 1542 1592 1569 sed
1606 1552 1657 1569 usu
1670 1543 1738 1569 mol-

938 1576 1026 1603 lienda
1042 1577 1120 1603 nobis
1134 1578 1213 1604 verba
1227 1580 1299 1613 sunt)
1315 1588 1409 1605 verum
1424 1589 1467 1611 ea,
1486 1588 1683 1615 quaecumque,
1697 1585 1737 1606 est

937 1623 985 1639 cur
996 1614 1079 1640 autin
1091 1615 1175 1641 solem
1189 1616 1265 1642 illum
1278 1622 1322 1643 aut
1335 1617 1361 1643 in
1374 1617 1445 1643 bunc
1458 1618 1589 1644 mundum
1602 1617 1738 1644 autiuali-

937 1660 1018 1686 quam
1032 1657 1147 1678 mentem
1160 1658 1308 1683 aeternam,
1326 1654 1410 1689 figura
1423 1655 1606 1690 membrisque
1618 1656 1738 1690 eorporis

938 1698 1060 1720 vacuam,
1073 1689 1167 1716 cadere
1181 1700 1232 1717 nou
1245 1692 1347 1725 potest?
1372 1694 1413 1718 96.
1431 1693 1504 1719 Nihil
1515 1692 1590 1719 aliud
1601 1692 1680 1724 dicis,
1695 1694 1738 1718 ni-

915 1738 916 1747 1
937 1727 969 1757 si,
979 1735 1128 1761 numquam
1141 1728 1197 1754 vidi
1209 1729 1293 1755 solem
1305 1734 1351 1755 aut
1363 1730 1495 1756 mundum
1508 1730 1626 1756 beatum.
1648 1730 1738 1762 Quid'?

938 1764 1070 1790 mundum
1086 1771 1190 1799 praeter
1206 1766 1278 1792 bunc
1293 1775 1458 1801 umquamne
1475 1767 1587 1794 vidisti?
1608 1767 1735 1803 Negabis.

937 1802 991 1828 Cur
1007 1802 1089 1837 igitur
1104 1812 1155 1828 non
1172 1809 1297 1830 sexcenta
1314 1804 1399 1830 millia
1415 1813 1474 1831 esse
1491 1805 1668 1834 mundorum,
1689 1804 1736 1831 sed

937 1839 1146 1866 innumerabilia
1158 1849 1241 1867 ausus
1252 1851 1280 1867 es
1291 1841 1398 1868 dicere?
1419 1843 1501 1873 natio,
1519 1843 1620 1877 inquis,
1634 1843 1735 1868 docuit*

915 1873 916 1885 ³
937 1877 1008 1912 Ergo
1020 1877 1068 1903 boc
1081 1882 1104 1904 te
1117 1879 1182 1904 ratio
1198 1888 1250 1905 non
1266 1879 1386 1909 docebit,
1403 1888 1489 1914 quum
1506 1881 1736 1915 praestantissima

937 1919 1031 1941 natura
1047 1920 1205 1950 quaeratur,
1227 1925 1312 1951 eaque
1329 1916 1404 1943 beata
1420 1922 1446 1943 et
1460 1922 1579 1947 aeterua,
1597 1926 1666 1952 quae
1681 1917 1737 1943 sola

915 1974 916 1977 ,
936 1951 1030 1978 divina
1047 1958 1140 1979 natura
1156 1958 1232 1983 sunt,
1256 1959 1284 1980 ut
1296 1954 1496 1981 immortalitate
1509 1956 1650 1981 vincamur
1661 1955 1695 1981 ab
1707 1963 1736 1980 eu

937 1993 1045 2021 natura,
1062 1990 1102 2016 sic
1117 1991 1201 2017 animi
1218 1992 1379 2026 praestantia
1396 1993 1484 2023 vinci,
1502 1997 1581 2027 atque
1598 1997 1626 2018 ut
1640 1993 1734 2018 animi.

936 2026 1000 2052 item
1014 2028 1152 2062 corporis?
1171 2028 1226 2055 Cur
1241 2029 1337 2064 igitur,
1355 2038 1439 2064 quum
1456 2030 1552 2056 ceteris
1571 2030 1652 2056 rebus
1670 2029 1737 2055 iufe-

915 2082 916 2085 ,
937 2064 1020 2090 riores
1030 2065 1131 2095 simus,
1151 2065 1234 2092 forma
1250 2075 1328 2100 pares
1341 2067 1456 2093 sumus?
1475 2067 1515 2093 Aa
1527 2066 1736 2093 similitudinem

936 2101 1008 2126 enim
1020 2101 1070 2127 deo
1082 2103 1194 2136 propius
1206 2103 1349 2130 accedebat
1361 2104 1478 2130 humana
1492 2105 1590 2134 virtus,
1609 2112 1690 2139 qumn
1706 2104 1737 2129 ti-

936 2146 1013 2172 gura.
1055 2139 1166 2165 XXXV.
1188 2141 1230 2166 97.
1253 2141 1292 2166 An
1312 2141 1464 2176 quidquam
1485 2147 1538 2168 tam
1559 2141 1663 2176 puerile
1681 2140 1735 2166 dici

937 2176 1078 2209 potest,(ut
1088 2176 1214 2203 eumdem
1227 2177 1315 2203 locum
1327 2177 1659 2214 diutiusurgeam,)quain
1671 2178 1694 2203 si
1705 2186 1736 2203 011

935 2221 1033 2248 genera
1041 2213 1201 2244 belluarum,
1210 2215 1313 2248 quaein
1328 2215 1409 2241 rubro
1421 2217 1487 2242 mari
1500 2216 1609 2242 Indiave
1620 2216 1736 2251 gignan-

936 2254 992 2279 tur,
1012 2250 1085 2276 nulla
1101 2259 1160 2276 esso
1175 2251 1318 2277 dicamus?
1338 2252 1419 2286 Atqui
1432 2262 1464 2279 ne
1477 2254 1657 2279 curiosissimi
1673 2253 1736 2287 qui-

936 2287 997 2313 dem
1015 2287 1138 2314 homines
1155 2288 1324 2323 exquirendo
1339 2289 1434 2316 audire
1450 2295 1502 2316 tam
1516 2290 1598 2316 multa
1611 2294 1732 2324 possunt.

935 2333 1016 2359 quam
1029 2330 1092 2351 sunt
1104 2325 1196 2356 multa,
1210 2334 1279 2360 quae
1292 2331 1368 2355 terra,
1382 2327 1458 2357 mari,
1473 2327 1629 2362 paludibus,
1645 2325 1734 2352 11111111-

936 2362 1017 2388 nibus
1029 2364 1176 2389 exsistunt!
1194 2372 1263 2398 quae
1276 2372 1406 2399 negemus
1417 2373 1491 2394 esse,
1509 2365 1572 2399 qnia
1585 2372 1734 2399 numquam

937 2399 1070 2425 vidimus!
1095 2401 1153 2435 lpsa
1167 2409 1321 2436 veroquam
1335 2401 1402 2427 nihil
1415 2401 1447 2427 ad
1461 2410 1515 2427 rem
1528 2402 1651 2436 pertinet.
1664 2409 1734 2436 quae

936 2445 983 2463 vos
994 2436 1107 2463 delectat
1119 2438 1250 2466 maxime,
1268 2438 1431 2464 similitudo!
1453 2439 1543 2470 Quid?
1557 2439 1631 2465 canis
1646 2447 1733 2465 nonne

934 2473 1035 2500 similis
1048 2474 1128 2509 lupo?
1139 2476 1234 2510 Atque,
1249 2480 1277 2501 ut
1291 2476 1403 2505 Ennius.

989 2514 1065 2538 sitnia
1075 2521 1153 2545 quum
1162 2515 1255 2539 sannis
1266 2515 1413 2545 turpissima
1426 2514 1505 2539 bestia
1520 2514 1605 2539 uobis!

934 2548 967 2574 At
982 2557 1068 2575 mores
1083 2550 1109 2575 in
1123 2555 1235 2585 utroque
1246 2550 1379 2584 dispares,
1421 2550 1570 2585 Elcplianto
1581 2549 1731 2577 belluarum

935 2585 1007 2612 nulla
1020 2586 1186 2621 prudentior.
1228 2588 1259 2613 At
1272 2588 1356 2622 ligura
1367 2595 1437 2622 quim
1449 2588 1566 2614 vastior?
1583 2590 1625 2614 98.
1638 2588 1674 2615 De
1685 2588 1731 2614 be-

933 2623 993 2649 stiis
1006 2623 1108 2659 loquor.
1148 2624 1238 2657 Quid?
1254 2625 1322 2650 iuter
1338 2625 1410 2659 ipsos
1425 2625 1548 2651 homiues
1560 2633 1647 2652 nonne
1659 2630 1683 2652 et
1694 2626 1730 2651 si-

934 2660 1057 2687 millimis
1069 2660 1161 2688 formis
1172 2661 1294 2698 dispares
1307 2670 1403 2693 mores.
1412 2667 1437 2688 et
1449 2662 1570 2689 moribus
1581 2662 1732 2689 simillimis

1452 2711 1499 2736 1³9
1516 2709 1525 2721 ’
