1941 3052
246 155 295 180 1338
816 154 857 178 ΣΗ,
893 153 927 178 M.
962 153 991 178 T.

246 235 324 252 suino
336 230 446 254 ιιιιιιιιιιι,
462 224 572 253 iudices,
588 231 674 258 neque
685 231 785 257 arrogo,
799 228 828 249 ut
839 223 887 249 Cn.
901 223 1037 249 Plancium
1061 232 1069 251 ι’

245 265 303 290 suis
320 272 380 296 erga
397 272 438 288 nie
455 262 555 288 meritis
569 262 754 294 impunitatem
766 265 973 286 consecuturum
990 269 1039 294 pu-
1061 259 1063 263 ⁴

246 307 308 327 tem,
350 301 405 326 Nisi
427 301 484 325 cius
501 299 696 332 integerrimum
714 298 809 327 vitam,
828 297 1039 323 modestissimos

246 347 340 367 inores.
356 345 488 362 summam
502 336 590 364 tidem,
603 335 801 364 continentiam.
816 335 949 369 pietatem,
963 335 1040 361 inno-

245 376 358 401 centiam
383 373 535 399 ostendero:
566 372 631 398 nibil
657 372 689 397 dc
711 380 793 406 poena
814 372 951 398 recusabo.
992 372 1038 398 Sin

244 413 332 438 omniu
345 411 507 446 praestitero,
516 418 584 444 qnae
596 413 659 435 sunt
670 409 767 435 abonis
779 409 1036 444 virisexspectanda,

246 455 331 483 petam
356 457 369 474 a
387 448 475 477 vobis,
494 447 609 477 iudices,
628 451 670 477 ut,
683 447 761 472 euius
773 446 953 472 misericordia
965 446 1039 472 salus
1062 446 1063 452 ¹

245 495 302 512 men
319 485 450 511 custodita
466 485 513 514 sit,
532 485 555 510 ei
573 492 620 510 vos
636 488 750 510 vestram
763 484 983 514 misericordiam,
998 492 1039 509 nie

244 525 411 557 ‹lettre-cante,
434 522 566 548 tribuatis.
606 521 738 556 Equidem
750 521 781 547 ad
794 521 912 556 reliquos
925 521 1036 551 labores.

244 570 312 595 quos
328 561 354 586 in
375 560 422 585 bac
432 567 526 585 caussa
538 559 650 585 maiores
662 559 789 593 suscipio,
802 567 884 593 quam
896 559 922 585 in
933 559 1037 589 ceteris,

244 599 322 624 etiam
340 597 407 623 lianc
424 596 571 622 molestiam
588 605 710 627 assumo,
723 596 795 631 quod
808 596 874 622 mihi
887 605 937 622 non
950 596 1037 622 solum

244 786 302 820 ipso
319 785 353 811 ita
369 784 570 818 reprehensum.
584 788 614 809 nt
624 783 651 810 id
663 784 696 810 ab
707 784 756 810 hoc
767 784 918 809 seiunctum
930 784 973 813 sit,
988 791 1038 809 non

244 831 286 848 me
302 821 329 848 id
346 829 442 857 magno
460 829 539 855 opere
554 821 707 848 conturbat:
729 830 780 847 non
797 821 868 847 enim
886 821 978 851 timeo,
996 828 1037 851 ne,

243 860 306 894 quia
318 868 423 894 perraro
434 859 501 894 grati
515 859 635 885 homines
647 859 819 893 reperiantur,
833 858 940 888 idcirco,
953 866 1037 893 quum

245 905 286 923 me
302 897 416 923 nimium
432 900 538 931 gratum
555 896 593 922 illi
610 904 668 921 esse
680 896 777 925 dicant,
795 896 820 921 id
834 896 899 921 mihi
912 896 1039 921 crimino·
1060 900 1063 921 ’.

1061 950 1062 953 ¹
1091 931 1190 963 lactus,
1214 932 1309 959 fractos
1328 941 1387 959 esse
1406 938 1432 959 et
1447 933 1562 960 abiectos
1583 938 1608 959 et
1623 933 1776 968 repudiatos
1791 932 1888 968 putas?

1060 971 1069 993 τὲ
1090 969 1156 996 Vide
1177 970 1298 1001 tandem,
1316 970 1480 1001 Laterensis,
1502 975 1632 1006 quantum
1648 979 1698 1006 ego
1713 980 1726 997 a
1742 976 1766 997 te
1781 971 1888 997 dissen-

213 964 217 970 .
243 943 305 960 sum
321 942 379 960 esse
397 934 489 967 possit.
530 932 603 965 Quae
619 942 681 959 vero
697 934 730 959 ita
746 937 810 959 sunt
821 933 916 968 agitata
928 933 960 958 ab
972 933 1036 963 iltis,

245 976 273 998 ut
284 976 329 997 aut
341 972 432 997 merita
441 970 488 996 Cn.
497 970 597 996 Plancii
608 979 668 1006 erga
676 979 717 996 me
728 971 829 997 minora
841 979 899 996 esse
910 970 1036 1000 dicerent,

243 1017 324 1043 quam
341 1017 355 1034 a
373 1017 414 1034 me
430 1008 489 1042 ipso
504 1008 731 1043 praedicarentur,
757 1012 814 1037 aut,
828 1008 850 1034 si
862 1012 952 1034 essent
963 1016 1039 1033 sum·
1068 1022 1069 1043 3

245 1055 296 1076 ma,
320 1050 446 1081 negarent
467 1054 496 1071 ea
518 1049 604 1071 tamen
626 1046 660 1071 ita
682 1045 786 1081 magni,
805 1050 833 1071 ut
845 1053 894 1079 ervo
906 1049 1036 1079 putarem,

243 1083 369 1118 ponderis
389 1082 461 1117 apud
482 1091 529 1109 vos
545 1091 604 1108 esse
620 1082 730 1108 debere:
754 1083 818 1108 haec
834 1082 899 1108 mibi
912 1087 975 1108 sunt
987 1087 1039 1108 tra·
1061 1084 1069 1115 ι’

1068 1124 1069 1154 J
1092 1123 1182 1149 tarem,
1191 1128 1271 1153 quam
1283 1124 1323 1145 est
1335 1119 1473 1154 hoc,quod
1486 1125 1513 1146 tu
1526 1121 1633 1150 metuis,
1642 1129 1693 1146 nea
1706 1120 1805 1154 populo
1815 1119 1888 1146 iudi-
1915 1154 1919 1158 .

1060 1157 1069 1191 ι’
1090 1161 1178 1182 catum
1189 1164 1249 1182 esse
1260 1156 1391 1182 videatur.
1426 1157 1483 1183 Non
1495 1158 1566 1183 enim
1577 1157 1694 1183 comitiis
1706 1157 1805 1184 iudicat
1815 1165 1888 1184 sem-

243 1120 346 1151 ctanda
364 1120 476 1150 iudices,
494 1124 520 1146 et
531 1119 642 1150 modice
657 1128 689 1146 ne
700 1119 784 1154 quid
778 1128 835 1154 ipse
846 1119 991 1149 offendam
1014 1124 1040 1145 et

244 1163 301 1184 tum
322 1157 447 1192 denique,
470 1166 554 1192 quum
577 1157 736 1192 respondero
750 1157 919 1188 criminibus,
938 1166 971 1183 ne
988 1165 1038 1183 non

244 1201 295 1222 tani
318 1195 467 1221 innocentia
483 1203 544 1221 reus
560 1203 617 1225 sua,
635 1203 716 1229 quam
728 1194 906 1221 recordatione
918 1202 1038 1221 meorum

244 1238 393 1267 temporum
403 1231 531 1258 defensus
542 1240 600 1257 csse
612 1232 743 1258 videatur.

299 1271 324 1296 5.
345 1269 396 1295 Sed
411 1269 477 1295 mihi
490 1269 515 1295 in
528 1277 622 1295 caussa
634 1268 704 1295 facili
716 1267 1040 1303 atqueexplicataperdif-

244 1307 331 1337 flcilis,
344 1306 456 1337 iudices,
470 1311 495 1332 et
507 1306 607 1332 lubrica
619 1306 782 1333 defensionis
794 1307 860 1332 ratio
871 1307 1037 1341 proponitur.

242 1345 319 1375 Nam,
343 1345 365 1370 si
382 1343 565 1370 tantummodo
581 1344 646 1370 mihi
660 1352 768 1370 necesse
782 1348 853 1370 esset
862 1348 951 1370 contra
963 1344 1040 1370 Late-

243 1390 348 1408 rensem
369 1381 470 1407 dicere:
503 1386 589 1407 tamen
612 1380 638 1407 id
659 1381 748 1415 ipsum
770 1385 841 1407 esset
856 1381 884 1407 in
899 1385 971 1408 tanto
986 1389 1038 1407 usu

243 1424 332 1445 nostro
353 1423 477 1453 tantaque
498 1418 614 1444 amicitia
629 1418 781 1444 molestum.

244 1456 286 1482 lex
307 1455 352 1482 illa
368 1456 452 1482 iustae
464 1464 595 1490 veraeque
606 1456 746 1486 amicitiae,
759 1464 828 1490 quae
840 1456 907 1482 mihi
918 1464 980 1483 cum
992 1455 1039 1482 illo

242 1494 295 1520 iam
315 1493 363 1520 diu
380 1497 428 1524 est,
442 1497 472 1519 ut
482 1493 553 1519 idem
565 1493 643 1519 amici
655 1501 762 1527 semper
772 1492 869 1519 velint:
901 1501 988 1528 neque
999 1498 1039 1519 est

242 1531 329 1557 ullum
345 1531 445 1557 certius
456 1530 588 1556 amicitiae
598 1530 747 1561 vinculum,
761 1539 842 1565 quam
854 1539 1003 1557 consensus
1014 1535 1039 1556 et
1060 1525 1062 1535 '

242 1569 354 1595 societas
366 1567 539 1594 consiliorum
551 1572 576 1594 et
587 1567 767 1594 voluntatum.
807 1567 874 1594 Mihi
885 1572 974 1594 autem
986 1576 1038 1594 non

241 1605 268 1632 id
289 1610 329 1632 est
344 1606 371 1631 in
389 1605 437 1632 hac
454 1613 481 1631 re
496 1604 727 1636 molestissimum,
745 1609 833 1631 contra
850 1604 928 1631 illum
940 1605 1036 1635 dicere,

241 1642 289 1669 sed
301 1642 385 1669 multo
395 1642 466 1669 illud
478 1642 650 1677 magis,quod
666 1643 692 1668 in
704 1650 734 1668 ea
745 1651 839 1668 caussa
851 1642 1039 1669 contradicen—

242 1680 307 1706 dum
328 1684 377 1710 est,
395 1679 422 1706 in
437 1688 490 1714 qua
501 1679 633 1714 quaedam
648 1679 787 1705 hominum
800 1679 920 1714 ipsorum
932 1679 1039 1706 videtur

243 1717 362 1744 facienda
383 1725 442 1743 esse
461 1717 604 1743 eontentio.
635 1718 659 1743 6.
673 1716 782 1748 Quaerit
792 1717 863 1743 enim
876 1716 1036 1746 Laterensis,
1060 1742 1061 1747 ,

241 1759 321 1789 atque
332 1754 382 1780 hoc
392 1762 445 1780 uno
456 1754 573 1780 maxime
584 1757 668 1789 urget,
676 1762 729 1789 qua
740 1762 769 1780 se
780 1754 887 1785 virtute,
895 1762 950 1789 qua
961 1753 1039 1780 laude

242 1791 376 1822 Plancius,
398 1800 450 1826 qua
465 1791 594 1827 dignitate
608 1791 751 1825 superarit.
790 1791 837 1822 lta.
854 1791 877 1817 si
887 1790 952 1818 cedo
962 1790 1038 1817 illius

241 1829 413 1859 ornamentis,
435 1837 504 1862 quae
519 1827 603 1854 multa
619 1833 644 1854 et
667 1836 762 1864 magna
778 1832 854 1854 sunt:
881 1837 933 1855 non
949 1827 1037 1854 solum

242 1866 324 1892 huius
345 1865 482 1901 dignitatis
498 1865 598 1891 iactura
615 1864 734 1892 facienda
744 1870 792 1896 est,
806 1865 853 1891 sed
865 1866 945 1892 etiam
958 1865 1039 1901 largi-

242 1903 321 1930 tionis
337 1902 488 1937 recipienda
503 1903 622 1937 suspicio
633 1907 686 1928 est:
709 1903 750 1929 sin
763 1902 834 1929 hunc
844 1902 884 1929 illi
896 1907 1035 1937 antepono,

241 1939 434 1967 contumeliosa
454 1939 576 1966 habenda
591 1943 632 1966 est
645 1939 737 1970 oratio,
754 1944 780 1966 et
794 1939 938 1967 dicendum
949 1945 989 1966 est
998 1940 1036 1971 id,

241 1977 314 2012 quod
334 1977 379 2003 ille
395 1985 438 2003 me
453 1976 561 2013 flagitat,
578 1977 746 2003 Laterensem
762 1985 775 2003 a
790 1976 898 2004 Plancio
909 1977 1038 2013 dignitate

241 2023 301 2041 esse
319 2019 485 2048 superatum.
525 2015 562 2040 lta
581 2018 627 2040 aut
641 2014 799 2041 amicissimi
815 2014 932 2041 bominis
945 2016 1039 2041 existi-

241 2052 322 2078 matio
332 2051 488 2078 offendenda
500 2055 548 2082 est.
557 2052 580 2078 si
591 2051 666 2078 illam
676 2052 852 2078 accusationis
859 2052 1038 2079 conditionem

241 2098 347 2125 sequar,
369 2093 414 2115 aut
429 2088 529 2123 optime
544 2088 577 2115 de
592 2097 634 2115 me
646 2089 734 2115 meriti
745 2088 819 2115 salus
830 2089 976 2116 deserenda
987 2094 1036 2116 est.

296 2127 339 2153 111.
360 2125 413 2153 Sed
432 2134 491 2162 ego.
511 2126 670 2157 Laterensis,
687 2135 796 2152 caecum
812 2135 855 2153 me
870 2131 896 2153 et
907 2127 1038 2162 praecipi-

241 2169 294 2190 tem
305 2163 367 2190 ferri
378 2163 503 2190 confitear
513 2163 540 2190 in
552 2172 656 2195 caussa,
668 2164 692 2190 si
703 2168 728 2190 te
739 2168 784 2190 aut
795 2173 808 2190 a
819 2163 936 2195 Plancio,
949 2169 994 2190 aut
1005 2164 1038 2190 ab

241 2201 305 2231 ullo.
321 2201 450 2237 dignitate
462 2201 581 2235 potuisse
593 2201 713 2236 superari
724 2201 826 2228 dixero.
848 2202 939 2236 ltaque
950 2201 1038 2228 disce-

240 2238 302 2265 dam
322 2238 355 2264 ab
375 2247 405 2264 ea
420 2239 595 2269 contentione,
613 2238 645 2264 ad
660 2247 742 2273 quarn
758 2243 787 2265 tu
801 2247 844 2265 me
855 2247 943 2270 vocas,
955 2243 981 2265 et
992 2247 1039 2265 ve-

241 2277 313 2302 niam
333 2275 366 2302 ad
381 2275 465 2306 illam,
483 2275 517 2302 ad
531 2284 612 2310 quam
629 2284 671 2302 me
685 2284 780 2302 caussa
795 2276 854 2311 ipsa
869 2276 988 2303 deducit.
1010 2277 1036 2303 7.

239 2312 329 2345 Quid?
357 2318 386 2339 tu
406 2313 544 2348 dignitatis
564 2313 680 2340 iudicem
706 2317 785 2348 putas
804 2322 864 2340 esse
884 2313 1038 2349 populum?

240 2351 362 2377 Fortasse
374 2359 576 2385 nonnumquam
587 2354 636 2377 est.
657 2350 764 2377 Utinam
771 2359 945 2385 verosemper
951 2351 1034 2378 esset!

240 2387 293 2414 Sed
307 2392 348 2414 est
358 2396 477 2422 perraro,
499 2392 525 2414 et
534 2388 558 2414 si
570 2387 676 2423 quando
687 2392 736 2418 est.
750 2388 778 2414 in
788 2388 823 2414 iis
834 2388 1037 2424 magistratibus

240 2429 280 2451 est
292 2425 461 2456 mandandis,
478 2425 579 2460 quibus
591 2424 705 2452 salutem
715 2433 793 2452 suam
804 2425 935 2452 committi
946 2430 1034 2460 putat:

242 2461 283 2487 liis
305 2462 451 2489 levioribus
470 2462 585 2489 comitiis
600 2462 739 2498 diligentia
754 2467 780 2489 et
793 2463 876 2498 gratia
893 2463 1036 2497 petitorum

241 2498 324 2524 honos
345 2500 457 2533 paritur,
474 2508 525 2526 non
542 2500 576 2526 iis
586 2499 758 2530 ornamentis,
771 2508 840 2534 quae
851 2508 910 2526 esse
921 2501 949 2526 in
960 2505 984 2526 te
996 2501 1037 2526 vi-

241 2534 346 2561 demus.
385 2537 462 2567 Nam,
473 2536 546 2571 quod
557 2537 590 2563 ad
601 2535 732 2571 poputum
744 2537 866 2571 pertinet,
879 2545 986 2572 semper
995 2537 1038 2563 di-

241 2572 351 2603 gnitatis
371 2573 483 2608 iniquus
498 2574 581 2600 iudex
595 2578 644 2605 est,
661 2573 709 2608 qui
725 2578 771 2600 aut
786 2574 888 2600 invidet
898 2579 944 2601 aut
955 2574 1036 2601 favet.

240 2604 410 2643 Quamquam
431 2610 497 2636 nihil
513 2615 589 2645 potes
603 2611 676 2641 inte,
690 2610 851 2641 Laterensis,
863 2612 1034 2643 constituere,

241 2645 314 2679 quod
334 2645 370 2671 sit
389 2647 527 2681 proprium
546 2647 633 2674 laudis
649 2651 718 2678 tuae,
735 2647 803 2682 quin
818 2647 846 2674 id
860 2648 1037 2675 tibisiteom-

242 2690 325 2709 mune
333 2691 394 2710 cum
406 2682 522 2711 Plancio.
544 2686 569 2710 8.
582 2684 634 2711 Sed
646 2684 695 2711 hoc
705 2689 790 2712 totum
803 2689 896 2720 agetur
906 2685 1034 2713 aliolooo:

823 1418 904 1444 Vetus
917 1423 955 1444 est
967 1419 1037 1444 enim
1060 1428 1063 1434 .

1027 153 1302 180 ClCEssONlS

1092 232 1161 250 iitinc
1183 228 1284 250 tantum
1305 224 1414 258 disputo
1428 224 1478 251 de
1473 234 1530 252 iure
1541 227 1647 261 populi
1669 228 1715 261 qui
1727 231 1752 252 et
1763 231 1848 261 potest
1859 232 1884 253 et

1090 261 1157 286 solet
1168 270 1369 302 nonnumquam
1381 262 1476 297 digno·
1489 265 1641 297 praeterire:
1665 273 1722 293 nec,
1736 264 1885 299 niapopulo

1092 299 1249 332 praeteritus
1265 303 1313 328 eet
1330 307 1411 341 quem
1427 307 1479 326 non
1493 301 1623 343 oportuit,
1641 309 1654 326 a
1671 301 1807 327 iudicibus
1821 310 1885 327 con·
1924 318 1927 323 -

1091 335 1260 361 ‹lemnandus
1279 340 1328 365 est.
1351 336 1398 371 qui
1415 337 1572 371 praeteritus
1584 346 1635 364 non
1647 343 1697 364 est.
1738 339 1803 364 Nam
1816 339 1838 364 ni
1850 339 1885 365 ita

1091 377 1174 398 esset:
1201 372 1272 408 quod
1295 377 1382 407 patres
1403 373 1474 408 apud
1491 375 1604 401 maiores
1619 380 1722 401 nostros
1735 380 1822 401 tenere
1834 383 1885 402 non
1923 394 1926 398 -

1092 414 1244 444 potuerunt,
1261 414 1290 436 ut
1301 410 1505 445 reprehensores
1516 416 1605 438 essent
1614 413 1791 443 comitiorum,
1800 412 1826 439 id
1840 412 1887 438 b·-

1091 446 1183 473 lierent
1203 447 1320 479 iudices3
1344 447 1395 477 vel,
1417 448 1490 483 quod
1512 448 1597 475 multo
1615 450 1694 475 etiam
1711 450 1801 476 minus
1816 454 1886 476 esset
1923 460 1926 469 ·

1068 482 1070 491 '
1091 483 1240 510 terendum.
1281 485 1349 510 Tum
1370 485 1441 511 enim
1463 486 1647 521 magistratum
1665 495 1715 513 non
1729 487 1836 522 gerebat
1852 487 1884 516 iu.
1918 493 1922 500 ·

1090 522 1137 556 qui
1158 526 1271 556 ceperat,
1293 522 1315 548 si
1333 526 1420 556 patres
1435 527 1554 549 auctores
1571 532 1621 549 non
1633 529 1707 550 erant
1717 523 1792 550 tacti:
1815 532 1887 550 nunc

1062 571 1069 593 ,1
1091 559 1241 593 postulatur
1252 568 1265 585 a
1278 560 1363 589 vobis,
1377 564 1406 585 ut
1417 560 1476 586 eius
1487 560 1591 591 exsilio
1600 561 1806 595 quicreatunit,
1815 561 1887 587 iudi-

1068 599 1070 631 }
1090 597 1161 622 cium
1183 596 1275 631 populi
1300 597 1411 623 Romani
1432 597 1640 632 reprehendatis.

245 644 291 669 pro
309 635 356 661 Cn.
375 634 481 660 Plancio
496 633 641 660 dicendum
653 638 701 664 cst,
714 634 792 659 cuius
803 642 851 667 ego
861 633 974 659 salutem
988 642 1038 659 non
1062 639 1069 662 ³,

243 680 330 702 secus,
344 680 373 698 ac
385 680 470 697 meam
483 672 550 697 tueri
563 671 656 702 debeo,
665 671 711 697 sed
723 672 800 697 etiam
814 679 861 706 pro
872 672 993 705 meipso,
1007 670 1039 696 de
1061 688 1063 691 -

243 719 297 744 quo
311 713 478 735 accusatores
494 708 570 743 plura
587 717 669 743 paene
680 717 760 743 quam
773 708 805 734 de
818 717 844 735 re
855 717 953 743 reoque
963 708 1040 734 dixe-
1061 726 1063 733 ,

244 752 314 774 runt.
347 747 377 773 11.
401 747 424 773 t.
443 746 625 781 Quamquam,
643 746 758 777 iudices,
779 747 801 772 si
816 745 883 781 quid
897 750 938 772 est
953 746 980 771 in
997 753 1039 771 me
1061 750 1063 758 '

1682 598 1717 624 tt·
1739 606 1772 624 ue
1810 606 1887 624 uam-

1090 642 1181 668 quam,
1204 643 1257 669 qua
1279 634 1362 664 nolui,
1384 634 1463 660 ianua
1478 643 1539 660 sum
1556 635 1694 670 ingressus
1709 606 1736 661 iz
1751 606 1884 665 catinam.

1090 679 1196 705 sperare
1224 671 1328 701 videor,
1362 675 1463 698 tanturn
1489 671 1641 698 obfuturam
1661 680 1719 698 esee
1741 674 1886 699 ontionem

1091 716 1176 735 meam
1198 717 1211 734 a
1228 709 1338 734 minima
1349 709 1504 743 suspicione
1516 709 1670 736 offensionis
1681 714 1750 740 tuae.
1764 715 1789 736 te
1800 714 1829 736 ut
1839 717 1887 745 po-

1091 746 1144 771 tius
1164 745 1317 781 obiurgem,
1339 746 1411 781 quod
1427 747 1551 782 iniquum
1568 747 1594 773 in
1610 747 1754 773 discrimen
1769 746 1887 773 adducas
1920 760 1922 763 v

1090 782 1247 818 dignitatem
1268 788 1355 814 tuam,
1377 792 1458 818 quam
1474 789 1503 810 ut
1517 792 1567 819 ego
1581 792 1638 810 eam
1656 784 1709 810 ulla
1725 784 1886 811 contumelia

1090 828 1169 847 coner
1179 821 1317 856 attingere.
1329 821 1372 847 tv.
1384 822 1409 847 9.
1422 821 1461 847 Tu
1473 821 1884 852 continentiam,tuindustriem.
1920 838 1922 842 ·
1939 825 1941 832 ⁴

1090 862 1118 883 tu
1135 858 1254 884 animum
1272 859 1298 884 in
1311 858 1514 893 rempublicam.
1531 863 1559 885 tu
1572 859 1706 889 virtutem.
1720 863 1747 885 ιιι
1759 859 1887 885 innocen-

1091 895 1163 926 tiam,
1187 900 1215 921 tu
1237 895 1326 926 sidem,
1349 900 1378 921 tu
1396 895 1497 922 labores
1513 901 1581 927 tuos,
1593 896 1666 931 quod
1680 896 1775 923 aedilis
1786 904 1838 923 non
1847 897 1887 922 eis

1091 1007 1165 1032 tiam.
1205 1007 1243 1038 Si,
1257 1007 1363 1034 medius
1375 1007 1464 1037 lidius,
1477 1007 1568 1034 decem
1580 1008 1629 1034 soli
1641 1013 1730 1034 essent
1742 1009 1768 1034 in
1779 1008 1887 1034 civitate

1091 1044 1141 1070 viri
1157 1044 1233 1075 boni,
1255 1045 1402 1079 sapientes.
1420 1045 1498 1076 iusti,
1516 1054 1621 1080 graves,
1639 1046 1686 1080 qui
1703 1050 1727 1071 te
1743 1045 1885 1081 indignum

1090 1081 1224 1108 aedilitate
1245 1082 1452 1108 iudicavissent:
1475 1083 1585 1117 gravius
1596 1082 1629 1108 de
1641 1088 1665 1109 te
1677 1083 1823 1109 iudicatum
1836 1091 1888 1117 pu-
1918 1082 1921 1087 ⁴

1090 1201 1137 1228 per
1158 1193 1288 1228 populus,
1311 1193 1359 1220 sed
1375 1198 1498 1220 movetur
1512 1194 1672 1229 plerumque
1687 1195 1785 1230 gratim
1817 1194 1889 1221 cedit

1091 1231 1230 1265 precibus,
1262 1230 1324 1257 facit
1343 1239 1398 1262 eos,
1421 1240 1434 1257 a
1449 1231 1551 1266 quibus
1566 1236 1606 1257 est
1621 1232 1738 1258 maxime
1753 1231 1885 1258 ambitus:

1090 1268 1215 1303 denique,
1239 1269 1261 1294 si
1282 1268 1391 1299 iudicat,
1410 1277 1462 1295 non
1477 1268 1581 1295 delectu
1598 1269 1688 1304 aliquo
1701 1274 1746 1295 aut
1756 1270 1886 1304 sapientia

1090 1305 1199 1332 ducitur
1214 1305 1247 1332 ad
1262 1305 1446 1336 iudicandum,
1463 1305 1511 1332 sed
1526 1307 1629 1341 impetu
1648 1315 1850 1342 nonnumquam
1861 1311 1888 1333 et
1916 1307 1918 1311 '

1533 1344 1588 1370 Non
1609 1349 1650 1370 est
1661 1344 1731 1370 enim
1743 1344 1886 1371 consilium
1920 1351 1925 1359 ¹

1090 1342 1206 1378 quadam
1230 1343 1310 1369 etiam
1326 1343 1482 1369 temeritate.

1091 1380 1117 1407 in
1139 1380 1234 1416 vulgo,
1258 1389 1309 1407 non
1326 1380 1400 1411 ratio,
1417 1389 1470 1407 non
1485 1380 1643 1412 discrimen,
1664 1390 1715 1408 non
1731 1381 1884 1417 diligentia:

1090 1425 1251 1453 semperque
1263 1418 1397 1452 sapientes
1407 1426 1445 1448 ea,
1463 1426 1531 1453 quae
1543 1418 1659 1453 populus
1671 1418 1786 1448 fecisset.
1800 1418 1888 1445 seren-
1922 1411 1925 1421 ²

1090 1455 1133 1486 da,
1151 1463 1203 1482 non
1221 1463 1328 1490 semper
1339 1454 1471 1482 laudanda
1483 1455 1627 1482 duxerunt.
1667 1455 1754 1488 Quare
1764 1465 1850 1491 quum
1862 1461 1888 1482 te

1090 1492 1203 1518 aedilem
1215 1492 1272 1519 lieri
1282 1493 1432 1528 oportuisse
1443 1492 1519 1523 dicis,
1534 1493 1748 1528 populiculpam,
1757 1501 1888 1520 noncom·
1922 1494 1923 1497 ’

1090 1530 1211 1565 petitoris
1231 1538 1350 1556 accusas.
1385 1532 1423 1556 ⁴0.
1446 1530 1479 1557 Ut
1495 1530 1578 1557 fueris
1588 1530 1702 1566 dignior,
1715 1539 1796 1566 quam
1808 1530 1887 1557 Plan-

1089 1568 1162 1593 cius:
1184 1567 1217 1593 de
1228 1575 1282 1602 quo
1293 1568 1352 1602 ipso
1362 1567 1398 1594 ita
1410 1572 1498 1594 tecum
1507 1568 1663 1594 contendam
1676 1568 1766 1603 paullo
1776 1572 1844 1603 post,
1858 1572 1888 1594 ut

1060 1622 1062 1641 ι
1090 1612 1245 1631 conservem
1265 1604 1422 1640 dignitatem
1438 1609 1524 1631 tuam:
1547 1605 1604 1635 sed,
1622 1610 1651 1632 ut
1666 1605 1750 1632 fueris
1765 1605 1884 1641 dignior:

1068 1651 1069 1668 ι
1091 1651 1142 1668 ιιοιι
1152 1642 1318 1676 competitor,
1332 1650 1345 1668 a
1356 1650 1410 1677 quo
1423 1650 1452 1668 es
1466 1643 1562 1674 victus,
1575 1642 1621 1669 sed
1634 1642 1760 1677 populus,
1769 1651 1782 1669 a
1793 1651 1847 1677 quo
1857 1651 1886 1669 es

1090 1679 1259 1714 praeteritus,
1272 1679 1299 1705 in
1311 1678 1390 1714 culpa
1402 1683 1452 1705 est.
1492 1679 1522 1706 In
1531 1688 1585 1714 quo
1596 1680 1714 1714 primum
1725 1679 1793 1706 illud
1803 1679 1886 1706 debes

1090 1720 1193 1751 putare,
1214 1716 1338 1747 comitiis,
1357 1717 1511 1751 praesertim
1527 1716 1670 1748 aediliciis,
1689 1716 1811 1743 studium
1827 1725 1887 1743 esse

1090 1753 1192 1789 populi,
1215 1762 1267 1780 non
1278 1753 1425 1780 iudicium:
1451 1753 1585 1780 eblandita
1605 1753 1664 1785 illa,
1682 1763 1734 1781 non
1749 1754 1885 1780 enucleata

1090 1799 1149 1817 esse
1169 1790 1307 1826 sull'ragia3
1335 1799 1388 1822 eos,
1406 1791 1454 1826 qui
1470 1790 1628 1827 suffragium
1644 1791 1737 1822 terant,
1748 1791 1815 1827 quid
1828 1792 1887 1818 cui-

1089 1836 1142 1863 que
1162 1828 1215 1863 ipsi
1236 1827 1357 1859 debeant,
1380 1827 1548 1855 considerare
1563 1829 1686 1864 saepius,
1702 1837 1797 1864 quam,
1819 1827 1886 1864 quid

1089 1866 1188 1900 cuique
1198 1874 1212 1891 a
1223 1865 1362 1900 republica
1374 1865 1496 1892 videatur
1506 1866 1607 1892 deberi.
1643 1866 1688 1893 Sin
1700 1871 1787 1892 autem
1799 1867 1886 1892 mavis

1089 1911 1148 1929 esse
1168 1902 1314 1929 iudicium:
1337 1911 1388 1929 non
1406 1903 1454 1929 tibi
1469 1903 1495 1929 id
1507 1903 1714 1929 rescindendum
1725 1908 1775 1934 est,
1788 1903 1834 1929 sed
1848 1903 1886 1929 le-

1089 1940 1214 1967 rendum.
1228 1939 1884 1975 lt.Maleiudicavitpopulus.——Atiudicavit.—

1090 1978 1147 2004 Non
1167 1977 1270 2004 debuit.
1287 1992 1324 1997 —
1340 1978 1374 2004 At
1392 1978 1488 2012 potuit.
1505 1993 1542 1998 -
1556 1978 1615 2004 Non
1631 1977 1696 2004 fero.
1712 1978 1794 2004 -Δι
1807 1977 1886 2004 multi

1089 2014 1233 2041 clarissimi
1253 2019 1279 2041 et
1293 2015 1487 2049 sapientissimi
1502 2016 1576 2042 cives
1588 2015 1715 2042 tulerunt.
1754 2015 1804 2042 Est
1813 2015 1885 2041 enim

1089 2052 1154 2079 haec
1178 2051 1296 2079 conditio
1321 2052 1465 2079 liberorum
1486 2051 1661 2088 populorum,
1690 2053 1886 2088 praecipueque

1090 2090 1172 2116 huius
1188 2090 1319 2125 principis
1334 2089 1427 2124 populi
1443 2095 1469 2116 et
1479 2091 1600 2116 omnium
1610 2090 1732 2125 gentium
1743 2089 1846 2116 domini
1856 2097 1886 2116 ac

1090 2127 1207 2158 victoris,
1229 2135 1308 2162 posse
1323 2126 1458 2163 suffragiis
1473 2127 1514 2153 vel
1526 2126 1588 2154 dare
1600 2127 1642 2153 vel
1653 2127 1800 2158 detrahere,
1812 2125 1886 2162 quod

1090 2164 1164 2195 velit,
1185 2165 1298 2199 cuique:
1320 2169 1442 2191 nostrum
1464 2169 1504 2191 est
1528 2169 1632 2196 autem,
1649 2168 1785 2195 nostrum,
1798 2164 1885 2199 quiin

1089 2202 1139 2228 hac
1150 2206 1306 2237 tempestate
1317 2201 1412 2237 populi
1421 2202 1550 2228 iactamur
1561 2210 1590 2228 ac
1601 2200 1736 2232 fluctibus,
1750 2201 1818 2228 ferre
1828 2209 1887 2227 mo-
1907 2231 1909 2236 ,

1089 2239 1148 2266 dice
1168 2237 1262 2274 populi
1277 2238 1438 2271 voluntates,
1455 2239 1562 2266 allicere
1577 2238 1686 2270 alienas,
1700 2239 1813 2265 retinere
1823 2246 1886 2273 par-
1911 2251 1917 2273 ,-

1089 2281 1138 2308 tas,
1152 2275 1256 2311 placare
1266 2276 1398 2303 turbatas:
1421 2276 1536 2304 honores
1546 2276 1569 2303 si
1581 2276 1671 2312 magni
1682 2284 1734 2302 ιιοιι
1745 2279 1883 2311 putemus,
1913 2294 1915 2307 Α,

1426 2315 1469 2340 sin
1484 2322 1529 2340 eos
1543 2317 1709 2348 expetamus,
1727 2321 1778 2340 non
1789 2312 1885 2340 defati-
1912 2322 1915 2337 z

1089 2322 1141 2341 non
1160 2314 1262 2340 servire
1281 2313 1394 2348 populo:

1088 2351 1145 2387 gari
1155 2350 1341 2386 supplicando.

1144 2388 1176 2414 V.
1194 2390 1235 2415 ⁴2.
1251 2388 1335 2415 Venio
1349 2389 1403 2415 iam
1413 2387 1463 2414 ad*
1456 2388 1543 2423 ipsius
1554 2386 1647 2422 populi
1658 2392 1756 2421 partes,
1769 2391 1799 2413 ut
1808 2385 1884 2414 illius

1088 2431 1178 2453 contra
1199 2430 1224 2452 te
1239 2426 1356 2452 oratione
1371 2425 1470 2460 potius,
1486 2433 1567 2460 quam
1579 2433 1637 2450 mea
1647 2424 1793 2459 disputem.
1830 2423 1884 2456 Qui

1088 2463 1111 2489 si
1132 2467 1218 2490 tecum
1240 2462 1440 2498 congrediatur,
1463 2467 1489 2488 et
1507 2462 1531 2488 si
1552 2470 1604 2488 una
1620 2470 1684 2488 voce
1700 2461 1773 2496 loqui
1787 2461 1882 2496 possit.

1088 2500 1153 2527 haec
1172 2500 1256 2527 dicat:
1277 2483 1335 2536 Engo
1349 2499 1407 2530 tibi,
1420 2499 1579 2529 Laterensis,
1597 2498 1734 2525 Plancium
1747 2506 1798 2524 non
1809 2502 1884 2524 ante-

1088 2538 1182 2572 posui;
1214 2536 1271 2567 sed,
1283 2545 1369 2572 quum
1383 2536 1479 2563 essetis
1489 2544 1574 2570 aeque
1584 2535 1647 2562 boni
1658 2536 1718 2566 viri,
1731 2543 1822 2562 meum
1835 2535 1884 2561 be-

1089 2574 1214 2601 neficium
1235 2574 1268 2600 ad
1283 2582 1345 2600 eum
1359 2574 1448 2609 potius
1457 2572 1551 2604 detuli,
1563 2573 1612 2608 qui
1622 2581 1636 2599 a
1648 2581 1692 2599 me
1700 2571 1881 2603 contenderat,

1087 2620 1170 2646 quam
1180 2611 1214 2638 ad
1226 2619 1299 2642 eum,
1306 2612 1355 2646 qui
1365 2610 1432 2637 mihi
1443 2619 1496 2637 ιιοιι
1507 2611 1588 2637 nimis
1599 2610 1735 2636 submisse
1745 2609 1883 2645 supplica-

1087 2653 1136 2676 rat.
1176 2648 1371 2684 Respondebis,
1391 2647 1479 2678 credo,
1501 2651 1534 2679 te,
1548 2647 1690 2682 splendore
1709 2651 1735 2673 et
1750 2651 1882 2674 vetustate

1088 2685 1204 2712 familiae
1224 2686 1331 2717 fretum,
1353 2693 1406 2712 non
1420 2684 1498 2712 valde
1511 2684 1686 2712 ambiendum
1698 2688 1817 2719 putasse.
1847 2683 1883 2710 At

1914 2186 1917 2197 l
