1941 3052
410 148 456 174 IN
490 147 689 174 VERREM
721 147 820 174 ACT.
842 147 874 173 11.
910 147 996 173 LIB.
1019 147 1062 173 IV.
1096 147 1193 173 CAP.

77 223 115 252 tu,
131 228 183 246 non
197 217 375 254 expugnanda
389 218 517 244 venisset.
538 219 567 244 In
578 222 673 244 ornatu
687 218 762 244 urbis
777 217 871 244 habuit

77 257 201 284 victoriae
223 256 366 286 rationem,
396 255 492 282 habuit
514 255 700 282 humanitatis.

75 335 165 358 mento
178 330 238 357 urbi
252 339 311 357 esse
324 334 447 365 possent,
464 330 648 362 humanitatis,
664 339 717 357 non
732 329 809 365 plane
823 338 870 356 ex-

74 368 190 404 spoliare
203 368 310 399 urbem,
331 368 487 402 praesertim
502 376 583 403 quam
597 376 754 394 conservare
768 367 870 394 voluis·
889 389 891 397 ,

161 407 218 433 ⁴2⁴.
233 406 263 431 In
277 405 325 431 hac
340 405 481 439 partitione
494 409 603 431 ornatus
617 414 669 432 non
684 405 746 439 plus
760 404 868 431 victoria
890 404 891 407 ’

73 442 192 470 Marcelli
210 442 310 478 populo
324 443 442 469 Romano
455 443 597 477 appetivit,
620 451 701 477 quam
716 442 869 468 humanitas
889 437 891 471 ζ

74 409 124 432 set.

73 480 250 516 Syracusanis
264 480 421 506 reservavit.
442 481 553 506 Romam
567 488 636 514 quae
650 483 781 514 asportata
795 483 867 510 sunt,

73 518 107 544 ad
118 517 211 544 aedem
225 518 338 544 Honoris
352 521 431 552 atque
445 517 566 549 Virtutis,
582 517 701 551 itemque
715 516 774 542 aliis
787 517 816 542 in
831 515 870 542 lo-

72 555 112 582 cis
131 555 265 581 videmus.
306 554 379 581 Nihil
398 555 425 581 in
444 554 570 585 aedibus,
591 554 659 580 nihil
677 555 704 580 in
723 553 807 579 hortis
822 561 870 587 po-

72 593 136 624 suit,
153 592 219 619 nihil
234 593 262 619 in
276 592 446 618 suburbano:
462 592 574 626 putavit,
590 592 614 618 si
623 591 702 617 Urbis
713 594 868 616 ornamenta
889 610 890 613 ,

72 629 184 656 domum
202 638 279 656 suam
298 638 349 656 non
368 629 537 660 contulisset,
563 628 673 655 domum
696 636 772 654 suam
791 636 869 654 orna-

72 671 163 694 mento
176 667 241 694 Urbi
255 666 382 693 futuram.
423 666 561 702 Syracusis
575 670 664 692 autem
683 664 816 700 permulta
829 669 868 690 at-

71 713 125 740 que
144 705 251 741 egregia
272 704 394 739 reliquit:
422 704 506 729 Deum
530 711 594 730 vero
616 702 723 729 nullum
746 702 865 733 violavit,

72 741 179 768 nullum
193 742 291 777 attigit.
332 740 454 768 Conferte
468 741 591 767 Verrem:
616 749 669 766 non
688 744 717 766 ut
730 739 867 766 hominem

72 787 135 805 cum
150 779 257 806 homine
271 779 443 813 comparetis,
460 786 493 804 ne
506 786 560 812 qua
573 777 620 804 tali
634 777 692 804 viro
705 781 810 803 mortuo
823 776 869 803 fiat

71 816 184 843 iniuria:
200 816 248 843 sed
258 820 288 842 ut
298 824 390 850 pacem
400 824 462 842 cum
472 815 552 847 bello,
570 815 642 851 leges
652 823 715 841 cum
727 814 762 846 vi,
779 814 867 840 forum

72 857 99 880 et
115 853 327 880 iurisdictionem
343 862 405 879 cum
424 852 493 879 ferro
511 856 538 879 et
553 852 649 884 armis,
673 851 818 878 adventum
843 855 868 878 et

71 891 227 918 comitatum
241 899 303 917 cum
318 891 436 917 exercitu
450 894 476 916 et
489 889 598 916 victoria
612 889 764 916 conferatis.

128 929 180 955 LV.
204 929 261 955 ⁴22.
280 928 367 954 Aedes
381 928 517 954 Minervae
534 931 576 953 est
593 927 621 953 in
640 927 743 958 Insula,
764 926 797 953 de
815 935 868 961 qua

72 970 131 992 ante
145 965 215 992 dixi:
231 974 313 1000 quam
327 965 468 991 Marcellus
483 973 535 991 non
550 965 648 1000 attigit,
665 973 746 999 quam
761 963 867 998 plenam

71 1007 151 1038 atque
165 1007 282 1029 ornatam
297 1002 419 1038 reliquit:
435 1010 503 1038 quae
513 1002 546 1028 ab
556 1003 607 1029 isto
617 1002 656 1028 sic
667 1001 778 1036 spoliata
789 1006 868 1036 atque

71 1040 173 1075 direpta
188 1044 236 1072 est,
253 1049 304 1067 non
318 1044 348 1067 ut
357 1040 389 1066 ab
401 1040 475 1066 hoste
486 1039 585 1075 aliquo,
601 1039 648 1074 qui
660 1044 747 1065 tamen
758 1039 786 1065 in
797 1038 868 1065 bello

71 1077 234 1113 religionum
252 1082 278 1104 et
294 1077 497 1104 consuetudinis
515 1077 574 1103 iura
592 1077 728 1108 retineret,
749 1076 797 1102 sed
811 1080 840 1102 ut
854 1084 867 1102 a

71 1115 190 1142 barbaris
209 1115 389 1150 praedonibus
408 1119 501 1141 vexata
520 1123 578 1140 esse
602 1114 734 1140 videatur.
775 1114 867 1149 Pugna

72 1156 126 1179 erat
144 1153 276 1188 equestris
294 1152 432 1188 Agathocli
451 1152 521 1188 regis
539 1152 567 1178 in
586 1151 685 1178 tabulis
704 1152 773 1186 picta
792 1159 869 1186 prae-

71 1189 154 1216 clare:
180 1190 222 1216 his
243 1194 331 1216 autem
355 1190 453 1216 tabulis
477 1189 615 1216 interiores
638 1189 730 1224 templi
754 1189 868 1223 parietes

72 1227 263 1254 vestiebantur.
304 1226 377 1254 Nihil
396 1231 451 1253 erat
468 1235 497 1253 ea
521 1227 623 1262 pictura
645 1226 776 1257 nobilius,
801 1225 868 1252 nihil

72 1264 222 1300 Syracusis,
238 1264 311 1299 quod
325 1265 409 1301 magis
422 1264 563 1291 visendum
578 1268 724 1299 putaretur.
765 1264 816 1289 Has
831 1267 869 1289 ta-

71 1301 150 1328 bulas
165 1302 200 1328 M.
216 1301 370 1333 Marcellus,
391 1311 476 1337 quum
495 1302 596 1332 omnia,
618 1301 663 1327 illa
681 1301 791 1327 victoria
809 1309 866 1331 sua,

71 1338 182 1374 profana
196 1338 315 1371 fecisset,
336 1344 423 1366 tamen
441 1339 569 1374 religione
583 1338 729 1373 impeditus
743 1347 795 1365 non
810 1338 870 1364 atti—

71 1377 124 1412 git:
149 1377 212 1408 iste,
233 1385 317 1411 quum
337 1377 382 1403 illa
400 1377 467 1407 iam,
488 1380 595 1411 propter
608 1376 762 1402 diuturnam
777 1383 868 1410 pacem

73 1413 282 1449 fidelitatemque
303 1413 396 1449 populi
416 1413 575 1449 Syracusani
594 1421 667 1439 sacra
690 1412 869 1448 religiosaque

73 1451 227 1486 accepisset,
243 1460 336 1478 omnes
350 1460 394 1478 eas
405 1450 509 1477 tabulas
521 1450 645 1477 abstulit:
662 1451 785 1485 parietes,
802 1458 870 1485 quo-

72 1497 133 1514 rum
147 1493 256 1515 ornatus
271 1493 308 1515 tot
321 1488 426 1515 saecula
441 1492 582 1519 manserat,
600 1492 636 1514 tot
650 1487 720 1514 bella
731 1487 866 1523 effugerat,

73 1525 159 1552 nudos
173 1534 203 1552 ac
217 1525 376 1552 deformatos
388 1525 506 1561 reliquit.
529 1527 586 1552 ⁴23.
602 1525 635 1551 Et
645 1525 794 1556 Marcellus,
810 1525 866 1560 qui,

72 1563 95 1589 si
111 1562 256 1599 Syracusas
270 1564 397 1599 cepisset,
418 1563 472 1589 duo
491 1562 588 1597 templa
607 1571 636 1589 se
650 1563 747 1589 Romae
762 1562 870 1588 dedica—

72 1605 164 1627 turum
178 1606 293 1632 voverat,
310 1601 346 1633 id,
363 1600 434 1636 quod
449 1605 504 1626 erat
518 1600 715 1631 aedificaturus,
732 1599 774 1625 his
789 1600 869 1625 rebus

72 1645 172 1669 ornare,
189 1646 256 1673 quas
271 1643 387 1673 ceperat,
405 1637 503 1664 noluit:
524 1638 627 1668 Verres,
643 1638 690 1672 qui
706 1646 757 1663 non
772 1637 869 1663 Honori

72 1683 159 1710 neque
170 1675 276 1707 Virtuti,
293 1680 322 1702 ut
336 1675 389 1707 ille,
406 1675 453 1701 sed
465 1675 559 1701 Veneri
575 1679 599 1701 et
610 1674 737 1710 Cupidini
753 1680 811 1701 vota
823 1674 870 1700 de-

72 1711 154 1744 beret,
171 1713 194 1739 is
204 1713 338 1739 Minervae
353 1712 484 1748 templum
499 1711 612 1747 spoliare
626 1716 736 1738 conatus
747 1716 795 1738 est.
822 1711 869 1738 Ille

73 1749 137 1777 deos
159 1749 270 1777 deorum
295 1750 389 1785 spoliis
412 1759 504 1777 ornare
528 1749 628 1776 noluit:
654 1750 697 1776 hic
715 1754 869 1776 ornamenta

73 1787 208 1814 Minervae
231 1788 344 1824 virginis
366 1788 393 1814 in
416 1787 592 1814 meretriciam
619 1787 729 1813 domum
757 1787 867 1813 tratulit.

74 1823 181 1860 Septem
200 1829 226 1851 et
243 1826 339 1861 viginti
358 1829 491 1861 praeterea
510 1824 614 1851 tabulas
633 1824 814 1859 pulcherrime
829 1825 870 1859 pi-

73 1866 128 1888 ctas
146 1870 180 1889 ex
197 1862 289 1889 eadem
307 1862 372 1889 aede
386 1862 509 1889 sustulit:
529 1862 557 1888 in
571 1862 672 1897 quibus
687 1866 760 1888 erant
775 1862 870 1898 imagi-

75 1907 122 1926 nes
135 1898 242 1926 Siciliae
257 1909 350 1936 regum
368 1909 398 1927 ac
416 1904 603 1936 tyrannorum,
624 1908 692 1934 quae
711 1908 763 1926 non
781 1899 868 1926 solum

73 1937 205 1971 pictorum
220 1938 330 1965 artificio
347 1937 525 1968 delectabant,
546 1937 593 1963 sed
611 1937 689 1963 etiam
708 1945 870 1963 commemo-

74 1974 173 2001 ratione
188 1974 328 2001 hominum
342 1979 368 2002 et
380 1975 530 2011 cognitione
546 1973 701 2001 formarum.
724 1975 761 2000 Ac
772 1974 868 2004 videte,

73 2015 173 2046 quanto
183 2013 289 2039 taetrior
300 2012 343 2038 hic
354 2017 483 2048 tyrannus
495 2012 671 2047 Syracusanis
683 2011 771 2043 fuerit,
788 2020 868 2046 quam

73 2049 219 2083 quisquam
229 2050 412 2084 superiorum:
429 2058 513 2084 quum
525 2048 563 2075 illi
577 2053 663 2075 tamen
674 2049 792 2075 ornarint
804 2054 870 2075 tem-

73 2085 117 2121 pla
135 2085 246 2112 deorum
266 2086 469 2117 immortalium,
490 2086 534 2112 hic
552 2087 630 2112 etiam
649 2086 760 2112 deorum
775 2095 870 2112 monu-

74 2127 162 2149 menta
184 2127 263 2158 atque
281 2128 434 2150 ornamenta
458 2122 607 2150 sustulerit.
648 2124 711 2150 LVI.
734 2125 790 2150 ⁴⁶24.
815 2125 869 2150 Iam

74 2168 137 2187 vero
154 2161 221 2196 quid
240 2169 289 2197 ego
302 2161 335 2188 de
350 2161 436 2188 valvis
451 2160 524 2187 illius
540 2160 632 2195 templi
646 2161 870 2187 commemorem‘?

73 2197 183 2230 Vereor,
200 2207 232 2225 ne
248 2198 324 2229 haec,
341 2199 388 2234 qui
404 2207 455 2225 non
470 2199 608 2229 viderunt,
629 2199 717 2224 onmia
732 2207 774 2224 me
789 2199 869 2225 nimis

74 2243 171 2271 augere
190 2240 269 2270 atque
287 2244 379 2262 ornare
398 2236 572 2262 arbitrentur:
594 2235 666 2270 quod
686 2240 772 2262 tamen
792 2244 870 2262 nemo

74 2273 205 2307 auspicari
220 2273 311 2304 debet,
333 2278 385 2300 tam
400 2281 459 2299 esse
473 2281 515 2298 me
528 2273 673 2307 cupidum,
695 2277 724 2299 ut
743 2278 779 2299 tot
797 2274 869 2299 viros

74 2309 214 2344 primarios
229 2310 324 2342 velim,
342 2310 496 2345 praesertim
507 2318 540 2336 ex
551 2309 671 2336 iudicum
682 2319 805 2341 numero,
821 2311 868 2345 qui

75 2345 214 2383 Syracusis
229 2347 339 2379 suerint,
360 2348 407 2383 qui
422 2347 487 2374 haec
505 2346 632 2378 viderint,
654 2355 712 2373 esse
730 2348 868 2374 temeritati

75 2387 100 2410 et
117 2384 255 2411 mendacio
273 2394 332 2412 meo
346 2385 475 2412 conscios.
517 2384 678 2411 Confirmare
693 2384 741 2411 hoc
756 2385 867 2420 liquido,

75 2420 186 2453 iudices,
202 2430 322 2457 possum,
339 2423 430 2450 valvas
446 2421 694 2458 magnificentiores,
711 2431 744 2448 ex
757 2430 821 2448 auro
831 2427 870 2448 ut—

94 2466 127 2485 ue
144 2459 222 2486 ebore
241 2459 409 2495 perfectiores
429 2459 516 2486 nullas
538 2467 667 2493 umquam
692 2459 747 2485 ullo
771 2459 869 2494 templo

87 2495 168 2522 uisse.
208 2497 367 2524 Incredibile
380 2498 453 2524 dictu
468 2501 520 2528 est,
541 2504 621 2531 quam
637 2495 714 2522 multi
729 2497 822 2523 Graeci
836 2496 869 2522 de

75 2531 213 2560 valvarum
232 2534 327 2561 harum
341 2534 542 2571 pulchritudine
556 2533 686 2568 scriptum
701 2533 867 2568 reliquerint.

75 2568 195 2597 Nimium
218 2570 327 2599 forsitan
351 2572 415 2599 haec
438 2572 477 2598 illi
501 2571 632 2598 mirentur
653 2574 732 2605 atque
750 2571 866 2597 efferant.

74 2605 151 2640 Esto;
171 2613 355 2636 verumtamen
370 2609 508 2636 honestius
523 2613 562 2634 est
576 2607 739 2642 reipublicae
754 2612 866 2639 nostrae,

76 2643 192 2677 iudices,
207 2653 251 2677 ea,
266 2655 336 2682 quae
349 2646 404 2674 illis
419 2645 529 2681 pulchra
543 2653 601 2671 esse
617 2645 765 2677 videantur,
783 2645 869 2680 impe-

76 2685 187 2709 ratorem
201 2687 322 2710 nostrum
336 2684 363 2711 in
378 2683 448 2711 hello
462 2683 612 2718 reliquisse,
628 2691 710 2717 quam
721 2686 867 2717 praetorem

765 256 870 281 ‘ctoriae
890 274 891 284 ,

75 294 186 330 putabat
203 302 275 325 esse,
300 293 383 319 multa
401 293 512 319 Romam
531 293 681 327 deportare,
706 255 775 328 quiie
793 301 871 319 orna-
890 289 891 313 ἶ

1228 149 1256 173 51
1280 163 1316 166 -
1336 149 1379 174 58.
1665 150 1714 174 325

921 218 949 243 in
963 225 1026 251 pace
1041 217 1194 244 abstulisse.
1234 218 1275 244 Ex
1288 219 1366 245 ebore
1380 218 1587 253 diligentissime
1601 218 1715 253 perfecta

921 259 1075 290 argumenta
1099 259 1172 281 erant
1196 256 1224 281 in
1247 255 1346 282 valvis:
1375 264 1404 281 ea
1427 255 1588 281 detrahenda
1612 257 1715 282 curavit

921 292 1019 317 onmia.
1054 292 1184 328 Gorgonis
1198 301 1227 318 os
1243 292 1463 327 pulcherrimum,
1479 293 1605 319 crinitum
1620 294 1715 329 angui—

921 328 986 360 bus,
1007 329 1111 355 revellit
1129 334 1208 364 atque
1226 330 1350 357 abstulit:
1376 335 1401 356 et
1419 335 1506 356 tamen
1524 330 1665 360 indicavit,
1686 339 1714 357 se

921 375 973 392 non
987 366 1074 392 solum
1090 367 1211 398 artificio,
1228 367 1276 393 sed
1290 369 1367 394 etiam
1383 368 1467 402 pretio
1480 372 1649 402 quaestuque
1664 367 1715 394 du-

920 404 954 429 ci.
996 404 1061 429 Nam
1080 404 1167 430 bullas
1186 413 1279 430 aureas
1298 414 1390 431 omnes
1409 413 1442 431 ex
1459 405 1501 431 his
1520 404 1619 436 valvis,
1646 413 1714 439 quae

921 445 994 466 erant
1008 445 1033 466 et
1047 440 1145 467 multae
1156 446 1182 467 et
1191 450 1293 477 graves,
1311 451 1362 468 non
1373 442 1506 468 dubitavit
1516 441 1632 468 auferre:
1647 451 1715 477 qua-

920 486 980 503 rum
996 478 1044 503 iste
1060 487 1111 504 non
1121 487 1200 513 opere
1212 479 1401 511 delectabatur,
1417 479 1464 506 sed
1476 479 1600 514 pondere.
1623 480 1715 514 Itaque

920 515 1052 541 eiusmodi
1068 515 1158 541 valvas
1173 516 1289 551 reliquit,
1306 522 1343 547 ut,
1360 525 1428 552 quae
1442 517 1506 543 olim
1520 517 1553 542 ad
1566 517 1714 543 ornandum

921 552 1051 587 templum
1066 557 1139 579 erant
1154 554 1278 585 maxime,
1295 563 1365 580 nunc
1379 558 1481 580 tantum
1492 554 1524 580 ad
1535 553 1714 580 claudendum

920 588 1002 615 sactae
1017 598 1075 615 esse
1091 590 1240 616 videantur.
1283 593 1340 617 ⁴25.
1364 592 1486 617 Etiamne
1503 592 1653 627 gramineas
1668 591 1715 617 ha-

920 631 974 652 stas
985 627 1087 652 —vidi
1101 628 1172 653 enim
1188 636 1234 654 vos
1248 628 1275 654 in
1291 628 1338 654 hoc
1354 629 1468 660 nomine,
1485 637 1571 663 quum
1582 633 1661 655 testes
1673 628 1716 654 di-

919 668 1022 695 cerent,
1042 665 1218 696 commoveri,
1238 665 1311 700 quod
1325 671 1399 692 erant
1417 666 1562 696 eiusmodi,
1585 671 1613 692 ut
1631 666 1714 692 semel

920 701 1021 727 vidisse
1039 702 1104 727 satis
1123 707 1205 728 esset:
1234 703 1261 728 in
1280 703 1381 737 quibus
1405 711 1492 737 neque
1515 711 1595 729 manu
1615 703 1714 729 factum

920 738 1083 773 quidquam,
1104 747 1190 773 neque
1205 739 1376 773 pulchritudo
1391 745 1445 766 erat
1458 740 1526 771 ulla,
1547 740 1594 766 sed
1613 745 1714 766 tantum

920 775 1077 811 magnitudo
1091 776 1265 808 incredibilis,
1282 777 1315 803 de
1329 786 1382 812 qua
1396 777 1438 803 vel
1453 777 1545 803 audire
1559 778 1624 803 satis
1634 782 1712 808 esset,

920 813 1035 839 nimium
1053 813 1144 839 videre
1162 814 1223 848 plus
1241 823 1323 849 quam
1337 814 1420 840 semel
1434 829 1471 834 ·-—
1485 815 1598 840 etiamne
1611 814 1639 840 id
1653 824 1715 841 con-

919 849 1037 885 cupisti?
1069 851 1145 877 LVII.
1162 852 1228 877 Nam
1243 851 1360 887 Sappho,
1376 860 1446 887 quae
1460 851 1565 878 sublata
1578 851 1611 877 de
1625 857 1715 887 pryta-

920 896 969 914 neo
982 892 1035 919 est,
1051 887 1096 914 dat
1110 888 1157 914 tibi
1172 889 1270 915 iustam
1285 890 1497 920 excusationem,
1514 897 1595 924 prope
1610 893 1639 915 ut
1652 897 1716 915 con-

919 924 1069 951 cedendum
1084 930 1163 960 atque
1174 926 1367 962 ignoscendum
1378 935 1436 953 esse
1448 927 1578 953 videatur.
1603 928 1659 952 ⁴26.
1673 926 1716 952 Si-

921 962 1034 988 lanionis
1047 971 1116 997 opus
1131 967 1183 989 tam
1198 964 1359 998 perfectum,
1382 968 1434 990 tam
1454 963 1574 1000 elegans,
1595 968 1647 990 tam
1662 963 1716 989 ela-

920 999 1052 1031 boratum,
1069 1001 1215 1035 quisquam
1230 1010 1282 1028 non
1297 1001 1376 1028 modo
1390 1002 1520 1036 privatus,
1536 1001 1584 1027 sed
1598 1001 1716 1036 populus

920 1038 1009 1072 potius
1024 1037 1139 1069 haberet,
1155 1047 1237 1073 quam
1249 1039 1329 1065 homo
1338 1039 1555 1075 elegantissimus
1566 1043 1645 1073 atque
1655 1047 1717 1064 eru—

920 1075 1073 1101 ditissimus
1087 1075 1200 1102 Verres?
1223 1077 1351 1102 nimirum
1365 1081 1453 1103 contra
1468 1076 1521 1102 dici
1536 1076 1604 1102 nihil
1619 1080 1714 1110 potest.

921 1112 1047 1138 Nostrum
1065 1113 1137 1139 enim
1155 1122 1227 1139 unus
1245 1114 1376 1149 quisque,
1396 1114 1444 1149 qui
1462 1118 1516 1140 tam
1531 1114 1614 1144 beati,
1634 1122 1716 1148 quam

921 1149 971 1175 iste
984 1153 1034 1179 est,
1050 1158 1102 1176 non
1116 1159 1220 1182 sumus,
1238 1156 1291 1177 tam
1306 1151 1410 1177 delicati
1425 1159 1484 1177 esse
1496 1160 1547 1177 non
1558 1159 1714 1186 possumus,

920 1187 943 1213 si
957 1186 1065 1222 quando
1078 1187 1181 1222 aliquid
1196 1189 1348 1215 istiusmodi
1364 1189 1454 1215 videre
1469 1189 1551 1219 volet,
1571 1193 1614 1214 eat
1627 1187 1659 1214 ad
1674 1196 1717 1213 ae-

921 1223 982 1250 dem
997 1224 1150 1256 FelicitatiS,
1167 1225 1199 1251 ad
1215 1231 1418 1252 monumentum
1430 1226 1526 1257 Catuli,
1542 1226 1569 1252 in
1585 1226 1716 1260 porticum

921 1261 1034 1294 Metelli,
1060 1262 1104 1288 det
1117 1271 1238 1297 operam,
1260 1269 1289 1290 ut
1307 1263 1461 1290 admittatur
1479 1264 1506 1289 in
1525 1263 1639 1289 alicuius
1654 1263 1717 1289 isto-

921 1308 981 1325 rum
1000 1299 1197 1332 Tusculanum;
1223 1305 1324 1336 spectet
1343 1300 1428 1327 sorum
1448 1305 1584 1332 ornatum,
1610 1301 1632 1326 si
1650 1300 1717 1335 quid

920 1336 971 1362 iste
989 1345 1100 1363 suorum
1119 1338 1252 1364 aedilibus
1270 1338 1457 1365 commodarit:
1479 1338 1573 1365 Verres
1592 1338 1656 1364 haec
1670 1338 1717 1363 ha-

921 1373 981 1400 beat
998 1373 1089 1400 domi?
1113 1374 1207 1401 Verres
1225 1376 1387 1402 ornamentis
1407 1375 1527 1402 sanorum
1547 1380 1626 1410 atque
1640 1375 1718 1409 oppi—

921 1411 1016 1437 dorum
1028 1411 1122 1437 habeat
1134 1412 1239 1447 plenam
1251 1413 1370 1443 domum,
1388 1413 1465 1439 villas
1476 1412 1603 1439 refertas‘?
1616 1413 1717 1438 Etiam-

922 1456 955 1474 ne
969 1448 1051 1474 huius
1065 1450 1177 1483 operarii
1192 1450 1280 1476 studia
1295 1459 1324 1476 ac
1338 1450 1456 1481 delicias,
1473 1451 1584 1480 iudices,
1601 1449 1717 1484 periere-

922 1485 974 1511 tis‘?
992 1487 1038 1521 qui
1052 1487 1087 1512 ita
1102 1491 1179 1513 natus
1194 1492 1246 1517 est,
1263 1488 1298 1513 ita
1313 1487 1454 1518 educatus,
1472 1489 1506 1514 ita
1522 1487 1606 1513 sactus
1621 1492 1646 1513 et
1660 1488 1717 1512 ani-

922 1532 964 1549 mo
979 1528 1004 1549 et
1017 1532 1138 1558 corpore,
1156 1529 1185 1550 ut
1199 1525 1283 1551 multo
1298 1525 1442 1559 appositior
1456 1525 1488 1551 ad
1505 1525 1619 1554 ferenda,
1635 1533 1716 1559 quam

921 1561 953 1586 ad
972 1560 1114 1587 auferenda
1134 1562 1209 1597 signa
1224 1571 1283 1588 csse
1298 1563 1427 1589 videatur.
1472 1563 1527 1588 ⁴27.
1552 1563 1639 1596 Atque
1655 1562 1717 1587 haec

921 1598 1030 1632 Sappho
1048 1598 1153 1624 sublata
1172 1605 1303 1634 quantum
1322 1600 1485 1626 desiderium
1505 1600 1548 1625 sui
1568 1600 1714 1634 reliquerit,

921 1636 972 1662 dici
994 1636 1039 1662 vix
1057 1640 1151 1670 potest.
1193 1638 1259 1663 Nam
1279 1646 1362 1672 quum
1383 1638 1440 1672 ipsa
1457 1637 1505 1663 fuit
1520 1637 1624 1672 egregie
1640 1636 1715 1665 facta,

922 1677 978 1699 tum
997 1673 1160 1708 epigramma
1180 1674 1310 1700 Graecum
1332 1674 1467 1709 pernobile
1486 1675 1600 1700 incisum
1624 1674 1718 1700 habuit

922 1711 949 1736 in
963 1710 1034 1741 basi,
1056 1711 1128 1745 quod
1143 1711 1193 1737 iste
1211 1712 1333 1738 eruditus
1353 1712 1431 1738 homo
1449 1717 1474 1738 et
1488 1711 1648 1742 Graeculus,
1669 1712 1717 1745 qui

922 1748 987 1774 haec
1001 1748 1136 1774 subtiliter
1150 1749 1262 1779 iudicat,
1283 1750 1329 1784 qui
1345 1749 1419 1775 solus
1438 1749 1577 1784 intelligit,
1599 1749 1621 1774 si
1637 1757 1717 1774 unam

923 1785 1035 1811 litteram
1048 1786 1175 1812 Graecam
1186 1787 1288 1817 scisset,
1305 1791 1374 1813 certe
1387 1795 1437 1813 uon
1449 1787 1613 1813 sustulisset.
1642 1787 1717 1811 Nunc

922 1823 1006 1853 enim,
1031 1823 1103 1858 quod
1125 1823 1283 1858 inscriptum
1303 1829 1341 1850 est
1361 1824 1432 1850 inani
1452 1825 1478 1850 in
1498 1824 1568 1854 basi,
1593 1823 1715 1853 declarat,

921 1860 987 1895 quid
1007 1860 1099 1891 fuerit,
1121 1865 1146 1887 et
1165 1861 1191 1887 id
1210 1861 1328 1888 ablatum
1347 1862 1454 1888 indicat.
1495 1860 1584 1893 Quid?
1609 1861 1716 1896 signum

923 1898 1033 1924 Paeanis
1047 1906 1080 1924 cx
1094 1898 1158 1924 aede
1172 1898 1324 1934 Aesculapii
1341 1899 1472 1933 praeclare
1487 1898 1595 1929 factum,
1612 1907 1716 1924 sacrum

922 1944 951 1961 ac
970 1935 1139 1970 religiosum,
1161 1945 1213 1963 non
1231 1936 1385 1963 sustulisti?
1410 1936 1481 1971 quod
1500 1945 1593 1962 omnes
1612 1940 1718 1970 propter

923 1972 1151 2007 pulchritudinem
1166 1974 1265 2004 visere,
1287 1979 1393 2008 propter
1407 1973 1562 2009 religionem
1576 1973 1662 1999 colere
1675 1982 1718 1999 so-

923 2010 1020 2036 lebant.
1064 2012 1120 2037 ⁴28.
1139 2011 1230 2043 Quid‘?
1243 2020 1275 2037 ex
1289 2012 1353 2037 aede
1369 2011 1454 2037 Liberi
1470 2010 1644 2037 simulacrum
1658 2011 1714 2036 Ari-

921 2048 986 2073 staei
1006 2056 1057 2074 non
1077 2052 1122 2074 tuo
1140 2049 1252 2083 imperio
1266 2049 1352 2083 palam
1368 2048 1485 2074 ablatum
1501 2048 1558 2074 est'?
1578 2047 1666 2080 Quid?
1685 2057 1717 2073 ex

921 2085 985 2111 aede
1000 2086 1068 2111 Iovis
1083 2085 1317 2121 religiosissimum
1332 2086 1506 2112 simulacrum
1523 2086 1591 2111 Iovis
1603 2086 1717 2120 Impera-

921 2123 993 2154 toris,
1010 2131 1090 2158 quem
1107 2124 1199 2149 Graeci
1214 2124 1309 2158 (Νέρων
1324 2124 1468 2153 nominant,
1486 2123 1665 2158 pulcherrime
1680 2122 1718 2148 sa-

921 2164 1003 2191 ctum,
1021 2168 1107 2186 nonne
1121 2160 1276 2187 abstulisti?
1299 2161 1389 2193 Quid?
1409 2170 1441 2187 ex
1456 2161 1519 2186 aede
1534 2161 1644 2186 Liberae
1659 2169 1718 2194 par-

922 2206 986 2223 vum
1001 2197 1067 2223 illud
1081 2202 1161 2232 caput
1176 2198 1402 2233 pulcherrimum,
1423 2198 1495 2233 quod
1515 2198 1600 2223 visere
1614 2198 1718 2223 soleba-

921 2243 991 2266 mus,
1009 2243 1073 2261 num
1088 2235 1215 2261 dubitasti
1232 2235 1341 2262 tollere?
1359 2236 1444 2270 Atque
1460 2235 1504 2261 ille
1519 2235 1603 2260 Paean
1617 2234 1717 2260 sacriti—

921 2272 970 2297 ciis
990 2273 1178 2298 anniversariis
1196 2272 1278 2299 simul
1302 2281 1363 2299 cum
1383 2272 1541 2306 Aesculapio
1563 2272 1633 2306 apud
1659 2271 1717 2297 illos

921 2308 1070 2341 colebatur;
1100 2310 1249 2340 Aristaeus,
1269 2311 1317 2345 qui
1338 2309 1377 2346 [ut
1393 2310 1486 2336 Gracci
1507 2309 1606 2335 serunt.
1630 2309 1716 2334 Liberi

923 2344 1015 2382 lilius,]
1032 2347 1153 2372 inventor
1167 2347 1216 2372 olei
1232 2355 1290 2373 esse
1304 2347 1410 2377 dicitur,
1428 2355 1479 2372 una
1490 2355 1550 2372 cum
1565 2346 1657 2372 Libero
1672 2354 1717 2380 pa-

922 2387 960 2409 tre
984 2383 1055 2418 apud
1080 2383 1139 2409 illos
1163 2384 1255 2410 eodem
1279 2389 1334 2410 erat
1357 2385 1384 2410 iu
1408 2383 1508 2418 templu
1535 2388 1715 2409 consecratus.

922 2420 1009 2447 LVIII.
1032 2422 1088 2447 ⁴⁴29.
1115 2421 1202 2447 lovem
1223 2426 1311 2447 autem
1336 2421 1521 2455 imperatorem
1544 2426 1644 2455 quanto
1670 2420 1716 2446 ho-

923 2466 984 2483 nore
999 2458 1024 2483 in
1039 2466 1089 2483 suo
1103 2457 1202 2492 templo
1221 2458 1304 2484 fuisse
1322 2458 1506 2484 arbitramini?
1527 2458 1656 2484 coniiccre
1670 2466 1715 2492 po—

922 2495 1010 2525 testis,
1027 2495 1048 2520 si
1065 2496 1194 2521 recordari
1210 2495 1362 2525 volueritis,
1381 2500 1479 2530 quanta
1495 2495 1622 2531 religione
1637 2495 1716 2521 fuerit

920 2532 1012 2558 eadem
1027 2533 1115 2567 specie
1129 2535 1208 2567 atque
1224 2532 1305 2559 forma
1321 2533 1429 2567 signum
1442 2532 1518 2562 illud,
1534 2532 1606 2567 quod
1617 2541 1650 2559 ex
1661 2533 1714 2558 Ma—

920 2569 1028 2596 cedonia
1054 2574 1160 2604 captum
1184 2570 1211 2596 in
1234 2570 1364 2605 Capitolio
1389 2574 1513 2604 tumuerat
1536 2570 1712 2596 Flamininus.

921 2607 1024 2632 Etenim
1045 2608 1092 2633 tria
1112 2607 1263 2633 serebantur
1281 2608 1307 2633 in
1326 2608 1389 2633 orbe
1408 2611 1536 2633 terrarum
1555 2608 1631 2643 signa
1646 2608 1714 2634 Iovis

920 2644 1086 2678 imperatoris
1106 2653 1159 2671 uno
1178 2645 1204 2670 in
1222 2653 1318 2680 genera
1333 2644 1512 2679 pulcherrime
1527 2643 1607 2671 facta:
1630 2653 1713 2671 unum

920 2680 987 2708 illud
1003 2681 1214 2712 Macedonicum.
1230 2682 1303 2717 quod
1317 2682 1344 2708 in
1357 2681 1488 2716 Capitolio
1501 2681 1633 2708 vidimus:
1650 2682 1714 2708 ulte-
