1941 3052
214 161 262 186 370

214 231 275 257 huic
290 230 338 256 lioc
353 234 453 255 tantum
470 227 568 254 licllum
585 226 816 253 transmittendum
835 226 882 254 sit.
903 225 949 259 qui
968 223 1001 250 ad

211 270 299 295 omnin
316 272 416 294 nostrae
428 267 568 292 mcnmriac
581 264 647 290 bella
657 262 819 289 conficienda
833 262 925 288 divino
934 269 1002 296 quo-
1021 267 1023 297 g

211 305 272 332 dam
287 304 399 331 consilio
413 308 488 329 nutus
503 310 560 327 esim
576 300 712 327 videatur?
1021 299 1023 315 ¹

271 344 327 369 XV.
344 343 383 368 ⁴3.
405 342 436 367 t-:t
453 340 578 374 quoniam
597 338 737 364 uin-toritas
751 335 867 362 multum
882 335 908 361 in
923 333 1002 361 bellis
1022 331 1023 335 ¹

212 388 319 415 quoquo
336 377 554 404 administrandis
564 380 643 410 atquc
662 374 773 409 imperio
792 372 898 399 militari
922 371 1000 402 valet,
1022 385 1031 414 ¹1

211 422 280 443 certe
296 416 393 443 nomini
408 415 521 440 ‹lubium
535 417 587 442 cst,
607 413 672 446 quin
688 420 717 437 cn
732 419 758 437 re
773 410 843 436 idem
858 409 903 436 illc
918 409 1003 443 impe-

213 459 280 480 rator
295 453 439 488 plurimum
456 450 548 484 possit.
584 449 756 476 Velwnicntcr
769 452 857 474 autem
873 446 1003 481 pertinere

212 491 244 516 ad
264 490 330 516 bolla
350 487 571 517 administranda,
590 486 655 521 quid
676 486 778 515 hostes,
803 484 868 519 quid
887 484 951 510 socii
970 483 1003 509 dc

214 526 417 562 imperatoribus
429 525 524 551 vestris
538 524 700 553 existiment,
715 523 777 558 quis
792 522 902 557 ignorat.
918 529 1003 556 quum

213 567 339 593 sciamus,
357 563 478 589 homines
493 562 519 588 in
535 562 613 587 tantis
628 561 717 591 rebus,
735 565 762 586 ut
777 564 822 585 nut
835 562 1004 585 contemnant

212 607 257 628 aut
271 604 389 627 metuant
402 604 447 626 aut
459 598 563 625 oderint
577 603 622 625 aut
635 602 732 628 ament,
747 597 872 632 opinione
887 604 938 622 non
953 596 1004 621 mi-

214 648 264 666 nus
282 643 307 664 ct
327 637 408 667 lama.
427 645 508 672 quam
527 636 616 671 aliqua
629 640 698 662 certa
713 636 812 661 ratione
825 632 1005 660 commoveri?

212 675 286 708 Quod
303 676 384 708 igitur
399 683 493 700 nomen
508 682 636 708 umquam
652 673 678 700 in
692 673 755 699 orbe
767 677 894 698 terrarum
906 670 1004 697 clarius

213 713 281 739 l'uit‘?
305 713 383 739 cuius
398 721 439 738 res
453 716 541 746 gestae
556 709 649 745 parcs‘?
670 710 703 736 de
716 718 770 745 quo
785 709 891 735 homine
905 716 961 738 vos,
977 707 1004 733 id

211 750 283 785 quod
299 750 413 776 maxime
433 748 494 774 savit
511 749 705 778 auctoritatem,
727 752 796 773 tanta
815 751 840 772 ct
858 751 910 772 tam
929 753 1006 780 prae-

211 787 280 814 clara
295 786 393 813 iudicia
409 785 527 812 fecistis?
541 787 581 812 Η.
593 786 632 811 An
645 794 706 811 vcro
720 784 802 811 ullam
818 791 932 818 usquam
947 790 1005 808 esse

211 834 283 852 oram
299 829 350 851 tam
365 823 495 850 desertam
511 823 622 857 putatis,
646 831 700 857 quo
715 831 765 848 non
781 821 854 847 illius
867 820 921 847 diei
936 819 1004 846 tama

213 862 366 897 pervaserit,
382 869 467 895 quum
482 861 625 887 universus
638 859 754 894 populus
764 860 908 889 Romanus,
924 857 1006 884 reler-

213 905 239 926 to
253 899 308 925 l'oro
321 898 514 933 completisque
528 897 654 924 omnibus
669 897 785 932 templis,
801 905 833 922 ex
847 895 948 931 quibus
963 895 1006 920 hic

213 936 286 963 locus
297 936 415 970 conspici
426 940 519 970 potest,
534 943 617 961 unum
628 935 680 961 sibi
691 934 723 960 ad
734 942 875 960 commune
885 932 1005 959 omnium

211 975 331 1010 gentium
348 972 448 999 bollum
460 972 508 999 Cn.
522 973 677 1007 Pompeium
692 972 877 1006 imperatorem
889 970 1007 1004 depopo-

212 1010 280 1038 scit‘?
306 1011 409 1045 ltaque,
432 1014 462 1036 ut
475 1009 550 1045 plura
566 1018 616 1036 non
631 1009 718 1035 «licam
733 1017 819 1043 neque
833 1007 945 1034 aliorum
959 1015 1007 1033 ex-

213 1048 309 1083 emplis
323 1048 490 1078 confirmem,
511 1051 641 1082 quantum
661 1047 742 1072 huius
761 1046 902 1072 auctoritas
922 1044 1007 1070 valeat

201 1087 239 1113 'in
254 1085 333 1116 bello,
349 1085 381 1111 ab
392 1084 485 1111 eodem
497 1084 544 1111 Cn.
557 1084 681 1119 Pompeio
694 1083 814 1110 omnium
830 1091 917 1108 rerum
932 1089 1007 1117 egre-

212 1123 317 1159 giarum
331 1121 452 1157 exempla
466 1126 619 1148 sumantur:
644 1121 690 1156 qui
708 1129 763 1155 quo
775 1120 818 1146 die
832 1129 845 1146 a
860 1119 936 1146 vobis
951 1127 1008 1145 ma-

213 1161 301 1186 ritimo
315 1160 386 1186 bello
399 1160 566 1194 praepositus
579 1163 619 1185 est
636 1159 791 1193 imperator.
812 1162 881 1183 tanta
901 1160 1008 1191 repente

213 1197 302 1224 vilitas
321 1206 439 1223 annonae
458 1205 491 1223 cx
508 1204 614 1223 summa
634 1196 721 1230 inopia
739 1200 765 1221 ct
777 1195 884 1221 caritate
898 1194 936 1220 rei
950 1193 1008 1220 fru-

214 1235 357 1261 mentariae
370 1238 511 1261 consecuta
525 1238 573 1264 est,
591 1234 671 1260 unius
686 1233 802 1259 hominis
816 1240 864 1267 spe
877 1240 907 1258 ac
921 1231 1008 1258 nomi-

214 1280 254 1303 ne,
271 1276 396 1307 quantam
413 1272 459 1298 vix
472 1279 505 1298 ex
518 1279 624 1297 summa
640 1271 757 1297 ubertate
767 1278 890 1305 agrorum
901 1268 1008 1295 diutur-

213 1318 245 1336 na
261 1317 313 1344 pax
326 1308 430 1335 efticcre
444 1309 583 1343 potuisset.
625 1309 666 1334 45.
686 1308 749 1339 lam,
765 1312 871 1341 accepta
885 1307 911 1333 in
926 1306 1008 1333 Ponto

213 1346 360 1372 calamitate
375 1355 407 1372 ex
421 1354 451 1371 co
465 1345 572 1380 praelio,
588 1345 621 1372 dc
634 1353 689 1380 quo
704 1353 750 1371 vos
764 1344 854 1379 paullo
865 1348 925 1370 ante
937 1343 1008 1370 invi-

213 1388 256 1410 tus
267 1383 403 1414 admonui.
417 1392 502 1417 quum
514 1383 578 1409 socii
589 1382 798 1417 pertimuissent,
817 1382 933 1408 hostium
943 1389 1007 1415 opes

213 1421 349 1455 animique
368 1421 528 1451 crevissent.
553 1421 618 1446 satis
637 1420 744 1446 lirnium
763 1418 927 1454 praesidium
947 1426 1009 1453 pro—

213 1458 300 1484 vincia
314 1466 366 1484 non
381 1457 502 1484 haberet:
519 1458 677 1484 amisissetis
691 1457 796 1488 Asiam,
812 1456 938 1489 Quirites,
955 1455 1008 1482 nisi

212 1495 240 1522 id
254 1496 344 1530 ipsum
358 1495 486 1530 temporis
500 1494 630 1521 divinitus
641 1495 690 1522 Cn.
702 1494 858 1529 Pompeium
869 1493 902 1519 ad
913 1501 957 1520 eas
967 1501 1009 1519 re-

212 1533 305 1569 giones
323 1532 428 1559 fortuna
447 1531 540 1567 populi
554 1533 664 1559 Romani
678 1531 820 1558 attulisset.
860 1531 948 1557 Huius
961 1529 1009 1556 ad-

213 1575 310 1596 ventus
328 1575 354 1596 et
368 1569 548 1596 Mithridatem
567 1570 673 1596 insolita
690 1568 884 1596 inflammatum
900 1567 1009 1594 victoria

212 1607 343 1634 continuit
352 1612 378 1634 et
387 1607 529 1643 Tigranem
540 1608 645 1643 magnis
655 1607 740 1642 copiis
754 1606 920 1632 minitantem
930 1605 1009 1632 Asiae

213 1644 364 1671 retardavit.
394 1645 427 1671 Et
439 1645 585 1680 quisquam
598 1644 741 1675 dubitabit,
756 1643 823 1679 quid
837 1643 935 1669 virtute
948 1650 1010 1677 per-

214 1682 332 1709 fecturus
350 1682 398 1713 sit,
422 1682 470 1716 qui
489 1686 592 1708 tantum
611 1682 764 1708 auctoritate
781 1679 938 1715 profecerit?
963 1684 1010 1706 aut

213 1728 294 1754 quam
310 1718 386 1745 facile
399 1719 511 1753 imperio
525 1724 604 1754 atque
618 1719 736 1745 exercitu
750 1718 836 1745 socios
849 1721 875 1744 et
891 1717 1009 1752 vectiga-

215 1756 250 1783 lia
264 1761 471 1783 conservaturus
484 1757 528 1787 sit,
543 1757 591 1791 qui
605 1757 665 1791 ipso
679 1756 786 1782 nomine
800 1763 829 1781 ac
843 1763 950 1781 rumore
963 1754 1010 1780 de-

215 1793 346 1820 l'enderit‘.²
365 1793 435 1820 xvi,
452 1794 492 1820 46.
507 1794 564 1829 Age
578 1802 648 1824 vero,
665 1793 710 1820 illa
724 1801 766 1819 res
779 1796 907 1827 quantam
920 1791 1009 1818 decla-

215 1835 254 1857 rat
271 1830 392 1857 eiusdem
411 1831 528 1857 hominis
542 1830 613 1866 apud
627 1831 716 1857 hostes
730 1829 823 1865 populi
837 1829 947 1856 Romani
961 1837 1010 1855 au-

215 1869 376 1899 ctoritatem,
396 1867 469 1903 quod
483 1877 516 1894 ex
530 1868 594 1894 locis
609 1872 661 1894 tam
677 1867 832 1903 longinquis
846 1871 954 1901 tamque
967 1865 1010 1892 di-

216 1905 300 1931 versis
319 1910 370 1931 tam
389 1905 464 1931 brevi
483 1910 600 1940 tempore
613 1913 706 1932 omnes
719 1905 767 1932 uni
781 1904 845 1931 huic
857 1912 886 1930 se
900 1903 1010 1930 dedide-

216 1941 295 1969 runt?
307 1942 379 1977 quod
391 1942 558 1969 Cretensium
570 1942 658 1979 legati,
673 1951 760 1978 quum
772 1942 800 1968 in
814 1949 906 1968 eorum
922 1940 1009 1967 insula

216 1984 305 2006 noster
318 1980 461 2014 imperator
477 1980 665 2015 exercitusque
682 1984 765 2011 esset,
785 1978 818 2006 ad
832 1978 880 2005 Cn.
896 1979 1010 2013 Pompe-

214 2018 272 2043 ium
286 2017 314 2043 in
328 2016 437 2043 ultimas
447 2025 529 2052 prope
541 2021 622 2043 terras
635 2021 773 2047 venerunt,
789 2016 868 2051 eique
877 2024 906 2042 se
917 2024 1009 2042 omnes

215 2054 382 2081 Cretensium
404 2054 523 2080 civitates
545 2054 642 2080 dedere
664 2054 732 2081 velle
754 2052 897 2080 dixerunt?
921 2052 1010 2085 Quid?

216 2091 288 2117 idem
303 2091 352 2118 iste
366 2091 532 2118 Mithridates
546 2100 633 2118 nonne
647 2091 680 2118 ad
693 2091 819 2118 eumdem
833 2091 881 2117 Cn.
897 2091 1011 2125 Pompe-

216 2129 273 2155 ium
288 2127 405 2164 legatum
418 2137 506 2164 usque
520 2130 548 2155 in
562 2129 717 2164 Hispaniam
732 2127 824 2155 misit?
841 2136 912 2159 eum.
928 2136 1010 2163 quem

216 2166 361 2201 Pompeius
376 2165 492 2202 legatum
506 2175 613 2201 semper
626 2166 763 2197 iudicavit,
779 2166 807 2197 ii,
823 2165 926 2200 quibus
939 2173 1011 2191 sem-

216 2211 264 2238 per
277 2207 331 2229 erat
345 2203 497 2235 molestum,
513 2203 547 2230 ad
560 2212 622 2230 eum
633 2204 804 2238 potissimum
814 2211 874 2229 esse
883 2203 1008 2233 missum,

216 2240 423 2275 speculatorem,
456 2249 538 2276 quam
564 2241 680 2277 legatum
706 2241 819 2267 iudicari
846 2239 1008 2266 maluerunt.

218 2278 329 2304 Potestis
342 2278 424 2314 igitur
437 2279 489 2305 iam
503 2279 676 2310 constituere,
692 2277 822 2311 Quirites,
838 2277 907 2304 hanc
920 2282 1012 2304 aucto-

217 2315 334 2346 ritatem,
360 2315 453 2342 multis
471 2320 562 2351 postea
580 2316 661 2342 rebus
678 2316 763 2351 gestis
782 2315 942 2351 magnisque
964 2322 1011 2341 ve-

217 2353 280 2378 stris
295 2352 401 2379 iudiciis
415 2353 612 2388 amplificatam,
627 2357 759 2388 quantum
769 2353 841 2388 apud
851 2352 913 2379 illos
923 2360 1008 2388 reges,

217 2393 348 2431 quantum
366 2390 437 2425 apud
455 2395 558 2418 exteras
576 2391 696 2418 nationes
717 2390 859 2417 valituram
881 2398 942 2416 esse
963 2398 1012 2416 ex-

219 2428 351 2453 istimctis.

274 2464 315 2490 47.
331 2464 475 2499 Reliquum
485 2469 534 2496 est,
551 2469 580 2492 ut
590 2465 624 2492 de
633 2464 766 2495 felicitate,
782 2473 864 2500 quam
877 2468 1011 2499 praestare

218 2499 252 2526 de
265 2508 294 2526 se
307 2501 366 2535 ipso
380 2510 457 2528 nemo
471 2507 570 2537 potest,
590 2503 747 2529 meminisse
765 2507 790 2529 et
803 2509 1011 2529 commemorare

218 2536 252 2563 dc
266 2537 346 2564 altero
359 2547 516 2572 possumus,
533 2540 603 2566 sicut
616 2548 732 2575 aequum
747 2544 787 2566 est
800 2539 903 2566 homini
916 2539 949 2565 de
963 2547 1011 2574 po-

220 2578 312 2615 testate
326 2574 444 2607 deorum,
460 2577 554 2603 timide
567 2582 592 2604 et
605 2585 690 2612 pauca
703 2577 835 2604 dicamus.
868 2577 926 2612 Ego
939 2576 1011 2602 enim

219 2619 259 2636 sic
273 2612 410 2653 esistimo:
431 2614 556 2646 Maximo,
576 2614 709 2645 Marcello,
729 2613 858 2649 Scipioni,
879 2614 970 2645 Mario,
986 2617 1012 2640 et

219 2652 313 2674 ceteris
327 2650 431 2684 magnis
444 2651 658 2685 imperatoribus,
673 2660 724 2678 non
738 2651 826 2678 solum
840 2655 947 2686 propter
958 2651 1012 2677 vir-

220 2689 317 2717 tutem,
336 2686 383 2712 sed
396 2688 475 2714 etiam
489 2693 595 2723 propter
609 2688 754 2721 fortunam,
774 2689 882 2724 saepius
900 2687 1013 2724 imperia

780 154 822 180 27.
860 152 894 179 M.
927 152 958 179 T.
992 149 1268 180 ClCERONlS

1052 222 1174 250 mandata
1188 227 1268 257 atquo
1281 222 1413 249 exercitus
1426 230 1486 248 ease
1498 222 1664 248 commissos.
1697 222 1759 249 Fuit
1771 223 1842 249 euim

1053 260 1168 295 prolecto
1181 259 1344 295 quibusdam
1358 260 1473 286 summis
1488 261 1551 286 viria
1563 259 1693 294 quaedam
1703 260 1736 286 nd
1747 259 1843 295 ampli-

1022 320 1023 327 ,
1054 297 1173 324 tudinem
1192 301 1218 323 ct
1235 296 1346 332 gloriam
1365 301 1391 323 ct
1407 296 1440 322 ad
1454 306 1496 323 rea
1510 306 1619 330 inagnas
1634 297 1701 323 bene
1714 297 1844 332 gerendas

1053 334 1184 360 divinitus
1198 334 1322 360 adiuncta
1336 333 1454 360 fortuna:
1472 334 1506 360 de
1525 335 1606 360 liuius
1625 339 1712 360 autem
1728 334 1845 361 homini»

1054 372 1187 402 felicitate,
1202 379 1258 406 quo
1270 371 1303 397 de
1317 379 1388 397 nunc
1401 372 1516 406 agimus,
1534 372 1582 397 bac
1596 377 1654 397 utar
1668 371 1846 398 moderatione

1053 408 1173 439 dicendi,
1194 417 1245 435 non
1264 413 1293 435 ut
1311 409 1337 435 in
1356 408 1430 434 illius
1445 413 1570 443 potestate
1585 408 1717 435 fortunam
1733 409 1845 443 positam

1054 454 1113 472 esse
1127 446 1223 476 dicam,
1239 445 1286 472 sed
1302 450 1330 472 ut
1344 447 1481 480 praeterita
1493 447 1656 475 meminisse,
1673 446 1774 481 reliqua
1784 454 1847 481 spo-

1055 491 1111 510 rare
1126 483 1273 513 videamur,
1290 491 1322 509 nc
1335 487 1381 509 aut
1394 483 1479 509 invisa
1493 483 1546 509 diis
1559 483 1755 510 immortalibus
1765 484 1848 510 oratio

1056 525 1144 547 nostra
1157 525 1203 547 aut
1217 521 1317 556 ingrata
1332 528 1392 546 esso
1406 520 1536 547 videatur.
1559 521 1599 547 4⁸.
1616 521 1706 555 ltaque
1720 529 1771 547 non
1784 529 1846 547 sum

1056 557 1270 593 praedicaturus.
1289 556 1420 589 Quirites,
1439 562 1553 592 quantas
1572 557 1617 584 ille
1635 566 1676 583 res
1689 557 1761 584 domi
1776 557 1848 584 mili-

1057 596 1170 630 tiaeque,
1186 599 1253 621 terra
1268 596 1397 630 marique,
1413 599 1566 630 quantaque
1581 594 1705 621 felicitate
1718 595 1846 630 gesserim

1056 637 1085 660 ut
1098 633 1157 659 eius
1171 641 1277 667 semper
1291 632 1474 659 voluntatibus
1489 641 1540 658 non
1555 631 1632 658 modo
1641 632 1714 658 cives
1724 639 1848 659 assense-

1056 671 1117 701 rint,
1133 670 1198 696 socii
1209 670 1424 704 obtemperarint.
1442 670 1531 696 hostes
1541 669 1698 700 obedierint,
1711 669 1758 696 sed
1768 670 1849 696 etim

1058 707 1128 734 venti
1143 712 1368 742 tempestatesque
1381 707 1597 734 obsecundarint.
1623 707 1676 733 Hoc
1690 706 1849 733 brevissimo

1056 745 1157 776 dicam,
1178 745 1312 771 neminem
1330 753 1460 780 umquam
1478 749 1531 771 tam
1551 743 1734 779 impudentem
1753 743 1847 773 fuisse.

1056 783 1103 818 qui
1122 791 1135 809 a
1153 781 1206 808 diis
1225 781 1421 809 immortalibus
1441 786 1478 808 tot
1494 786 1520 808 et
1537 786 1622 808 tantas
1637 789 1678 808 res
1693 781 1788 808 tacitus
1801 789 1850 807 au-

1057 820 1130 847 deret
1148 824 1251 855 optare,
1271 824 1338 855 quot
1354 824 1380 846 et
1397 824 1510 855 quantas
1524 819 1561 845 dii
1576 818 1738 845 immortales
1752 818 1785 845 ad
1799 818 1848 845 Cn.

1057 857 1213 893 Pompeium
1228 856 1390 883 detulerunt.
1411 856 1487 889 Quod
1503 861 1531 883 ut
1545 856 1583 883 illi
1599 857 1736 891 proprium
1750 864 1780 882 ac
1790 863 1851 891 per-

1058 900 1168 930 petuum
1182 895 1230 925 sit.
1250 894 1379 926 Quirites,
1399 903 1484 929 quum
1497 894 1648 921 communis
1662 893 1757 920 salutis
1770 898 1851 928 atque

1058 933 1172 967 imperii,
1189 937 1246 958 tum
1260 932 1348 966 ipsius
1358 932 1475 959 hominis
1485 939 1579 958 caussa
1588 931 1677 967 (sicuti
1687 930 1784 966 facitis)
1794 929 1851 957 vel-

1058 969 1083 997 le
1096 974 1122 996 et
1134 974 1224 1004 optare
1238 969 1352 996 debetis.

1114 1008 1155 1034 ⁴9.
1170 1006 1256 1039 Quare
1269 1015 1354 1042 quum
1369 1011 1395 1033 et
1408 1005 1509 1033 bellum
1523 1007 1559 1033 sit
1571 1006 1607 1032 ita
1619 1005 1809 1036 necessarium,
1822 1009 1853 1032 ut

1058 1044 1158 1080 negligi
1173 1052 1224 1071 non
1240 1045 1336 1079 possit,
1352 1045 1387 1070 ita
1402 1052 1543 1080 magnum,
1564 1048 1593 1070 ut
1606 1042 1804 1069 accuratissime
1816 1042 1853 1069 sit

1058 1082 1313 1112 administrandum,
1333 1086 1359 1108 et
1375 1090 1460 1116 quum
1474 1082 1498 1108 ei
1513 1081 1696 1116 imperatorem
1711 1079 1853 1115 praeficere

1058 1120 1182 1154 possitis,
1207 1119 1234 1145 in
1247 1127 1302 1154 quo
1315 1120 1350 1145 sit
1362 1119 1459 1145 eximia
1478 1118 1540 1145 belli
1557 1118 1681 1148 scientia,
1705 1116 1852 1153 singularis

1059 1157 1158 1188 virtus,
1173 1156 1321 1183 clarissima
1335 1157 1489 1186 auctoritas,
1510 1156 1615 1191 egregia
1630 1154 1748 1181 fortuna:
1771 1153 1853 1180 dubi-

1059 1194 1162 1225 tabitis,
1182 1193 1312 1226 Quirites,
1332 1194 1398 1229 quin
1413 1194 1462 1220 hoc
1476 1197 1578 1219 tantum
1594 1193 1668 1222 boni,
1688 1191 1762 1227 quod
1775 1191 1853 1218 vobis

1059 1232 1091 1258 ab
1104 1231 1157 1258 diis
1171 1231 1368 1258 immortalibus
1381 1230 1501 1258 oblatum
1515 1235 1541 1257 et
1553 1230 1645 1256 datum
1663 1234 1716 1260 est.
1737 1229 1765 1255 in
1782 1236 1848 1255 rem·

1059 1269 1195 1304 publicam
1213 1268 1422 1295 conservandam
1441 1273 1520 1303 atque
1534 1266 1749 1302 amplificandam
1763 1265 1853 1292 conio-

1059 1305 1141 1333 ratis‘?
1158 1306 1239 1332 xvu.
1255 1307 1297 1332 50.
1312 1305 1390 1338 Quod
1403 1306 1426 1332 si
1436 1305 1534 1332 Romae
1545 1304 1593 1331 Cn.
1606 1304 1749 1338 Pompeius
1762 1303 1853 1338 priva-

1059 1349 1102 1370 tus
1119 1347 1191 1370 esset
1208 1343 1257 1369 hoc
1275 1347 1406 1378 tempore,
1430 1347 1518 1369 tamen
1537 1341 1569 1368 ad
1587 1346 1690 1368 tantum
1709 1340 1811 1367 bellum
1829 1340 1853 1366 is

1059 1385 1114 1408 erat
1127 1380 1287 1416 deligendus
1301 1384 1382 1416 atque
1392 1379 1548 1407 mittendus.
1571 1379 1656 1410 Nunc,
1672 1386 1757 1414 quum
1767 1377 1800 1405 ad
1809 1385 1854 1405 oe-

1059 1423 1127 1445 teras
1141 1426 1262 1444 summas
1278 1417 1406 1444 utilitates
1419 1417 1484 1444 baec
1496 1425 1604 1452 quoque
1613 1417 1797 1452 opportunitas
1806 1415 1855 1442 ad-

1058 1457 1194 1492 iungatur,
1209 1459 1240 1482 ut
1253 1455 1282 1482 in
1294 1455 1329 1482 iis
1342 1455 1410 1490 ipsis
1425 1454 1490 1481 locis
1503 1454 1585 1485 adsit,
1601 1459 1631 1481 ut
1644 1454 1740 1480 habeat
1752 1453 1855 1480 exerci-

1059 1498 1130 1525 tum,
1150 1497 1180 1520 ut
1198 1492 1231 1519 ab
1248 1493 1296 1524 iis,
1316 1493 1364 1528 qui
1382 1492 1493 1523 habent,
1514 1492 1632 1526 accipere
1650 1491 1739 1518 statim
1757 1490 1852 1526 possit,

1059 1531 1126 1566 quid
1140 1529 1347 1565 exspectamus?
1359 1534 1405 1557 aut
1417 1538 1465 1556 cur
1478 1538 1539 1560 non,
1555 1529 1671 1556 ducibus
1681 1528 1734 1555 diis
1743 1528 1855 1554 immor-

1060 1568 1172 1599 talibus,
1192 1567 1293 1599 eidem,
1312 1568 1357 1594 cui
1369 1571 1455 1594 cetera
1469 1575 1575 1593 summa
1587 1575 1650 1593 cum
1664 1565 1751 1592 salute
1763 1565 1856 1600 reipu-

1059 1605 1145 1632 blicae
1167 1606 1310 1631 commissa
1331 1609 1409 1636 sunt,
1437 1603 1487 1631 hoc
1502 1611 1612 1639 quoque
1629 1602 1732 1630 bellum
1749 1603 1855 1639 regium

1059 1641 1272 1670 committimus?

1115 1681 1157 1707 54.
1172 1679 1206 1706 At
1219 1679 1291 1706 enim
1304 1679 1347 1705 vir
1359 1677 1536 1709 clarissimus,
1551 1677 1753 1704 amantissimus
1763 1676 1855 1711 reipu-

1059 1717 1158 1748 blicae,
1173 1717 1271 1743 vestris
1285 1715 1421 1743 beneficiis
1435 1715 1612 1750 amplissimis
1625 1714 1743 1745 affectus,
1757 1713 1790 1746 Q.
1805 1713 1855 1740 Ca-

1060 1755 1143 1785 tulus.
1160 1754 1279 1789 itemque
1292 1754 1408 1780 summis
1417 1753 1580 1780 ornamentis
1591 1752 1707 1783 honoris,
1723 1750 1853 1782 fortunae,

1060 1792 1182 1822 virtutis.
1198 1791 1299 1827 ingenii
1313 1790 1458 1826 praeditus,
1474 1789 1506 1822 Q.
1521 1789 1688 1819 Hortensius,
1703 1788 1736 1815 ab
1750 1787 1800 1814 hac
1812 1796 1855 1815 ra-

1060 1830 1131 1856 tione
1144 1828 1321 1855 dissentiunt:
1337 1836 1453 1863 quorum
1466 1835 1516 1863 ego
1529 1827 1711 1853 auctoritatem
1723 1824 1796 1860 apud
1806 1833 1855 1852 vos

1060 1866 1154 1893 multis
1177 1865 1243 1892 locis
1266 1865 1415 1900 plurimum
1436 1864 1556 1891 valuisse
1578 1868 1604 1890 et
1625 1863 1714 1890 valere
1734 1866 1856 1898 oportere

1061 1903 1199 1934 confiteor,
1219 1903 1267 1930 sed
1281 1903 1308 1929 in
1322 1902 1372 1929 hac
1385 1910 1494 1934 mussa,
1513 1901 1620 1928 tametsi
1632 1900 1793 1937 cognoscitis
1806 1907 1856 1926 au-

1061 1942 1194 1968 ctoritates
1207 1941 1350 1967 contrarias
1364 1940 1484 1966 virorum
1497 1938 1706 1966 fortissimorum
1719 1941 1746 1964 et
1761 1936 1856 1964 claris-

1061 1979 1204 2009 simorum,
1224 1982 1326 2009 tamen,
1345 1977 1454 2004 omissis
1472 1976 1688 2007 auctoritatibus.
1706 1975 1766 2010 ipsa
1784 1983 1813 2001 re
1829 1978 1856 2002 et

1061 2017 1161 2043 ratione
1175 2016 1315 2050 exquirere
1328 2023 1475 2050 possumus
1488 2014 1640 2041 veritatem:
1659 2017 1740 2048 atque
1752 2011 1803 2039 hoc
1815 2011 1856 2038 sa-

1061 2053 1155 2084 citius,
1174 2052 1248 2088 quod
1261 2061 1290 2079 ea
1304 2052 1406 2084 omnia,
1426 2060 1495 2087 quae
1512 2051 1600 2078 adhuc
1613 2059 1628 2077 a
1641 2058 1685 2077 me
1697 2049 1767 2076 dicta
1780 2053 1853 2080 sunt,

1061 2091 1143 2118 iidem
1153 2091 1199 2117 isti
1210 2098 1272 2116 vera
1281 2098 1341 2116 esse
1350 2089 1507 2120 concedunt,
1523 2093 1550 2115 et
1558 2088 1739 2115 necessarium
1752 2085 1855 2113 bellum

1061 2136 1121 2155 esse
1137 2132 1164 2154 et
1181 2136 1309 2163 magnum
1327 2127 1394 2154 etin
1408 2135 1463 2153 uno
1476 2125 1524 2153 Cn.
1539 2125 1666 2160 Pompeio
1677 2132 1784 2151 summa
1796 2131 1856 2150 esse

1061 2165 1160 2192 omnia.
1189 2166 1232 2192 52.
1247 2164 1318 2197 Quid
1331 2165 1413 2200 igitur
1426 2164 1464 2190 ait
1475 2161 1650 2190 Hortensius?
1663 2161 1692 2188 Si
1705 2162 1753 2188 uni
1766 2160 1856 2188 omnia

1061 2202 1202 2230 tribuenda
1219 2202 1286 2234 sint,
1305 2210 1391 2228 unum
1409 2201 1601 2237 dignissimum
1614 2207 1673 2226 esse
1685 2199 1854 2233 Pompeium,

1062 2240 1110 2267 sed
1123 2240 1157 2266 ad
1170 2248 1255 2266 unum
1269 2244 1358 2266 tamen
1370 2239 1460 2265 omnia
1473 2237 1569 2264 deferri
1583 2245 1636 2264 non
1649 2240 1778 2272 oportere.
1799 2234 1856 2262 ob-

1061 2277 1158 2304 solevit
1169 2278 1223 2304 iam
1237 2277 1287 2303 ista
1301 2276 1396 2307 oratio,
1416 2284 1445 2302 re
1461 2274 1547 2302 multo
1564 2275 1650 2310 magis
1668 2281 1750 2309 quam
1764 2272 1856 2299 verbis

1061 2314 1183 2342 refutata.
1224 2314 1291 2340 Nam
1305 2318 1334 2340 tu
1348 2313 1428 2344 idem,
1444 2312 1476 2345 Q.
1491 2312 1623 2342 Hortensi,
1639 2310 1733 2342 multa,
1748 2318 1797 2345 pro
1808 2314 1855 2337 tua

1061 2361 1168 2380 summa
1181 2352 1257 2387 copia
1271 2360 1301 2378 ac
1313 2350 1444 2386 singulari
1458 2349 1582 2376 facultate
1595 2347 1716 2379 dicendi,
1731 2351 1758 2374 et
1770 2347 1798 2374 in
1811 2355 1856 2374 se-

1062 2394 1126 2417 natu
1142 2394 1233 2416 contra
1250 2389 1339 2415 virum
1357 2388 1451 2414 fortem
1464 2387 1496 2413 A.
1512 2386 1658 2413 Gabinium
1674 2385 1793 2421 graviter
1812 2392 1857 2412 or-

1062 2432 1177 2462 nateque
1193 2426 1300 2457 dixisti,
1319 2433 1405 2461 quum
1422 2425 1447 2451 is
1463 2423 1497 2450 de
1514 2431 1568 2450 uno
1585 2423 1744 2457 imperatore
1765 2425 1855 2449 contra

1062 2465 1208 2500 praedones
1225 2462 1412 2490 constituendo
1432 2461 1518 2497 legem
1540 2459 1749 2496 promulgasset,
1774 2463 1801 2486 et
1821 2466 1856 2485 ex

1062 2502 1112 2529 hoc
1129 2502 1189 2536 ipso
1207 2500 1263 2528 loco
1276 2499 1409 2535 permulta
1420 2500 1485 2526 item
1498 2502 1588 2525 contra
1601 2505 1659 2523 eam
1674 2496 1760 2532 legem
1773 2495 1855 2522 verba

1062 2539 1158 2566 fecisti.
1179 2540 1222 2565 53.
1237 2536 1327 2570 Quid?
1339 2541 1405 2567 tum.
1420 2544 1469 2571 per
1481 2535 1545 2562 deos
1558 2533 1736 2565 immortales,
1755 2533 1779 2560 si
1792 2531 1856 2568 plus

1062 2576 1133 2611 apud
1144 2575 1275 2611 populum
1284 2575 1432 2601 Romanum
1447 2572 1589 2599 auctoritas
1602 2576 1656 2601 tua,
1671 2578 1754 2606 quam
1766 2570 1856 2605 ipsius

1062 2613 1155 2648 populi
1169 2612 1280 2640 Romani
1294 2611 1369 2638 salus
1382 2615 1408 2637 et
1421 2619 1483 2637 vera
1495 2617 1590 2636 caussa
1607 2608 1750 2635 valuisset:
1775 2606 1856 2634 hodie

1063 2651 1132 2677 hanc
1148 2649 1262 2686 gloriam
1280 2653 1360 2684 atque
1376 2648 1427 2675 hoc
1439 2647 1513 2675 orbis
1527 2651 1610 2674 terrae
1623 2645 1768 2681 imperium
1780 2648 1856 2671 tene-

1062 2686 1172 2715 remus?
1196 2686 1237 2714 An
1255 2686 1304 2714 tibi
1319 2690 1376 2714 tum
1393 2685 1538 2721 imperium
1555 2691 1616 2711 esse
1631 2683 1682 2710 hoc
1702 2681 1853 2712 videbatur,
