1941 3052
306 130 481 155 EPISTOL.
504 129 551 155 Al)
572 129 746 155 ATTICL'M
768 129 837 155 LIB.
861 128 943 155 XIII.
965 128 1020 154 ΕΡ.
1043 129 1084 154 52.

83 207 178 230 tectus.
219 202 244 227 2.
265 199 306 226 Ad
326 199 527 235 obsignandum
548 205 576 226 tu
597 200 737 226 adbibitus
753 208 805 226 non
821 200 879 225 sine
907 198 909 201 '

83 247 178 266 caussa
191 237 302 264 videris.
342 237 440 264 Voluut
454 238 526 263 enim
538 246 586 264 nos
598 238 631 264 ita
644 242 747 272 putare.
773 237 877 266 Nescio.

83 286 132 303 cur
152 284 204 302 non
220 275 310 301 animo
325 283 433 309 quoque
449 275 575 301 sentiant.
615 274 667 301 Sed
682 274 749 310 quid
766 274 831 300 haec
847 273 879 300 ad

83 312 150 340 nos‘?
163 313 280 339 Odorare
291 316 380 338 tamen
392 313 500 338 Antonii
515 312 652 339 διάθεσινῑ
670 321 751 347 quem
768 311 879 347 quidem

83 359 133 386 ego
144 349 285 385 epularum
298 350 384 385 magis
395 349 509 376 arbitror
522 350 652 375 rationem
668 349 780 380 habere,
798 357 878 384 quam

83 387 234 423 quidquam
251 386 314 413 mali
329 387 455 422 cogitare.
496 387 550 417 Tu,
573 387 596 412 si
615 387 681 421 quid
698 386 880 423 πραγματικόν

84 425 177 455 hahes,
191 424 293 451 scribe:
307 425 350 450 sin
362 425 467 455 minus,
484 424 579 459 populi
591 424 777 458 ἐπισημασίαιν,
792 428 817 449 et
829 423 881 448 mi-

84 471 190 489 morum
201 461 272 488 dicta
284 461 453 496 perscribito.
494 461 576 487 Piliae
588 466 613 488 et
623 461 725 488 Atticae
736 461 860 487 salutem.

138 535 176 556 IV.
201 537 272 556 (Lan-u

270 579 437 607 CICERO
466 580 635 606 ATTICO
664 580 691 606 S.

142 620 164 644 l.
187 612 271 644 Nunc
285 617 352 652 quid
369 622 447 652 putas
462 626 505 643 me
522 616 655 643 Lanuvii?
674 617 707 643 At
722 626 771 652 ego
786 622 809 643 te
821 617 882 643 istic

83 655 206 691 quotidie
234 654 339 690 aliquid
359 655 423 681 novi
446 655 580 689 suspicor.
625 655 740 680 Tument
764 655 880 689 negotia.

84 694 152 719 Nam
163 701 248 728 quum
255 693 362 723 Matius,
376 691 444 727 quid
455 700 549 718 censes
559 691 679 718 ceteros?
688 691 822 726 Equidem
834 691 882 717 do—

84 730 139 762 leo,
157 730 230 765 quod
247 738 396 764 numquam
412 730 439 755 in
450 728 505 755 ulla
516 730 624 755 civitate
636 729 746 759 accidit.
764 737 816 755 non
829 737 881 754 una

84 777 147 794 cum
164 768 285 794 libertate
300 766 497 801 rempublicam
513 771 708 801 recuperatam.
748 766 882 792 Horribile

84 810 133 836 est,
147 814 216 840 quae
229 804 381 839 loquantur,
394 812 463 838 quae
475 804 643 830 minitentur.
664 803 702 830 Ac
713 812 807 829 vereor
818 802 883 829 Gal-

85 842 135 869 lica
156 843 237 869 etiam
258 841 341 869 bella:
365 842 423 876 ipse
444 841 543 867 Sextus
563 850 618 875 quo
638 841 743 867 evadat.
783 842 809 867 2.
831 840 883 866 Sed

83 880 174 907 onmia
185 879 246 906 licet
256 883 424 909 concurrant,
433 877 496 904 Idus
503 879 613 905 Martiae
623 878 804 905 consolantur.
830 879 884 904 No-

84 918 133 944 stri
145 922 233 943 autem
243 916 333 952 ἥρωες,
344 915 419 950 quod
429 924 476 950 per
488 916 561 950 ipsos
572 915 667 942 confici
680 916 775 950 potuit,
784 915 884 950 glorio-

83 955 193 981 sissime
208 958 234 981 et
248 953 516 989 magnificentissime
531 952 713 980 confecerunt.
754 952 883 987 Reliquae

84 1000 126 1018 res
142 1000 206 1027 opes
221 995 248 1018 et
262 991 352 1026 copias
369 990 535 1021 deelderant,
553 999 621 1025 quas
636 990 725 1017 nullas
738 990 882 1016 hahemus.

83 1030 153 1056 Haec
164 1037 213 1065 ego
225 1028 258 1055 ad
269 1033 303 1060 te,
316 1032 354 1059 ut,
368 1029 392 1054 si
404 1028 471 1063 quid
482 1029 555 1059 novi,
563 1028 635 1063 (nam
646 1028 767 1063 quotidie
779 1027 884 1062 aliquid

84 1066 232 1102 exspecto‚)
247 1065 389 1093 confestim
401 1065 435 1092 ad
447 1074 502 1092 me:
525 1070 564 1096 et,
582 1066 606 1092 si
618 1066 681 1092 novi
693 1065 776 1097 nihil,
795 1071 884 1092 nostro

84 1113 157 1131 more
168 1109 256 1131 tamen
267 1112 300 1129 ne
312 1103 447 1138 patiamur
460 1103 601 1130 intermitti
616 1102 757 1130 litterulas.
798 1103 885 1138 Equi-

84 1141 146 1168 dem
157 1150 210 1168 non
221 1142 397 1168 committam.

273 537 299 556 ii.
308 536 399 557 Antonio,
410 536 508 554 Dolabella
520 543 565 553 eoas.
576 538 629 559 710.)

137 1211 165 1232 V.
194 1213 291 1234 (Asturae.
301 1212 392 1232 Antonin,
402 1211 504 1229 Dolabella
515 1218 560 1229 coss.
571 1213 625 1234 710.)

272 1246 441 1273 CICERO
469 1246 638 1274 ATTICO
668 1247 696 1273 S.

144 1286 166 1311 l.
183 1279 272 1319 Spero
284 1284 333 1311 tibi
345 1285 398 1310 iam
409 1292 478 1315 esse,
492 1288 521 1311 ut
532 1284 668 1315 volumus,
682 1284 811 1319 quoniam
821 1284 886 1318 qui·
913 1293 915 1309 1

85 1322 147 1348 dem
158 1321 294 1356 ἠσίτησας,
310 1330 396 1356 quum
409 1321 503 1348 leviter
513 1327 665 1348 commotus
676 1330 764 1348 esses:
787 1321 835 1347 sed
846 1325 886 1347 ta-

86 1368 147 1386 men
160 1358 242 1386 velim
254 1360 337 1390 scire,
355 1358 423 1394 quid
435 1367 508 1394 agas.
549 1359 631 1395 Signa
643 1359 713 1385 bella
722 1380 728 1390 ,
740 1359 814 1393 quod
825 1358 886 1385 Cal-

86 1405 153 1423 vena
165 1396 277 1423 moleste
289 1396 338 1423 sert
349 1405 377 1422 se
389 1401 546 1431 suspectum
558 1405 617 1423 esse
626 1397 717 1423 Bruto.
749 1396 796 1422 Illa
808 1397 884 1431 signa
914 1393 915 1398 ¹

86 1443 139 1460 non
161 1434 243 1465 bona,
265 1434 289 1460 si
309 1442 372 1460 cum
388 1434 475 1469 signis
492 1433 612 1469 legiones
628 1435 741 1460 veniunt
757 1442 770 1460 e
786 1433 884 1460 Gallia.

84 1471 157 1504 Quid
168 1476 195 1498 tu
208 1471 267 1497 illas
280 1476 371 1506 putas,
389 1480 458 1506 quae
475 1470 584 1498 suerunt
598 1472 626 1498 in
637 1472 779 1506 Hispania,
798 1480 886 1497 nonne

86 1509 158 1535 idem
171 1508 370 1543 postulaturas‘?
385 1508 466 1543 quid,
484 1517 552 1543 quas
562 1508 668 1536 Annius
680 1508 887 1543 transportavit?

85 1546 231 1574 CanInium
243 1545 331 1577 volui,
347 1545 395 1572 sed
405 1547 563 1581 μνημονικὸν
574 1545 722 1581 ἁμάρτημα.
762 1546 803 1572 Ab
815 1545 887 1572 alea-
907 1547 908 1551 ¹

85 1588 142 1611 tore
156 1583 260 1619 φυρμὸς
272 1583 361 1613 πολύς.
402 1584 469 1610 Nam
485 1584 536 1610 ista
547 1583 659 1618 quidem
670 1584 792 1610 Caesaris
805 1583 887 1610 liber-

914 1373 915 1392 1
937 1362 1091 1388 Graeciam:
1112 1364 1175 1386 sunt
1189 1361 1279 1386 omnia
1296 1359 1425 1385 faciliora.

86 1626 174 1648 torum
185 1621 334 1647 coniuratio
345 1619 423 1647 facile
434 1621 644 1655 opprimeretur,
663 1622 686 1647 si
701 1625 770 1647 recta
781 1625 887 1655 saperet
915 1639 917 1653 ,

86 1658 228 1685 Antonius.
270 1659 295 1684 2.
310 1658 396 1684 Meam
406 1658 515 1684 stultam
528 1658 729 1690 verecundiam,
742 1659 790 1693 qui
803 1658 886 1694 legari

86 1695 220 1722 noluerim
231 1699 291 1722 ante
303 1703 345 1721 res
356 1695 487 1730 prolatas,
508 1704 541 1722 ne
556 1695 679 1722 deserere
696 1695 803 1722 viderer
814 1695 886 1722 hunc

86 1741 177 1760 rerum
189 1737 334 1763 tumorem;
357 1733 401 1759 cui
412 1737 483 1760 certe
494 1733 517 1759 si
533 1742 640 1768 possem
658 1733 774 1764 mederi,
792 1733 886 1759 deesse

86 1779 139 1797 non
150 1770 288 1797 deberem.
328 1770 380 1796 Sed
393 1770 469 1796 vides
481 1772 668 1806 magistratus,
686 1771 709 1796 si
721 1770 832 1805 quidem
846 1770 886 1797 illi
915 1774 917 1785 ³

86 1808 274 1844 magistratus:
293 1807 370 1834 vides
386 1812 474 1834 tamen
491 1809 597 1844 tyranni
614 1807 743 1835 satellites
759 1809 786 1834 in
800 1809 887 1843 impe·
915 1806 917 1833 l

86 1846 148 1878 riis;
168 1845 244 1872 vides
256 1845 379 1872 eiusdem
391 1846 539 1878 exercitus3
559 1845 635 1872 vides
647 1846 675 1872 in
688 1845 769 1872 latere
784 1850 887 1872 vetera-
915 1855 917 1871 ι

87 1891 149 1915 nos;
163 1891 233 1918 quae
244 1887 308 1909 sunt
319 1882 455 1918 εὐρίπισια
466 1883 570 1909 omnia:
584 1892 629 1909 eos
641 1888 740 1914 autem,
754 1884 801 1918 qui
813 1883 887 1909 orbis
916 1874 917 1891 ¹

87 1924 172 1947 terrae
182 1919 314 1946 custodiis
330 1928 382 1946 non
399 1919 478 1946 modo
491 1920 574 1954 septi,
593 1928 688 1947 verum
702 1921 782 1947 etiam
795 1921 887 1956 magni
916 1908 917 1961 l

87 1965 148 1984 esse
162 1956 310 1986 debebant,
324 1956 509 1984 tantummodo
521 1957 624 1983 laudari
636 1962 716 1992 atque
727 1958 825 1988 amari,
839 1958 887 1984 sed
916 1969 917 2002 1

87 1994 238 2030 parietibus
249 1994 390 2020 contineri.
431 1994 513 2029 Atqui
529 1994 569 2020 illi
585 2003 695 2029 quoquo
708 1994 788 2021 modo
800 1995 884 2026 beati,
916 2005 917 2016 1

87 2032 185 2059 civitas
200 2032 308 2057 misera.
349 2032 373 2057 3.
395 2030 446 2057 Sed
464 2031 545 2057 velim
566 2032 649 2063 scire,
670 2031 737 2066 quid
755 2032 887 2059 adventus
916 2031 917 2038 ¹

87 2069 205 2101 Octavii,
225 2077 290 2095 num
302 2068 351 2103 qui
361 2076 509 2095 concursus
520 2068 553 2095 ad
566 2077 642 2100 eum,
660 2077 724 2095 num
741 2078 811 2104 quae
825 2080 887 2096 νεω-

87 2108 212 2143 τερισμοῦ
227 2105 358 2140 suspicio.
399 2106 457 2132 Non
477 2110 541 2140 puto
559 2106 700 2141 equidem:
724 2106 771 2133 sed
788 2111 885 2135 tamen,

88 2143 225 2179 quidquid
240 2148 295 2174 est,
313 2143 382 2169 scire
396 2143 487 2178 cupio.
529 2144 597 2170 Ilaec
612 2144 710 2178 scripsi
726 2143 759 2169 ad
771 2149 795 2170 te
808 2144 887 2178 proli-

89 2182 194 2209 ciscens
205 2181 302 2208 Astura
314 2189 350 2206 111.
363 2179 436 2206 Idus.

141 2251 180 2272 VI.
208 2253 295 2275 (Fuudu.
306 2251 396 2272 Antonin.
407 2251 508 2269 Dolabella
518 2258 563 2269 crux.
576 2252 629 2273 710)

277 2294 446 2322 CICERO
476 2294 644 2321 ATTICO
674 2294 702 2321 S.

148 2335 170 2359 1.
192 2328 287 2359 Pridie
303 2332 366 2359 Idus
388 2332 491 2359 Fundis
511 2332 603 2366 accepi
625 2336 684 2358 tuas
706 2331 806 2359 litteras
826 2341 887 2359 cne-

90 2378 167 2397 uans.
207 2370 328 2397 Primum
341 2370 423 2406 igitur
435 2369 533 2396 melius
544 2378 617 2396 esse:
630 2369 728 2396 deinde
741 2369 850 2396 meliora
863 2374 887 2396 to

90 2408 223 2434 nuntiare.
259 2407 358 2434 Odiosa
371 2407 416 2434 illa
427 2407 499 2433 enim
516 2406 634 2437 fuerant,
652 2406 771 2441 legiones
784 2407 885 2433 venire.
915 2408 917 2414 ‘

89 2445 157 2471 Nam
178 2444 211 2471 de
227 2444 338 2472 Octavio
352 2453 454 2480 susque
469 2444 567 2479 deque.
608 2444 753 2478 Exspecto,
771 2444 837 2479 quid
854 2444 887 2470 de

90 2482 186 2514 Mario,
202 2490 284 2517 quem
300 2482 412 2517 quidem
428 2491 477 2517 ego
492 2481 629 2508 sublatum
645 2481 722 2507 rebar
735 2490 748 2508 a
763 2481 885 2507 Caesare.

90 2519 199 2546 Antonii
212 2519 378 2555 colloquium
393 2528 455 2546 cum
473 2518 600 2545 heroibus
616 2519 713 2545 nostris
730 2527 777 2553 pro
789 2523 886 2545 renata
908 2516 917 2534 *¹

91 2564 143 2583 non
159 2557 370 2584 incommodum.
411 2556 462 2583 Sed
480 2561 567 2583 tamen
579 2555 668 2582 adbuc
680 2564 721 2582 me
733 2555 801 2582 1111111
814 2555 887 2582 deta,-
908 2560 917 2587 ¹,

90 2598 143 2621 ctat
158 2598 262 2629 praeter
276 2594 340 2621 Idus
353 2595 429 2621 Mart.
471 2594 551 2624 Nam.
569 2593 697 2628 quoniam
710 2593 812 2620 Fundis
826 2601 886 2619 sum
916 2588 917 2623 l

90 2639 154 2658 cum
166 2631 264 2667 Ligure
276 2637 374 2663 nostro,
387 2631 545 2661 discrucior,
554 2630 662 2657 Sextilii
674 2629 788 2657 fundum
800 2640 813 2657 a
827 2639 888 2656 ver·
916 2641 917 2647 ¹

92 2668 190 2696 berone
204 2668 318 2696 Curtilio
332 2669 480 2705 possideri:
502 2668 575 2704 quod
590 2676 674 2703 quum
691 2667 764 2698 dieo,
786 2667 819 2694 de
836 2673 888 2695 toto
908 2650 918 2691 nl

916 2047 917 2059 ³
941 2038 993 2064 lloc
1005 2046 1054 2064 nec
1065 2037 1132 2063 milii
1146 2037 1281 2071 placebat,
1294 2041 1319 2062 et
1331 2035 1415 2061 multo
1427 2034 1466 2061 illi
1479 2035 1580 2060 minus.

1117 128 1186 154 LIB.
1212 127 1290 154 XIV.
1313 128 1368 154 ΕΡ.
1394 129 1402 153 l
1426 143 1462 146 —
1482 129 1507 153 9.
1678 130 1723 155 93⁴

931 208 1028 236 genere
1044 199 1114 226 dico.
1156 200 1180 225 Ξ.
1202 198 1272 230 Quid
1289 198 1361 224 enim
1378 198 1519 228 miserius,
1537 206 1618 233 quam
1634 207 1664 225 ea
1680 208 1728 225 nos

931 238 1014 267 tueri,
1032 241 1140 271 propter
1151 245 1220 271 quae
1233 235 1309 262 illum
1321 234 1482 262 oderamus?
1496 235 1619 262 Etiamne
1630 245 1729 262 consu-

933 275 970 301 les
986 279 1011 301 et
1028 274 1152 300 tribunos
1168 273 1256 308 plebis
1272 274 1299 299 in
1316 273 1471 303 biennium,
1489 281 1556 307 quos
1569 272 1614 299 ille
1626 273 1730 300 voluit?

932 312 1012 338 Nullo
1024 311 1103 337 modo
1113 311 1226 345 reperio,
1239 310 1470 345 quemadmodum
1481 310 1585 345 possim
1596 310 1729 338 πολιτεύε-

932 352 1010 376 σθαι.
1041 348 1115 374 Nihil
1127 349 1199 374 enim
1211 353 1263 374 tam
1276 348 1404 379 σόλοικον,
1415 356 1497 382 quam
1508 347 1730 383 τυραννοκτόνους

932 388 959 413 in
970 386 1043 413 caelo
1054 394 1127 417 esse,
1147 386 1253 421 tyranni
1269 384 1334 411 sacta
1349 384 1470 411 defendi.
1510 384 1563 411 Sed
1575 385 1652 411 vides
1666 394 1731 411 con-

932 423 1014 455 sules,
1029 423 1105 449 vides
1116 422 1235 457 reliquos
1247 423 1434 458 magistratus,
1451 423 1473 448 si
1484 423 1530 448 isti
1541 423 1728 458 magistratus:

932 461 1009 487 vides
1021 460 1177 496 languorem
1189 460 1330 486 bonorum.
1365 459 1509 486 Exsultant
1520 459 1619 486 laetitia
1631 461 1658 486 in
1670 468 1731 486 mu-

932 499 1052 533 nicipiis.
1093 498 1150 523 Dici
1167 498 1240 524 enim
1256 506 1308 524 non
1325 502 1424 532 potest,
1447 502 1547 531 quanto
1565 506 1644 531 opere
1663 506 1731 533 gau-

932 536 1026 566 deant,
1044 540 1074 562 ut
1089 535 1122 561 ad
1137 544 1179 561 me
1190 539 1363 565 concurrant,
1381 539 1411 560 ut
1423 534 1516 560 audire
1527 535 1638 568 cupiant
1650 534 1731 561 verba

934 582 991 599 mea
1003 581 1032 599 ea
1044 572 1077 598 de
1092 581 1133 604 re,
1147 581 1195 598 nec
1210 571 1264 598 ulla
1276 572 1376 598 interea
1387 571 1502 598 decreta.
1544 572 1589 598 Sic
1600 573 1673 598 enim
1684 582 1730 598 πε-

933 609 1122 645 πολιτεύμεθα,
1135 614 1164 636 ut
1174 610 1259 635 victos
1271 614 1462 635 metueremus.
1504 609 1572 635 llaec
1583 609 1616 635 ad
1628 614 1652 636 te
1664 610 1733 636 scri-

933 648 991 682 psi,
1015 648 1135 682 apposita
1151 646 1269 672 secunda
1286 655 1392 673 mensa:
1415 646 1493 681 plura
1509 651 1534 672 et
1548 646 1732 682 πολιτικώτερα

934 690 1038 719 postea;
1053 690 1079 710 et
1090 689 1126 715 tu,
1138 684 1205 719 quid
1217 692 1290 719 agas,
1304 683 1426 719 quidque
1438 688 1541 719 agatur.

987 754 1037 774 VII.
1069 756 1097 775 (In

1107 755 1215 775 Formiano,
1225 755 1316 775 Antonio,
1327 754 1427 772 Dolabella
1439 762 1485 772 1055.
1496 756 1549 775 710.)

1118 797 1287 825 CICERO
1316 797 1485 824 ATTICO
1515 797 1543 823 S.

992 838 1014 861 l.
1036 831 1172 862 Postridie
1189 835 1252 861 Idus
1268 834 1392 861 Paullum
1407 835 1511 861 Caietae
1529 834 1595 860 vidi.
1630 836 1654 861 Is
1666 835 1733 861 mihi

934 873 967 899 de
979 874 1061 899 Mario
1077 878 1102 899 ct
1117 872 1149 899 de
1165 872 1304 907 republica
1319 872 1370 898 alia
1384 872 1517 907 quaedam
1529 880 1592 898 sane
1604 873 1732 906 pessima.

935 912 955 937 Α
968 916 993 937 te
1004 910 1109 937 scilicet
1119 910 1202 936 nihil:
1216 918 1295 936 nemo
1306 910 1378 936 enim
1391 918 1522 936 meorum.
1557 909 1611 935 Sed
1622 910 1733 936 Brutum

935 953 1056 975 nostrum
1073 947 1154 974 audio
1169 948 1260 973 visum
1275 947 1326 973 sub
1340 948 1471 973 Lanuvio.
1512 947 1564 973 Ubi
1576 947 1684 973 tandem
1695 952 1735 973 est

935 985 1061 1012 futurus?
1082 986 1148 1012 Nam
1164 993 1250 1019 quum
1266 984 1384 1019 reliqua,
1403 990 1459 1011 tum
1475 984 1508 1010 de
1524 984 1574 1010 hoc
1588 985 1657 1010 scire
1668 993 1734 1010 aveo

935 1024 1035 1050 omnia.
1066 1023 1122 1058 Ego
1133 1031 1147 1049 e
1159 1023 1301 1049 Formiano
1311 1023 1406 1048 exiens
1417 1030 1484 1048 xvu.
1498 1021 1567 1053 Kal..
1581 1026 1611 1048 ut
1622 1021 1684 1048 inde
1696 1021 1736 1048 al-

936 1066 991 1088 tero
1002 1061 1046 1087 die
1057 1061 1084 1086 in
1096 1059 1287 1091 Puteolanum,
1300 1060 1398 1095 scripsi
1410 1059 1486 1086 haec.
1527 1061 1552 1086 ⁶2.
1575 1059 1596 1085 Α
1608 1059 1735 1086 Cicerone

936 1098 1005 1125 mihi
1018 1098 1119 1125 litterae
1131 1106 1194 1124 sane
1207 1098 1395 1132 πεπινωμέναι,
1414 1101 1439 1123 et
1455 1096 1523 1123 bene
1540 1096 1645 1132 longae.
1686 1096 1735 1122 Ce-

936 1141 990 1163 tera
1004 1140 1093 1162 autem
1106 1135 1147 1161 vel
1161 1135 1227 1170 fingi
1238 1139 1364 1170 possunt:
1382 1136 1458 1164 πῖνος
1469 1134 1618 1161 litterarum
1630 1134 1736 1169 signifi-

936 1178 977 1200 cat
987 1173 1144 1200 doctiorem.
1184 1173 1262 1198 Nunc
1274 1181 1372 1208 magno
1385 1180 1465 1206 opere
1476 1181 1489 1198 a
1506 1176 1531 1198 te
1545 1176 1619 1206 peto,
1638 1171 1670 1197 de
1682 1179 1737 1206 quo

905 1225 915 1234 ιν
936 1220 997 1238 sum
1009 1219 1096 1246 nuper
1106 1215 1195 1237 tecum
1208 1209 1327 1241 locutus,
1340 1214 1371 1236 ut
1382 1209 1483 1240 videas,
1497 1218 1530 1235 ne
1541 1209 1608 1244 quid
1619 1209 1644 1235 ei
1655 1208 1735 1235 desit.

936 1249 965 1275 Id
976 1257 1062 1284 quum
1074 1248 1107 1274 ad
1118 1247 1239 1274 officium
1251 1252 1371 1274 nostrum
1383 1248 1511 1281 pertinet,
1528 1251 1586 1272 tum
1597 1246 1631 1272 ad
1642 1246 1737 1272 existi-

938 1287 1083 1313 mationem
1095 1290 1121 1312 et
1131 1285 1304 1321 dignitaten13
1322 1284 1394 1319 quod
1411 1284 1482 1310 idem
1500 1283 1622 1310 intellexi
1634 1283 1684 1310 tibi
1695 1283 1736 1308 vi-

936 1324 994 1350 deri
1015 1324 1134 1350 omnino.
1176 1322 1205 1348 Si
1226 1331 1289 1357 ergo
1309 1327 1362 1352 est,
1386 1321 1446 1347 volo
1467 1329 1559 1347 mense
1573 1320 1688 1353 Quintili
1709 1321 1735 1346 iu

1467 1358 1520 1385 Sed
1535 1367 1621 1393 quum
1637 1358 1691 1384 sint
1707 1366 1736 1383 ea

938 1404 1066 1433 tempora,
1081 1402 1109 1424 ut
1119 1398 1183 1424 certi
1197 1396 1264 1423 1111111
1277 1406 1336 1423 esse
1347 1397 1441 1431 possit,
1450 1395 1518 1431 quid
1530 1395 1673 1422 honestum
1686 1395 1737 1421 mi-

938 1436 966 1462 hi
978 1437 1021 1466 sit,
1034 1435 1102 1470 quid
1115 1435 1201 1465 liceat,
1214 1434 1281 1469 quid
1292 1433 1429 1468 expediat,
1447 1442 1557 1468 quaeso,
1571 1432 1605 1459 da
1616 1441 1734 1467 operam.

938 1478 967 1500 ut
987 1473 1065 1499 illum
1085 1481 1168 1507 quam
1189 1472 1380 1498 honestissime
1400 1471 1642 1505 copiosissimeque
1663 1475 1737 1496 tuea-

938 1520 1008 1537 mur.
1043 1511 1113 1537 llaec
1124 1514 1149 1536 et
1159 1513 1256 1540 cetera,
1271 1517 1340 1544 quae
1351 1508 1385 1535 ad
1397 1517 1444 1534 nos
1456 1507 1639 1543 pertinebunt,
1654 1512 1683 1534 ut
1694 1516 1737 1533 so-

939 1548 986 1580 les,
1000 1548 1145 1584 cogitabis:
1164 1547 1196 1573 ad
1213 1555 1309 1581 meque
1321 1551 1380 1577 aut,
1397 1545 1471 1580 quod
1483 1545 1515 1571 ad
1527 1553 1583 1571 rem
1595 1545 1734 1580 pertineat,

915 1593 916 1596 ’
938 1591 992 1616 aut,
1007 1586 1030 1612 si
1042 1585 1110 1612 1111111
1123 1585 1181 1615 erit,
1198 1584 1272 1619 quod
1284 1585 1311 1610 in
1323 1584 1436 1610 buccam
1448 1583 1560 1613 venerit,
1573 1582 1686 1609 scribes.

1230 1636 1239 1639 -
1257 1635 1351 1641 -Ἷῌ
1361 1634 1440 1638 -.-..

992 1655 1052 1676 VIII.
1082 1657 1111 1679 (1..
1122 1656 1240 1677 sinuatum,
1252 1655 1342 1676 Anioni...
1352 1655 1453 1672 nolam-u.-
1465 1662 1508 1671 ms,

1125 1698 1292 1726 CICERO
1322 1697 1489 1725 ATTICO
1519 1697 1547 1723 S.

996 1740 1018 1763 I.
1041 1732 1089 1763 Tu
1106 1745 1148 1763 me
1163 1738 1216 1763 iam
1232 1736 1338 1766 rebare,
1355 1744 1441 1771 quum
1459 1734 1612 1764 scribebas,
1631 1735 1657 1760 in
1672 1734 1738 1760 actis

1521 1656 1564 1671 710.

916 1786 917 1800 1
939 1783 998 1801 esse
1014 1775 1126 1801 nostris:
1145 1779 1170 1800 at
1185 1783 1235 1809 ego
1250 1774 1340 1808 accepi
1357 1782 1424 1799 xvu.
1443 1772 1500 1799 Kal.
1519 1773 1545 1798 in
1557 1770 1739 1798 deversoriolo

939 1813 1105 1839 Sinuessano
1117 1817 1176 1839 tuas
1189 1811 1299 1838 litteras.
1340 1811 1375 1837 De
1387 1811 1471 1837 Mario
1485 1810 1582 1844 probe:
1600 1810 1649 1835 etsi
1661 1808 1739 1834 doleo

939 1851 969 1877 L.
982 1850 1071 1877 Crassi
1084 1854 1218 1884 nepotem.
1259 1849 1380 1884 Optime,
1398 1853 1451 1874 tam
1468 1848 1548 1874 etiam
1561 1847 1639 1873 Bruto
1651 1851 1739 1872 nostro

940 1887 1046 1922 probari
1059 1887 1216 1914 Antonium.
1258 1887 1324 1913 Nam
1336 1885 1408 1920 quod
1422 1886 1524 1911 Iuniam
1537 1884 1635 1910 scribis
1647 1883 1739 1909 mode-

940 1929 994 1952 rate
1010 1930 1035 1952 et
1050 1925 1135 1951 amice
1151 1925 1265 1959 scriptas
1277 1924 1377 1950 litteras
1391 1922 1527 1953 attulisse,
1547 1921 1613 1947 1111111
1631 1920 1739 1947 Paullus

939 1962 1014 1989 dedit
1029 1962 1062 1989 ad
1079 1970 1107 1988 se
1123 1972 1136 1989 a
1153 1961 1231 1988 fratre
1247 1962 1358 1991 missas,
1377 1960 1478 1995 quibus
1495 1961 1522 1986 in
1533 1959 1662 1986 extremis
1673 1963 1727 1984 erat

939 2000 993 2026 sibi
1006 1999 1120 2026 insidias
1136 2000 1206 2030 lieri,
1225 2008 1253 2025 se
1268 1999 1294 2025 id
1304 1999 1384 2024 certis
1395 1997 1551 2024 auctoribus
1562 1996 1727 2030 comperisse

1623 2034 1739 2068 Reginae

941 2074 1003 2109 suga
1014 2075 1082 2100 mihi
1094 2083 1145 2100 non
1159 2074 1280 2100 molesta.
1317 2073 1369 2099 Sed
1381 2072 1473 2099 Clodia
1485 2071 1552 2106 quid
1565 2071 1658 2107 egerit,
1672 2071 1738 2096 seri-

940 2112 988 2138 bas
999 2111 1032 2137 ad
1045 2120 1087 2137 me
1100 2111 1192 2137 velim.
1233 2112 1268 2137 De
1280 2110 1416 2146 Byzantiis
1427 2109 1544 2138 curabis,
1559 2114 1587 2135 ut
1597 2113 1697 2135 cetera:
1715 2112 1740 2133 et

941 2148 1064 2184 Pelopem
1076 2148 1110 2174 ad
1122 2153 1145 2174 te
1160 2156 1289 2174 arcesses.
1322 2148 1386 2182 Ego,
1401 2152 1428 2173 ut
1440 2146 1570 2181 postulas,
1584 2146 1679 2171 Baiana
1693 2154 1739 2170 ue-

939 2187 1010 2221 gotia
1026 2186 1194 2220 chorumque
1207 2184 1298 2216 illum,
1314 2184 1347 2210 do
1359 2193 1413 2219 quo
1424 2184 1492 2210 scire
1506 2184 1560 2213 vis,
1576 2191 1661 2218 quum
1678 2190 1738 2216 per-

939 2232 1066 2257 spexero,
1091 2228 1146 2249 tum
1166 2222 1298 2253 scribam,
1322 2230 1354 2247 ne
1370 2221 1437 2256 quid
1463 2222 1579 2254 ignores.
1620 2222 1644 2246 ἓ.
1667 2218 1737 2251 Quid

940 2261 1025 2290 Galli,
1043 2260 1109 2295 quid
1127 2260 1253 2294 IIispani,
1275 2259 1342 2294 quid
1359 2258 1458 2284 Sextus
1473 2263 1546 2292 agat,
1566 2257 1739 2282 veliementer

908 2326 910 2332 ,
939 2303 1077 2332 exspecto.
1108 2297 1144 2323 Ea
1155 2296 1259 2323 scilicet
1271 2301 1298 2322 tu
1310 2295 1470 2325 declarabis,
1483 2295 1531 2330 qui
1543 2299 1639 2320 cetera.
1667 2294 1738 2319 Nau-

916 2342 917 2365 ]
940 2335 1040 2361 scolam
1053 2334 1102 2361 tibi
1115 2339 1187 2360 tuam
1199 2342 1322 2359 caussam
1335 2333 1382 2360 otii
1393 2332 1502 2359 dedisse
1514 2331 1591 2358 facile
1606 2330 1735 2366 patiebar.

916 2383 917 2390 ¹
939 2372 1071 2399 Videbat-e
1089 2373 1098 2384 ⁹
1115 2372 1187 2398 enim
1205 2371 1271 2397 mihi
1289 2370 1386 2405 legenti
1405 2375 1464 2396 tuas
1484 2369 1584 2395 litteras
1600 2369 1738 2403 requiesse

940 2410 1098 2444 paullisper.
1121 2409 1242 2435 lIeBruto
1253 2416 1360 2442 semper
1371 2407 1404 2433 ad
1417 2415 1459 2433 mo
1469 2407 1559 2433 omnia
1567 2405 1735 2441 perscribito.

916 2455 917 2478 ζ
940 2448 1042 2477 ubisit,
1059 2445 1125 2481 quid
1137 2447 1248 2480 rogiter,
1267 2454 1347 2480 quem
1359 2444 1470 2479 quidem
1482 2452 1532 2477 ego
1543 2451 1605 2478 sper
1618 2443 1669 2469 iam
1683 2447 1738 2469 tuto

908 2502 910 2512 .
941 2485 981 2511 vel
997 2484 1085 2511 solum
1103 2488 1153 2510 tota
1167 2483 1236 2510 Urbe
1252 2483 1342 2516 vagari
1356 2490 1443 2516 posse.

1486 2482 1674 2508 Verumtamen
1687 2480 1735 2505 —!

993 2554 1032 2574 tx.
1062 2556 1082 2573 ,1-
1092 2557 1160 2575 mutu.
1169 2556 1262 2575 Anu-nu...
1274 2554 1373 2571 tint-heum
1385 2532 1496 2574 ,Iu—‚qum

1127 2591 1295 2619 CICERO
1325 2591 1492 2617 ATTICO
1521 2590 1548 2616 S.

999 2632 1020 2656 l.
1039 2626 1082 2656 l)e
1099 2629 1238 2665 republica
1259 2628 1342 2655 multa
1363 2628 1476 2662 cognovi
1500 2636 1533 2654 ex
1555 2628 1608 2653 tuis
1631 2626 1734 2655 litteris,

939 2676 1007 2702 quas
1022 2667 1133 2703 quidem
1150 2667 1309 2702 multiiuges
1319 2675 1410 2701 accepi
1423 2674 1476 2692 uno
1487 2670 1606 2700 tempore
1617 2673 1630 2690 a
1643 2663 1736 2689 Vesto-

1395 2706 1466 2733 117·
