1941 3052
379 137 565 164 ORATIO
597 138 628 164 II.

65 208 137 245 quod
149 209 171 235 si
183 208 272 243 adepti
283 208 350 239 sint,
365 207 479 244 fugitivo
490 209 579 240 alicui,
594 213 638 235 aut
649 208 788 245 gladiatori
800 218 864 235 con—

65 247 123 273 cedi
134 247 169 272 sit
181 245 308 272 necesse?
327 247 369 273 20.
386 247 504 272 Tertium
516 256 602 282 genus
614 251 654 273 est
665 251 748 273 aetate
760 247 811 273 iam
824 246 864 272 af-

65 284 178 315 fectum,
200 283 248 310 sed
264 287 352 310 tamen
368 284 556 310 exercitatione
577 284 732 311 robustum:
755 293 809 319 quo
830 293 863 311 ex

64 330 161 357 genere
177 325 217 347 est
232 321 290 356 ipse
306 321 435 352 Manlius,
454 322 498 347 cui
515 331 587 348 nunc
603 322 714 349 Catilina
731 322 860 349 succedit.

64 359 96 386 Hi
107 363 172 385 sunt
182 358 305 385 homines
316 367 349 385 ex
361 359 394 385 iis
405 359 531 390 coloniis,
548 368 617 394 quas
631 358 773 396 [Faesulis]
787 359 862 386 Sulla

63 396 216 423 constituit:
237 405 306 431 quas
327 405 377 432 ego
397 397 537 423 universas
553 398 655 423 civium
672 406 730 423 esse
747 397 862 431 optimo·
883 422 884 426 ,

63 443 124 461 rum
140 438 166 460 et
180 433 389 460 fortissimorum
400 435 519 461 virorum
531 435 626 461 sentio.
668 434 720 460 Sed
733 439 821 460 tamen
834 434 861 460 hi

63 475 128 498 sunt
138 470 238 502 coloni,
257 471 305 506 qui
321 480 349 497 se
365 472 393 498 in
409 472 553 506 insperatis
565 473 767 507 repentinisque
780 480 862 506 pecu-

63 509 117 535 niis
133 509 320 543 sumptuosius
336 508 552 545 insolentiusque
568 510 708 535 iactarunt.
749 510 781 535 Hi
795 509 861 535 dum

63 546 205 573 aedificant
221 550 358 581 tamquam
375 547 458 578 beati,
481 547 546 573 dum
559 547 684 582 praediis,
700 546 808 577 lecticis,
823 546 862 572 fa-

63 583 147 610 miliis
159 585 273 619 magnis,
287 584 419 610 conviviis
431 585 564 619 apparatis
575 584 749 615 delectantur,
764 584 790 610 in
804 588 860 610 tan>

63 625 120 648 tum
133 630 177 647 aes
189 621 306 648 alienum
321 621 486 653 inciderunt,
505 626 547 653 ut,
566 622 589 648 si
605 621 673 647 salvi
690 630 749 647 esse
766 620 858 652 velint,

62 658 136 685 Sulla
149 659 184 685 sit
195 659 238 685 his
249 659 282 685 ab
294 658 387 685 inseris
399 659 570 685 excitandus:
593 659 641 694 qui
653 659 732 685 etiam
744 658 861 684 nonnul-

63 695 102 722 los
114 700 245 732 agrestes,
269 696 391 722 homines
403 701 496 722 tenues
508 701 588 731 atque
599 701 721 732 egentes,
744 696 772 722 in
788 705 862 722 eam-

62 733 124 760 dem
154 733 229 760 illam
254 742 330 768 spem
354 734 509 768 rapinarum
535 738 656 761 veterum
682 733 858 768 impulerunt.

61 770 134 803 Quos
145 779 194 806 ego
205 775 341 806 utrosque,
355 771 482 803 Quirites,
496 771 523 797 in
536 771 628 798 eodem
640 780 737 807 genere
749 771 861 805 praeda-

61 813 148 835 torum
160 809 379 843 direptorumque
391 817 469 843 pono.
511 809 563 835 Sed
575 818 619 835 eos
632 809 680 835 hoc
693 817 800 835 moneo:
814 808 861 834 de-

61 846 150 872 sinant
166 845 252 872 furere
268 854 298 872 ac
313 846 520 880 proscriptiones
537 851 562 873 et
577 846 722 873 dictaturas
734 847 858 882 cogitare.

61 884 161 910 Tantus
177 884 248 910 enim
265 882 373 910 illorum
389 888 540 918 temporum
557 884 632 911 dolor
646 885 755 910 inustus
771 888 811 910 est
822 884 860 909 ci-

61 921 149 952 vitati,
163 925 192 947 ut
203 921 256 947 iam
268 921 318 947 ista
330 930 382 948 non
393 922 472 948 modo
484 922 620 952 homines,
638 922 685 948 sed
698 930 730 948 ne
742 921 859 956 pecudes

60 958 171 994 quidem
182 958 250 984 mihi
262 967 390 993 passurae
402 968 461 985 esse
473 959 624 985 videantur.
666 959 700 985 X.
716 961 756 985 21.
774 958 861 991 Quar-

59 1000 117 1023 tum
136 1004 223 1032 genus
242 1000 283 1022 est
302 1005 365 1022 sane
381 997 486 1023 varium
502 1001 527 1023 et
542 998 658 1023 mixtum
674 1001 699 1023 et
719 997 861 1023 turbulen-

58 1037 130 1060 tum:
143 1034 191 1069 qui
201 1033 254 1060 iam
265 1034 368 1068 pridem
380 1039 546 1069 premuntur,
555 1035 603 1069 qui
614 1043 763 1069 numquam
774 1043 860 1060 emer-

58 1075 139 1108 gunt:
161 1071 210 1106 qui
221 1072 317 1106 partim
334 1072 442 1103 inertia,
461 1073 558 1107 partim
570 1072 638 1098 male
649 1072 767 1108 gerendo
779 1081 860 1107 nego-

58 1109 108 1140 tio,
127 1109 223 1143 partim
240 1109 319 1135 etiam
331 1109 488 1144 sumptibus
504 1110 532 1136 in
544 1114 632 1136 vetere
643 1118 703 1136 aere
715 1109 801 1136 alieno
813 1118 859 1135 va—

58 1146 164 1173 cillant:
178 1146 226 1181 qui
238 1146 409 1178 vadimoniis,
424 1147 542 1178 iudiciis,
556 1148 798 1182 proscriptionibus
810 1147 859 1173 bo—

58 1192 155 1211 norum
166 1183 313 1219 defatigati,
327 1184 452 1219 permulti
465 1189 534 1211 etex
545 1185 615 1212 Urbe
628 1190 653 1211 et
663 1194 697 1211 ex
708 1185 778 1221 agris
790 1185 858 1211 sein

56 1220 104 1247 illa
115 1225 200 1248 castra
211 1221 330 1248 conferre
341 1222 477 1249 dicuntur.
500 1223 584 1249 Ilosce
596 1232 645 1258 ego
656 1232 707 1249 non
720 1228 772 1248 tam
785 1222 858 1248 mili-

57 1263 98 1285 tes
109 1267 195 1290 acres,
213 1267 295 1294 quam
306 1259 463 1286 infitiatores
476 1259 559 1287 lentos
571 1269 630 1286 esse
642 1261 764 1286 arbitror.
805 1259 857 1292 Qui

57 1295 182 1322 homines
194 1297 323 1331 primum,
336 1297 358 1323 si
371 1302 440 1323 stare
453 1306 504 1324 non
516 1302 638 1332 possunt,
653 1302 790 1324 corruant:
809 1297 857 1323 sed

57 1334 106 1365 ita,
126 1338 218 1360 utnon
229 1334 308 1360 modo
319 1334 426 1366 civitas,
445 1335 492 1361 sed
504 1344 537 1361 ne
549 1335 631 1362 vicini
642 1335 753 1370 quidem
766 1335 858 1370 proxi-

57 1371 96 1398 mi
106 1371 231 1398 sentiant.
267 1372 333 1398 Nam
346 1371 413 1398 illud
426 1381 477 1399 non
490 1372 619 1408 intelligo,
633 1373 819 1407 quamobrem,
833 1373 857 1399 si

57 1409 148 1435 vivere
161 1409 271 1435 honeste
283 1418 334 1436 non
347 1414 470 1444 possunt,
480 1411 565 1445 perire
577 1411 690 1445 turpiter
703 1410 798 1443 velint,
811 1415 857 1437 aut

56 1455 104 1473 cur
116 1447 217 1473 minore
233 1446 322 1473 dolore
339 1448 471 1482 perituros
487 1457 516 1474 se
532 1457 593 1474 cum
610 1448 717 1479 multis,
735 1457 816 1483 quam
833 1448 856 1474 si

56 1484 107 1511 soli
120 1488 236 1519 pereant,
250 1484 421 1512 arbitrentur.
448 1487 490 1512 22.
503 1485 633 1518 Quintum
645 1495 732 1521 genus
744 1490 784 1512 est
796 1495 857 1520 par-

55 1521 214 1553 ricidarum,
236 1522 406 1554 sicariorum,
424 1522 541 1558 denique
556 1524 678 1550 omnium
695 1523 857 1550 facinoroso-

55 1568 130 1586 rum:
144 1568 212 1594 quos
223 1567 273 1595 ego
283 1568 296 1586 a
309 1559 422 1587 Catilina
434 1570 486 1587 non
497 1569 601 1588 revoco.
636 1562 702 1588 Nam
715 1570 802 1596 neque
814 1561 856 1587 di-

55 1596 119 1624 velli
131 1597 163 1623 ab
175 1605 206 1623 eo
216 1601 344 1631 possunt,
357 1602 383 1624 et
393 1603 502 1633 pereant
512 1607 577 1625 sane
588 1599 614 1625 in
629 1599 773 1630 latrocinio,
787 1608 855 1634 quo-

55 1635 127 1661 niam
139 1639 203 1661 sunt
213 1635 249 1661 ita
261 1634 352 1666 multi,
371 1640 401 1662 ut
416 1644 460 1662 eos
476 1645 564 1663 carcer
579 1645 674 1671 capere
690 1646 741 1663 non
757 1637 852 1671 possit.

54 1672 223 1699 Postremum
234 1676 322 1699 autem
333 1681 420 1709 genus
432 1677 485 1705 est,
503 1682 556 1700 non
567 1674 656 1701 solum
669 1683 794 1705 numero,
808 1683 855 1700 ve-

55 1718 114 1736 rum
126 1710 206 1736 etiam
216 1718 314 1746 genere
325 1711 385 1746 ipso
395 1715 475 1746 atque
487 1712 554 1743 vita,
577 1712 650 1747 quod
663 1712 801 1747 proprium
814 1716 854 1738 est

55 1746 196 1779 Catilinae,
219 1747 252 1774 de
268 1748 326 1775 eius
342 1748 461 1780 delectu,
484 1749 567 1776 immo
583 1758 646 1776 vero
661 1750 694 1776 de
710 1749 854 1784 complexu

54 1785 113 1811 eius
124 1793 154 1811 ac
164 1785 236 1817 sinu,
249 1794 318 1821 quos
330 1794 398 1821 pexo
409 1786 514 1821 capillo,
529 1787 636 1819 nitidos,
650 1792 695 1814 aut
706 1788 852 1819 imberbes,

54 1826 100 1849 aut
110 1822 179 1849 bene
190 1823 313 1850 barbatos
325 1823 432 1855 videtis,
447 1825 586 1851 manicatis
598 1834 627 1852 ac
639 1824 768 1852 talaribus
781 1826 854 1851 tuni-

54 1859 102 1891 cis,
115 1859 183 1887 velis
195 1861 315 1893 amictos,
329 1870 382 1888 non
395 1863 477 1897 togis:
493 1871 609 1896 quorum
621 1863 709 1889 omnis
720 1863 853 1890 industria

54 1897 124 1924 vitae
134 1901 160 1924 et
171 1897 302 1934 vigilandi
315 1898 388 1925 labor
398 1900 426 1926 in
438 1899 604 1926 antelucanis
615 1901 705 1927 coenis
717 1901 854 1936 expromi-

53 1938 106 1961 tur.
127 1937 170 1963 23.
183 1935 211 1961 In
224 1935 266 1961 his
276 1936 406 1971 gregibus
417 1945 510 1963 omncs
520 1937 658 1969 aleatores,
671 1947 764 1965 omnes
776 1938 854 1964 adul-

53 1972 116 2004 teri,
133 1981 227 1999 omnes
239 1973 339 2008 impuri
351 1974 538 2009 impudicique
550 1980 700 2002 versantur.
732 1976 763 2002 ui
776 1976 852 2010 pueri

52 2013 106 2036 tam
119 2009 202 2044 lepidi
213 2018 242 2036 ac
253 2010 359 2037 delicati
372 2020 424 2038 non
435 2011 524 2038 solum
536 2021 624 2039 amare
635 2018 661 2039 et
671 2014 754 2040 amari
766 2022 815 2048 neq
821 2022 852 2040 uo

52 2046 168 2082 psallere
178 2051 205 2073 et
214 2047 324 2079 saltare,
342 2048 390 2074 sed
401 2049 480 2075 etiam
493 2050 562 2076 sicas
573 2050 679 2077 vibrare
690 2055 716 2077 et
726 2060 853 2087 spargere

52 2093 156 2111 venena
175 2084 343 2112 didicerunt:
374 2086 422 2120 qui
443 2086 494 2112 nisi
516 2091 627 2119 exeunt,
656 2088 707 2114 nisi
729 2093 849 2123 pereunt,

52 2122 158 2149 etiamsi
170 2121 283 2149 Catilina
296 2123 417 2157 perierit,
441 2124 535 2150 scitote
551 2124 600 2151 hoc
616 2125 643 2152 in
659 2126 797 2160 republica
809 2135 852 2153 se—

52 2159 198 2186 minarium
210 2160 394 2187 Catilinarium
411 2161 542 2188 futurum.
583 2162 772 2190 Verumtamen
784 2164 851 2198 quid

53 2197 105 2224 sibi
117 2197 162 2224 isti
174 2198 266 2224 miseri
279 2198 390 2225 volunt‘?
410 2199 481 2225 Num
497 2208 561 2226 suas
572 2209 664 2226 secum
677 2200 851 2228 mulierculas

52 2238 115 2262 sunt
126 2235 152 2261 in
164 2239 250 2262 castra
261 2235 386 2262 ducturi‘?
396 2235 628 2268 Quemadmodum
641 2242 729 2264 autem
742 2238 796 2265 illis
807 2248 852 2265 ea—

52 2280 109 2299 rere
120 2277 258 2307 poterunt,
277 2273 319 2299 his
336 2274 491 2308 praesertim
508 2275 560 2300 iam
573 2275 715 2302 noctibus?
734 2275 793 2308 Quo
803 2285 852 2303 au-

53 2313 105 2336 tem
122 2314 197 2345 pacto
212 2310 252 2336 illi
265 2310 436 2346 Apenninum
449 2316 528 2346 atque
539 2311 599 2338 illas
612 2313 721 2347 pruinas
733 2322 763 2340 ac
774 2314 850 2340 nives

52 2346 203 2382 perferent?
223 2348 281 2375 Nisi
297 2348 396 2375 idcirco
406 2358 435 2375 so
447 2348 554 2375 facilius
567 2350 681 2376 hiemem
695 2351 850 2378 toleraturos
872 2364 874 2386 ς

52 2389 154 2420 putant,
168 2385 241 2421 quod
253 2386 318 2412 nudi
330 2387 357 2413 in
369 2386 502 2413 conviviis
513 2386 609 2413 saltare
620 2387 781 2415 didicerunt.

105 2421 152 2449 XI.
169 2424 212 2450 24.
234 2422 257 2450 Ο
272 2423 374 2450 bellum
392 2433 488 2457 magno
503 2433 581 2459 opero
594 2425 848 2459 pertimescendum,

52 2466 137 2494 quum
148 2459 217 2487 hanc
228 2461 264 2488 sit
274 2461 417 2488 habiturus
429 2461 541 2488 Catilina
553 2466 702 2488 scortorum
713 2463 849 2489 cohortem
872 2472 874 2491 t

52 2497 224 2531 praetoriaml
246 2499 373 2525 Instruite
385 2508 469 2530 nnnc,
487 2499 619 2531 Quirites,
636 2504 725 2526 contra
737 2500 784 2526 lias
797 2505 849 2527 tam

50 2533 199 2569 praeclaras
206 2535 335 2563 Catilinae
346 2537 435 2572 copias
449 2541 534 2563 vestra
547 2537 679 2571 praesidia
693 2542 849 2573 vestrosque

52 2572 199 2599 exercitus:
221 2577 247 2599 et
258 2574 376 2608 primum
387 2574 528 2610 gladiatori
541 2574 579 2600 illi
591 2574 711 2601 contecto
722 2580 747 2601 ct
758 2576 849 2602 saucio

52 2608 175 2636 consules
199 2610 427 2647 imperatoresque
452 2615 556 2638 vestros
580 2613 720 2647 opponite:
752 2612 850 2640 deindo

51 2650 140 2673 contra
155 2647 229 2674 illam
245 2648 435 2685 naufragorum
451 2649 561 2675 eiectam
573 2658 603 2676 ac
614 2649 780 2676 debilitatam
793 2659 850 2676 ma-

52 2690 117 2711 num
133 2683 222 2712 florem
239 2686 319 2713 totius
331 2686 419 2714 Italiae
431 2695 460 2713 ac
472 2687 553 2714 robur
564 2686 679 2714 educite.
721 2688 774 2715 Iam
788 2696 849 2715 vero

664 138 711 163 IN
743 138 772 164 L.
808 137 1103 164 CATILINAM.
1132 137 1230 165 CAP.

1266 140 1280 164 6
1303 154 1337 158 —
1360 140 1399 165 ¹3.
1663 141 1711 167 423

916 209 996 236 urbes
1012 209 1176 236 coloniarum
1188 218 1217 235 ac
1229 210 1438 245 municipiorum
1450 210 1651 245 respondebunt
1663 212 1712 239 Ca-

915 247 1006 273 tilinae
1018 246 1131 273 tumulis
1142 247 1325 274 silvestribus.
1365 248 1459 283 Neque
1475 257 1537 275 vero
1552 253 1652 275 ceteras
1668 258 1712 276 co-

915 285 972 319 pias
981 306 987 315 ,
1008 289 1175 316 ornamenta,
1194 285 1327 319 praesidia
1339 291 1426 312 vestra
1441 295 1504 312 cum
1516 285 1590 312 illius
1603 287 1712 313 latronis

914 323 1004 357 inopia
1025 327 1104 357 atque
1123 327 1239 358 egestate
1254 322 1373 350 conferre
1387 323 1481 350 debeo.
1522 325 1564 350 ⁶25.
1587 324 1653 355 Sed,
1677 325 1709 355 si,

914 360 1022 386 omissis
1034 360 1076 386 his
1088 360 1168 386 rebus
1180 361 1424 396 omnibus,quibus
1435 369 1483 387 nos
1493 361 1709 396 suppeditamus,

914 402 973 433 eget
985 397 1043 428 ille,
1062 402 1170 428 senatu,
1188 398 1325 432 equitibus
1337 399 1476 429 Romanis,
1495 398 1607 434 populo,
1630 399 1709 430 Urbe,

914 435 1027 465 aerario,
1045 435 1236 470 vectigalibus,
1254 440 1349 462 cuncta
1362 436 1447 466 Italia,
1466 437 1613 471 provinciis
1624 437 1712 463 omni-

914 472 979 503 bus,
997 473 1095 498 exteris
1108 473 1277 499 nationibus:
1296 474 1332 505 si,
1350 473 1393 500 his
1404 474 1485 500 rebus
1497 475 1620 505 omissis,
1638 475 1711 509 ipsas

913 518 1032 541 caussas,
1045 519 1114 544 quae
1126 510 1194 536 inter
1205 519 1233 536 se
1244 510 1398 546 confligunt,
1413 511 1571 538 contendere
1583 511 1708 538 velimus:

914 555 947 573 ex
958 556 988 573 eo
1000 547 1071 581 ipso,
1089 556 1169 582 quam
1183 548 1259 573 valde
1272 548 1310 574 illi
1323 549 1437 580 iaceant,
1454 549 1603 584 intelligere
1615 558 1712 584 possu-

914 593 985 610 mus.
1007 585 1048 611 ΕΚ
1059 585 1107 611 liac
1119 585 1189 611 enim
1203 590 1275 620 parte
1287 586 1372 620 pudor
1383 591 1493 622 pugnat,
1502 586 1576 613 illinc
1588 586 1711 621 petulan-

914 623 963 648 tia:
981 622 1044 648 hinc
1055 622 1197 657 pudicitia,
1214 622 1290 649 illinc
1301 628 1439 658 stuprum:
1463 624 1526 650 hinc
1539 624 1617 655 sides,
1635 624 1711 650 illinc

914 659 1058 685 fraudatio:
1082 659 1144 685 hinc
1157 661 1250 694 pietas,
1265 660 1339 686 illinc
1351 661 1454 687 scelus:
1478 661 1541 687 liinc
1552 663 1708 691 constantia,

912 696 987 723 illinc
1001 696 1086 723 furor:
1101 697 1163 723 liinc
1175 697 1308 728 honestas,
1322 698 1397 724 illinc
1409 699 1560 733 turpitudo:
1574 699 1636 725 hinc
1647 708 1711 725 con-

913 734 1036 765 tinentia,
1051 734 1126 760 illinc
1138 734 1236 761 libido:
1254 735 1371 770 denique
1382 736 1511 770 aequitas,
1525 737 1708 771 temperantia,

913 771 1054 802 fortitudo,
1072 771 1227 806 prudentia,
1246 773 1358 798 virtutes
1370 782 1463 799 omnes
1474 778 1574 800 certant
1585 783 1645 800 cum
1658 775 1710 800 ini-

912 810 1027 844 quitate,
1050 818 1112 835 cum
1126 809 1241 841 luxuria,
1265 819 1327 836 cum
1339 810 1454 846 ignavia,
1478 820 1539 837 cum
1552 812 1707 841 temeritate,

912 855 974 873 cum
986 847 1059 873 vitiis
1070 847 1211 874 omnibus:
1224 852 1359 882 postremo
1369 849 1445 883 copia
1456 857 1517 874 cuni
1528 853 1653 883 egestate.
1663 849 1710 874 bo-

912 893 945 910 na
957 885 1022 910 ratio
1032 893 1094 910 cum
1107 884 1207 919 perdita
1216 906 1222 917 ,
1245 894 1321 912 mens
1333 894 1396 911 sana
1412 895 1473 912 cum
1490 887 1618 917 amentia,
1642 886 1710 912 bona

911 922 1029 956 denique
1041 930 1103 956 spes
1114 931 1175 948 cum
1188 923 1309 949 omnium
1322 931 1411 949 rerum
1423 923 1607 958 desperatione
1618 923 1711 949 conssi-

911 960 960 995 git.
982 960 1011 986 In
1024 960 1181 986 huiusmodi
1191 961 1336 986 certamine
1347 970 1377 987 ac
1389 960 1489 995 praelio
1502 970 1597 992 nonne,
1615 962 1710 987 etiam-

912 998 934 1023 si
948 997 1089 1024 hominum
1101 997 1189 1024 studia
1202 998 1338 1029 deficiant,
1361 998 1399 1024 dii
1416 999 1468 1033 ipsi
1485 998 1649 1025 immortales
1665 1007 1710 1025 co-

911 1039 987 1070 gent,
1005 1035 1038 1061 ab
1055 1035 1097 1061 his
1109 1035 1331 1070 praeclarissimis
1344 1036 1490 1062 virtutibus
1503 1040 1539 1062 tot
1550 1040 1575 1062 et
1587 1040 1656 1062 tanta
1669 1037 1710 1062 vi—

912 1072 947 1098 tia
958 1072 1098 1107 superari?
1127 1073 1186 1099 XII.
1204 1075 1245 1100 26.
1267 1073 1340 1106 Quae
1351 1082 1437 1108 quum
1449 1074 1483 1100 ita
1495 1074 1562 1104 siut,
1580 1073 1707 1106 Quirites,

911 1118 958 1136 vos
967 1131 973 1141 ,
987 1110 1216 1145 quemadmodum
1229 1111 1280 1137 iam
1293 1115 1382 1142 antea,
1403 1115 1488 1138 vestra
1501 1116 1567 1138 tecta
1579 1111 1709 1137 custodiis

911 1147 1067 1183 vigiliisque
1079 1147 1227 1175 defendite:
1251 1149 1331 1179 mihi,
1349 1153 1379 1175 ut
1390 1149 1453 1175 Urbi
1465 1149 1524 1175 sine
1537 1153 1623 1175 vestro
1636 1154 1708 1175 motu

910 1194 939 1211 ac
950 1186 1008 1211 sine
1020 1185 1075 1212 ullo
1093 1185 1211 1212 tumultu
1227 1187 1292 1213 satis
1308 1191 1379 1212 esset
1395 1186 1535 1221 praesidii,
1554 1186 1708 1213 consultum

909 1231 939 1249 ac
949 1224 1089 1258 provisum
1101 1228 1150 1250 est.
1191 1223 1281 1250 Coloni
1293 1233 1386 1251 omnes
1398 1225 1604 1259 municipesque
1616 1225 1707 1255 vestri,

909 1261 1034 1287 certiores
1051 1270 1064 1287 a
1077 1269 1118 1287 me
1130 1260 1192 1287 facti
1203 1261 1236 1287 de
1247 1261 1296 1288 hac
1308 1266 1436 1288 nocturna
1448 1263 1606 1288 excursione
1618 1262 1710 1289 Catili-

909 1307 966 1329 nae,
976 1298 1052 1324 l'acile
1065 1298 1145 1325 urbes
1157 1308 1220 1325 suas
1233 1299 1354 1334 finesque
1365 1299 1523 1326 defendent:
1537 1299 1706 1335 gladiatores,

908 1344 991 1370 quam
1006 1336 1059 1362 sibi
1075 1335 1120 1362 ille
1136 1337 1281 1363 maximam
1298 1345 1408 1363 manum
1424 1341 1449 1363 et
1464 1337 1641 1363 certissimam
1654 1336 1709 1363 l'orc

909 1374 1026 1408 putavit,
1044 1381 1208 1408 quamquam
1226 1373 1335 1400 meliore
1350 1375 1439 1401 animo
1455 1379 1530 1405 sunt,
1549 1383 1630 1409 quarn
1647 1383 1708 1409 pars

909 1411 1094 1445 patriciorum,
1118 1415 1248 1446 potestate
1269 1416 1358 1438 tamen
1380 1416 1468 1438 nostra
1489 1412 1707 1438 continebuntur.

908 1448 937 1480 Q.
955 1448 1092 1479 Metellus,
1116 1457 1197 1483 quem
1214 1458 1277 1485 ego,
1300 1450 1467 1484 prospiciens
1484 1449 1546 1480 hoc,
1571 1450 1597 1476 in
1613 1458 1708 1485 agrum

909 1485 1079 1512 Gallicanum
1091 1486 1274 1521 Picenumque
1290 1487 1430 1521 praemisi,
1450 1491 1496 1514 aut
1511 1487 1644 1522 opprimet
1659 1487 1707 1514 ho-

909 1524 1022 1555 minem,
1036 1528 1081 1550 aut
1091 1532 1185 1550 omnes
1196 1525 1255 1550 eius
1267 1528 1355 1551 motus
1366 1529 1532 1560 conatusque
1544 1525 1706 1559 prohibebit.

907 1561 1029 1596 Reliquis
1046 1565 1135 1588 autem
1151 1561 1183 1588 de
1200 1562 1281 1588 rebus
1297 1562 1507 1593 constituendis,
1530 1562 1705 1594 maturandis,

907 1599 1018 1634 agendis
1034 1599 1087 1625 iam
1103 1599 1137 1626 ad
1152 1604 1276 1627 senatum
1292 1599 1453 1631 reseremus,
1471 1608 1553 1635 quem
1566 1600 1654 1627 vocari
1666 1601 1708 1626 vi-

906 1636 985 1663 detis.

962 1675 1004 1701 27.
1027 1674 1105 1701 Nunc
1120 1674 1194 1705 illos,
1217 1675 1265 1710 qui
1281 1675 1308 1701 in
1319 1675 1390 1702 Urbe
1404 1679 1604 1706 remanserunt,
1627 1679 1707 1710 atque

906 1711 971 1738 adeo
991 1713 1039 1747 qui
1059 1717 1150 1739 contra
1162 1712 1242 1739 Urbis
1257 1712 1372 1739 salutem
1387 1713 1566 1748 omniumque
1586 1718 1706 1739 vestrum

905 1750 932 1776 in
943 1750 1013 1776 Urbe
1024 1749 1157 1777 aCatilina
1170 1750 1255 1777 relicti
1266 1755 1338 1782 sunt,
1351 1759 1517 1786 quamquam
1529 1755 1593 1777 sunt
1605 1750 1705 1781 liostes,

906 1792 1007 1819 tamen,
1025 1788 1089 1822 quia
1106 1788 1160 1814 nati
1171 1793 1235 1814 suut
1246 1788 1333 1819 cives,
1352 1789 1467 1815 monitos
1478 1797 1523 1814 eos
1535 1789 1614 1814 etiam
1627 1793 1707 1822 atque

905 1825 986 1852 etiam
1000 1825 1068 1852 volo.
1096 1826 1153 1851 Mea
1166 1825 1260 1852 lenitas
1273 1826 1360 1852 adhuc
1371 1827 1395 1852 si
1406 1827 1449 1852 cui
1461 1825 1574 1852 solutior
1586 1825 1642 1851 visa
1654 1830 1704 1855 est,

906 1863 955 1889 hoc
967 1863 1142 1898 exspectavit,
1156 1868 1186 1890 ut
1196 1863 1232 1894 id,
1246 1863 1319 1898 quod
1332 1863 1437 1894 latebat,
1451 1868 1617 1898 erumperet:
1633 1862 1707 1898 quod

905 1900 1041 1936 reliquum
1054 1905 1108 1933 est,
1125 1901 1178 1927 iam
1191 1910 1242 1928 non
1255 1910 1366 1936 possum
1383 1901 1521 1932 oblivisci,
1540 1910 1626 1927 meam
1639 1901 1707 1927 lianc

905 1947 965 1965 esse
976 1939 1098 1974 patriam,
1111 1947 1154 1965 me
1165 1938 1261 1965 horum
1272 1947 1332 1966 esse
1343 1939 1495 1970 consulem,
1510 1939 1576 1965 mihi
1588 1943 1705 1965 autenm

905 1976 948 2002 his
964 1976 1112 2003 vivendum
1128 1980 1174 2002 aut
1189 1985 1236 2011 pro
1252 1976 1294 2003 his
1310 1985 1370 2003 esse
1387 1976 1565 2003 moriendum.
1607 1975 1705 2002 Nullus

904 2018 945 2040 est
961 2018 1050 2049 portae
1061 2018 1166 2045 custos,
1184 2014 1278 2040 nullus
1294 2014 1433 2041 insidiator
1445 2015 1516 2041 viae:
1539 2014 1621 2048 siqui
1633 2014 1706 2040 exiro

905 2051 1012 2082 volunt,
1030 2051 1171 2078 consulere
1187 2052 1240 2078 sibi
1257 2057 1385 2087 possunt:
1409 2052 1456 2087 qui
1474 2060 1536 2078 vero
1552 2052 1579 2078 in
1592 2051 1661 2078 Urbe
1676 2060 1705 2077 so

904 2090 1091 2120 commoverit,
1114 2090 1193 2116 cuius
1209 2098 1259 2125 ego
1275 2098 1326 2116 non
1343 2089 1422 2116 modo
1438 2089 1550 2120 sactum,
1573 2089 1621 2115 sed
1633 2089 1705 2115 iuce-

904 2131 981 2162 ptum
998 2126 1084 2153 ullum
1096 2131 1256 2153 conatumve
1266 2131 1356 2153 contra
1369 2128 1481 2161 patriam
1493 2126 1703 2161 deprehendere,

904 2165 1000 2191 sentiet
1012 2165 1038 2191 in
1051 2164 1099 2191 hac
1111 2164 1178 2191 urbe
1188 2173 1249 2191 esse
1260 2164 1385 2191 consules
1398 2164 1549 2199 vigilantes,
1559 2173 1617 2190 csse
1627 2172 1705 2199 egre-

903 2203 962 2237 gios
974 2202 1157 2237 magistratus,
1170 2210 1229 2229 esse
1240 2201 1334 2228 sortem
1346 2206 1479 2232 senatum,
1493 2210 1552 2228 esse
1563 2210 1646 2231 arma,
1661 2210 1704 2227 es—

903 2248 932 2265 se
943 2248 1084 2270 carcerem,
1093 2248 1174 2274 quem
1187 2239 1321 2265 vindicem
1335 2239 1496 2265 nefariorum
1509 2248 1538 2265 ac
1550 2238 1704 2265 manifesto-

903 2286 962 2303 rum
975 2276 1107 2302 scelerum
1120 2277 1233 2303 maiores
1246 2277 1327 2302 nostri
1339 2285 1398 2302 esse
1411 2276 1564 2303 voluerunt.

959 2314 1030 2340 xlll.
1043 2316 1085 2340 2⁸.
1108 2313 1195 2348 Atque
1208 2313 1272 2340 llaec
1283 2314 1372 2340 omnia
1384 2314 1423 2340 sic
1434 2318 1560 2347 agentur,
1573 2312 1700 2345 Quirites,

903 2356 985 2378 utres
998 2351 1129 2377 maximae
1145 2351 1258 2377 minimo
1274 2355 1361 2382 motu,
1381 2351 1498 2386 perit-ula
1510 2359 1615 2376 summa
1628 2350 1703 2377 nullo

903 2388 1035 2419 tumultu,
1054 2388 1156 2414 bellum
1173 2388 1332 2414 intestinum
1348 2397 1378 2414 ac
1392 2388 1570 2414 domesticum
1583 2393 1643 2422 post
1654 2387 1703 2414 ho-

903 2426 1006 2452 minum
1024 2425 1179 2452 memoriam
1195 2425 1416 2452 crtulelissiinum
1432 2435 1461 2451 ac
1473 2425 1636 2455 maximum,
1659 2434 1702 2452 mo

903 2472 955 2490 uno
968 2468 1055 2497 togato
1066 2463 1134 2489 duco
1145 2468 1171 2489 et
1183 2463 1354 2497 imperatore,
1372 2463 1495 2489 sedetur:
1517 2462 1590 2497 quod
1602 2471 1652 2498 ego
1662 2463 1701 2489 sic

902 2501 1106 2531 administrabo,
1124 2500 1255 2532 Quirites,
1274 2505 1315 2531 nt,
1334 2501 1356 2526 si
1370 2500 1425 2527 ullo
1437 2499 1515 2527 modo
1527 2500 1581 2526 lieri
1595 2501 1698 2535 poterit,

902 2547 934 2565 ne
951 2538 1092 2572 improbus
1107 2538 1217 2572 quidem
1233 2538 1380 2573 quisquam
1397 2538 1423 2564 in
1441 2537 1489 2564 linc
1506 2537 1571 2564 urbe
1587 2546 1698 2573 poenam

901 2576 944 2602 sui
956 2575 1064 2602 sceleris
1076 2575 1194 2602 sufferat.
1235 2575 1288 2602 Sed
1304 2576 1327 2602 si
1341 2576 1380 2602 vis
1393 2575 1550 2602 manifestae
1561 2575 1696 2604 audaciae.

901 2613 923 2639 si
941 2613 1100 2648 impendens
1117 2614 1215 2648 patriae
1231 2613 1379 2648 periculum
1392 2622 1434 2640 nia
1446 2613 1596 2640 necessario
1606 2613 1639 2639 de
1651 2613 1699 2639 lun:

901 2651 983 2677 animi
1006 2650 1114 2677 lenitate
1134 2651 1290 2680 deduxerit.
1318 2650 1386 2677 illud
1413 2650 1530 2685 profecto
1551 2651 1696 2686 perliciam.

900 2688 973 2724 quod
989 2688 1016 2715 iu
1033 2692 1104 2715 tanto
1114 2693 1139 2715 et
1152 2693 1204 2715 tam
1217 2688 1347 2715 insidioso
1358 2687 1429 2715 bello
1441 2688 1486 2715 vix
1497 2688 1644 2724 optandum
1659 2689 1699 2714 vi-
