1941 3052
648 132 850 159 BRUTUS.
886 132 1028 159 CAP.l

67 212 136 238 quae
157 211 242 238 quum
264 202 382 229 studiose
404 207 513 229 tractare
535 203 696 238 coepissem,
718 203 775 238 ipsa
794 203 861 229 mihi

67 241 186 267 tractatio
204 240 350 266 litterarum
364 239 488 266 salutaris
502 240 553 266 fuit
567 240 766 275 admonuitque,
784 241 862 267 Pom—-

68 279 139 313 poni,
156 282 186 304 ut
198 286 212 303 a
224 282 248 303 te
262 278 321 312 ipso
335 285 467 303 sumerem
479 277 580 312 aliquid
590 278 622 303 ad
635 286 677 304 me
688 277 860 304 reficiendum

67 320 147 350 teque
168 314 406 345 remunerandum,
432 315 454 340 si
478 323 529 340 non
552 316 622 349 pari,
643 319 668 341 at
685 320 759 351 grato
773 320 861 341 tamen

69 360 191 378 munere:
226 360 390 386 quamquam
422 351 489 377 illud
516 352 670 378 Hesiodium
699 352 822 378 laudatur
847 360 860 378 a

68 389 165 420 doctis,
189 389 262 424 quod
284 389 376 415 eadem
404 398 527 415 mensura
555 389 664 415 reddere
690 389 778 420 iubet,
808 397 861 423 qua

68 427 214 461 acceperis,
232 430 278 452 aut
291 426 370 452 etiam
384 426 567 458 cumulatiore,
584 427 607 452 si
621 427 718 461 possis.
755 428 793 452 16.
806 427 862 461 Ego

67 468 157 490 autem
181 463 344 490 voluntatem
372 464 420 489 tibi
447 463 564 498 profecto
591 464 713 496 emetiar3
736 463 783 489 sed
806 472 861 489 rem

68 501 154 536 ipsam
168 500 288 527 nondum
302 509 381 536 posse
395 501 501 533 videor,
528 501 611 535 idque
626 505 655 526 ut
669 501 799 536 ignoscas,
813 504 861 526 ate

68 543 137 573 peto.
172 539 225 564 Nec
239 539 310 564 enim
325 547 358 564 ex
372 539 457 569 novis,
474 542 504 564 ut
517 537 646 574 agricolae
657 538 755 568 solent,
770 537 862 563 fructi-

68 576 120 602 bus
142 579 193 607 est,
214 575 286 602 unde
306 575 354 602 tibi
373 575 482 602 reddam
502 575 573 610 quod
593 575 695 609 accepi,
717 575 756 600 sic
774 575 861 600 omnis

68 612 138 639 fetus
156 621 295 648 repressus
314 617 480 648 exustusque
498 612 545 638 flos
563 613 607 638 siti
621 612 717 638 veteris
732 612 861 637 ubertatis

68 651 184 681 exaruit,
200 659 248 677 nec
266 659 299 676 ex
312 650 434 681 conditis,
454 650 501 685 qui
515 650 601 675 iacent
614 650 641 675 in
655 649 772 675 tenebris
790 653 815 674 et
829 648 862 674 ad

67 696 135 722 quos
154 688 241 714 omnis
260 688 337 714 nobis
351 687 452 717 aditus,
469 687 515 721 qui
528 695 611 721 paene
625 686 689 712 solis
703 686 797 721 patuit,
814 686 862 712 ob-

68 730 186 751 structus
200 729 248 751 est.
282 725 406 751 Seremus
419 724 502 760 igitur
516 723 619 758 aliquid
631 728 767 758 tamquam
782 723 808 749 in
820 723 862 749 in-

67 761 139 788 culto
157 766 182 788 et
196 761 322 788 derelicto
339 761 408 794 solo;
431 761 502 796 quod
522 761 556 786 ita
575 760 717 796 diligenter
731 760 858 791 colemus,

68 804 97 825 ut
118 799 263 834 impendiis
286 800 365 825 etiam
384 807 480 834 augere
499 798 635 833 possimus
655 797 802 834 largitatem
823 798 861 823 tui

67 836 200 869 muneris;
227 836 306 863 modo
323 836 394 862 idem
412 840 501 862 noster
519 835 624 862 animus
644 835 747 861 efficere
766 835 859 870 possit,

67 873 140 908 quod
159 882 229 909 ager,
245 875 302 909 qui,
315 882 401 909 quum
416 873 514 900 multos
529 881 612 899 annos
625 873 737 907 quievit,
755 873 862 899 uberio-

67 919 109 937 res
127 910 218 937 efl'erre
236 911 327 947 fruges
345 911 420 938 solet.
456 911 496 936 ⁴7.
517 911 586 936 Tum
603 910 662 936 ille:
690 910 747 945 Ego
761 918 823 936 vero
837 914 862 936 et

67 948 227 983 exspectabo
245 957 287 980 ea,
307 957 376 984 quae
393 948 540 983 polliceris,
557 956 605 974 nec
619 948 733 983 exigam,
751 947 801 973 nisi
817 952 862 973 tuo

67 986 218 1017 commodo,
240 990 265 1012 et
283 990 361 1012 erunt
374 986 441 1012 mihi
456 989 585 1021 pergrata,
602 985 625 1011 si
639 985 761 1012 solveris.
795 985 861 1011 Mihi

67 1032 187 1058 quoque,
216 1024 305 1058 inquit
323 1024 434 1054 Brutus,
453 1022 630 1057 exspectanda
649 1027 712 1049 sunt
729 1031 771 1053 ea,
792 1030 861 1056 quae

66 1061 152 1087 Attico
166 1060 308 1096 polliceris,
325 1061 375 1087 etsi
388 1060 499 1087 fortasse
513 1069 561 1096 ego
576 1069 590 1086 a
603 1064 628 1086 te
643 1060 724 1086 huius
739 1059 862 1086 volunta-

67 1099 123 1125 rius
142 1103 295 1133 procurator
312 1103 413 1134 petam,
433 1097 506 1133 quod
526 1098 595 1132 ipse,
612 1098 656 1123 cui
670 1098 760 1128 debes,
778 1106 806 1123 se
820 1097 862 1123 in—

66 1135 204 1162 commodo
219 1140 374 1162 exacturum
388 1140 476 1171 negat.
510 1136 541 1162 V.
559 1137 599 1161 18.
611 1135 645 1161 At
654 1143 725 1166 vero,
739 1135 858 1169 inquam,

67 1173 116 1200 tibi
134 1181 195 1208 ego,
216 1173 308 1205 Brute,
331 1182 383 1200 non
401 1173 517 1204 solvam,
534 1173 586 1199 nisi
600 1173 676 1207 prius
691 1181 704 1198 a
719 1177 742 1198 te
756 1180 858 1202 cavero,

67 1210 183 1245 amplius
204 1219 234 1237 eo
251 1211 358 1237 nomine
376 1211 519 1241 neminem,
536 1210 613 1236 cuius
628 1210 720 1244 petitio
734 1210 776 1241 sit,
793 1209 862 1244 peti—

67 1252 168 1274 turum.
203 1248 261 1274 Non
288 1247 453 1279 mehercule,
479 1248 580 1282 inquit,
607 1248 656 1274 tibi
678 1248 860 1282 repromittere

67 1285 137 1311 istuc
153 1285 263 1320 quidem
282 1286 378 1312 ausim.
412 1285 480 1311 Nam
498 1284 583 1316 hunc,
604 1285 651 1320 qui
670 1289 762 1320 negat,
783 1284 860 1311 video

67 1321 248 1358 flagitatorem,
273 1331 325 1349 non
348 1322 427 1349 illum
450 1322 560 1357 quidem
579 1322 626 1348 tibi
645 1322 796 1353 molestum,
813 1322 860 1347 sed

67 1359 207 1386 assiduum
230 1364 318 1386 tamen
340 1364 365 1386 et
389 1368 475 1386 acrem
494 1359 558 1386 fore.
594 1360 662 1385 Tum
686 1360 858 1394 Pomponius,

66 1397 123 1433 Ego
136 1405 208 1428 vero,
224 1397 320 1432 inquit,
336 1398 448 1423 Brutum
462 1396 529 1423 nihil
544 1398 650 1423 mentiri
665 1401 739 1431 puto.
765 1397 861 1423 Videor

67 1435 138 1461 enim
157 1434 210 1461 iam
226 1439 250 1461 te
269 1443 386 1461 ausurus
404 1442 462 1460 esse
480 1434 623 1469 appellare,
640 1435 766 1469 quoniam
782 1434 861 1469 longo

66 1471 206 1498 intervallo
225 1472 304 1498 modo
322 1472 440 1507 primum
458 1471 633 1497 animadverti
649 1471 739 1506 paullo
753 1476 778 1497 te
793 1471 861 1497 hila-

66 1510 172 1536 riorem.
201 1511 240 1536 49.
257 1510 356 1544 Itaque,
372 1509 499 1544 quoniam
513 1508 566 1540 hic,
583 1509 655 1543 quod
669 1509 736 1535 mihi
750 1509 862 1535 debere-

66 1551 118 1577 tur,
142 1555 171 1573 se
193 1551 349 1573 exacturum
371 1545 509 1581 professus
527 1550 575 1577 est,
596 1546 669 1581 quod
688 1546 750 1572 huic
767 1546 858 1577 debes,

67 1592 118 1620 ego
131 1592 145 1610 a
159 1588 184 1610 te
197 1588 266 1619 peto.
289 1583 423 1616 Quidnam
437 1582 483 1610 id?
505 1583 624 1618 inquam.
648 1584 680 1610 Ut
693 1584 802 1614 scribas,
820 1584 861 1609 in-

67 1622 134 1656 quit,
159 1621 272 1656 aliquid.
309 1621 470 1656 Iampridem
494 1621 566 1647 enim
588 1621 774 1648 conticuerunt
800 1626 860 1647 tuae

68 1658 178 1685 litterae.
212 1659 279 1685 Nam
301 1663 332 1686 ut
353 1658 414 1685 illos
437 1658 470 1684 de
488 1657 625 1693 republica
645 1658 726 1685 libros
740 1658 857 1689 edidisti,

68 1695 134 1722 nihil
149 1704 163 1722 a
176 1700 201 1722 te
215 1705 278 1722 sane
291 1700 382 1731 postea
400 1696 566 1730 accepimus;
594 1696 688 1731 eisque
702 1697 859 1731 nosmetipsi
882 1701 883 1711 ¹

67 1733 101 1759 ad
118 1737 238 1760 veterum
257 1733 394 1760 annalium
412 1733 567 1760 memoriam
581 1733 859 1768 comprehendendam

66 1770 178 1805 impulsi
192 1775 271 1806 atque
284 1771 387 1798 incensi
405 1779 510 1797 sumus.

67 1882 199 1915 Quidnam
214 1887 254 1910 est
267 1883 312 1910 id‘?
331 1884 451 1918 inquam.

67 1920 176 1947 sculano
194 1920 324 1947 inchoasti
342 1921 375 1947 de
388 1920 546 1952 oratoribus,
562 1920 670 1955 quando
684 1929 742 1947 esse
756 1921 860 1955 coepis-

67 1961 134 1989 sent,
150 1958 197 1992 qui
212 1958 290 1985 etiam
305 1963 330 1984 et
343 1958 436 1993 quales
451 1958 574 1984 ruissent.
597 1957 682 1989 Quem
696 1966 745 1993 ego
759 1966 860 1984 sermo—
882 1974 883 1980 .

67 2003 128 2021 nem
146 2004 231 2030 quum
249 1995 282 2022 ad
300 1996 412 2022 Brutum
428 2000 504 2021 tuum
520 1995 560 2021 vel
576 1999 696 2021 nostrum
710 1995 799 2030 potius
813 1995 860 2021 de—
881 2005 883 2015 1

67 2032 199 2063 tulissem,
215 2041 312 2068 magno
324 2041 403 2067 opere
418 2033 461 2058 hic
474 2032 567 2058 audire
581 2040 609 2058 se
624 2032 692 2058 velle
707 2032 785 2059 dixit.
809 2033 860 2059 Ita-

66 2078 119 2105 que
142 2069 213 2095 hunc
235 2069 366 2105 elegimus
389 2069 470 2100 diem,
495 2078 580 2104 quum
605 2074 630 2095 te
651 2070 782 2096 sciremus
801 2079 860 2096 esse

67 2115 192 2133 vacuum.
214 2106 309 2139 Quare,
326 2107 348 2133 si
363 2107 411 2133 tibi
425 2111 465 2133 est
478 2106 658 2138 commodum,
671 2106 719 2133 ede
729 2106 860 2142 illa,quae

67 2152 199 2179 coeperas,
215 2148 241 2170 et
254 2145 334 2170 Bruto
347 2149 373 2170 et
387 2144 462 2170 mihi.
493 2145 534 2171 24.
551 2144 607 2179 Ego
621 2152 691 2175 vero,
704 2145 824 2179 inquam,
837 2145 859 2171 si

68 2185 185 2216 potuero,
208 2181 301 2207 faciam
316 2181 392 2208 vobis
411 2182 485 2207 satis.
520 2181 629 2212 Poteris,
646 2182 748 2216 inquit:
772 2181 859 2208 relaxa

68 2218 146 2245 modo
159 2218 281 2253 paullum
295 2219 425 2250 animum,
442 2222 488 2245 aut
501 2227 573 2250 sane,
589 2219 612 2245 si
628 2223 710 2253 potes,
729 2219 820 2245 libera.

122 2256 223 2290 Nempe
236 2256 318 2291 igitur
333 2256 395 2282 hinc
409 2260 475 2287 tum,
491 2256 736 2290 Pomponi,ductus
751 2261 791 2283 est
804 2265 860 2283 ser-

68 2300 118 2321 mo.
138 2293 210 2328 quod
229 2297 283 2319 erat
300 2303 314 2319 a
333 2302 375 2319 me
393 2293 493 2319 mentio
507 2292 582 2324 sucta.
598 2302 720 2319 caussam
736 2294 857 2325 Deiotari,

67 2329 216 2356 fidelissimi
236 2335 315 2365 atque
333 2331 426 2365 optimi
445 2330 524 2366 regis,
545 2330 713 2357 ornatissime
732 2335 757 2357 et
769 2332 860 2366 copio-

67 2366 174 2393 sissime
191 2376 205 2393 a
220 2368 299 2394 Bruto
313 2377 356 2394 me
369 2368 477 2394 audisse
490 2367 639 2393 defensam.
674 2368 716 2394 vl.
732 2368 801 2399 Scio,
818 2369 859 2394 in-

67 2404 133 2438 quit,
158 2404 191 2430 ab
214 2405 263 2431 isto
287 2405 362 2431 initio
386 2409 498 2432 tractum
523 2413 581 2430 esse
599 2413 759 2436 sermonem,
780 2410 858 2440 teque

67 2440 138 2468 Bruti
162 2441 294 2468 dolentem
319 2443 414 2474 vicem,
439 2442 516 2477 quasi
540 2441 680 2468 deflevisse
698 2443 857 2468 iudiciorum

68 2478 214 2505 vastitatem
237 2483 263 2505 et
285 2479 344 2506 sori.
379 2480 448 2511 Feci,
470 2480 589 2514 inquam,
613 2479 681 2504 istuc
699 2479 818 2514 quidem,
835 2484 859 2505 et

67 2523 144 2550 saepe
159 2515 234 2542 facio.
260 2518 302 2544 22.
320 2517 386 2543 Nam
401 2517 477 2547 mihi,
493 2516 581 2546 Brute,
599 2516 625 2542 in
641 2520 664 2542 te
679 2517 791 2542 intuenti
803 2525 859 2542 cre-

68 2551 114 2578 bro
131 2553 158 2579 in
177 2558 291 2580 mentem
310 2555 384 2580 venit
401 2554 495 2585 vereri,
514 2553 680 2588 ecquodnam
694 2553 858 2579 curriculum

67 2587 209 2624 aliquando
232 2591 267 2616 sit
289 2591 409 2618 habitura
433 2596 478 2618 tua
501 2595 525 2617 et
544 2595 635 2616 natura
654 2590 820 2617 admirabilis
834 2595 859 2616 et

67 2627 198 2661 exquisita
212 2627 329 2654 doctrina
343 2633 369 2654 et
379 2628 523 2664 singularis
535 2628 674 2654 industria.
687 2628 776 2660 Quum
787 2629 857 2654 enim

67 2663 94 2689 in
108 2664 232 2691 maximis
245 2666 348 2692 caussis
363 2670 484 2692 versatus
498 2674 571 2691 esses
585 2670 618 2696 et,
628 2673 712 2700 quum
729 2665 775 2691 tibi
788 2670 858 2691 actas

548 1770 601 1797 Sed
614 1770 668 1802 illa,
685 1779 770 1806 quum
785 1775 861 1805 pote—
881 1791 882 1795 ,

68 1808 119 1834 ris:
139 1812 219 1843 atque
232 1813 262 1835 ut
275 1809 372 1844 possis,
387 1817 461 1844 rogo.
487 1809 529 1835 20.
545 1808 622 1834 Nunc
636 1817 707 1839 vero,
723 1809 820 1843 inquit,
837 1809 859 1835 si
881 1825 883 1833 v

67 1853 96 1871 es
121 1846 210 1872 animo
235 1854 332 1878 vacuo,
360 1854 463 1881 expone
489 1845 566 1872 nobis
592 1845 664 1880 quod
691 1846 857 1881 quaerimus
881 1871 883 1880 ,

492 1882 569 1915 Quod
583 1883 649 1909 mihi
665 1892 750 1918 nuper
764 1884 791 1909 iu
806 1884 860 1909 Tu-
881 1908 883 1916 ,

1054 148 1089 151 -
1110 134 1134 158 8.
1658 137 1702 161 137

913 209 1000 229 nostra
1024 203 1076 229 iam
1099 203 1202 229 cederet
1220 202 1359 238 fascesque
1373 204 1557 235 summitteret,
1574 205 1663 231 subito
1678 206 1704 232 in

913 241 1020 266 civitate
1039 249 1124 275 quum
1143 240 1192 266 alia
1211 241 1364 267 ceciderunt
1382 245 1437 266 tum
1453 242 1530 267 etiam
1545 250 1574 267 ea
1588 242 1654 276 ipsa,
1672 243 1704 268 de

912 286 964 311 qua
979 277 1115 312 disputare
1126 277 1253 308 ordimur,
1266 277 1415 313 eloquentia
1427 278 1570 305 obmutuit.
1586 281 1627 306 23.
1636 280 1703 306 Tum

912 314 1127 345 ille,Ceterarum
1142 323 1230 340 rerum
1245 323 1347 346 caussa,
1364 316 1460 350 inquit,
1477 316 1545 342 istuc
1559 320 1583 342 et
1593 316 1669 342 doleo
1680 322 1705 343 et

912 351 1057 378 dolendum
1081 357 1158 386 puto,
1186 352 1291 378 dicendi
1309 357 1397 379 autem
1412 362 1454 379 me
1469 362 1520 379 non
1534 358 1587 379 tam
1602 353 1704 380 fructus

912 393 937 414 et
954 389 1047 424 gloria,
1068 398 1147 424 quam
1167 389 1287 415 studium
1306 390 1396 424 ipsum
1415 391 1619 426 exercitatioque
1633 391 1705 417 dele-

912 430 977 452 ctat:
1004 426 1075 461 quod
1094 427 1161 452 mihi
1180 426 1253 452 nulla
1272 435 1312 453 res
1327 428 1428 462 eripiet,
1444 432 1469 454 te
1483 428 1637 462 praesertim
1652 433 1705 454 tam

913 463 1041 489 studioso.
1076 464 1181 490 Etenim
1200 464 1287 490 dicere
1305 464 1371 491 bene
1391 473 1468 491 nemo
1481 470 1574 500 potest,
1592 466 1643 492 nisi
1658 466 1705 500 qui

913 500 1057 535 prudenter
1070 500 1204 536 intelligit.
1230 501 1316 533 Quare
1329 503 1377 537 qui
1391 501 1557 537 eloquentiae
1572 511 1648 529 verae
1662 503 1706 529 dat

913 546 1028 572 operam,
1048 538 1092 564 dat
1110 538 1274 572 prudentiae,
1295 548 1348 574 qua
1363 548 1395 565 ne
1415 540 1539 566 maximis
1553 540 1663 575 quidem
1677 541 1704 566 in

913 574 991 600 bellis
1005 584 1090 610 aequo
1104 576 1192 602 animo
1206 584 1293 602 carere
1306 577 1451 611 quisquam
1461 582 1556 612 potest.
1572 579 1614 604 24.
1627 578 1706 604 Prae-

913 612 990 643 clare,
1007 613 1127 646 inquam,
1144 613 1231 643 Brute,
1248 613 1324 645 dicis,
1341 623 1425 649 eoque
1439 615 1524 650 magis
1538 616 1588 641 ista
1599 615 1705 642 dicendi

914 648 991 675 laude
1010 649 1133 680 delector,
1155 650 1227 684 quod
1241 655 1333 682 cetera,
1350 660 1418 686 quae
1432 657 1495 678 sunt
1508 652 1643 686 quondam
1658 653 1706 678 ha-

912 686 967 712 bita
990 686 1017 712 in
1036 687 1141 713 civitate
1160 687 1347 721 pulcherrima,
1369 697 1446 715 nemo
1460 693 1499 715 est
1515 694 1567 715 tam
1582 690 1702 720 humilis,

912 724 960 758 qui
982 732 1010 749 se
1033 732 1085 750 non
1109 728 1153 750 aut
1177 733 1254 759 posse
1277 725 1388 760 adipisci
1407 731 1452 752 aut
1470 726 1595 761 adeptum
1614 732 1702 762 putet:

913 760 1081 795 eloquentem
1096 762 1229 788 neminem
1244 763 1322 788 video
1336 762 1434 789 factum
1449 772 1507 789 esse
1522 765 1639 790 victoria.
1652 764 1705 790 Sed

912 806 966 832 quo
988 797 1094 824 facilius
1117 808 1204 825 sermo
1222 800 1378 834 explicetur,
1399 800 1530 831 sedentes,
1551 802 1573 827 si
1590 801 1702 832 videtur,

913 843 1033 870 agamus.
1060 836 1150 868 Quum
1164 836 1234 862 idem
1249 837 1394 871 placuisset
1408 838 1471 868 illis,
1488 842 1545 864 tum
1560 839 1586 864 in
1601 839 1705 873 pratulo

912 876 1019 908 propter
1032 873 1148 900 Platonis
1163 878 1276 900 statuam
1291 875 1471 901 consedimus.

966 912 1008 937 25.
1020 910 1068 936 Hic
1078 919 1140 946 ego:
1153 911 1272 938 Laudare
1283 913 1366 947 igitur
1377 912 1555 947 eloquentiam
1566 916 1599 944 et,
1607 918 1704 947 quanta

913 948 954 973 vis
977 948 1012 974 sit
1033 948 1101 979 eius,
1126 957 1290 983 expromere,
1315 955 1496 985 quantamque
1519 950 1566 980 iis,
1587 951 1634 985 qui
1653 951 1706 977 sint

913 993 971 1011 eam
989 986 1133 1017 consecuti,
1150 986 1306 1022 dignitatem
1321 987 1418 1018 afferat,
1436 996 1523 1022 neque
1538 989 1705 1022 propositum

913 1022 990 1048 nobis
1004 1027 1044 1049 est
1057 1023 1106 1050 hoc
1121 1023 1177 1050 loco
1191 1033 1277 1058 neque
1292 1025 1482 1051 necessarium.
1506 1025 1559 1051 Hoc
1573 1034 1635 1052 vero
1649 1026 1706 1051 sine

913 1059 968 1085 ulla
987 1060 1152 1087 dubitatione
1170 1062 1391 1093 confirmaverim,
1412 1063 1469 1088 sive
1487 1062 1532 1088 illa
1552 1067 1606 1088 arte
1620 1064 1707 1098 paria-

912 1101 955 1123 tur
969 1097 1057 1132 aliqua
1072 1099 1129 1125 sive
1142 1100 1327 1125 exercitatione
1341 1100 1457 1134 quadam
1469 1101 1525 1126 sive
1537 1105 1637 1131 natura,
1651 1110 1705 1127 rem

912 1143 993 1161 unam
1016 1144 1075 1161 esse
1097 1137 1218 1162 omnium
1236 1137 1432 1163 difficillimam.
1469 1137 1574 1170 Quibus
1588 1139 1659 1164 enim
1674 1147 1705 1164 ex

912 1173 1033 1207 quinque
1051 1173 1132 1200 rebus
1150 1178 1269 1200 constare
1288 1174 1393 1205 dicitur,
1411 1184 1502 1201 earum
1517 1184 1569 1201 una
1583 1184 1706 1210 quaeque

912 1214 951 1236 est
965 1219 1006 1236 ars
1021 1211 1079 1245 ipsa
1093 1220 1188 1246 magna
1203 1220 1250 1246 per
1263 1221 1331 1238 sese.
1347 1212 1465 1244 Quarum
1476 1214 1597 1248 quinque
1608 1214 1704 1239 artium

912 1256 1059 1274 concursus
1083 1249 1261 1275 maximarum
1288 1255 1415 1284 quantam
1440 1251 1494 1276 vim
1523 1255 1705 1285 quantamque

912 1283 1097 1311 difficultatem
1112 1286 1233 1318 habeant,
1251 1287 1395 1313 existimari
1412 1292 1507 1322 potest.
1529 1288 1583 1314 VII.
1599 1290 1640 1315 26.
1657 1289 1706 1314 Te-

911 1323 961 1348 stis
984 1327 1024 1349 est
1048 1323 1165 1354 Graecia,
1182 1332 1259 1359 quae,
1281 1333 1366 1359 quum
1385 1325 1551 1360 eloquentiae
1570 1325 1658 1352 studio
1672 1327 1706 1352 sit

911 1360 1020 1386 incensa
1038 1360 1194 1396 iamdiuque
1213 1361 1324 1388 excellat
1338 1363 1364 1388 in
1379 1371 1408 1388 ea
1422 1367 1590 1397 praestetque
1600 1364 1703 1394 ceteris,

912 1401 999 1423 tamen
1023 1406 1115 1424 omnes
1138 1402 1206 1425 artes
1229 1400 1386 1425 vetustiores
1406 1400 1484 1426 habet
1502 1404 1526 1426 et
1544 1400 1628 1427 multo
1647 1406 1705 1426 ante

912 1443 965 1460 non
982 1435 1105 1461 inventas
1119 1435 1216 1467 solum,
1237 1436 1284 1462 sed
1298 1438 1376 1462 etiam
1392 1437 1529 1471 perfectas,
1546 1446 1627 1472 quam
1642 1438 1705 1464 haee

912 1476 952 1498 est
975 1480 989 1498 a
1007 1472 1115 1498 Graecis
1135 1473 1266 1499 elaborata
1284 1474 1390 1500 dicendi
1411 1475 1450 1500 vis
1465 1479 1544 1509 atque
1557 1476 1642 1509 copia.
1678 1476 1705 1501 ln

911 1518 993 1544 quam
1007 1518 1092 1544 quum
1108 1510 1220 1542 intueor,
1237 1512 1353 1537 maxime
1367 1512 1433 1537 mihi
1448 1517 1598 1543 occurrunt,
1611 1513 1702 1542 Attice,

912 1551 937 1573 et
958 1547 1036 1582 quasi
1056 1547 1144 1574 lucent
1162 1548 1280 1574 Athenae
1302 1553 1369 1579 tuae,
1390 1558 1442 1584 qua
1461 1550 1488 1575 in
1508 1550 1572 1575 urbe
1587 1551 1704 1584 primum

912 1592 940 1610 se
963 1588 1049 1610 orator
1071 1585 1175 1616 extulit,
1196 1586 1369 1621 primumque
1388 1587 1466 1612 etiam
1486 1589 1666 1613 monumentis
1681 1592 1706 1613 et

913 1621 1006 1647 litteris
1020 1622 1102 1648 oratio
1116 1627 1155 1648 est
1169 1627 1260 1657 coepta
1275 1623 1404 1649 mandari.
1420 1625 1461 1650 027.
1474 1625 1572 1650 Tamen
1587 1630 1645 1650 ante
1658 1624 1706 1650 Pe—

912 1658 1012 1690 riclem,
1033 1660 1112 1685 cuius
1126 1661 1224 1694 scripta
1238 1660 1368 1694 quaedam
1385 1661 1514 1691 feruntur,
1531 1666 1555 1687 et
1570 1661 1706 1697 Thucydi-

911 1696 981 1727 dem,
1002 1697 1049 1731 qui
1068 1705 1120 1723 non
1140 1698 1310 1723 nascentibus
1329 1698 1449 1729 Athenis,
1471 1699 1517 1724 sed
1535 1700 1588 1724 iam
1607 1699 1705 1725 adultis

912 1733 1028 1765 suerunt,
1050 1733 1134 1760 littera
1154 1734 1227 1760 nulla
1246 1739 1294 1766 est,
1314 1744 1383 1770 quae
1397 1736 1507 1770 quidem
1521 1741 1643 1762 ornatum
1658 1736 1706 1762 ali-

911 1779 992 1806 quem
1017 1771 1112 1798 habeat
1129 1776 1154 1798 et
1171 1773 1281 1798 oratoris
1299 1781 1358 1799 esse
1373 1773 1502 1799 videatur.
1537 1774 1705 1808 Quamquam

911 1809 1002 1843 opinio
1019 1813 1067 1840 est,
1083 1813 1109 1835 et
1122 1818 1193 1840 eum,
1214 1810 1261 1844 qui
1277 1810 1369 1836 multis
1383 1811 1459 1836 annis
1478 1815 1537 1836 ante
1553 1811 1600 1837 lios
1616 1811 1703 1840 suerit,

911 1846 1080 1872 Pisistratum
1099 1850 1124 1872 et
1143 1846 1233 1881 paullo
1251 1847 1382 1874 seniorem
1401 1849 1480 1874 etiam
1495 1848 1618 1874 Solonem
1634 1854 1706 1883 post-

911 1892 995 1918 eaque
1013 1883 1177 1910 Clisthenem
1197 1884 1323 1915 multum,
1345 1889 1373 1911 ut
1392 1886 1557 1920 temporibus
1576 1886 1638 1917 illis,
1661 1896 1706 1912 va-

912 1921 995 1948 luisse
1008 1921 1130 1947 dicendo.
1163 1923 1205 1948 28.
1222 1922 1282 1948 Post
1297 1922 1364 1948 hanc
1378 1927 1487 1949 aetatem
1503 1923 1604 1958 aliquot
1618 1925 1703 1952 annis.

911 1963 940 1985 ut
958 1967 991 1985 ex
1009 1958 1102 1985 Atticis
1117 1960 1298 1985 monumentis
1317 1964 1402 1994 potest
1416 1961 1540 1995 perspici,
1557 1961 1706 1987 Themisto-

910 1995 965 2022 cles
980 1995 1043 2025 suit:
1071 2004 1153 2030 quem
1176 2001 1279 2023 constat
1297 2006 1382 2032 quum
1402 1998 1541 2032 prudentia
1557 2003 1611 2024 tum
1627 1999 1704 2025 etiam

912 2033 1063 2068 eloquentia
1078 2034 1257 2068 praestitisse3
1285 2039 1344 2069 post
1359 2034 1482 2066 Pericles,
1499 2036 1546 2070 qui
1561 2045 1644 2070 quum
1661 2035 1705 2062 sso-

911 2075 979 2097 reret
996 2071 1069 2097 omni
1083 2079 1179 2105 genere
1194 2072 1310 2103 virtutis,
1332 2072 1380 2098 hac
1394 2076 1480 2098 tamen
1497 2073 1547 2098 fuit
1563 2073 1639 2099 laude
1653 2074 1705 2099 vla-

911 2108 1046 2134 rissimus.
1073 2108 1198 2134 Cleonem
1212 2109 1291 2135 etiam
1307 2110 1471 2144 temporibus
1486 2109 1549 2141 illis,
1566 2111 1701 2137 turbulen-

911 2149 968 2172 tum
992 2145 1068 2171 illum
1091 2145 1201 2180 quidem
1224 2146 1324 2177 civem,
1349 2147 1395 2173 sed
1420 2151 1506 2173 tamen
1525 2147 1703 2182 eloquentem.

911 2186 1014 2209 constat
1032 2182 1126 2209 fuisse.
1161 2184 1203 2210 29.
1225 2183 1292 2210 lluic
1306 2184 1383 2210 aetati
1397 2193 1528 2219 suppares
1543 2184 1702 2213 Alcibiades.

911 2219 1015 2251 Critias,
1042 2220 1234 2253 Theramenes3
1264 2221 1366 2255 quibus
1385 2222 1549 2256 temporibus
1570 2222 1641 2256 quod
1664 2222 1706 2248 di-

911 2257 987 2284 cendi
1001 2266 1088 2292 genus
1104 2258 1227 2292 viguerit,
1244 2266 1277 2284 ex
1291 2258 1442 2294 Tlmcydidi
1457 2260 1573 2293 seriptis,
1586 2260 1632 2293 qui
1649 2260 1704 2293 ipsi·

912 2298 970 2320 tum
995 2294 1057 2325 fuit.
1083 2295 1196 2330 intelligi
1220 2296 1336 2321 maxime
1360 2300 1454 2330 potest.
1490 2297 1609 2322 Grandes
1632 2302 1705 2322 eram

912 2331 1010 2362 verbis,
1026 2331 1112 2357 crebri
1126 2333 1274 2362 sententiis,
1291 2333 1487 2367 compressione
1502 2342 1590 2359 rerum
1612 2334 1705 2359 breves

910 2373 935 2394 et
961 2368 994 2394 ob
1021 2377 1078 2394 euni
1105 2369 1190 2403 ipsam
1217 2378 1338 2395 caussam
1371 2370 1502 2395 interdum
1533 2371 1702 2397 subobsvnri.

910 2406 976 2432 Vlll.
989 2407 1030 2431 30.
1045 2405 1097 2431 Sed
1110 2406 1313 2432 inintellectum
1328 2411 1511 2441 est,quuntnm
1529 2408 1581 2433 rim
1598 2408 1704 2434 liaberet

911 2447 1031 2469 accurata
1046 2447 1071 2468 et
1086 2442 1151 2468 sacta
1166 2443 1363 2477 ‹piodammodo
1377 2445 1467 2474 oratio,
1485 2449 1540 2470 tum
1555 2445 1633 2471 etiam
1650 2455 1704 2471 ma-

910 2480 985 2515 gistri
1001 2479 1106 2505 dicendi
1122 2480 1198 2506 multi
1213 2480 1303 2506 subito
1317 2482 1483 2507 exstiterunt.
1517 2482 1583 2507 Tum
1601 2483 1703 2509 Leonti-

911 2526 962 2543 nus
976 2517 1322 2552 Gorgias.Tin-asynuwhus
1333 2518 1536 2549 Cnlclwdonius,
1551 2520 1704 2554 Protagoras

911 2554 1060 2584 Abderites,
1087 2554 1213 2580 Prodicus
1236 2555 1314 2584 (leus,
1336 2556 1445 2590 llippias
1465 2555 1544 2582 Eleus
1564 2557 1591 2583 in
1607 2557 1703 2583 honore

888 2607 889 2613 ι
911 2600 1006 2626 magno
1022 2591 1084 2621 l'uit;
1110 2591 1209 2626 aliique
1225 2592 1301 2618 multi
1317 2593 1481 2627 temporibus
1495 2594 1596 2621 eisdem
1611 2594 1704 2620 dovor«-

909 2637 938 2654 se
957 2628 1155 2662 promebantur,
1176 2630 1360 2664 arrogantibus
1378 2639 1441 2656 sune
1462 2631 1558 2660 verbis,
1575 2633 1702 2667 qnemiul-

888 2688 889 2693 ,
910 2665 1019 2692 modum
1034 2674 1127 2692 caussa
1139 2666 1247 2693 inferior
1257 2667 1301 2702 (ita
1313 2667 1382 2693 enim
1395 2667 1580 2703 loquebantur)
1592 2670 1704 2696 dii-end·-

1468 2718 1497 2742 18
