1941 3052
235 144 282 167 800
799 143 839 166 89,
875 142 909 167 M.
944 142 974 167 T.

1009 141 1281 168 CICERONIS

236 213 369 247 perspexi,
382 220 449 246 qnae
462 211 527 237 mihi
542 212 574 237 ita
586 210 693 245 placuit.
713 216 817 245 utopns
829 211 968 245 publicum
983 213 1023 237 vi-
1042 219 1053 259 11
1073 216 1098 237 ‹-t
1114 212 1180 237 mihi
1198 212 1254 246 ipse
1269 212 1365 237 Caesar
1380 213 1535 238 nominatim
1552 213 1642 239 Curtio
1662 219 1782 248 paratum
1803 223 1862 241 esse

235 250 341 275 deretur
352 258 418 277 esse,
433 254 535 282 praeter
547 256 578 272 vi.
589 256 659 282 pass.
683 247 747 273 Sum
760 249 832 273 enirn
845 249 901 282 ips(-
914 257 1022 274 mensus

236 287 268 312 nb
280 296 309 311 eo
322 285 464 320 ponticuloy
478 287 524 318 qni
537 289 575 310 est
587 284 618 309 ud
633 285 758 313 Furinae,
772 285 903 310 Satricum
919 294 1020 311 versus.

235 370 263 385 en
279 361 334 385 via«-
347 368 406 393 pant
421 358 495 384 valde
508 358 617 383 acclivis
629 363 676 388 cst,
686 358 732 384 sed
745 358 863 385 intellexi
874 359 950 385 aliter
960 359 1022 385 duci

237 406 286 422 non
299 396 425 430 potuisse,
435 396 588 429 praesertim
601 404 685 429 quum
699 400 725 422 tu
738 404 877 431 neque1wr
884 397 1021 426 Locustae,

236 442 321 467 neque
343 441 389 466 per
413 433 535 458 Varronis
559 432 640 457 velles
661 432 768 459 ducere.
809 433 939 459 Veluinus
964 438 1023 459 ante

235 478 313 495 suum
331 469 444 495 fundum
461 478 541 503 prope
558 470 699 496 munierat.
741 471 851 496 Locusta
866 479 917 496 non
929 471 1023 504 attige-

235 512 285 533 rat:
302 514 382 540 quem
395 515 443 541 ego
456 507 550 532 Romat-
563 507 702 540 aggrediar
713 512 751 537 et,
769 512 797 533 ut
808 507 933 538 arbitror,
951 517 1024 533 cotn-

235 544 360 573 movebo.
377 548 402 569 ct
417 543 497 569 simul
511 544 544 569 M.
558 544 688 574 Taurum,
706 553 787 579 quent
804 545 852 570 tibi
869 544 949 571 audio
964 554 1023 579 pro-

235 581 355 610 misisse,
377 581 424 614 qui
442 589 512 606 nunc
530 581 624 606 llomae
641 586 708 612 erat,
726 581 758 607 ‹h-
773 591 840 616 aqua
854 591 900 616 per
911 581 1022 608 fundum

234 663 297 681 sane
308 654 432 689 probavi,
446 655 623 690 quaesivique
634 664 667 682 ex
678 664 718 686 eo,
735 656 831 691 ecquid
843 657 867 682 ei
878 656 911 682 de
924 656 968 682 illa
980 665 1024 681 ae-

234 728 366 755 (invisses.
397 730 464 755 Tum
478 730 500 755 is
512 730 578 756 mihi
591 730 735 765 respondit,
751 739 779 756 se
791 731 880 765 ipsum
891 732 950 757 eius
960 739 1024 765 ope-

235 767 272 792 ris
284 766 346 792 tt-S
356 774 403 792 xvi
414 766 602 793 conductorem
615 767 712 794 fuisse:
735 768 782 793 sed
799 773 823 794 te
839 772 928 802 postea
940 767 1023 794 multa

235 803 371 830 addidisse
383 803 415 829 ad
426 812 503 838 opus,
512 804 580 830 nihil
591 804 623 830 ad
636 805 764 839 pretium:
780 806 868 840 itaque
879 805 905 831 id
917 814 944 831 se
955 806 1024 831 omi-
1045 829 1047 840 ¹

235 841 314 867 sisse.
340 840 406 867 Mihi
419 841 526 867 hercule
539 841 615 868 valde
627 842 720 876 placet,
735 847 759 868 te
773 842 825 872 illa.
840 847 869 869 ut
878 843 1024 868 constitue-
1045 845 1047 854 ¹

235 877 292 908 bas,
305 877 414 904 addere:
429 887 592 913 quamquam
605 888 634 905 ea
646 879 719 910 villa,
732 888 800 914 quae
813 888 883 906 nunc
894 884 942 908 est,
956 884 1024 905 tam-

235 923 315 950 quam
328 915 487 950 philosopha
499 915 606 942 videtur
616 925 688 947 esse,
707 925 775 951 quae
789 917 913 950 obiurget
923 921 1024 942 cetera·
1046 920 1047 923 ’

212 961 216 967 ·
235 961 294 978 rum
306 952 430 979 villarum
443 953 585 979 insaniam.
624 954 810 980 Verumtamen
823 952 890 980 illud
902 954 1023 980 additum

235 988 386 1016 delectabit.
426 990 580 1024 Topiarium
597 990 717 1017 laudavi:
742 992 775 1017 ita
790 992 878 1017 omnia
893 992 1025 1017 convestit

235 1026 342 1058 hedera,
355 1035 407 1061 qua
419 1027 505 1054 basim
518 1027 606 1058 vittae,
619 1037 672 1063 qua
688 1028 890 1055 intercolumnia
901 1028 1024 1054 ambula-

235 1064 328 1096 tionis;
343 1069 371 1090 ut
381 1063 498 1099 denique
510 1064 549 1091 illi
562 1065 663 1100 palliati
676 1066 813 1100 topiariam
822 1065 906 1093 facere
914 1065 1024 1091 videan-

236 1105 278 1127 tur
299 1105 325 1127 et
341 1101 465 1128 hederam
486 1102 611 1128 vendere.
651 1103 705 1128 lam
721 1102 885 1139 ἀποδυτηρίῳ
901 1102 968 1129 nihil
985 1102 1024 1128 al-

235 1138 302 1169 sius,
315 1138 382 1164 nihil
395 1139 556 1165 muscosius.
596 1141 621 1166 6.
644 1140 730 1166 Habes
743 1139 795 1166 sere
806 1140 839 1166 de
851 1140 931 1166 rebus
943 1141 1025 1166 rusti-

234 1175 284 1201 cis.
324 1175 457 1202 Urbanam
481 1176 670 1211 expolitionem
695 1183 772 1212 urget
798 1177 842 1203 ille
866 1177 976 1212 quidem
999 1181 1025 1203 et

235 1212 394 1239 Philotimus
405 1218 431 1239 et
441 1213 563 1240 Cincius:
582 1213 630 1240 sed
645 1214 725 1240 etiam
740 1215 797 1249 ipse
809 1214 902 1240 crebro
913 1215 1025 1240 intervi-

234 1257 277 1275 so:
295 1249 367 1284 quod
383 1255 422 1276 est
439 1249 515 1276 facile
528 1250 608 1277 sactu.
647 1250 826 1283 Quamobrem
839 1260 868 1278 ea
880 1256 905 1278 te
915 1260 978 1278 cura
991 1250 1025 1277 li-

234 1286 355 1313 beratum
368 1286 437 1313 volo.
477 1288 520 1314 111.
542 1289 567 1314 7.
588 1288 625 1314 De
636 1288 762 1315 Cicerone
777 1288 849 1323 quod
865 1297 907 1315 me
918 1297 1025 1323 semper

234 1332 325 1359 rogaS,
343 1324 451 1359 ignosco
464 1324 590 1359 equidem
603 1325 665 1356 tibi,
681 1326 729 1352 sed
740 1330 768 1352 tu
780 1334 888 1361 quoque
899 1326 966 1352 mihi
978 1334 1025 1352 ve-

235 1360 281 1386 lim
293 1361 426 1396 ignoscas.
467 1362 524 1388 Non
536 1362 608 1388 enim
619 1363 735 1389 concedo
747 1363 808 1394 tibi,
827 1363 889 1398 plus
905 1363 1023 1390 utillum

234 1406 319 1429 ames,
337 1407 418 1433 quam
430 1399 488 1434 ipso
499 1408 568 1426 amo.
609 1399 695 1434 Atque
707 1401 809 1427 utinam
826 1401 869 1427 his
885 1400 981 1427 diebus
996 1401 1024 1426 in

233 1435 363 1469 Arpinati,
371 1436 443 1470 quod
454 1440 479 1462 et
490 1437 547 1471 ipse
558 1437 686 1471 cupierat,
695 1442 720 1464 et
730 1446 779 1473 ego
790 1446 842 1464 non
854 1438 954 1468 minus,
967 1445 1025 1463 me-

233 1480 295 1498 cum
312 1472 416 1499 fuisset.
456 1473 531 1505 Quod
548 1473 581 1500 ad
596 1474 782 1509 Pomponiam:
801 1476 824 1501 si
840 1475 890 1502 tibi
906 1475 1021 1506 videtur,

233 1509 335 1536 scribas
346 1509 441 1541 velim,
454 1519 539 1545 quum
551 1510 641 1546 aliquo
651 1512 801 1544 exibimus,
818 1517 860 1539 eat
870 1512 1021 1543 nobiscum,

233 1555 401 1582 puerumque
412 1547 501 1574 ducat.
527 1548 661 1575 Clamores
672 1548 797 1580 efficiam,
810 1550 834 1576 si
844 1558 906 1576 eum
918 1558 1024 1576 mecum

233 1583 352 1610 habuero
363 1585 489 1611 otiosum.
520 1586 587 1612 Nam
599 1586 696 1612 Romae
708 1586 859 1621 respirandi
870 1595 922 1613 non
934 1591 975 1613 est
986 1586 1024 1613 lo-

232 1629 290 1647 cus.
312 1621 340 1647 Id
352 1630 394 1648 me
405 1622 458 1648 scis
469 1627 544 1649 antea
555 1623 637 1659 gratis
648 1623 698 1650 tibi
709 1632 768 1650 esse
779 1624 944 1658 pollicitum:
956 1623 1024 1659 quid

233 1666 304 1684 nunc
314 1663 405 1693 putas.
423 1663 494 1686 tanta
509 1660 557 1686 abs
567 1665 592 1686 te
603 1660 672 1687 mihi
683 1661 804 1687 mercede
816 1660 968 1696 proposita?
997 1663 1022 1687 8.

233 1695 316 1721 Venio
332 1704 403 1722 nunc
418 1696 451 1722 ad
468 1701 526 1723 tuas
543 1697 655 1724 litteras:
678 1706 745 1733 quas
760 1697 886 1733 pluribus
901 1698 1024 1733 epistolis

233 1732 333 1767 accepi,
346 1733 411 1759 dum
423 1742 483 1760 sum
495 1735 523 1760 in
534 1734 666 1769 Arpinati.
693 1736 759 1761 Nam
773 1735 841 1762 mihi
852 1744 906 1762 uno
915 1735 959 1762 die
971 1740 1023 1762 tres

232 1773 296 1795 sunt
307 1769 438 1802 redditae,
456 1775 482 1797 et
491 1771 617 1806 quidem,
634 1776 664 1798 ut
679 1772 853 1803 videbantur,
870 1772 964 1799 eodem
975 1772 1023 1798 abs

232 1810 257 1832 te
268 1805 344 1832 datae
355 1811 485 1842 tempore:
498 1816 551 1834 una
563 1808 687 1843 pluribus
699 1809 798 1839 verbis,
807 1810 893 1844 inqua
905 1810 1022 1844 primum

232 1847 300 1874 erat,
317 1844 390 1878 quod
403 1845 537 1880 antiquior
547 1845 605 1872 dies
616 1846 643 1872 in
657 1846 711 1873 tuis
723 1846 818 1873 fuisset
828 1847 942 1881 ascripta
954 1846 1024 1873 litte-

232 1880 279 1911 ris,
292 1888 373 1915 quam
384 1881 411 1908 in
423 1881 553 1909 Caesaris.
592 1883 621 1909 Id
633 1883 696 1909 facit
706 1883 810 1918 Oppius
820 1892 1023 1919 nonnumcpiam

233 1918 396 1948 necessario,
409 1923 451 1950 ut,
468 1927 553 1953 quum
565 1919 716 1947 tabellarios
730 1921 897 1947 constituerit
908 1922 1020 1952 mittere,

234 1953 387 1990 litterasque
399 1963 413 1981 a
425 1956 502 1982 nobis
513 1958 657 1992 acceperit,
671 1957 761 1992 aliqua
772 1966 800 1984 re
811 1967 879 1984 nova
891 1958 1023 1993 impedia-

232 1995 288 2022 tur,
305 1996 330 2018 et
345 1993 495 2019 necessario
505 1994 606 2025 serius,
623 2003 705 2029 quam
721 1995 907 2027 constituerat,
925 1997 1019 2026 mittat,

232 2036 319 2063 neque
334 2037 381 2055 nos
396 2029 465 2056 datis
481 2031 534 2057 iam
549 2031 670 2066 epistolis
685 2031 758 2059 diem
774 2034 931 2060 commutari
945 2042 1023 2059 cure—

232 2073 304 2092 mus.
343 2067 369 2093 9.
390 2066 492 2093 Scribis
508 2067 541 2094 de
556 2068 677 2095 Caesaris
694 2078 800 2096 summo
815 2070 843 2097 in
858 2078 906 2097 nos
921 2079 1020 2097 amore.

232 2102 308 2129 Hunc
319 2107 344 2130 et
354 2107 382 2130 tu
394 2103 498 2131 fovebis
509 2110 535 2131 et
550 2114 610 2137 nos,
627 2106 848 2142 quibuscumque
863 2108 1020 2142 poterimus,

231 2139 313 2166 rebus
323 2141 494 2176 augebimus.
535 2142 570 2169 De
580 2143 707 2178 Pompeio
722 2148 747 2170 et
762 2143 830 2171 facio
841 2144 985 2181 diligenter
997 2150 1023 2172 et

232 2176 327 2203 faciam
338 2177 411 2213 quod
422 2187 524 2206 mones.
564 2179 640 2212 Quod
656 2181 704 2207 tibi
721 2189 779 2207 mea
792 2182 936 2216 permissio
946 2191 1023 2209 man-

230 2215 316 2241 sionis
327 2219 387 2241 tuae
397 2220 471 2251 grata
482 2221 530 2248 est,
544 2217 571 2243 id
582 2226 640 2253 ego,
653 2227 760 2245 summo
770 2227 830 2245 meo
839 2219 929 2246 dolore
940 2224 965 2247 et
975 2220 1023 2246 de-

230 2251 343 2283 siderio,
366 2256 454 2279 tamen
474 2261 508 2280 ex
526 2259 599 2289 parte
613 2255 728 2290 gaudeo.
763 2257 792 2282 In
808 2257 982 2291 Hippodamis
997 2261 1024 2283 et

230 2288 368 2316 nonnullis
378 2289 439 2316 aliis
450 2291 616 2318 arcessendis
626 2292 693 2327 quid
703 2293 812 2329 cogites,
825 2302 878 2320 non
890 2294 1021 2330 intellige.

230 2326 314 2352 Nemo
323 2327 435 2353 istorum
445 2333 493 2359 est,
501 2329 568 2364 quin
580 2329 627 2355 abs
638 2334 663 2356 te
674 2338 783 2361 munus,
797 2330 875 2357 fundi
887 2331 1023 2358 suburba—

230 2363 257 2389 ni
270 2363 361 2394 instar,
375 2369 519 2399 exspectet.
546 2366 701 2393 Trebatium
712 2375 775 2394 vero
786 2376 877 2394 meum
888 2368 960 2403 quod
972 2369 1022 2395 isto

231 2399 394 2433 admisceas,
411 2402 479 2429 nibil
495 2407 544 2430 est.
584 2404 640 2439 Ego
652 2403 730 2430 illum
745 2404 779 2430 ad
792 2404 932 2431 Caesarem
947 2406 1019 2436 misi,

231 2437 294 2470 quia
308 2438 377 2464 mihi
388 2439 440 2465 iam
452 2439 593 2467 satisfecit:
625 2442 648 2467 si
659 2441 713 2476 ipsi
723 2441 823 2473 minus,
836 2447 969 2477 praestare
980 2443 1023 2469 ni-

232 2472 270 2498 hil
282 2473 380 2506 debeo,
398 2481 477 2511 teque
493 2477 557 2504 item
569 2477 602 2504 ab
613 2486 643 2504 eo
654 2477 763 2504 vindico
774 2483 800 2505 et
810 2479 904 2506 libero.
944 2479 1022 2512 Quod

231 2510 328 2536 scribis
341 2515 364 2537 te
375 2520 390 2538 a
400 2513 511 2540 Caesare
521 2514 642 2550 quotidie
653 2514 715 2550 plus
726 2515 819 2551 diligi,
836 2516 1022 2543 immortaliter

232 2545 344 2580 gaudeo.
380 2549 493 2577 Balbum
505 2560 575 2583 vero,
588 2552 637 2587 qui
647 2556 687 2578 est
698 2552 776 2578 istius
787 2553 825 2579 rei
836 2553 1022 2588 (quemadmo-

232 2581 298 2608 dum
304 2584 529 2620 scribis)adiutor,
537 2589 564 2615 in
575 2588 662 2615 oculis
674 2588 739 2615 fero.
754 2589 918 2617 Trebonium
929 2599 1020 2617 meum

232 2626 246 2643 a
258 2623 282 2645 te
293 2621 389 2652 amari,
406 2627 484 2657 teque
498 2625 531 2651 ab
543 2625 604 2656 illo,
620 2626 782 2662 pergaudeo.
826 2628 865 2653 ⁴0.
886 2628 922 2654 De
933 2628 1021 2654 tribu-

233 2660 296 2682 natu
306 2657 379 2692 quod
388 2660 485 2687 scribis
492 2681 498 2692 ,
518 2670 568 2697 ego
580 2671 644 2690 vero
654 2664 812 2690 nominatim
823 2665 907 2698 petivi
918 2665 1018 2697 Curtio,

1044 509 1053 532 st
1076 507 1152 533 facile
1175 508 1310 542 perspexi.

1044 534 1053 578 i*
1076 545 1128 570 tuis
1142 544 1244 574 litteris,
1258 545 1324 570 nihil
1337 554 1405 574 esse,
1420 554 1467 571 nec
1477 545 1548 580 quod
1561 551 1721 575 metuamus,
1735 555 1782 573 nec
1791 547 1863 581 quod

1044 588 1053 615 ,Q
1076 581 1252 615 gaudeamus.
1275 582 1310 607 De
1322 582 1438 616 puhlicis
1451 583 1649 617 negotiis,quae
1662 585 1702 609 vis
1714 584 1746 609 ad
1758 585 1864 610 te'l'iro-

234 619 293 644 eius
304 617 425 643 ducenda
438 618 544 653 rogabo.
564 619 589 644 55.
604 618 793 653 Nicephorum,
803 619 924 645 villicum
937 624 1021 649 tuum,
1044 623 1053 650 ¹,

1044 662 1053 686 ς’
1075 656 1173 686 otnnia,
1187 656 1308 686 minima,
1323 657 1448 686 maxima,
1461 656 1493 682 ad
1504 657 1643 684 Caesarem
1655 659 1723 684 mitti
1734 658 1863 684 sciebam.

234 691 433 718 dilicatiuncula
445 693 550 722 Laterii,
559 692 591 718 de
603 701 655 727 qua
666 701 769 719 mecum
783 693 886 720 locutus
897 702 934 723 es,
949 702 1024 719 man-
1045 710 1046 727 ἰ

1044 254 1052 280 11
1075 249 1225 283 rescripsit,
1244 257 1384 282 meamque
1401 249 1426 274 in
1443 250 1559 282 rogando
1571 251 1758 277 verecundiam
1770 251 1862 277 obiur-

1043 283 1046 323 ζ
1074 286 1157 318 gavit.
1189 285 1217 311 Si
1230 286 1272 310 cui
1286 291 1418 319 praeterea
1431 286 1538 320 petiero,
1551 287 1587 313 (id
1599 288 1670 322 quod
1682 289 1760 314 etiarn
1775 289 1863 323 Oppio

236 324 272 349 Eo
285 324 338 348 locu
351 323 448 356 pulvis,
464 331 513 347 non
526 321 613 354 glarea
626 321 719 347 iniecta
731 326 779 351 est,
793 327 817 347 ct
830 322 984 350 mutabitur.
999 327 1024 348 vt
1044 324 1053 343 ³3

1051 348 1053 360 Ι
1074 322 1131 348 dixi
1141 343 1146 351 ,
1165 327 1193 348 ut
1203 322 1235 347 ad
1249 322 1323 348 illurn
1336 323 1485 355 scriberet.)
1497 323 1572 349 sac-ile
1585 326 1670 358 patiar
1680 326 1747 351 mibi
1759 327 1860 359 negari.

1051 363 1053 402 ε
1075 360 1201 393 quoniam
1215 359 1318 393 itti,qui
1331 360 1397 385 mihi
1411 361 1420 370 ⁰
1433 360 1536 386 molesti
1549 362 1680 390 summust
1693 364 1783 395 negari
1796 372 1808 388 a
1822 371 1863 389 me

1044 401 1053 428 p.
1076 405 1126 422 non
1140 396 1216 422 facile
1229 397 1374 430 patiuntur.
1402 397 1457 431 Ego
1467 398 1588 423 Curtium
1601 398 1637 429 (id
1648 399 1719 433 quod
1732 401 1783 434 ipsi
1795 400 1864 433 dixi)

1044 459 1053 469 Η
1075 442 1126 459 non
1144 433 1222 459 modo
1238 434 1384 468 rogatione,
1403 433 1450 459 sed
1462 435 1540 460 etiam
1553 435 1703 462 testimonio
1714 442 1758 462 tuo
1768 437 1861 471 diligo.

1052 478 1053 506 ζ
1074 470 1146 504 quod
1169 470 1262 496 litu-ris
1283 471 1335 496 tuis
1350 471 1470 496 studium
1487 471 1560 497 illins
1577 473 1603 497 in
1619 472 1731 499 salutem
1747 479 1862 500 nostram

1351 508 1386 533 ne
1407 508 1565 534 Britannicis
1586 509 1679 539 rebus.
1701 511 1813 545 cognovi
1829 519 1863 537 ex

1076 628 1136 644 nem
1148 619 1274 648 scribere,
1283 618 1463 653 negligentius
1475 619 1507 645 ad
1520 625 1543 645 te
1553 625 1612 646 ante
1623 621 1783 650 scribebam,
1792 621 1864 656 quod

1075 693 1117 719 lv.
1142 694 1180 719 tt.
1204 693 1337 727 itt-scripsi
1361 693 1487 727 epistolae
1512 695 1654 721 maximae.
1703 695 1772 721 Audi
1794 704 1865 722 nunc

1075 730 1107 755 de
1120 730 1284 755 minuscula:
1305 731 1329 756 in
1342 739 1394 765 qua
1407 731 1522 765 primum
1533 737 1573 758 est
1583 732 1616 757 de
1627 732 1713 758 Clodii
1725 732 1757 758 ad
1768 733 1865 759 Caesa-

1076 776 1130 792 rem
1148 767 1254 793 litteris:
1279 767 1304 793 in
1320 776 1374 802 quo
1385 768 1505 794 Caesaris
1520 769 1662 795 consilium
1680 770 1774 804 probo,
1791 769 1864 804 quod

1076 804 1133 833 tibi,
1143 805 1326 830 amantissime
1338 806 1447 839 petenti,
1457 806 1561 832 veniam
1574 815 1624 832 non
1636 806 1718 837 dedit,
1727 808 1765 832 uti
1778 807 1863 832 ullum

1075 841 1107 866 ad
1121 841 1192 867 illam
1206 841 1312 867 Furiam
1325 841 1437 867 verbum
1450 843 1617 869 rescriberet.
1649 843 1768 869 Alterum
1780 849 1819 870 est
1830 843 1864 870 de

1075 878 1206 905 Calventii
1221 879 1296 904 Marii
1312 879 1439 905 oratione.
1478 879 1555 911 Quod
1573 880 1684 910 scribis,
1702 881 1796 911 miror.
1815 881 1863 907 tibi

1075 915 1192 950 placere,
1206 924 1247 942 me
1262 915 1295 942 ad
1310 924 1370 942 eum
1388 916 1546 947 rescribere,
1565 918 1720 952 praesertim
1734 926 1818 952 quum
1831 917 1865 944 il-

1076 953 1127 978 lam
1139 961 1217 979 nemo
1228 952 1345 979 lecturus
1356 954 1403 984 sit,
1419 955 1442 980 si
1454 962 1502 989 ego
1514 955 1581 980 nihil
1594 955 1764 989 rescripsero.
1778 963 1864 981 meam

1076 991 1102 1016 in
1115 990 1191 1016 illum
1205 991 1279 1024 pueri
1291 998 1397 1021 omnes,
1420 995 1556 1026 tamquam
1571 991 1681 1021 dictata.
1700 992 1863 1026 perdiscant.

1075 1027 1169 1053 Libros
1180 1035 1266 1057 meos,
1279 1035 1347 1062 quos
1358 1033 1496 1062 exspectas
1504 1049 1510 1058 ,
1523 1029 1660 1055 inchoavi:
1678 1029 1724 1055 sed
1735 1030 1864 1055 conticere

1076 1072 1127 1090 non
1148 1073 1258 1099 possum
1280 1064 1322 1090 his
1342 1065 1449 1091 diebus.
1488 1067 1626 1092 Orationes
1645 1065 1802 1101 efflagitatas
1817 1075 1865 1101 pro

1075 1101 1174 1127 Scauro
1187 1106 1213 1128 et
1227 1110 1274 1136 pro
1289 1101 1396 1128 Plancio
1411 1102 1524 1129 absolvi.
1564 1104 1658 1129 Poema
1670 1103 1702 1129 ad
1713 1103 1863 1133 Caesarem,

1075 1138 1147 1173 quod
1163 1147 1379 1173 composueram,
1397 1140 1491 1166 incidi.
1531 1140 1591 1166 Tibi
1604 1140 1677 1175 quod
1689 1149 1780 1176 rogas,
1796 1149 1865 1176 quo-

1076 1176 1148 1201 niam
1165 1176 1217 1210 ipsi
1233 1175 1317 1202 sontes
1333 1177 1386 1202 iam
1402 1177 1510 1207 sitiunt.
1531 1177 1555 1204 si
1570 1177 1637 1212 quid
1655 1177 1758 1204 habebo
1773 1179 1863 1212 spatii.

1075 1213 1203 1239 scribam.
1245 1214 1284 1239 ⁴2.
1306 1213 1390 1240 Venio
1405 1214 1438 1240 ad
1453 1214 1567 1241 tertiam.
1606 1214 1718 1241 Balbum
1733 1215 1806 1250 quod
1825 1216 1865 1242 nis

1076 1254 1178 1276 mature
1193 1250 1303 1276 nomam
1318 1250 1387 1277 bene
1401 1251 1557 1278 comitatum
1572 1260 1631 1278 esse
1643 1257 1787 1278 venturum
1808 1260 1866 1278 me-

1075 1295 1191 1322 cumque
1202 1287 1310 1313 assidue
1321 1296 1407 1322 usque
1418 1288 1450 1314 ad
1462 1288 1501 1315 ld.
1513 1289 1595 1315 Maias
1606 1288 1739 1319 futurum.
1758 1289 1784 1316 id
1796 1289 1865 1316 mihi

1075 1329 1229 1360 pergratum
1240 1333 1340 1359 perque
1352 1325 1501 1352 iucundum
1511 1327 1570 1353 erit.
1591 1326 1667 1359 Quod
1679 1335 1721 1353 me
1733 1327 1760 1353 in
1771 1326 1865 1353 eadem

1075 1362 1200 1396 epistola,
1216 1362 1286 1388 sicut
1296 1370 1375 1397 saepe
1387 1367 1461 1389 antea
1470 1383 1476 1394 ,
1492 1363 1637 1390 cohortaris
1647 1364 1680 1390 ad
1691 1363 1865 1390 ambitionem

1075 1404 1101 1425 et
1115 1399 1149 1425 ad
1166 1399 1297 1432 laborem3
1321 1398 1416 1426 faciam
1437 1400 1577 1435 equidem:
1599 1401 1646 1427 sed
1661 1400 1769 1436 quando
1788 1402 1866 1428 vive·

1075 1435 1154 1462 mus‘?
1184 1438 1223 1463 ⁴3.
1244 1436 1342 1469 Quarta
1357 1437 1468 1472 epistola
1484 1438 1552 1464 mihi
1566 1437 1667 1464 reddita
1678 1443 1719 1465 est
1729 1438 1767 1465 Id.
1778 1438 1863 1473 Sept..

1075 1482 1157 1508 quam
1168 1482 1182 1500 a
1194 1473 1222 1500 d.
1234 1481 1270 1500 iv.
1283 1473 1323 1500 Id.
1335 1473 1408 1501 Sext.
1421 1474 1433 1487 *
1444 1483 1478 1501 ex
1488 1475 1622 1502 Britannia
1633 1475 1755 1502 dederas.
1794 1476 1823 1502 ln
1834 1484 1866 1502 ea

1075 1510 1144 1537 nihil
1159 1519 1223 1537 sane
1238 1515 1293 1537 erat
1308 1512 1384 1542 novi.
1401 1517 1505 1547 praeter
1519 1513 1675 1548 Erigonam:
1697 1521 1779 1548 quam
1793 1513 1817 1539 si
1831 1513 1866 1540 ab

1075 1548 1162 1583 Oppio
1172 1556 1307 1583 accepero,
1320 1549 1436 1576 scribam
1448 1549 1480 1576 ad
1491 1554 1525 1580 te,
1537 1549 1604 1585 quid
1615 1550 1742 1576 sentiam:
1756 1558 1804 1576 nec
1814 1549 1866 1576 du-

1075 1585 1140 1616 bito,
1153 1586 1219 1620 quin
1232 1585 1299 1611 mihi
1310 1585 1440 1620 placitura
1451 1587 1496 1613 sit.
1535 1587 1580 1618 Et,
1597 1587 1670 1622 quod
1681 1587 1819 1622 praeterii,
1831 1587 1866 1613 de

1075 1631 1119 1653 eo,
1142 1631 1224 1657 quem
1244 1623 1377 1657 scripsisti
1392 1622 1425 1649 de
1439 1623 1546 1650 Milonis
1561 1623 1660 1659 plausu
1675 1625 1818 1659 scripsisse
1831 1623 1865 1650 ad

1075 1659 1229 1686 Caesarem:
1246 1667 1295 1695 ego
1311 1668 1374 1686 vero
1389 1659 1466 1686 facile
1477 1661 1563 1695 patior
1574 1662 1609 1688 ita
1620 1661 1760 1688 Caesarem
1771 1662 1866 1688 existi-

1075 1705 1156 1727 mare,
1179 1697 1257 1723 illum
1278 1705 1358 1731 quam
1383 1698 1532 1724 maximum
1553 1697 1637 1724 fuisse
1656 1697 1793 1733 plausum.
1832 1697 1866 1724 Et

1075 1742 1184 1769 prorsus
1197 1734 1232 1760 ita
1244 1733 1306 1760 tuit:
1329 1738 1355 1760 et
1365 1738 1453 1760 tamen
1465 1734 1509 1761 ille
1521 1735 1647 1769 plausus,
1665 1735 1714 1770 qui
1724 1734 1764 1761 illi
1775 1734 1862 1765 datur.

1074 1770 1272 1806 quodammodo
1293 1771 1371 1797 nobis
1391 1771 1499 1798 videtur
1517 1772 1585 1798 dari.
1626 1773 1666 1798 tt.
1693 1771 1804 1798 Reddita
1825 1776 1866 1798 est

1075 1809 1154 1835 etiam
1166 1808 1234 1834 mihi
1245 1813 1371 1843 pervetus
1382 1808 1507 1844 epistola.
1525 1809 1572 1836 sed
1586 1817 1645 1836 sero
1660 1808 1752 1840 allata,
1773 1810 1800 1835 in
1811 1817 1863 1844 qua

1074 1847 1107 1872 de
1118 1846 1182 1873 aede
1193 1844 1309 1872 Telluris
1320 1850 1345 1872 et
1354 1845 1388 1872 de
1399 1847 1503 1881 porticu
1513 1846 1601 1873 Catuli
1611 1855 1654 1872 me
1664 1846 1802 1872 admones.
1823 1846 1867 1873 Fit

1075 1889 1219 1919 utrumque
1230 1882 1383 1918 diligenter.
1405 1883 1445 1910 Ad
1451 1883 1567 1910 Telluris
1577 1883 1689 1918 quidem
1699 1885 1780 1910 etiam
1791 1888 1865 1910 tuam

1074 1926 1188 1948 statuam
1205 1920 1301 1947 locavi.
1341 1921 1406 1947 Item
1421 1920 1454 1946 de
1471 1920 1554 1947 hortis
1568 1920 1641 1956 quod
1658 1929 1701 1947 me
1721 1920 1863 1947 admones:

1074 1967 1123 1985 nec
1134 1957 1174 1984 fui
1185 1966 1314 1993 umquam
1326 1957 1404 1984 valde
1415 1957 1544 1993 cupidus,
1561 1962 1587 1984 et
1601 1966 1674 1984 nunc
1687 1957 1784 1984 domus
1798 1965 1866 1993 sup-

1074 1995 1176 2031 peditat
1189 1995 1257 2022 mihi
1269 1995 1405 2022 hortorum
1420 1996 1618 2022 amoenitatem.
1656 1996 1768 2022 Romam
1778 2003 1865 2030 quum

1074 2033 1210 2059 venissem
1221 2042 1246 2059 a.
1257 2032 1285 2059 d.
1297 2041 1356 2059 xm.
1369 2032 1426 2058 Kal.
1439 2032 1532 2059 Octob.
1541 2053 1548 2063 ,
1565 2031 1718 2059 absolutum
1727 2031 1827 2059 offendi
1836 2032 1864 2058 in

1074 2070 1187 2097 aedibus
1202 2070 1256 2097 tuis
1270 2074 1382 2096 tectum:
1404 2069 1477 2105 quod
1491 2078 1574 2105 supra
1587 2069 1725 2096 conclavia
1738 2077 1791 2096 non
1805 2067 1866 2104 pla-

1073 2113 1164 2134 cuerat
1175 2107 1224 2134 tibi
1235 2115 1293 2133 esse
1305 2106 1450 2133 multorum
1461 2106 1643 2143 fastigiorum:
1657 2106 1685 2133 id
1695 2115 1748 2132 non
1755 2106 1865 2132 honeste

1074 2145 1161 2180 vergit
1181 2145 1209 2171 in
1226 2149 1325 2171 tectum
1340 2143 1475 2170 inferioris
1489 2145 1618 2179 porticus.
1657 2143 1750 2170 Cicero
1763 2147 1863 2174 noster,

1073 2182 1138 2208 dum
1149 2190 1199 2218 ego
1210 2181 1316 2212 absum,
1330 2190 1382 2208 non
1392 2183 1509 2208 cessavit
1518 2181 1590 2216 apud
1601 2180 1743 2207 rhetorem.
1758 2180 1794 2207 De
1805 2180 1864 2206 eius

1073 2219 1223 2246 eruditione
1234 2218 1307 2254 quod
1318 2218 1431 2250 labores,
1444 2218 1512 2245 nihil
1523 2223 1572 2249 est,
1585 2218 1712 2253 quoniam
1724 2217 1865 2253 ingenium

1073 2257 1132 2283 eius
1143 2257 1225 2283 nosti:
1241 2256 1363 2282 studium
1373 2264 1423 2292 ego
1434 2255 1523 2282 video.
1561 2255 1653 2282 Cetera
1663 2255 1723 2281 eius
1732 2254 1862 2289 suscipio,

1073 2298 1103 2320 ut
1121 2302 1164 2320 me
1184 2298 1276 2328 putem
1296 2297 1430 2328 praestare
1452 2293 1561 2319 debere.
1599 2292 1631 2319 V.
1654 2293 1694 2318 ⁴5.
1715 2291 1864 2318 Gabinium

1073 2335 1126 2357 tres
1140 2330 1229 2357 adhuc
1244 2330 1372 2357 factiones
1386 2329 1535 2365 postulant:
1548 2330 1578 2356 L.
1590 2327 1733 2359 Lentulus,
1746 2327 1864 2354 flaminis

1073 2367 1156 2399 filius,
1169 2368 1217 2403 qui
1227 2368 1281 2394 iam
1291 2368 1324 2393 de
1335 2368 1472 2394 maiestate
1485 2366 1644 2402 postulavit:
1657 2366 1699 2391 Ti.
1721 2366 1790 2392 Nero
1799 2373 1862 2391 cum

1073 2405 1151 2432 bonis
1165 2404 1410 2440 subscriptoribus:
1427 2404 1458 2431 C.
1475 2404 1619 2430 Memmius
1634 2402 1760 2429 tribunus
1773 2401 1863 2437 plebis

1073 2451 1136 2469 cum
1146 2442 1177 2469 L.
1188 2442 1326 2477 Capitone.
1366 2441 1407 2468 Ad
1417 2441 1516 2468 Urbem
1532 2440 1645 2466 accessit
1659 2448 1683 2466 a.
1699 2439 1728 2466 d.
1739 2447 1789 2465 ιιι.
1800 2438 1860 2465 Kal.

1072 2479 1180 2506 Octobr.
1220 2479 1294 2505 Nihil
1306 2479 1420 2514 turpius,
1434 2486 1483 2505 nec
1492 2477 1636 2504 desertius.
1670 2476 1723 2503 Sed
1734 2476 1778 2502 his
1789 2475 1863 2502 iudi-

1072 2517 1123 2543 ciis
1143 2516 1212 2543 nihil
1227 2516 1314 2543 audeo
1327 2515 1470 2542 confidere.
1509 2514 1586 2547 Quod
1601 2514 1664 2541 Cato
1678 2522 1730 2540 non
1744 2512 1859 2543 valebat,

1072 2554 1161 2580 adhuc
1180 2553 1213 2580 de
1233 2554 1357 2588 pecuniis
1376 2551 1531 2587 repetundis
1552 2560 1604 2578 non
1624 2556 1681 2577 erat
1698 2549 1860 2585 postulatus.

1071 2591 1215 2626 Pompeius
1229 2599 1244 2616 a
1259 2599 1302 2616 me
1317 2589 1394 2616 valde
1405 2588 1540 2615 contendit
1550 2588 1583 2614 de
1594 2587 1682 2614 reditu
1693 2588 1721 2614 in
1731 2587 1858 2623 gratiam:

1071 2628 1119 2654 sed
1130 2628 1218 2654 adhuc
1229 2627 1298 2654 nihil
1308 2626 1433 2662 profecit:
1445 2634 1503 2657 nec,
1511 2626 1535 2652 si
1546 2625 1628 2651 ullam
1638 2629 1741 2660 partem
1752 2624 1861 2650 liberta-

1071 2665 1105 2692 tis
1125 2664 1235 2696 tenebo,
1256 2664 1386 2700 proficiet.
1425 2663 1496 2690 Tuas
1511 2662 1612 2690 litteras
1627 2661 1799 2689 vehementer
1811 2668 1861 2687 ex-
