1941 3052
243 90 291 114 686
807 86 847 111 74.
885 85 919 110 M,
954 84 984 110 Τ.

243 166 296 193 quo
312 157 378 183 mihi
397 157 483 190 ignota
501 164 547 182 nec
565 156 674 181 minima
691 153 796 184 solatia,
819 159 847 180 ut
861 154 972 189 quidem
987 163 1036 187 ego
1055 154 1065 197 χ’

243 195 338 224 sentio,
353 194 435 220 multo
448 194 576 219 nmium:
599 201 668 226 quae
680 200 737 224 ego.
751 193 892 225 experiens
904 191 1034 226 quotidie,

242 233 282 258 nic
295 232 389 266 probo,
409 236 435 256 ut
450 240 478 255 en
496 230 561 255 mibi
577 227 689 254 salutem
705 229 796 254 nll'erre
810 228 959 254 videantur.
1000 228 1036 254 Te
1056 230 1058 262 ᾗ

243 274 331 295 autem
344 268 376 293 ab
390 268 464 293 initio
475 267 567 292 aetatis
579 266 705 291 memoria
717 270 792 291 teneo
803 266 1036 291 snnuneomnium
1064 267 1065 280 ¹

243 306 423 331 doctrinarum
439 304 590 329 studiosum
604 303 700 332 fuisse,
717 303 875 337 oniniaque,
889 311 957 337 (luae
969 311 982 328 a
994 311 1037 328 sa-

244 342 420 377 pientissimis
433 341 464 366 ad
478 341 543 365 bene
556 339 703 366 vivendum
716 339 809 365 tradita
823 344 1037 371 essent,summo

243 379 332 405 studio
348 386 464 412 curaque
481 377 619 403 didicisse.
660 378 732 408 Quae
749 376 859 411 quidem
874 376 915 402 vel
927 377 1036 411 optimis
1056 379 1059 387 “

244 416 324 442 rebus
340 420 365 440 et
381 415 442 440 usui
459 419 484 440 et
499 413 668 440 delectationi
684 423 743 439 esse
765 418 887 448 possent:
912 413 954 440 his
975 423 1037 440 vero

244 452 408 487 temporibus
425 451 555 477 babemus
571 451 645 477 aliud
666 451 747 482 nihil,
772 451 796 477 in
813 460 866 486 quo
882 452 1038 486 acquiesca-
1058 481 1059 487 1

244 499 314 516 mua.
338 488 408 514 Nihil
423 488 516 514 faciam
531 488 687 514 insolenter:
702 497 788 523 nequc
800 488 883 518 te,tali
897 488 937 515 vel
950 489 1038 515 scien-

244 528 278 553 tia
292 526 332 552 vel
345 530 437 552 natura
451 525 611 560 praeditum,
621 525 753 556 hortabor,
763 530 791 552 ut
802 526 834 552 ad
847 534 891 551 eas
903 531 927 552 te
940 525 1038 552 reseras
1064 532 1067 552 t

243 568 324 594 artes,
348 563 449 598 quibus
471 572 484 589 a
506 563 600 598 primis
623 563 788 597 temporibus
809 564 902 589 aetatis
916 563 1037 589 studium

245 606 321 627 tuum
337 600 445 626 ‹lt-disti.
487 601 510 627 4.
533 601 646 626 Tantum
662 600 765 631 dicam,
783 600 855 635 quod
868 605 891 626 te
902 609 980 635 spero
991 610 1039 635 ap-
1058 599 1060 648 ἶ

244 638 429 672 probaturum,
444 646 495 668 me,
509 642 683 672 posteaquam
697 637 735 663 illi
748 638 858 667 arti,cui
870 638 1036 668 studueram,
1058 649 1059 668 l

244 674 311 701 nibil
329 683 387 701 esse
409 675 456 701 loci
474 684 560 709 neque
577 675 602 701 in
619 675 692 700 curia
706 683 793 709 neque
805 675 831 701 in
845 675 899 701 soro
911 675 1035 706 viderim,
1058 671 1059 696 l

243 720 349 738 omnem
366 721 452 738 meam
468 721 559 738 euram
575 717 654 747 utque
669 720 777 746 operam
793 712 825 738 ad
838 712 1037 747 philosophiam
1058 718 1060 755 l

243 749 400 776 contulisse.
427 750 498 775 Tuae
510 750 635 775 scientiae
647 749 829 776 excellentiae
840 749 971 785 singulari
986 759 1038 776 non

244 786 328 813 multo
343 786 418 821 pluS,
436 795 516 821 quam
532 791 649 817 nostrae,
664 787 785 813 relictum
797 791 837 813 est
851 786 911 813 loci.
951 787 1038 820 Quare

244 832 295 850 non
309 823 436 858 equidem
449 829 471 850 te
484 832 590 856 moneo:
604 823 650 849 sed
663 824 730 850 mihi
744 825 777 850 ita
790 825 921 858 persuasi,
936 829 960 851 tc
970 833 1038 860 quo-
1058 834 1060 872 ἰ

243 869 296 895 que
309 861 335 887 in
348 861 443 887 iisdem
456 862 556 887 versari
569 861 658 892 rebus,
667 870 745 896 quae,
758 862 862 887 etiamsi
875 862 965 888 minus
977 871 1039 897 pro·
1058 879 1059 884 .

243 898 366 928 dessont,
388 899 509 924 animum
526 903 613 925 tamen
630 907 643 924 a
660 898 842 925 sollicitudine
862 899 1036 925 abducerent.
1058 886 1060 935 Ξ

244 934 355 961 Servius
367 935 477 970 quidem
489 940 550 962 tuus
563 936 590 961 in
601 936 728 962 omnibus
740 936 866 971 ingenuis
877 937 993 968 artibus,
1010 937 1036 963 in
1058 943 1059 954 ι

208 966 212 973 ’
244 973 394 1007 primisque
407 973 468 1003 bac,
483 973 508 999 in
521 982 572 1007 qua
585 982 634 1008 ego
646 981 687 999 me
699 973 795 1007 scripsi
808 974 988 1008 acquiescere,
1002 974 1037 1000 ita
1058 972 1059 1014 l

244 1014 378 1040 versatur,
398 1014 426 1036 ut
441 1009 567 1036 excellat:
584 1018 597 1036 a
614 1019 655 1036 me
668 1019 730 1036 vero
741 1011 780 1036 sic
791 1010 928 1046 diligitur,
949 1011 1037 1037 uttibi
1058 1015 1060 1038 't

244 1047 291 1072 uni
302 1047 460 1078 concedam,
478 1052 611 1082 praeterea
624 1048 739 1079 nemini:
757 1048 880 1082 mihique
891 1048 924 1074 ab
935 1057 966 1075 eo
977 1057 1039 1084 gra·
1058 1072 1059 1075 ,

245 1084 280 1110 tia
295 1083 421 1111 refertur:
439 1085 466 1110 in
482 1093 536 1119 quo
551 1084 596 1110 ille
613 1085 764 1115 existimat,
781 1085 854 1120 quod
867 1085 944 1112 facile
955 1094 1038 1121 appa-
1058 1079 1060 1094 ‘

244 1125 312 1152 reat,
330 1129 415 1156 quum
432 1130 473 1148 me
484 1121 552 1148 colat
562 1126 587 1148 et
597 1122 733 1153 observet,
751 1122 799 1148 tibi
810 1131 918 1158 quoque
930 1124 956 1150 in
968 1132 999 1150 eo
1009 1131 1038 1149 se
1058 1122 1060 1134 ⁴

244 1157 329 1185 facere
340 1159 536 1194 gratissimum.
578 1158 673 1196 [Vale]

297 1231 335 1252 lV.
354 1232 429 1252 ARG.
448 1232 544 1259 Sulpicii
563 1232 707 1253 excusatione
726 1236 814 1260 acceptu
833 1233 943 1253 scribendi
963 1232 1039 1254 laudnt

244 1266 374 1291 elegantium
385 1282 390 1290 ,
411 1267 488 1293 probat
502 1267 619 1288 eonsilium
635 1267 661 1287 de
676 1267 773 1287 Achaiae
787 1267 981 1290 administratione
995 1275 1037 1288 non

244 1301 364 1321 recu-nnita
381 1301 469 1322 initum.
499 1302 580 1323 Narrat
594 1302 621 1322 tle
635 1305 725 1322 senatus
740 1302 763 1322 in
778 1302 880 1323 Marcelli
894 1303 1038 1324 restitutione

243 1335 329 1360 offitio,
341 1336 367 1356 de
377 1337 458 1357 studiis
469 1337 542 1358 Servii
553 1337 594 1358 lilii
606 1340 626 1358 et
637 1336 689 1357 aliis
700 1338 773 1357 rebus.

490 1375 577 1395 (nomae,
588 1374 666 1392 Caesare
676 1375 722 1393 dict.
734 1375 789 1397 707.)

362 1417 397 1443 Μ.
418 1417 449 1443 Τ.
471 1416 500 1443 C.
522 1417 550 1443 S.
572 1417 602 1443 D.
625 1417 706 1444 SER.
728 1417 919 1445 SULPlClO.

301 1459 324 1484 t.
346 1453 462 1493 Accipio
472 1458 673 1485 excusationem
684 1464 771 1491 tuam,
788 1468 841 1494 qua
852 1468 919 1486 usus
930 1468 959 1486 es
967 1480 973 1491 ‚
990 1468 1038 1487 eur

242 1495 352 1529 saepius
368 1495 401 1521 ad
416 1504 458 1521 me
470 1494 570 1522 litteras
583 1504 636 1523 uno
646 1496 770 1531 exemplo
780 1497 916 1523 dedisses:
934 1497 982 1524 sed
993 1506 1038 1524 ac-

242 1532 313 1566 cipio
324 1541 358 1558 ex
368 1541 398 1559 ea
408 1537 490 1567 parte,
499 1537 632 1567 quatenus
643 1538 688 1560 aut
699 1533 871 1570 negligentia,
881 1539 926 1561 aut
937 1535 1038 1570 impro-

243 1569 324 1596 bitate
336 1578 441 1601 eorum,
455 1570 502 1605 qui
513 1570 639 1605 epistolas
651 1571 796 1606 accipiant,
811 1571 869 1597 fieri
880 1571 991 1603 scribis,
1004 1580 1037 1598 ne

242 1605 275 1632 ad
287 1615 335 1632 nos
345 1606 525 1641 perferantur:
544 1607 618 1634 illam
629 1612 732 1643 partem
743 1609 935 1640 excusationis,
948 1618 1001 1644 qua
1013 1614 1038 1636 te

241 1643 340 1670 scribis
355 1647 480 1671 orationis
488 1650 640 1678 paupertate
654 1645 704 1679 (sic
714 1646 787 1672 enim
798 1645 929 1681 appellas)
940 1646 1037 1673 iisdem

242 1680 334 1706 verbis
345 1681 471 1715 epistolas
482 1682 590 1716 saepius
602 1683 716 1714 mittere,
732 1691 780 1709 nec
792 1691 872 1710 nosco
882 1691 931 1709 nec
942 1683 1036 1718 probo.

242 1717 275 1743 Et
285 1726 335 1752 ego
346 1718 404 1752 ipse
412 1739 418 1750 ,
435 1727 516 1753 quem
532 1723 560 1745 tu
572 1728 621 1754 per
630 1720 718 1746 iocum
729 1720 778 1755 (sic
789 1721 862 1746 enim
873 1720 986 1755 accipio)
996 1723 1038 1747 di-

241 1757 320 1781 vitias
334 1758 459 1782 orationis
473 1755 572 1782 habere
587 1756 669 1788 dicis,
691 1765 734 1783 me
749 1766 802 1784 non
817 1765 876 1784 esse
892 1757 1037 1784 verborum

242 1791 389 1818 admodum
404 1793 512 1827 inopem
535 1801 664 1829 agnosco:
687 1793 879 1829 εἰρωνεύεσθαι
895 1795 969 1821 enim
984 1803 1036 1822 non

243 1837 352 1855 necesse
364 1834 416 1856 est:
439 1830 487 1856 sed
503 1835 591 1857 tamen
607 1830 679 1857 idem
695 1831 753 1866 (nec
765 1831 815 1857 hoc
826 1830 1037 1867 εἰρωνευόμενος)

243 1864 321 1892 facile
341 1865 406 1893 cedo
422 1871 528 1893 tuorum
548 1868 709 1903 scriptorum
730 1868 873 1895 subtilitati
888 1873 914 1895 et
928 1868 1037 1905 elegan-

242 1903 305 1929 tiae,
345 1904 370 1929 2.
392 1903 541 1930 Consilium
558 1910 647 1936 tuum,
665 1913 719 1940 quo
734 1910 758 1932 te
775 1914 855 1933 usum
869 1906 967 1932 scribis
987 1907 1036 1933 hoc

242 1939 389 1966 Achaicum
406 1942 543 1977 negotium
559 1951 611 1969 non
628 1943 809 1974 recusavisse,
832 1952 918 1978 quum
929 1952 1037 1978 semper

241 1977 441 2012 probavissem,
464 1983 520 2005 tum
541 1979 625 2006 multo
641 1980 726 2015 magis
742 1980 868 2015 probavi,
891 1980 966 2008 lectis
982 1981 1035 2008 tuis

241 2015 373 2049 proximis
390 2014 494 2042 litteris.
534 2016 634 2043 Omnes
649 2018 721 2043 enim
737 2026 862 2049 caussae,
878 2027 946 2053 quas
962 2026 1036 2045 com-

241 2060 387 2082 memoras,
411 2053 575 2080 iustissimae
598 2059 661 2080 sunt
681 2059 780 2089 tuaque
800 2060 826 2082 et
841 2057 994 2083 auctoritate
1009 2060 1036 2082 et

241 2088 383 2123 prudentia
408 2089 595 2125 dignissimae.
635 2090 712 2123 Quod
732 2091 808 2118 aliter
827 2093 958 2120 cecidisse
978 2102 1034 2120 rem

241 2127 394 2157 existimas,
413 2132 492 2162 atque
505 2129 630 2163 opinatus
642 2129 693 2159 sis,
712 2129 739 2155 id
751 2129 801 2155 tibi
815 2129 889 2156 nullo
902 2130 981 2157 modo
992 2139 1036 2157 as-

240 2163 350 2190 sentior.
391 2163 445 2190 Sed
460 2165 524 2199 quia
540 2170 611 2192 tanta
625 2166 790 2201 perturbatio
805 2171 831 2193 et
852 2167 974 2194 confusio
995 2173 1036 2195 est

241 2208 345 2232 rerum,
365 2201 400 2227 ita
416 2202 540 2236 perculsa
555 2207 580 2229 et
593 2208 724 2237 prostrata
739 2203 895 2231 foedissimo
911 2205 981 2232 bello
995 2205 1036 2231 ia-

240 2242 302 2264 cent
316 2238 420 2269 omnia,
437 2243 467 2265 ut
482 2240 505 2265 is
520 2240 619 2275 cuique
635 2239 722 2272 locus,
740 2240 789 2267 ubi
804 2241 862 2276 ipse
877 2242 924 2273 sit,
942 2247 968 2269 et
980 2243 1035 2269 sibi

240 2275 358 2309 quisque
369 2276 538 2303 miserrimus
549 2286 607 2303 esse
618 2277 755 2309 videatur,
771 2283 910 2313 propterea
921 2284 947 2306 et
959 2280 999 2306 tui
1009 2284 1034 2306 te

240 2311 348 2338 consilii
362 2313 492 2347 poenitet,
510 2318 536 2340 et
550 2323 611 2345 nos,
629 2315 677 2349 qui
688 2314 762 2341 domi
773 2324 882 2347 sumus,
899 2316 950 2343 tibi
964 2316 1035 2343 beati

240 2348 378 2376 videmur:
401 2354 427 2376 at
436 2355 526 2377 contra
537 2351 624 2383 nobis,
637 2361 689 2378 non
701 2357 730 2378 tu
741 2352 853 2387 quidem
864 2361 967 2380 vacuus
977 2362 1036 2381 mo—

241 2384 336 2417 lestiis,
349 2386 397 2413 sed
407 2396 470 2422 prae
481 2388 559 2414 nobis
570 2388 674 2415 beatus.
705 2390 792 2424 Atque
806 2389 857 2417 hoc
867 2391 927 2425 ipso
940 2390 1036 2418 melior

241 2426 282 2448 est
293 2427 350 2454 tua,
363 2432 445 2458 quarn
456 2429 544 2451 nostra
552 2446 558 2456 ,
570 2425 696 2456 conditio,
714 2425 787 2461 quod
798 2431 840 2458 tu,
856 2427 925 2462 quid
935 2427 1032 2459 doleat,

241 2459 358 2486 scribere
369 2461 461 2492 audes,
475 2471 523 2488 nos
534 2471 567 2489 ne
578 2463 607 2489 id
617 2462 729 2498 quidem
740 2467 796 2490 tuto
806 2472 966 2498 possumus:
984 2473 1034 2492 nec

241 2494 270 2536 id
278 2496 385 2522 victoris
391 2498 466 2529 vitio,
474 2508 528 2533 quo
539 2499 607 2526 nihil
619 2499 791 2531 moderatius,
800 2500 848 2527 sed
855 2501 942 2536 ipsius
948 2503 1034 2529 victo-

242 2540 306 2562 riae,
314 2541 383 2566 quae
392 2535 521 2562 civilibus
532 2536 611 2563 bellis
621 2545 728 2572 semper
738 2541 778 2564 est
788 2537 917 2566 insolens.
938 2541 964 2566 3.
975 2539 1034 2566 Uno

242 2572 267 2594 te
278 2569 404 2601 vicimus,
416 2572 488 2605 quod
498 2572 530 2599 de
537 2573 664 2605 Marcelli,
673 2574 790 2610 collegae
801 2575 850 2606 tui,
863 2575 949 2602 salute
954 2575 1034 2611 paul-

243 2604 268 2631 lo
279 2610 347 2638 ante,
355 2615 438 2643 quam
443 2612 481 2639 tu,
489 2611 678 2646 cognovimus3
692 2611 772 2638 etiam
778 2611 940 2644 mehercule,
949 2613 1030 2649 quod,

1058 1343 1060 1350 ’
1089 1347 1133 1374 sit.

1020 84 1304 111 cttlssnoxts

1087 154 1316 189 quemadmodum
1331 164 1360 181 ea
1377 164 1420 182 res
1435 163 1569 192 ageretur,
1589 158 1717 184 vidimus.
1759 159 1824 185 Nam
1841 160 1880 186 sic

1089 192 1128 218 lat·
1139 193 1291 218 existimes:
1306 198 1364 227 post
1377 193 1424 219 has
1436 195 1567 224 miserias,
1585 195 1610 221 id
1622 201 1670 224 ent,
1684 200 1826 230 postquam
1838 205 1881 223 ur-

1089 230 1139 255 ruis
1151 229 1294 263 dim-eptari
1305 235 1428 264 coeptum
1441 232 1474 257 sit
1485 231 1518 257 de
1531 233 1586 258 iure
1601 233 1723 267 publiw,
1741 233 1809 259 nibil
1821 242 1880 259 esse

1088 271 1175 292 actum
1188 266 1261 292 aliud
1272 276 1333 293 eum
1345 267 1485 302 dignitate.
1527 270 1591 295 Nam
1603 275 1628 295 et
1641 271 1697 304 ipse
1708 270 1818 300 Caesar,
1837 278 1881 296 ac-

1088 308 1178 329 cusata
1195 304 1336 330 acerbitate
1349 305 1476 335 Marcelli.
1489 306 1536 338 (sie
1551 307 1623 332 enim
1638 306 1811 341 appellabam
1824 307 1882 333 lau-

1088 340 1202 375 dataque
1215 341 1483 368 honorificentissime
1494 347 1519 368 et
1530 344 1661 377 aequitate
1672 349 1715 370 tua
1726 349 1751 370 et
1763 344 1882 378 pruden-

1089 379 1138 408 tia,
1156 383 1265 412 repente
1280 383 1383 413 praeter
1398 388 1473 414 spem
1490 379 1572 410 dixit,
1590 390 1615 405 ae
1625 384 1724 407 mutui*
1739 383 1882 414 roqanudo

1089 416 1214 441 Marcello
1225 425 1254 441 ne
1265 418 1373 442 honum]
1384 420 1484 450 quidem
1498 426 1589 443 caussa
1601 423 1759 450 rimaturum.
1799 419 1882 445 Fece-

1090 457 1128 478 rat
1143 457 1232 478 autem
1249 452 1298 478 boc
1309 458 1432 483 senatus,
1451 459 1492 484 ut,
1512 463 1596 489 quum
1609 463 1622 480 a
1635 455 1663 480 t..
1678 455 1771 481 l'isone
1783 456 1882 482 mentio

1089 494 1159 515 esset
1176 489 1242 516 sacta
1260 490 1292 515 de
1309 490 1446 521 Marcello,
1464 496 1490 516 et
1507 500 1592 526 quum
1606 492 1635 518 C.
1652 492 1794 518 Marcellus
1809 501 1837 519 se
1848 492 1881 518 ad

1089 527 1210 553 Caesaris
1226 527 1308 561 pedes
1323 528 1478 557 abiecisset,
1496 534 1609 554 cunr-tus
1625 534 1797 563 consurgeret
1812 534 1838 556 et
1848 529 1881 555 ad

1089 564 1228 590 Caesarem
1241 564 1356 599 supplex
1367 565 1514 592 accederet.
1541 565 1598 592 Noli
1610 575 1752 600 quaerere:
1767 567 1801 592 ita
1815 566 1881 593 mibi

1090 601 1203 636 pulcher
1219 601 1262 628 hic
1277 602 1335 628 dies
1347 603 1422 628 visus
1434 607 1486 632 est,
1505 608 1533 629 ut
1546 605 1663 637 speciem
1675 603 1794 638 aliquam
1807 604 1882 630 vide-

1090 648 1132 665 rer
1143 638 1233 665 videre
1245 640 1322 674 quasi
1336 640 1522 666 reviviscentis
1534 640 1708 675 reipublicae.
1749 641 1773 666 4.
1791 641 1882 676 ltaque

1089 684 1175 711 quum
1190 685 1284 703 omnes
1299 681 1359 703 ante
1375 686 1416 703 me
1432 678 1514 712 rogati
1530 678 1629 712 gratias
1643 678 1750 705 Caesari
1763 678 1884 713 egissent

1089 717 1194 748 praeter
1205 713 1366 740 Volcatium:
1391 715 1413 740 is
1424 716 1511 745 enim,
1528 715 1551 740 si
1563 723 1594 741 eo
1606 715 1662 741 loco
1672 720 1756 745 esset,
1774 716 1883 751 negavit

1090 759 1119 777 se
1131 750 1263 777 facturum
1275 750 1372 778 fuisse:
1395 760 1445 786 ego
1460 757 1567 787 rogatus
1579 752 1681 778 mutavi
1693 761 1782 778 meum
1793 753 1883 779 consi-

1091 787 1168 814 lium.
1209 788 1275 814 Nam
1291 793 1449 819 statueram,
1472 798 1523 815 non
1540 788 1693 815 mehercule
1710 789 1817 820 inertia,
1834 789 1882 816 sed

1090 825 1224 852 desiderio
1244 826 1372 860 pristinae
1387 825 1539 861 dignitatis,
1563 827 1589 852 in
1608 831 1768 861 perpetuum
1785 832 1881 853 tacere.

1090 862 1181 898 Fregit
1201 862 1250 889 hoc
1270 871 1360 889 meum
1381 863 1524 889 consilium
1544 868 1570 890 et
1583 864 1704 890 Caesaris
1725 863 1883 899 magnitudo

1089 900 1173 926 animi
1184 904 1210 926 et
1219 905 1328 926 senatus
1338 899 1468 926 osticium.
1498 901 1588 935 ltaque
1600 900 1725 935 pluribus
1738 901 1828 927 verbis
1838 901 1883 936 egi

1089 937 1196 964 Caesari
1208 938 1321 973 gratias:
1336 946 1442 972 meque,
1456 943 1554 967 metuo,
1564 946 1595 964 ne
1606 939 1685 964 etiam
1698 938 1724 963 in
1735 938 1830 964 ceteris
1841 947 1883 964 reu

1090 974 1141 1001 bus
1153 974 1264 1001 honesto
1274 975 1327 1001 otio
1339 975 1466 1009 privarim
1475 995 1481 1005 ,
1498 974 1570 1009 quod
1586 979 1641 1000 erat
1657 983 1741 1001 unum
1756 974 1882 1002 solatium

1090 1012 1117 1038 in
1129 1011 1217 1038 matis.
1258 1011 1310 1038 Sed
1325 1017 1427 1042 tamen.
1445 1013 1572 1047 quoniam
1587 1012 1668 1047 ess’ugi
1684 1012 1743 1037 eius
1757 1011 1883 1039 oll'ensio-

1066 1056 1067 1062 *
1090 1057 1160 1079 nem,
1174 1049 1221 1084 qui
1234 1048 1343 1075 sortasse
1355 1049 1541 1080 arbitraretur,
1555 1058 1596 1075 me
1609 1049 1676 1075 hanc
1687 1049 1882 1083 rempublicam

1090 1095 1141 1113 non
1154 1091 1260 1121 putare,
1274 1086 1296 1112 si
1309 1091 1438 1121 perpetuo
1450 1091 1577 1112 tacerem:
1594 1086 1698 1112 modice
1715 1086 1764 1112 hoc
1775 1085 1880 1117 faciam,

1089 1128 1135 1150 aut
1150 1123 1230 1150 etiam
1246 1124 1314 1149 intra
1331 1123 1454 1154 modum,
1477 1128 1505 1149 ut
1516 1128 1542 1150 et
1553 1123 1626 1149 illius
1638 1122 1883 1150 voluntatietmeis

1089 1160 1188 1187 studiis
1203 1161 1330 1187 serviam.
1371 1161 1438 1187 Nam
1454 1161 1504 1187 etsi
1519 1169 1534 1187 a
1549 1161 1635 1195 prima
1646 1165 1730 1186 aetate
1741 1169 1783 1187 me
1794 1162 1883 1187 omnis

1090 1206 1132 1224 ars
1143 1202 1169 1224 et
1179 1197 1298 1225 doctrina
1311 1197 1443 1229 liberalis,
1461 1203 1486 1224 et
1496 1198 1613 1224 maxime
1625 1197 1795 1232 philosophia
1809 1197 1884 1224 dele-

1088 1235 1183 1267 ctavit3
1197 1240 1285 1262 tamen
1298 1235 1346 1262 hoc
1357 1235 1478 1262 studium
1489 1235 1610 1270 quotidie
1620 1235 1791 1270 ingravescit,
1804 1235 1884 1262 credo

1089 1277 1115 1299 et
1125 1273 1218 1299 aetatis
1230 1273 1380 1299 maturitate
1391 1272 1424 1299 ad
1436 1273 1621 1308 prudentiam,
1638 1277 1663 1298 et
1678 1272 1721 1298 his
1732 1277 1883 1307 temporum

1090 1310 1178 1341 vitiis,
1200 1314 1229 1337 ut
1244 1309 1318 1336 nulla
1330 1319 1371 1336 res
1383 1309 1434 1336 alia
1447 1309 1534 1336 levare
1545 1311 1665 1336 animum
1678 1309 1809 1336 molestiis
1820 1318 1884 1345 pos-

1173 1348 1199 1373 5.
1221 1348 1242 1374 Α
1257 1356 1311 1382 quo
1325 1347 1415 1374 studio
1431 1352 1454 1374 te
1470 1347 1569 1374 abduci
1584 1347 1698 1383 negotiis
1714 1346 1835 1383 intelligo
1849 1355 1883 1374 ex

1089 1385 1144 1411 tuis
1159 1383 1266 1411 litteris:
1285 1384 1333 1411 sed
1349 1390 1436 1411 tamen
1451 1384 1554 1419 aliquid
1570 1385 1623 1411 iam
1634 1389 1723 1411 noctes
1735 1389 1759 1410 te
1770 1384 1883 1411 adiuva-

1089 1421 1166 1448 bunt.
1189 1422 1301 1449 Servius
1312 1427 1384 1453 tuus,
1396 1422 1439 1449 vel
1451 1423 1540 1457 potius
1554 1427 1652 1452 noster.
1665 1430 1770 1448 summa
1781 1429 1824 1448 me
1834 1421 1884 1448 ob-

1089 1461 1223 1486 servantia
1235 1459 1310 1486 colit:
1334 1460 1413 1486 cuius
1425 1468 1474 1495 ego
1485 1467 1571 1494 quum
1580 1460 1654 1486 omni
1665 1459 1797 1494 probitate
1807 1467 1883 1485 sum-

1089 1505 1187 1531 maque
1198 1497 1296 1523 virtute
1304 1517 1310 1528 ,
1328 1501 1385 1523 tum
1396 1497 1495 1523 studiis
1505 1496 1680 1531 doctrinaque
1691 1495 1817 1522 delector.
1857 1496 1883 1522 ls

1089 1542 1196 1560 mecum
1211 1541 1291 1568 saepe
1311 1533 1344 1560 de
1360 1538 1405 1560 tua
1421 1535 1559 1560 mansione
1574 1538 1620 1560 aut
1639 1533 1795 1560 decessione
1809 1541 1883 1560 oom-

1089 1571 1218 1598 municat.
1259 1570 1354 1597 Adhuc
1366 1571 1393 1597 in
1406 1571 1454 1597 hac
1465 1579 1526 1597 sum
1537 1571 1678 1601 sententia,
1687 1570 1754 1596 nihil
1762 1575 1791 1596 ut
1801 1569 1883 1596 faeia-

1088 1617 1164 1639 mus,
1186 1608 1239 1635 nisi
1254 1607 1327 1643 quod
1343 1609 1460 1634 maxime
1470 1607 1568 1634 Caesar
1578 1607 1647 1634 velle
1658 1607 1790 1633 videatur.
1831 1607 1882 1633 Res

1088 1650 1151 1672 sunt
1161 1645 1304 1675 eiusmodi,
1318 1649 1355 1676 ut,
1368 1645 1496 1672 siRomae
1507 1645 1554 1676 sis,
1570 1643 1639 1671 nihil
1651 1649 1755 1678 praeter
1764 1649 1824 1670 tuos
1834 1643 1883 1670 de-

1090 1682 1184 1709 lectare
1196 1687 1220 1709 te
1230 1682 1324 1717 possit.
1364 1683 1400 1708 De
1415 1682 1541 1717 reliquis,
1558 1681 1626 1708 nihil
1638 1681 1736 1707 melius
1752 1682 1810 1716 ipso
1825 1686 1878 1713 est3

1064 1714 1067 1762 j
1088 1720 1169 1746 ceteri
1180 1724 1205 1746 et
1216 1724 1301 1746 cetera
1312 1719 1455 1750 eiusmodi,
1464 1724 1502 1749 ut,
1511 1719 1534 1745 si
1545 1718 1703 1745 alterutrum
1715 1727 1824 1744 necesse
1835 1719 1879 1748 sit,

1088 1757 1181 1783 audire
1197 1765 1226 1783 ea
1241 1756 1334 1787 matis,
1351 1765 1433 1791 quam
1449 1756 1551 1782 videre.
1590 1756 1646 1782 Hoc
1661 1760 1781 1782 nostrum
1792 1757 1882 1782 consi-

1089 1793 1156 1821 lium
1167 1794 1245 1821 nobis
1255 1794 1367 1820 minime
1377 1793 1528 1820 iucundum
1539 1798 1593 1824 est,
1605 1793 1654 1828 qui
1665 1797 1689 1819 te
1701 1792 1792 1819 videre
1803 1793 1882 1828 cupi-

1088 1840 1162 1864 mus;
1176 1831 1224 1858 sed
1235 1830 1403 1858 consulimus
1415 1830 1475 1858 tibi.
1515 1830 1589 1857 Vale.

1140 1926 1167 1947 V.
1183 1926 1200 1946 Δ
1207 1925 1257 1946 RG.
1277 1925 1392 1952 Sulpicia.
1399 1925 1496 1946 Achaiae
1505 1924 1631 1952 praefectu-
1642 1923 1770 1945 Ciceronem
1780 1922 1882 1945 consol·-

1087 1964 1124 1981 ιω·
1132 1960 1240 1982 afflictum
1251 1960 1314 1981 obitu
1324 1960 1384 1980 tiliae
1395 1967 1423 1980 ex
1433 1963 1498 1987 partu
1508 1966 1582 1980 mense
1591 1959 1655 1979 Febr.
1666 1962 1771 1979 mortu-e.

1252 1997 1349 2020 (Athenis,
1359 1998 1437 2015 Cau-re
1446 1997 1479 2015 lv,
1490 2003 1527 2014 σοι.
1537 1996 1577 2014 sine
1586 1996 1665 2018 collega,
1675 1996 1728 2017 7⁰⁹.)

1109 2047 1192 2074 SER.
1213 2047 1418 2075 SULPICIUS
1443 2047 1472 2074 S.
1493 2048 1525 2074 D.
1546 2048 1582 2074 M.
1603 2047 1634 2074 T.
1655 2046 1851 2074 CICERONI.

1143 2095 1152 2119 t
1161 2114 1166 2119 .
1177 2089 1359 2128 Posteaquam
1370 2093 1439 2120 mihi
1448 2093 1630 2120 renuntiatum
1641 2097 1683 2119 est
1691 2091 1725 2118 de
1734 2091 1810 2119 obitu
1816 2091 1881 2118 Tul-

1087 2130 1147 2162 liae,
1162 2130 1232 2157 filiae
1243 2135 1305 2157 tuae
1313 2151 1319 2161 ,
1331 2139 1395 2157 sane
1406 2138 1488 2165 quam
1498 2139 1547 2165 pro
1557 2138 1601 2161 eo,
1617 2138 1648 2156 ac
1659 2129 1751 2160 debui,
1763 2130 1881 2165 graviter

1086 2167 1252 2203 molesteque
1259 2167 1318 2198 tuti.
1326 2175 1553 2202 communemque
1563 2175 1622 2194 eam
1633 2166 1811 2193 calamitatem
1821 2167 1881 2192 exi-

1086 2205 1209 2237 stimavi3
1222 2205 1280 2240 qui,
1293 2205 1317 2231 si
1329 2205 1388 2232 istic
1399 2204 1558 2235 adfuissem,
1571 2212 1659 2239 neque
1670 2203 1721 2230 tibi
1730 2202 1879 2230 defuissem

1085 2250 1229 2277 coramque
1239 2250 1332 2269 meum
1345 2241 1464 2269 dolorem
1475 2242 1526 2268 tihi
1535 2241 1724 2268 declar-assem.
1763 2240 1822 2266 Etsi
1831 2249 1880 2276 ge-

1086 2288 1138 2306 nus
1156 2279 1208 2306 hoc
1229 2279 1419 2306 consolationis
1434 2280 1566 2305 miserum
1581 2283 1661 2313 atque
1678 2277 1805 2304 acerbum
1823 2282 1876 2304 est:

1086 2321 1226 2351 propterea
1236 2317 1310 2352 quia,
1318 2325 1367 2352 per
1376 2325 1445 2352 quos
1455 2325 1486 2342 ea
1496 2315 1606 2342 confieri
1616 2314 1704 2345 debet.
1712 2315 1879 2350 propinquos

1085 2363 1116 2380 ac
1127 2353 1282 2385 familiares,
1295 2354 1350 2389 ipsi
1359 2354 1419 2389 pari
1428 2353 1550 2380 molestia
1561 2351 1728 2383 afficiuntur,
1742 2359 1830 2386 neque
1840 2352 1880 2378 si-

1085 2399 1119 2417 ne
1135 2390 1254 2417 lacrimis
1268 2390 1362 2418 multis
1377 2391 1405 2417 id
1415 2391 1506 2417 conari
1518 2393 1645 2425 possunt,
1664 2389 1705 2415 uti
1719 2389 1806 2424 magis
1824 2388 1879 2423 ipsi

1086 2427 1229 2455 videantur
1242 2427 1356 2455 aliorum
1370 2427 1550 2455 consolatione
1565 2426 1699 2461 indigere,
1719 2434 1801 2460 quam
1816 2425 1878 2452 aliis

1084 2473 1163 2500 posse
1177 2474 1260 2492 suum
1273 2464 1393 2492 officium
1403 2469 1550 2500 praestare3
1572 2468 1670 2494 tamen,
1682 2471 1752 2498 quae
1762 2463 1790 2489 in
1799 2470 1879 2497 prae-

1084 2503 1170 2529 sentia
1180 2503 1209 2529 in
1219 2507 1337 2529 mentem
1347 2502 1416 2529 mihi
1427 2505 1571 2531 venerunt,
1592 2500 1702 2527 decrevi
1715 2499 1794 2526 brevi
1807 2499 1841 2526 ad
1852 2504 1877 2526 te

1084 2539 1266 2574 perscribere:
1288 2548 1341 2567 non
1360 2547 1415 2574 quo
1436 2547 1467 2565 ea
1485 2542 1511 2564 te
1531 2537 1624 2573 fugere
1638 2537 1792 2564 existimem
1800 2557 1806 2567 ,
1827 2536 1877 2562 sed

1084 2576 1157 2611 quod
1172 2576 1282 2603 forsitan
1297 2576 1388 2603 dolore
1400 2574 1548 2610 impeditus
1563 2575 1654 2601 minus
1670 2582 1701 2601 ea
1715 2573 1874 2609 perspicias.

1083 2614 1109 2640 Ξ.
1129 2613 1202 2646 Quid
1213 2618 1266 2644 est,
1282 2613 1355 2649 quod
1366 2618 1437 2640 tanto
1447 2620 1527 2648 opere
1538 2617 1563 2639 te
1574 2615 1741 2639 commoveat
1754 2615 1817 2638 tuus
1827 2609 1876 2637 do-
