1941 3052
257 170 305 195 61⁸
828 164 870 190 59.
906 163 940 190 Μ.

258 239 371 266 sentinae
391 242 470 272 atque
489 236 603 270 optimae
624 239 709 269 pater,
733 234 768 260 Μ.
790 233 866 260 Atius
886 233 997 264 Balbus,
1020 233 1046 260 in

257 277 350 311 primis
363 275 498 302 honestus,
514 273 658 307 praetorius
671 272 734 298 fuit:
752 276 810 298 tuae
825 272 955 305 coniugis,
965 271 1046 296 bonae

257 313 383 342 feminae,
407 310 545 344 locupletis
561 309 669 343 quidem
685 314 768 338 certe,
787 308 922 334 Bambalio
936 308 1044 343 quidum

257 355 342 385 pater,
367 349 444 375 bomo
467 347 540 373 nullo
561 355 683 372 numero:
707 346 773 372 nibil
796 345 841 371 illo
857 346 1043 380 contemptius,

255 388 302 422 qui
320 390 425 420 propter
441 384 622 410 haesitantiam
641 383 747 417 linguae
758 387 948 417 stuporemque
959 383 1045 408 cordis

253 432 398 458 cognomen
419 430 450 447 ex
471 420 629 447 contumelia
646 422 763 447 traxerit.
789 435 825 439 —
839 420 872 446 At
887 428 954 446 avus
970 420 1046 446 nobi-

255 460 297 487 lis.
330 474 366 479 ——
384 459 532 484 Tuditanus
549 466 644 492 nempe
660 457 717 488 ille,
736 457 781 484 illc
795 458 841 492 qui
857 466 918 483 cum
936 457 1004 491 palla
1020 461 1045 483 et

253 496 390 523 cothurnis
403 504 527 522 nummos
540 495 638 529 populo
649 495 682 521 de
697 495 788 521 rostris
803 503 926 529 spargere
933 494 1043 520 solebat.

254 534 354 560 Vellem
368 533 433 559 lianc
445 533 667 567 contemptionem
677 533 803 567 pecuniae
814 532 871 558 suis
879 531 1042 566 reliquisset!

253 571 360 597 Ilabetis
372 569 536 596 nobilitatem
551 570 655 605 generis
666 570 818 605 gloriosam.
843 570 882 595 17.
895 570 946 601 Qui
956 574 1044 595 autem

253 609 354 638 evcnit,
369 612 397 633 ut
409 607 456 633 tibi
468 607 573 633 Aricina
587 612 662 633 natus
675 607 800 641 ignobilis
814 606 946 637 videatur,
959 615 1043 641 quum

253 650 279 672 tu
297 645 388 671 eodem
406 649 524 671 materno
538 653 634 679 genere
646 644 731 670 soleas
742 644 847 679 gloriari
855 644 867 669 ἱ)
885 643 957 676 Quae
969 652 1045 678 porro

251 683 365 709 amentia
381 686 433 713 est,
451 690 512 708 eum
528 682 615 708 dicere
631 682 732 716 aliquid
749 682 781 708 de
794 690 906 707 uxorum
920 681 1045 717 ignobili-

252 724 315 750 tate,
329 720 407 746 cuius
423 723 496 754 pater
508 719 682 746 Numitoriam
695 719 889 754 Fregellanam,
904 718 1044 753 proditoris

252 757 347 787 liliam.
362 756 484 783 babuerit
501 765 625 783 uxorem:
649 757 706 791 ipse
717 765 749 782 ex
761 756 876 782 libertini
890 756 941 782 filia
953 764 1045 782 susce-

251 795 320 829 perit
334 793 449 820 liberos‘?
469 793 521 820 Sed
534 794 581 820 hoc
592 793 734 820 clarissimi
747 793 795 820 viri
809 794 930 823 viderint,
941 794 968 819 L.
983 793 1045 819 l'bi—

251 832 352 866 lippus,
365 831 412 866 qui
428 831 507 857 babet
518 831 651 857 Aricinam
664 839 782 859 uxorem.
797 831 825 857 C.
835 830 984 860 Marcellus,
996 831 1043 865 qui

250 869 372 895 Aricinae
388 868 482 895 liliam:
505 877 573 903 quos
589 873 658 894 certo
669 869 724 894 scio
735 868 872 901 dignitatis
884 869 1043 902 optimarum

251 905 411 933 feminarum
429 914 479 932 non
493 907 635 940 poenitere.
678 906 730 931 VII.
753 905 824 931 Idem
836 906 914 931 ctiam
926 905 957 937 Q.
970 906 1044 931 Cice-

210 963 214 970 .
250 952 350 974 ronem,
365 942 452 969 fratris
465 943 515 969 mei
529 943 623 973 lilium,
635 942 777 977 compellat
787 942 886 969 edicto:
908 951 954 969 nec
965 943 1045 969 sentit

250 989 354 1011 amens,
367 980 624 1007 commendationem
641 989 700 1006 esse
715 979 944 1014 compellationem
955 988 1042 1006 suam.

250 1018 321 1050 Quid
341 1018 411 1044 enim
428 1017 546 1044 accidere
563 1018 626 1043 huic
640 1017 799 1043 adolescenti
817 1018 902 1052 potuit
917 1018 1041 1052 optatius,

250 1064 331 1091 quam
343 1055 467 1091 cognosci
478 1055 511 1081 ab
522 1055 657 1085 omnibus,
671 1054 790 1081 Caesaris
800 1054 972 1081 consiliorum
985 1063 1044 1081 esse

250 1093 367 1123 socium,
385 1093 492 1119 Antonii
508 1091 605 1118 furoris
616 1092 775 1118 inimicum?
797 1094 837 1118 48.
850 1092 883 1118 At
897 1093 975 1118 etiam
986 1091 1044 1128 gla-

249 1130 335 1157 diator
348 1138 431 1156 ausus
442 1134 482 1156 est
492 1130 616 1160 scribere,
631 1130 700 1156 hunc
712 1129 744 1155 de
756 1130 838 1164 patris
849 1134 874 1156 et
886 1130 972 1164 patrui
983 1138 1045 1164 par—

250 1167 344 1194 ricidio
359 1168 498 1202 cogitasse.
538 1166 560 1194 0
576 1166 759 1193 admirabilem
775 1166 983 1201 impudentiam,
997 1175 1045 1193 au-

249 1204 365 1236 dacium,
388 1205 560 1231 temeritatem
582 1205 608 1231 in
625 1213 685 1230 eum
703 1203 897 1230 adolescentem
914 1204 963 1230 hoc
978 1204 1045 1230 scri·

249 1242 311 1269 bere
325 1241 518 1276 audere,quem
531 1250 579 1277 ego
589 1246 614 1268 et
624 1241 703 1268 frater
709 1250 784 1268 meus
796 1246 902 1276 propter
913 1242 971 1268 eius
982 1250 1045 1268 sua—

249 1279 376 1306 vissimos
400 1283 479 1314 atque
498 1281 613 1314 optimos
628 1288 714 1305 mores
731 1279 1044 1313 praestantissimumque

250 1317 390 1352 ingenium
402 1317 520 1343 certatim
531 1325 652 1343 amamus
664 1317 845 1351 omnibusque
860 1316 932 1343 horis
947 1316 1042 1347 oculis,

248 1354 368 1385 auribus,
385 1353 527 1389 complexu
543 1354 678 1381 tenemus!
701 1354 768 1380 Nam
782 1362 824 1380 me
834 1354 934 1380 eisdem
949 1353 1043 1380 edictis

250 1392 334 1418 nescit
349 1391 433 1418 laedat
447 1400 479 1418 an
492 1391 589 1418 laudet.
629 1391 718 1424 Quum
730 1391 801 1418 idem
816 1391 981 1426 supplicium
993 1391 1044 1417 mi-

249 1433 326 1455 natur
345 1429 454 1464 optimis
475 1429 590 1460 civibus,
613 1428 686 1463 quod
707 1437 756 1465 ego
776 1429 809 1455 de
829 1429 1043 1455 sceleratissimis

248 1475 278 1492 ac
290 1467 415 1501 pessimis
425 1467 598 1501 sumpserim,
612 1465 720 1492 laudare
731 1466 846 1497 videtur,
860 1467 937 1501 quasi
945 1466 1042 1492 imitari

248 1504 326 1530 velit:
367 1512 453 1539 quum
470 1508 558 1530 autem
573 1503 646 1530 illam
659 1503 833 1538 pulcherrimi
845 1503 906 1530 facti
918 1504 1044 1530 memori—

248 1550 290 1568 am
312 1540 430 1572 refricat,
452 1545 509 1567 tum
529 1550 544 1567 a
562 1541 605 1568 sui
623 1540 761 1568 similibus
779 1540 909 1568 invidiam
925 1540 1042 1576 aliquam

247 1579 274 1605 in
286 1587 328 1605 me
338 1579 500 1605 commoveri
511 1582 595 1613 putat.

305 1616 369 1642 VIII.
394 1617 434 1642 ⁴9.
456 1615 508 1642 Sed
519 1617 576 1650 ipse
596 1615 662 1650 quid
683 1614 764 1642 fecit?
792 1614 882 1648 Quum
903 1619 940 1642 tot
957 1614 1042 1641 edicta

247 1653 440 1688 proposuisset,
462 1653 554 1684 edixit,
577 1657 607 1679 ut
626 1652 733 1679 adesset
752 1657 860 1679 senatus
875 1651 1002 1687 frequens
1015 1661 1040 1679 a.

247 1690 274 1716 d.
298 1700 348 1716 vni.
371 1690 503 1717 Kalendas
518 1690 690 1722 Decembres;
716 1698 746 1716 eo
760 1689 804 1716 die
815 1691 874 1725 ipse
884 1698 936 1716 non
947 1689 1041 1716 adfuit.

247 1728 280 1754 At
295 1727 428 1762 quomodo
443 1727 545 1754 edixit?
577 1728 646 1754 Haec
661 1731 732 1758 sunt,
750 1728 852 1762 opinor,
866 1727 945 1753 verba
956 1727 983 1753 in
995 1735 1042 1753 ex-
1070 1758 1071 1764 ἵ

247 1769 344 1791 tremo:
376 1767 403 1790 si
413 1767 458 1798 qui
469 1774 519 1791 non
529 1767 651 1798 adsuerit,
666 1766 732 1791 hunc
742 1773 826 1791 omnes
837 1767 986 1791 eoeistimare
994 1773 1042 1797 po-

248 1806 332 1828 ter-unt
352 1807 375 1828 et
395 1805 514 1828 interitus
528 1804 576 1828 mei
592 1807 614 1828 et
628 1804 861 1835 perditissimorum
876 1803 1042 1828 consiliorum

248 1843 378 1865 auctorem
392 1841 480 1872 fuisse.
520 1838 593 1871 Quae
609 1843 672 1865 sunt
687 1838 790 1873 perdita
800 1838 930 1865 consilia‘?
949 1838 989 1865 An
1000 1847 1038 1870 ea,

247 1884 315 1911 quae
336 1877 470 1911 pertinent
484 1875 516 1902 ad
533 1876 682 1903 libertatem
697 1875 791 1911 populi
805 1876 917 1903 Romani
930 1884 1042 1911 recupe-

247 1912 376 1940 randam?
403 1921 520 1948 quorum
535 1913 708 1940 consiliorum
725 1913 830 1940 Caesari
845 1921 887 1939 me
907 1917 1040 1940 auctorem

247 1955 274 1977 et
293 1950 452 1977 hortatorem
476 1955 501 1976 et
523 1958 581 1977 esse
597 1955 623 1977 et
638 1950 722 1977 fuisse
741 1949 832 1977 fateor.
872 1950 1040 1986 Quamquam

246 1987 293 2014 ille
309 1996 361 2014 non
372 1988 446 2022 eguit
455 1987 567 2014 consilio
578 1988 739 2022 cuiusquam
748 2008 754 2019 ,
776 1987 824 2014 sed
833 1992 921 2014 tamen
932 1996 1042 2014 curren-

247 2029 310 2056 tem,
327 2029 357 2051 ut
372 2025 478 2056 dicitur,
497 2025 615 2051 incitavi.
655 2025 722 2051 Nam
737 2025 860 2052 interitus
875 2025 986 2060 quidem
1001 2025 1039 2051 tui

245 2063 308 2097 quis
324 2062 410 2089 bonus
427 2070 479 2089 non
495 2067 565 2089 esset
575 2066 673 2093 auctor,
686 2070 773 2097 quum
784 2062 812 2088 in
823 2071 854 2089 eo
864 2062 938 2089 salus
950 2067 976 2089 et
987 2063 1040 2089 vita

246 2100 341 2134 optimi
356 2100 498 2134 cuiusque,
520 2099 628 2126 libertas
643 2099 736 2134 populi
747 2100 858 2126 Romani
868 2099 1041 2136 dignitasque

245 2136 420 2163 consisteret‘.>
443 2138 484 2164 20.
507 2136 559 2163 Sed
570 2145 655 2172 quum
667 2141 719 2163 tam
734 2137 813 2163 atroci
825 2137 910 2163 edicto
920 2145 968 2163 nos
977 2146 1041 2163 con-

246 2174 390 2205 citavisset,
412 2182 460 2200 cur
478 2174 536 2209 ipse
547 2183 598 2201 non
613 2173 717 2200 adfuit‘?
750 2175 820 2200 Num
837 2175 936 2209 putatis
951 2174 1040 2209 aliqua

247 2219 275 2237 re
286 2211 354 2237 tristi
371 2220 400 2237 ac
411 2211 522 2237 severa‘?
541 2212 607 2238 Vino
618 2216 698 2246 atque
709 2211 797 2246 epulis
809 2216 926 2238 retentus
937 2216 990 2238 est:
1017 2211 1040 2238 si

246 2247 307 2275 illae
323 2248 416 2283 epulae
433 2249 531 2283 potius,
549 2258 629 2283 quam
646 2249 758 2284 popinae
774 2249 950 2275 nominandae
965 2253 1038 2275 sunt.

245 2285 318 2312 Diem
334 2285 411 2312 edicti
432 2286 505 2312 obire
525 2285 656 2322 neglexit:
695 2286 723 2312 in
743 2290 803 2312 ante
821 2286 894 2312 diem
914 2291 1040 2321 quartum

246 2322 379 2349 Kalendas
403 2323 560 2350 Decembres
585 2323 700 2349 distulit.
740 2322 842 2350 Adesse
862 2323 890 2350 in
911 2323 1041 2358 Capitolio

245 2361 339 2386 iussit:
375 2360 448 2395 quod
463 2361 490 2387 in
507 2360 637 2395 templum
652 2361 719 2395 ipse,
737 2361 827 2387 nescio
837 2369 900 2395 qua,
917 2369 965 2396 per
976 2359 1040 2387 Gal-

248 2396 333 2423 lorum
344 2397 515 2429 cuniculum,
533 2397 662 2424 ascendit.
703 2397 889 2424 Convenerunt
899 2397 1037 2434 corrugati,

247 2439 271 2459 et
289 2434 399 2468 quidem
416 2434 499 2470 ampli
519 2435 630 2470 quidam
647 2434 782 2465 homines,
807 2435 855 2461 sed
870 2436 1039 2462 immemores

247 2471 384 2505 dignitatis
395 2480 469 2498 suae.
495 2473 519 2498 Is
530 2473 601 2499 enim
612 2476 668 2498 erat
677 2471 744 2502 dies,
757 2480 787 2498 ea
798 2471 877 2503 fama,
890 2473 922 2503 is.
938 2473 986 2507 qui
997 2480 1041 2498 se-

247 2512 339 2534 natum
355 2513 470 2540 vocarat,
488 2514 518 2536 ut
531 2514 608 2544 turpe
622 2509 737 2536 senatori
750 2513 833 2540 esset,
854 2509 921 2536 nihil
935 2510 1037 2536 timere.

248 2543 287 2570 Ad
298 2552 342 2570 eos
356 2549 443 2572 tamen
457 2547 539 2581 ipsos,
551 2547 598 2582 qui
609 2550 794 2577 convenerant,
808 2554 841 2572 ne
854 2547 966 2573 verbum
977 2547 1039 2581 qui-

248 2579 309 2606 dem
325 2589 406 2608 ausus
421 2587 460 2609 est
476 2583 560 2610 facere
571 2584 603 2610 de
615 2584 737 2614 Caesare,
759 2591 844 2618 quum
855 2583 889 2610 de
899 2592 930 2611 eo
940 2584 1039 2610 consti-

249 2618 344 2644 tuisset
357 2618 390 2644 ad
403 2624 524 2647 senatum
538 2620 645 2648 referre.
694 2620 826 2655 Scriptam
840 2621 963 2648 attulerat
976 2629 1039 2648 con-

249 2653 346 2681 sularis
361 2655 471 2690 quidam
490 2659 658 2685 sententiam.
698 2659 741 2684 2⁴.
762 2656 833 2689 Quid
848 2658 984 2689 estaliud,
1005 2657 1038 2684 de

248 2699 279 2718 eo
293 2691 390 2719 referre
403 2701 456 2720 non
469 2694 574 2727 audere,
589 2696 638 2730 qui
650 2699 741 2722 contra
750 2703 780 2722 se
789 2694 927 2722 consulem
937 2695 1039 2723 exerci-

1073 244 1076 284 l

1073 332 1075 347 l

1073 371 1075 381 v

974 163 1005 189 T.
1039 162 1313 190 CICERONIS

1099 238 1155 259 tum
1166 233 1288 263 duceret,
1308 234 1358 260 nini
1371 242 1399 260 ee
1411 234 1499 269 ipsum
1512 234 1614 261 hostem
1625 234 1760 262 iudicare?
1775 235 1889 264 Necesse

1098 275 1152 296 erat
1167 271 1238 296 enim
1254 271 1410 297 alterutrum
1426 280 1484 298 esne
1500 272 1616 298 hostem:
1639 281 1687 299 nec
1703 278 1801 307 poterat
1813 274 1889 301 aliter

1097 307 1130 333 de
1146 307 1305 334 adversariis
1319 308 1434 334 ducibus
1451 309 1570 335 iudicari.
1612 309 1638 336 Si
1656 311 1775 342 iginus-(3.
1793 311 1889 338 Caesar

1098 344 1195 375 bostis,
1213 354 1261 371 cur
1271 345 1364 371 consul
1377 346 1443 372 nibil
1457 346 1550 372 referat
1560 346 1592 372 ad
1603 350 1744 373 senatum?
1759 348 1805 374 Sin
1818 348 1862 374 ille
1873 357 1887 374 a

1097 387 1189 408 senatu
1207 382 1338 409 notandus
1354 391 1404 409 non
1422 383 1483 413 fuit,
1506 384 1571 418 quid
1589 389 1673 418 potest
1687 384 1786 415 dicere,
1809 386 1886 419 quin,

1096 428 1180 454 quum
1193 420 1225 445 de
1238 420 1283 446 illo
1294 421 1412 451 tacuerit.
1426 429 1454 446 ee
1469 421 1570 447 hostem
1581 421 1719 447 consessus
1730 422 1781 447 sit‘!
1803 423 1887 454 Quem

1072 466 1074 470 ’
1098 457 1123 482 in
1139 456 1232 483 edictis
1243 457 1399 491 Spartacum
1415 458 1542 493 appellat.
1566 458 1636 484 hunc
1651 459 1676 485 in
1689 464 1780 485 senatu
1794 467 1825 485 ne
1837 460 1888 485 im-

1097 494 1210 528 probum
1228 494 1338 529 quidem
1357 495 1444 521 dicere
1459 495 1547 521 audet.
1587 495 1634 521 IX.
1656 496 1687 522 At
1703 497 1729 522 in
1746 496 1825 522 rebus
1842 497 1889 522 tri-

1096 532 1222 557 stissimis
1237 537 1350 566 quantos
1362 533 1457 558 excitat
1469 533 1552 558 risus!
1565 532 1740 559 Sententiolas
1751 533 1828 560 edicti
1841 542 1889 560 cu·

1097 569 1200 595 iusdam
1213 570 1355 595 memoriae
1371 570 1507 600 mandavi.
1525 578 1592 604 quas
1605 570 1708 596 videtur
1720 570 1763 596 ille
1778 579 1889 605 peracu-

1097 611 1135 632 tas
1152 611 1257 640 putare:
1279 615 1327 642 ego
1341 612 1443 637 autem,
1465 607 1510 642 qui
1529 606 1699 643 intelligeret,
1719 608 1785 642 quid
1800 608 1889 634 dicere

1097 643 1183 673 vellet.
1198 644 1285 670 adhuc
1295 645 1428 670 neminem
1442 644 1541 670 inveni.
1581 646 1620 670 22.
1643 645 1721 671 Nulla
1737 646 1889 671 contumelia

1095 686 1146 711 cst,
1167 690 1243 714 quum
1258 685 1322 715 suci!
1337 684 1436 714 (liunus.
1476 682 1594 707 Primum
1610 682 1676 716 quid
1691 686 1744 713 est,
1770 681 1890 717 Dignus?

1097 719 1161 744 Num
1178 719 1255 744 etiam
1273 718 1342 745 malo
1357 719 1432 754 digni
1449 719 1540 749 multi.
1563 719 1632 745 sicut
1648 719 1715 753 ipse.
1755 719 1794 746 An
1807 727 1888 754 quam

1096 755 1157 782 facit
1169 756 1200 786 is,
1213 757 1259 790 qui
1271 765 1331 782 cum
1344 755 1472 788 dignitate
1483 756 1541 782 est‘?
1555 764 1623 791 quae
1634 761 1723 782 autern
1735 761 1890 791 potestesse

1096 792 1195 819 maior‘?
1210 793 1279 825 Quid
1291 798 1330 819 est
1342 802 1431 828 porro,
1451 794 1544 820 Facere
1555 793 1764 820 contumeliam?
1777 794 1840 829 quis
1850 793 1890 820 sic

1097 830 1231 865 loquitur‘?
1246 830 1358 857 Deinde:
1378 831 1428 857 ,vec
1439 834 1522 860 timor,
1534 840 1606 864 quem
1617 833 1750 857 denuntiat
1762 834 1888 857 inimicus.

1095 867 1164 899 Quid
1180 867 1259 901 ergo?
1278 868 1311 894 ab
1326 869 1411 894 amico
1426 869 1504 894 timor
1519 868 1670 894 denuntiari
1685 867 1770 894 solet?
1789 868 1888 894 Horum

1095 905 1192 931 similia
1205 906 1340 939 deinceps.
1355 906 1446 931 Nonne
1457 906 1586 931 satiust-st
1599 910 1702 931 mutum
1715 914 1782 936 esse,
1795 914 1886 940 quam.

1072 938 1073 954 ³
1095 942 1166 977 quod
1179 951 1256 968 nemo
1267 942 1410 977 intelligat,
1431 942 1537 968 dicere?
1556 943 1608 973 En,
1625 951 1674 969 cur
1689 944 1814 978 magister
1829 943 1889 969 eius

1095 988 1128 1006 ex
1142 984 1242 1006 oratore
1257 984 1341 1006 arator
1357 979 1441 1005 factus
1457 979 1590 1014 possideat
1605 980 1630 1006 in
1647 988 1711 1015 agro
1722 980 1830 1015 publico
1842 988 1889 1014 po-

1096 1016 1152 1051 puli
1169 1017 1278 1043 Romani
1293 1017 1380 1051 campi
1393 1018 1512 1043 Leontini
1528 1017 1582 1043 duo
1598 1017 1681 1043 millia
1698 1018 1820 1053 iugerum
1838 1018 1890 1043 im-

1096 1055 1200 1085 munia,
1223 1059 1253 1080 ut
1271 1054 1405 1080 hominem
1422 1054 1548 1080 stolidum
1570 1055 1656 1089 magis
1678 1055 1756 1080 etiarn
1777 1054 1891 1081 infatuet

1096 1091 1216 1118 mercede
1227 1091 1344 1126 publica.
1375 1093 1416 1118 23.
1435 1091 1486 1117 Sed
1499 1091 1562 1117 haec
1575 1091 1671 1118 leviora
1684 1091 1807 1118 fortasse:
1821 1091 1889 1117 illud

1095 1137 1205 1164 quaero,
1230 1138 1278 1155 cur
1294 1133 1346 1155 tam
1362 1129 1452 1155 subito
1472 1133 1628 1154 mansuetus
1644 1129 1671 1154 in
1687 1133 1780 1155 senatu
1798 1128 1887 1159 fuerit,

1095 1175 1180 1201 quum
1196 1166 1223 1192 in
1239 1166 1332 1192 edictis
1349 1171 1401 1192 tam
1422 1165 1517 1192 fuisset
1536 1165 1621 1197 ferus;
1643 1165 1709 1200 quid
1724 1171 1813 1192 autem
1829 1166 1890 1192 atti-

1096 1204 1197 1234 nuerit,
1218 1204 1248 1230 L.
1265 1203 1368 1234 Cassio,
1395 1203 1502 1229 tribuno
1524 1203 1610 1238 plebis
1627 1202 1771 1230 fortissimo
1785 1208 1811 1230 et
1825 1211 1890 1230 con-

1095 1241 1260 1267 stantissimo
1273 1241 1340 1271 civi,
1363 1245 1473 1267 mortem
1493 1240 1662 1271 denuntiare,
1685 1241 1708 1267 si
1723 1241 1750 1267 in
1766 1245 1889 1267 senatum

1096 1279 1226 1304 venisset:
1244 1278 1271 1304 D.
1284 1277 1470 1309 Carfulenum,
1488 1277 1555 1304 bene
1571 1277 1603 1304 de
1618 1277 1755 1312 republica
1771 1278 1890 1305 sentien-

1095 1320 1161 1346 tem,
1179 1324 1193 1342 e
1205 1320 1298 1342 senatu
1311 1316 1336 1342 vi
1347 1319 1371 1342 et
1383 1316 1463 1341 minis
1476 1315 1568 1341 mortis
1579 1315 1725 1350 expellere:
1747 1315 1788 1341 Ti.
1801 1315 1890 1342 Canu-

1096 1353 1172 1383 tium‚
1185 1361 1199 1379 a
1210 1361 1265 1388 quo
1275 1358 1329 1379 erat
1341 1353 1536 1379 honestissimis
1548 1353 1763 1379 contentionibus
1774 1357 1799 1379 et
1810 1360 1890 1387 saepe

1095 1395 1120 1417 et
1133 1391 1191 1417 iure
1202 1395 1322 1420 vexatus,
1336 1399 1388 1416 non
1400 1390 1498 1425 templo
1509 1389 1606 1420 solum,
1620 1398 1712 1416 verum
1724 1390 1802 1416 etiam
1814 1389 1889 1416 aditu

1095 1428 1235 1463 prohibere
1250 1427 1382 1462 Capitolii.
1422 1427 1471 1454 Cui
1483 1427 1713 1454 senatusconsulto
1728 1435 1761 1454 ne
1776 1427 1890 1454 interce-

1094 1465 1195 1496 derent,
1208 1464 1365 1492 verebatur?
1375 1465 1410 1491 De
1421 1464 1624 1500 supplicatione,
1636 1464 1723 1495 credo,
1735 1465 1769 1490 M.
1783 1464 1887 1500 Lepidi,

1094 1503 1236 1529 clarissimi
1253 1503 1313 1529 viri.
1354 1502 1441 1537 Atque
1460 1502 1488 1528 id
1508 1507 1563 1528 erat
1576 1501 1738 1537 periculum,
1762 1501 1795 1528 de
1809 1502 1889 1528 cuius

1095 1540 1192 1567 honore
1207 1539 1415 1566 extraordinario
1431 1539 1552 1575 quotidie
1571 1539 1674 1575 aliquid
1694 1539 1887 1575 cogitabamus,

1094 1586 1127 1604 ne
1142 1578 1201 1604 eius
1212 1577 1326 1603 usitatus
1338 1577 1421 1603 honos
1432 1577 1616 1612 impediretur.
1656 1578 1697 1604 24.
1719 1577 1770 1608 Ac,
1787 1585 1820 1603 ne
1830 1577 1890 1603 sine

1071 1623 1072 1630 ¹
1093 1623 1188 1641 caussa
1203 1614 1338 1641 videretur
1349 1614 1479 1645 edixisse,
1502 1618 1531 1641 ut
1544 1618 1652 1640 senatus
1663 1613 1781 1646 adesset;
1802 1621 1889 1649 quum

1093 1652 1126 1678 de
1133 1652 1270 1687 republica
1281 1651 1414 1678 relaturus
1425 1651 1533 1678 fuisset:
1546 1651 1624 1678 allato
1636 1651 1730 1678 nuntio
1739 1650 1773 1677 de
1785 1650 1889 1687 legione

1093 1689 1199 1722 Quarta,
1212 1693 1300 1715 mente
1313 1688 1442 1715 concidit:
1459 1693 1493 1719 et,
1508 1688 1599 1724 fugere
1610 1687 1752 1719 festinans,
1764 1692 1889 1715 senatus-

1092 1726 1244 1753 consultum
1265 1725 1298 1752 de
1317 1725 1512 1761 supplicatione
1533 1734 1580 1760 per
1602 1725 1793 1753 discessionem
1813 1725 1885 1756 fecit,

1092 1773 1177 1799 quum
1191 1763 1219 1790 id
1231 1763 1329 1789 factum
1340 1767 1410 1789 esset
1421 1767 1495 1789 antea
1510 1771 1668 1798 numquam.

1148 1801 1183 1827 X.
1205 1800 1278 1833 Quae
1289 1808 1352 1827 vero
1363 1799 1490 1835 profectio
1501 1799 1610 1835 postea‘?
1623 1799 1696 1835 quod
1711 1800 1761 1826 iter
1775 1799 1888 1835 paluda-

1093 1839 1125 1865 ti!
1146 1847 1215 1873 quae
1231 1838 1322 1864 vitatio
1337 1837 1489 1868 oculorum,
1508 1837 1589 1868 lucis,
1609 1837 1703 1867 Urbis,
1720 1837 1783 1863 fori!
1805 1845 1886 1872 quam

1093 1876 1189 1902 misera
1201 1875 1278 1911 fuga!
1294 1883 1376 1910 quam
1387 1874 1476 1901 foeda!
1493 1883 1574 1910 quam
1586 1875 1686 1909 turpis!
1702 1874 1837 1901 Praeclara
1848 1879 1888 1901 ta-

1093 1922 1152 1940 men
1168 1911 1399 1939 senatusconsulta
1414 1912 1461 1939 illo
1472 1913 1531 1946 ipso
1541 1912 1584 1938 die
1595 1912 1759 1947 vespertina,
1777 1911 1888 1946 provin-

1091 1951 1192 1977 ciarum
1204 1950 1327 1985 religiosa
1338 1949 1453 1976 sortitio:
1466 1949 1557 1976 divina
1569 1958 1631 1975 vero
1640 1949 1832 1984 opportunitas,
1846 1953 1884 1979 ut,

1091 1996 1160 2023 quae
1170 1988 1269 2022 cuique
1279 1991 1340 2022 apta
1351 1991 1428 2017 esset,
1443 1995 1472 2013 ea
1483 1987 1581 2022 cuique
1591 1986 1738 2013 obveniret.
1754 1987 1795 2013 25.
1808 1986 1888 2012 Prae-

1091 2025 1160 2051 clare
1175 2025 1258 2061 igitur
1272 2023 1372 2055 facitis,
1395 2024 1496 2050 tribuni
1517 2024 1617 2059 plebis,
1638 2024 1686 2058 qui
1705 2023 1738 2050 de
1753 2023 1887 2058 praesidio

1091 2061 1234 2089 consulum
1244 2066 1408 2096 senatusque
1419 2060 1552 2087 referatis:
1572 2061 1720 2096 meritoque
1732 2065 1819 2087 vestro
1828 2069 1887 2087 ma-

1092 2100 1178 2126 ximas
1198 2099 1275 2125 vobis
1294 2099 1392 2134 gratias
1410 2107 1504 2125 omnes
1518 2103 1544 2124 et
1557 2106 1635 2134 agere
1649 2102 1675 2124 et
1689 2097 1786 2124 habere
1803 2097 1886 2124 debe-

1092 2145 1163 2163 mus.
1203 2135 1255 2168 Qui
1269 2136 1341 2162 enim
1352 2143 1440 2162 carere
1451 2140 1524 2162 metu
1535 2140 1561 2161 et
1571 2135 1690 2170 periculo
1700 2143 1844 2170 possumus
1857 2135 1885 2162 in

1091 2178 1162 2201 tanta
1173 2173 1313 2200 hominum
1323 2172 1469 2208 cupiditate
1479 2177 1505 2199 et
1514 2172 1642 2199 audacia?
1651 2172 1697 2199 Ille
1707 2177 1796 2198 autem
1806 2172 1886 2199 homo

1091 2210 1206 2238 afflictus
1220 2215 1246 2237 et
1261 2210 1381 2245 perditus
1396 2218 1466 2245 quae
1479 2209 1513 2236 de
1528 2218 1557 2236 se
1570 2214 1705 2245 exspectat
1715 2209 1813 2236 iudicia
1823 2217 1886 2244 gra-

1092 2249 1173 2279 viora,
1181 2256 1262 2283 quam
1274 2248 1420 2274 amicorum
1430 2247 1560 2274 suorum?
1571 2246 1882 2277 Familiarissimuseius,

1092 2286 1158 2312 mihi
1170 2285 1249 2312 homo
1259 2285 1430 2316 coniunctus,
1448 2285 1478 2311 L.
1490 2283 1621 2311 Lentulus
1632 2288 1657 2310 et
1668 2284 1696 2310 P.
1710 2284 1793 2314 Naso,
1810 2283 1885 2310 omni

1091 2331 1183 2349 carens
1194 2322 1339 2357 cupiditate
1347 2342 1353 2353 ,
1370 2322 1473 2348 nullam
1483 2330 1512 2348 se
1522 2321 1620 2348 habere
1630 2321 1794 2356 provinciam
1802 2341 1808 2352 ,
1821 2320 1885 2347 nul-

1092 2360 1144 2387 lam
1159 2360 1267 2386 Antonii
1282 2360 1445 2386 sortitionem
1468 2358 1551 2385 fuisse
1570 2357 1766 2384 iudicaverunt.
1805 2357 1886 2390 Quod

1090 2397 1162 2424 idem
1173 2397 1235 2423 l'ecit
1246 2397 1275 2423 L.
1287 2396 1438 2431 Philippus,
1452 2396 1494 2422 vir
1503 2400 1584 2431 patre,
1597 2403 1656 2425 avo,
1668 2395 1814 2422 maioribus
1824 2395 1884 2422 suis

1090 2435 1278 2471 dignissimus.
1318 2434 1347 2460 In
1364 2433 1456 2460 eadem
1471 2433 1601 2459 sententia
1616 2431 1667 2458 fuit
1682 2432 1762 2459 homo
1776 2439 1884 2459 summa

1090 2472 1241 2507 integritate
1251 2476 1332 2506 atque
1342 2470 1501 2500 innocentia,
1514 2470 1557 2496 Μ’.
1570 2470 1727 2495 Turranius.
1759 2469 1831 2496 Idem
1843 2469 1884 2495 st»

1089 2509 1126 2536 cit
1140 2509 1169 2535 P.
1186 2508 1304 2543 Oppius;
1327 2508 1379 2542 ipsi
1394 2507 1486 2537 etiam,
1508 2507 1557 2541 qui
1568 2507 1711 2532 amicitiam
1723 2507 1758 2533 M.
1773 2506 1882 2533 Antonii

1090 2546 1167 2572 veriti
1182 2546 1244 2581 plus
1259 2546 1284 2572 ei
1299 2545 1462 2574 tribuerunt,
1485 2552 1568 2578 quam
1588 2543 1699 2570 fortasse
1714 2543 1825 2575 vellent,
1842 2543 1879 2570 M.

1089 2584 1163 2614 Piso,
1181 2583 1346 2610 necessarius
1363 2590 1438 2608 meus
1453 2585 1478 2607 et
1492 2581 1533 2607 vir
1543 2585 1568 2607 et
1577 2581 1644 2607 civis
1655 2581 1792 2616 egregiuS,
1808 2581 1881 2615 pari-

1089 2629 1142 2655 que
1152 2619 1301 2647 innocentia
1311 2620 1346 2645 M.
1358 2618 1480 2645 Vehilius
1487 2638 1493 2649 ‚
1515 2623 1623 2644 senatus
1633 2618 1781 2644 auctoritati
1791 2626 1821 2644 se
1830 2617 1880 2644 ob-

1088 2662 1281 2692 temperaturos
1291 2664 1351 2683 esse
1361 2655 1495 2682 dixerunt.
1515 2657 1556 2681 26.
1569 2654 1640 2687 Quid
1650 2663 1699 2690 ego
1708 2654 1742 2681 de
1751 2655 1782 2681 L.
1795 2654 1879 2682 Cinna

1089 2693 1200 2730 loquar?
1217 2694 1296 2722 cuius
1311 2697 1427 2729 spectata
1442 2692 1535 2719 multis
1549 2693 1708 2729 magnisque
1722 2692 1804 2719 rebus
1821 2692 1879 2718 sin-
