1941 3052
392 153 438 178 IN
469 153 670 179 VERREM
701 153 801 180 ACT.
835 155 866 180 ΙΙ.

64 224 185 250 homines
199 223 232 249 ab
245 223 296 249 isto
310 222 382 249 omni
396 223 496 249 ratione
509 224 638 250 exinaniti
652 232 681 250 ac
695 224 800 259 perditi,
815 229 854 250 ta-

64 269 124 287 men
139 261 188 287 hoc
201 260 277 286 vobis
292 264 332 285 est
345 260 526 292 statuendum,
542 261 608 295 quid
622 266 749 287 aratorem
764 262 854 296 ipsum

64 298 188 324 arationis
207 297 314 323 nomine
333 297 451 323 muneris
468 298 496 323 in
515 298 651 332 republica
670 298 746 334 fungi
765 307 794 325 ac
808 308 856 325 su-

64 335 162 361 stinere
175 333 274 360 velitis.
314 335 453 368 Imponitis
468 335 608 362 decumas:
624 336 774 370 patiuntur,
790 336 856 362 alte-

64 380 120 398 ras:
136 371 301 406 temporibus
313 372 409 397 vestris
419 372 591 398 serviendum
602 377 709 407 putant:
726 373 790 399 dent
800 382 856 399 em-

64 413 140 444 ptum
153 413 299 443 praeterea:
316 409 426 440 dabunt,
442 410 465 435 si
480 409 584 435 voletis.
619 412 676 436 200.
692 411 760 436 Haec
774 419 856 445 quam

64 447 118 472 sint
130 446 234 481 gravia,
255 451 280 472 et
293 446 360 480 quid
375 446 416 472 his
431 446 511 473 rebus
526 447 649 473 detractis
664 448 748 482 possit
761 448 794 473 ad
808 447 856 473 do-

64 484 150 510 minos
164 484 225 518 puri
239 491 269 509 ac
281 483 378 518 reliqui
392 484 544 518 pervenire,
561 484 638 510 credo
652 494 699 511 vos
713 494 746 511 ex
759 485 855 511 vestris

63 520 144 547 rebus
157 521 266 546 rusticis
280 521 430 547 coniectura
445 522 552 556 assequi
567 530 653 556 posse.
674 522 770 547 Addite
784 530 856 548 nunc

64 557 157 584 eodem
167 558 247 584 istius
258 558 351 588 edicta,
363 558 494 589 instituta,
506 559 631 584 iniurias:
647 558 735 584 addite
745 559 855 593 Apronii

63 595 292 630 Veneriorumque
305 604 444 622 servorum
457 596 486 621 in
499 604 562 631 agro
575 595 723 622 decumano
737 605 817 631 regna
827 604 857 622 ac

63 633 181 667 rapinas.
221 632 389 667 Quamquam
409 633 473 659 haee
490 633 595 659 omitto:
617 632 649 658 de
668 633 733 658 cella
752 633 855 667 loquor.

63 669 185 696 Placetne
201 670 292 701 vobis,
312 670 340 696 in
359 669 452 696 cellam
470 670 670 705 magistratibus
689 671 785 696 vestris
801 670 857 696 sru-
884 674 885 678 ¹

63 711 184 733 mentum
203 706 308 733 Siculos
325 707 407 743 gratis
430 706 511 733 dare?
536 706 607 739 Quid
629 707 678 733 hoc
700 707 858 742 indignius?
884 715 886 731 ;

63 744 130 779 quid
143 743 283 779 iniquius?
295 744 377 779 Atqui
392 744 441 770 hoc
454 744 547 770 scitote
561 744 708 770 aratoribus
721 745 770 770 hoc
781 753 858 779 prae-

63 786 118 808 tore
130 781 277 816 optandum
291 790 321 807 ac
334 781 479 816 petendum
494 780 588 807 fuisse.
628 782 784 808 LXXXVII.
809 782 858 808 So-

63 819 166 845 sitheus
180 823 220 845 est
234 818 399 850 Entellinus,
420 819 499 845 homo
512 827 574 845 cum
588 819 683 853 primis
698 819 818 853 prudens
833 824 859 846 et

62 856 135 882 domi
148 855 260 882 nobilis:
277 856 355 882 cuius
369 855 449 882 verba
465 855 592 888 audietis;
613 856 660 891 qui
675 856 708 882 ad
722 856 772 883 hoc
785 856 858 882 iudi-

62 893 134 919 cium
149 892 252 928 legatus
266 893 374 927 publice
388 902 450 919 cum
460 893 622 920 Arthemone
635 898 661 920 et
670 894 788 920 Menisco
802 894 858 928 pri-

63 930 154 956 mariis
168 930 233 957 viris
247 931 348 956 missus
361 934 408 956 est.
435 931 460 956 Is
474 939 560 965 quum
573 931 601 957 in
615 936 710 958 senatu
723 931 858 958 Entellino

64 967 148 994 multa
161 976 267 994 mecum
281 967 314 993 de
327 968 407 994 istius
420 968 527 994 iniuriis
542 972 642 1004 ageret,
658 969 708 995 hoc
721 969 790 995 dixit
801 979 805 995 z
834 969 858 995 si

64 1005 115 1031 hoc
124 1004 157 1031 de
171 1005 236 1031 cella
248 1009 327 1040 atque
338 1005 387 1031 hac
397 1005 579 1032 aestimatione
589 1006 786 1037 concederetur,
800 1005 858 1032 vel-

65 1041 89 1068 le
102 1041 205 1069 Siculos
219 1043 324 1069 senatui
338 1042 458 1077 polliceri
472 1042 636 1069 frumentum
651 1044 678 1070 in
692 1043 786 1070 cellam
797 1052 858 1079 gra-

63 1080 113 1111 tis,
129 1088 162 1106 ne
175 1079 286 1114 posthac
300 1084 385 1106 tantas
399 1080 526 1114 pecunias
541 1081 741 1116 magistratibus
760 1081 858 1107 nostris

63 1116 276 1143 decerneremus.
316 1119 375 1144 201.
391 1117 542 1152 Perspicere
556 1126 603 1144 vos
617 1123 687 1145 certo
701 1119 764 1150 scio,
781 1118 859 1145 Sicu-

64 1191 232 1223 conditionis,
249 1191 296 1218 sed
310 1191 342 1218 ad
357 1192 467 1218 minima
481 1192 613 1219 malorum
623 1192 755 1229 eligenda.
780 1194 856 1225 Nam,

64 1229 111 1264 qui
128 1228 203 1255 mille
220 1229 340 1256 modium
354 1229 429 1256 Verri
447 1238 511 1256 suae
530 1231 612 1264 partis
626 1231 653 1257 in
667 1230 761 1257 cellam
775 1231 858 1266 gratis

64 1265 194 1298 dedisset,
215 1266 268 1293 duo
286 1266 369 1293 millia
385 1269 525 1293 nummum
540 1272 585 1294 aut
598 1276 736 1294 summum
750 1269 799 1294 tria
812 1268 860 1294 de-

64 1303 161 1330 disset:
186 1303 258 1330 idem
276 1312 347 1330 nunc
361 1312 408 1339 pro
421 1304 514 1331 eodem
528 1313 640 1332 numero
653 1305 779 1332 frumenti
794 1305 858 1332 H-S

65 1348 111 1366 viu
130 1340 214 1367 millia
231 1341 293 1367 dare
311 1346 417 1368 coactus
435 1346 485 1368 est.
524 1342 578 1368 Hoc
591 1347 675 1369 arator
688 1344 798 1378 assequi
812 1352 859 1378 per

66 1378 210 1404 triennium
224 1383 294 1405 certe
308 1378 395 1405 fructu
410 1387 459 1405 suo
473 1387 524 1405 non
539 1380 638 1414 potuit:
654 1380 804 1407 vendiderit
817 1381 860 1406 in—

64 1420 253 1446 strumentum,
270 1424 378 1442 necesse
392 1420 440 1442 est.
466 1416 543 1448 Quod
556 1417 579 1442 si
594 1417 643 1443 hoc
657 1426 756 1443 munus
771 1422 797 1444 et
810 1418 859 1444 hoc

66 1452 178 1488 vectigal
198 1457 282 1479 arator
301 1453 424 1484 tolerare,
449 1453 498 1480 boc
516 1458 555 1480 est
570 1454 662 1480 Sicilia
680 1454 747 1481 ferre
762 1464 790 1481 ac
804 1455 859 1489 pati

65 1494 164 1524 potest:
192 1490 290 1525 populo
309 1491 426 1517 Romano
444 1490 509 1517 ferat
526 1492 629 1526 potius,
656 1500 737 1527 quam
760 1493 858 1518 nostris

66 1527 277 1562 magistratibus.
300 1528 395 1564 Magna
407 1529 528 1563 pecunia,
540 1537 668 1564 magnum
680 1529 860 1564 praeclarum-

64 1572 117 1599 que
135 1564 257 1600 vectigal,
280 1565 302 1591 si
321 1565 400 1592 modo
413 1565 486 1591 salva
498 1567 643 1600 provincia,
659 1567 683 1592 si
694 1567 752 1593 sine
763 1567 859 1593 iniuria

64 1601 197 1628 sociorum
211 1602 346 1637 percipere
365 1611 520 1637 possumus.
556 1603 628 1629 Nihil
647 1603 756 1631 detraho
774 1605 860 1640 magi-

64 1639 206 1666 stratibus:
222 1639 389 1666 tantumdem
400 1639 478 1666 detur
489 1640 515 1666 in
527 1640 630 1672 cellam,
646 1646 777 1675 quantum
788 1651 859 1668 sem—

64 1684 111 1710 per
123 1675 216 1702 datum
230 1681 283 1703 est:
303 1677 375 1712 quod
390 1681 523 1712 praeterea
537 1678 630 1705 Verres
646 1678 766 1713 imperat,
783 1679 819 1710 id,
836 1680 859 1706 si

64 1713 149 1740 facere
163 1722 215 1740 non
229 1719 350 1749 possunt,
367 1719 504 1748 recusent3
524 1715 547 1741 si
562 1720 683 1750 possunt,
701 1716 793 1751 populi
808 1717 860 1742 Ro-

64 1751 135 1777 mani
149 1751 239 1785 potius
254 1751 303 1778 hoc
316 1752 352 1778 sit
365 1751 492 1787 vectigal,
513 1761 594 1787 quam
609 1753 705 1787 praeda
720 1754 857 1788 praetoris.

63 1789 123 1815 202.
142 1788 242 1814 Deinde
260 1797 308 1815 cur
321 1789 349 1815 in
363 1798 417 1816 uno
430 1798 526 1825 genere
540 1789 596 1816 solo
610 1789 736 1817 frumenti
751 1791 801 1817 ista
816 1799 860 1817 ae-

64 1825 182 1852 stimatio
194 1826 388 1853 constituatur?
411 1827 438 1853 Si
453 1831 492 1853 est
506 1835 589 1862 aequa
604 1831 629 1854 et
644 1827 764 1854 ferenda:
780 1828 859 1854 debet

64 1861 163 1897 populo
176 1863 294 1890 Romano
304 1863 392 1890 Sicilia
406 1864 546 1891 decumas:
562 1864 607 1891 det
621 1873 668 1899 pro
681 1865 798 1901 singulis
812 1866 860 1892 tri-

64 1899 110 1926 tici
127 1899 224 1926 modiis
243 1905 331 1928 ternos
350 1901 486 1928 denarios:
506 1902 559 1928 sibi
573 1902 668 1928 habeat
682 1902 856 1929 frumentum.

66 1937 128 1963 Data
141 1937 190 1963 tibi
204 1939 317 1972 pecunia
328 1943 376 1970 est,
390 1939 493 1969 Verres,
508 1947 570 1970 una,
586 1948 639 1974 (1113
650 1939 814 1966 frumentum
826 1941 859 1967 ti-

64 1974 92 2000 bi
106 1981 207 2000 emeres
222 1975 248 2001 in
263 1975 366 2007 cellam,
382 1975 471 2007 altera,
488 1984 540 2010 qua
557 1976 720 2003 frumentum
732 1986 834 2004 emeres
845 1987 858 2004 a

63 2011 232 2043 civitatibus,
251 2013 323 2047 quod
338 2013 447 2039 Romam
466 2014 595 2040 mitteres.
636 2014 696 2040 Tibi
710 2014 797 2041 datam
812 2024 859 2050 pe—

63 2048 171 2075 cuniam
189 2048 261 2075 domi
280 2050 378 2076 retines
396 2054 422 2076 et
439 2056 572 2085 praeterea
591 2052 731 2085 pecuniam
755 2060 860 2086 perma-

63 2093 145 2121 gnam
159 2089 205 2112 tuo
218 2087 325 2113 nomine
339 2086 438 2113 aufers.
479 2088 529 2114 Fac
543 2088 614 2114 idem
629 2088 656 2115 in
670 2097 700 2115 eo
715 2088 856 2121 frumento,

64 2122 137 2158 quod
155 2123 187 2149 ad
206 2123 337 2158 populum
352 2125 500 2151 Romanum
519 2126 645 2160 pertinet;
671 2134 749 2161 exige
767 2126 858 2153 eadem

64 2160 248 2187 aestimatione
263 2162 405 2196 pecuniam
420 2170 433 2187 a
448 2162 616 2193 civitatibus,
637 2167 662 2189 01
677 2163 756 2194 refer,
776 2172 858 2199 quam

64 2198 203 2232 accepisti:
220 2202 276 2224 tum
292 2197 414 2225 refertius
429 2199 478 2225 crit
491 2208 620 2226 aerarium
634 2200 725 2235 populi
737 2201 856 2233 Romani,

64 2243 146 2270 quam
160 2244 289 2270 umquam
305 2235 364 2262 fuit.
395 2238 453 2263 ⁶203.
470 2236 503 2263 At
517 2237 588 2263 enim
603 2237 680 2264 istam
695 2246 750 2264 rem
766 2238 793 2265 in
808 2247 859 2273 pu-

65 2271 135 2298 blico
148 2271 282 2299 frumento
296 2273 387 2299 Sicilia
407 2282 458 2299 non
478 2273 569 2300 ferret:
595 2274 661 2301 hunc
680 2284 735 2301 rem
754 2277 781 2302 in
800 2285 859 2302 meo

65 2308 197 2336 frumento
220 2310 288 2337 tulit.
331 2311 443 2337 Proinde
464 2311 541 2346 quasi
565 2316 610 2337 aut
631 2313 740 2346 aequior
757 2313 792 2340 sit
809 2314 857 2339 ista

65 2347 212 2374 aestimatio
226 2348 254 2374 in
268 2352 322 2379 tuo,
338 2357 419 2383 quam
434 2348 460 2374 in
476 2348 568 2383 populi
579 2349 689 2375 Romani
703 2350 855 2377 commodo:

65 2388 110 2410 aut
123 2391 153 2410 ea
167 2393 218 2416 res,
234 2393 315 2420 quam
330 2394 379 2421 ego
393 2385 461 2416 dico,
477 2392 502 2411 et
515 2394 554 2417 ea,
570 2394 651 2420 quam
667 2391 693 2412 tu
705 2386 800 2419 fecisti,
818 2388 858 2413 in-

65 2424 104 2447 ter
117 2429 146 2448 se
158 2430 255 2457 genere
268 2423 390 2454 iniuriae,
408 2432 459 2449 non
471 2423 655 2458 magnitudine
666 2425 794 2458 pecuniae
805 2424 858 2451 dif-

65 2456 137 2485 ferat.
177 2459 276 2486 Verum
294 2460 373 2486 istam
392 2460 478 2495 ipsam
497 2460 590 2486 cellam
610 2460 677 2486 ferre
692 2461 766 2488 nullo
780 2462 858 2488 modo

65 2500 191 2530 possunt;
215 2500 246 2522 ut
258 2498 347 2524 omnia
361 2498 541 2528 remittantur,
563 2502 592 2524 ut
609 2498 735 2524 omnibus
750 2499 856 2525 iniuriis

64 2536 91 2559 et
102 2532 312 2566 calamitatibus,
327 2543 396 2570 quus
410 2539 434 2561 te
448 2539 566 2569 praetore
580 2534 710 2565 tulerunt,
728 2535 754 2562 in
769 2541 857 2570 poste-
877 2546 879 2557 1

64 2577 124 2596 rum
139 2569 298 2598 liberentur:
313 2572 392 2598 istam
407 2581 436 2598 se
448 2571 543 2598 cellam
553 2576 632 2607 atque
644 2572 722 2599 istam
732 2574 857 2599 aestima-
876 2566 879 2596 l

64 2606 162 2633 tionem
177 2613 274 2643 negant
288 2608 344 2635 ullo
357 2609 435 2636 modo
449 2609 515 2636 ferre
529 2618 616 2644 posse.

120 2643 288 2672 LXXXVIII.
308 2647 367 2673 204.
394 2646 477 2673 Multa
495 2646 639 2681 Sophocles
665 2646 856 2681 Agrigentinus
877 2667 878 2681 3

65 2680 136 2716 apud
149 2680 197 2708 Cn.
210 2681 367 2718 Pompeium
381 2683 518 2711 consulem
533 2692 626 2719 nuper,
644 2683 722 2710 homo
736 2684 858 2710 disertis·
877 2684 879 2713 ἶ

899 155 917 180 L
932 155 942 180 I
956 155 984 180 B.
1007 155 1050 181 111.
1085 155 1104 182 C
1118 156 1140 182 A
1155 156 1182 182 P.
1217 158 1249 182 83
1269 172 1305 175 —
1325 158 1367 182 90.
1649 160 1697 184 307

906 225 993 251 simus
1007 230 1031 251 et
1045 226 1117 251 omni
1135 225 1254 253 doctrina
1272 231 1298 253 et
1316 228 1412 253 virtute
1430 228 1632 258 ornatissimus,
1654 237 1702 263 pro

906 266 957 288 tota
973 262 1063 288 Sicilia
1082 263 1115 289 de
1133 268 1264 290 aratorum
1283 264 1400 290 miseriis
1418 265 1534 299 graviter
1552 273 1581 291 ac
1595 266 1701 299 copiose

906 299 1008 325 dixisse
1022 308 1051 326 ac
1065 299 1217 334 deplorasse
1231 301 1339 327 dicitur.
1360 302 1401 328 Ex
1415 302 1516 336 quibus
1530 302 1579 328 hoc
1594 303 1636 332 iis,
1653 304 1699 337 qui

907 336 1028 367 aderant,
1057 337 1128 371 (nam
1147 347 1242 373 magno
1261 343 1392 364 conventu
1411 343 1467 364 acta
1486 347 1528 365 res
1547 340 1607 374 est,)
1630 340 1701 365 indi-

906 374 1070 409 gnissimum
1090 375 1243 401 videbatur:
1264 384 1315 410 qua
1335 376 1362 402 in
1381 384 1408 402 re
1427 381 1535 402 senatus
1554 377 1653 410 optime
1672 386 1701 402 ac.

908 411 1102 446 benignissime
1118 421 1180 438 cum
1198 413 1345 438 aratoribus
1359 414 1471 448 egisset,
1497 413 1567 448 large
1584 413 1702 439 liberali-

908 453 1000 482 terque
1014 450 1194 480 aestimasset,
1215 450 1242 475 in
1257 459 1285 476 ea
1301 459 1327 476 re
1342 450 1462 484 praedari
1477 455 1637 484 praetorem,
1655 451 1702 477 bo-

908 486 950 511 nis
964 487 1046 511 everti
1061 491 1187 512 aratores:
1204 491 1229 512 et
1243 487 1270 513 id
1285 497 1334 513 11011
1352 487 1429 514 modo
1444 488 1509 518 fieri,
1525 488 1572 514 sed
1587 489 1620 514 ita
1633 488 1699 517 fieri,

907 523 985 557 quasi
1001 523 1076 549 liceat
1090 533 1302 559 concessumque
1317 525 1360 550 sit.

964 562 1022 585 205.
1047 561 1117 591 Quid
1132 561 1163 586 ad
1179 561 1242 587 haec
1255 561 1430 588 Hortensius?
1452 561 1561 588 Falsum
1576 570 1635 588 esse
1649 563 1701 588 cri—

908 596 987 622 men‘?
1000 598 1053 623 Hoc
1067 607 1214 632 numquam
1229 598 1306 625 dicet.
1329 600 1386 625 Non
1402 608 1525 633 magnam
1539 599 1588 625 hac
1603 600 1702 626 ratione.

908 636 1049 668 pecuniam
1068 634 1190 669 captam?
1212 636 1249 661 Ne
1268 636 1295 662 id
1313 636 1423 671 quidem
1437 637 1516 662 dicet.
1557 637 1614 663 Non
1629 637 1702 662 iniu-

909 672 973 696 riam
989 671 1083 697 factam
1099 672 1198 698 Siculis
1213 677 1291 707 atque
1305 673 1471 699 aratoribus?
1488 674 1535 708 qui
1551 675 1645 708 poterit
1660 674 1702 700 di—

908 707 984 734 001οῨ
997 708 1067 740 Quid
1082 709 1163 744 igitur
1177 709 1264 735 dicet'?
1278 711 1383 736 Fecisse
1398 711 1473 736 alios.
1500 710 1570 742 Quid
1584 716 1623 737 est
1635 711 1703 737 hoc?

884 759 886 762 -
909 745 1002 771 Utrum
1020 747 1126 772 crimini
1145 746 1266 773 defensio
1283 756 1316 773 an
1330 748 1471 774 comitatus
1486 748 1581 774 exsilio
1595 749 1702 782 quaeri-

909 782 969 808 tur'?
983 783 1021 808 Tu
1038 783 1064 808 in
1080 783 1128 809 hac
1142 784 1277 818 republica
1293 789 1372 819 atque
1386 785 1413 810 in
1429 785 1476 810 1130
1487 785 1627 811 hominum
1639 785 1702 811 libi-

908 820 971 846 dine
989 825 1014 846 et
1031 820 1070 855 (ut
1084 821 1171 846 adhuc
1186 821 1280 848 habuit
1294 830 1322 848 se
1337 827 1421 848 status
1436 822 1607 857 iudiciorum)
1622 823 1700 848 etiam

909 856 1014 883 licentia
1028 866 1080 884 non
1095 866 1128 884 ex
1141 859 1211 889 iure,
1233 868 1284 885 non
1299 868 1332 885 ex
1346 860 1489 894 aequitate,
1511 868 1563 885 non
1582 868 1614 885 ex
1633 859 1700 895 lege,

909 903 960 921 non
975 903 1008 921 ex
1021 903 1060 926 eo,
1077 895 1149 930 quod
1163 897 1316 930 oportuerit,
1333 905 1385 923 non
1399 905 1432 922 ex
1446 905 1484 927 eo,
1501 896 1573 930 quod
1588 896 1700 928 licuerit,

909 932 956 958 sed
970 941 1004 958 ex
1017 941 1056 964 eo,
1073 933 1145 967 quod
1160 933 1259 968 aliquis
1274 933 1373 964 fecerit,
1391 934 1427 965 id,
1443 934 1515 968 quod
1530 934 1703 968 reprehendi-

909 974 965 996 tur.
986 974 1054 996 recte
1073 969 1171 996 factum
1190 980 1249 997 esse
1267 970 1413 998 defendes?
1438 973 1495 998 206.
1515 971 1644 997 Fecerunt
1657 971 1703 998 alii

909 1006 959 1033 alia
973 1015 1054 1042 quam
1070 1007 1162 1034 multa.
1186 1008 1239 1035 Cur
1253 1009 1280 1034 in
1295 1008 1343 1035 hoc
1358 1017 1411 1034 uno
1425 1009 1536 1034 crimine
1547 1009 1598 1034 isto
1607 1017 1704 1044 genere

886 1069 887 1076 ,
910 1044 1075 1071 defensionis
1089 1045 1191 1071 uteris‘?
1217 1046 1285 1072 Sunt
1299 1046 1429 1081 quaedam
1445 1046 1553 1072 omnino
1567 1046 1593 1071 in
1609 1050 1632 1072 te
1647 1046 1704 1072 sin-

909 1081 1025 1117 gularia,
1046 1091 1114 1117 quae
1132 1083 1159 1109 in
1178 1083 1283 1109 nullum
1303 1084 1385 1109 alium
1401 1084 1535 1109 bominem
1550 1083 1602 1109 dici
1617 1092 1704 1118 neque

886 1147 887 1150 ,
909 1119 1052 1146 convenire
1066 1121 1184 1154 possint:
1200 1121 1332 1155 quaedam
1347 1121 1396 1146 tibi
1407 1130 1469 1146 cum
1480 1120 1573 1147 multis
1583 1129 1704 1147 commu-

64 1153 98 1181 lis
120 1158 219 1189 quanto
239 1163 317 1189 opere
341 1154 390 1181 hoc
413 1155 550 1189 expediat,
576 1164 628 1182 non
647 1156 680 1182 ad
698 1157 858 1191 aequitatem
887 1159 888 1165 ¹

910 1157 963 1182 nia.
1003 1157 1081 1192 Ergo,
1099 1162 1128 1183 ut
1141 1159 1261 1184 omittam
1276 1163 1335 1184 tuos
1351 1158 1498 1192 peculatus,
1517 1162 1544 1184 ut
1558 1158 1590 1184 ob
1605 1158 1648 1184 ius
1663 1158 1704 1183 di-

910 1193 1029 1220 cundum
1044 1195 1171 1228 pecunias
1186 1201 1314 1230 acceptas,
1333 1200 1361 1221 ut
1374 1195 1507 1221 eiusmodi
1521 1200 1619 1225 cetera,
1636 1204 1704 1230 quae

910 1231 1020 1258 forsitan
1034 1232 1080 1257 alii
1094 1241 1202 1267 quoque
1215 1234 1294 1259 etiam
1311 1232 1433 1259 fecerint:
1461 1232 1542 1263 illud,
1563 1233 1589 1259 in
1608 1241 1661 1267 quo
1680 1237 1705 1258 te

910 1269 1069 1304 gravissime
1083 1270 1219 1300 accusavi,
1236 1270 1308 1305 quod
1322 1270 1355 1296 ob
1370 1270 1538 1296 iudicandam
1553 1278 1608 1296 rem
1623 1279 1705 1304 pecu-

910 1306 982 1332 niam
996 1307 1155 1341 accepisses,
1172 1307 1263 1333 eadem
1278 1308 1328 1334 ista
1344 1308 1443 1334 ratione
1457 1307 1592 1338 defendes,
1610 1307 1705 1333 fecisse

910 1343 994 1370 alios‘?
1018 1344 1051 1370 Ut
1065 1353 1113 1379 ego
1127 1345 1256 1371 assentiar
1269 1345 1394 1376 orationi,
1415 1345 1598 1371 defensionem
1617 1350 1704 1370 tamen

910 1389 962 1407 non
977 1381 1103 1415 probabo.
1126 1382 1215 1408 Potius
1229 1383 1310 1413 enim,
1327 1387 1350 1408 te
1364 1382 1495 1413 damnato,
1512 1382 1605 1408 ceteris
1620 1390 1705 1417 angu-

911 1418 975 1444 stior
1002 1418 1074 1444 locus
1106 1419 1283 1453 improbitatis
1314 1419 1497 1445 defendendae
1528 1419 1701 1453 relinquatur,

910 1464 1005 1490 quam,
1023 1461 1046 1482 te
1059 1456 1194 1487 absoluto,
1216 1456 1275 1487 alii,
1295 1456 1367 1491 quod
1382 1457 1559 1482 audacissime
1574 1456 1701 1487 fecerunt,

911 1498 979 1519 recte
999 1493 1093 1519 fecisse
1112 1494 1307 1520 existimentur.
1349 1494 1497 1520 LXXXIX.
1518 1495 1576 1520 207.
1602 1494 1705 1529 Lugent

910 1539 1003 1556 omnes
1023 1531 1187 1564 provinciae:
1216 1536 1366 1566 queruntur
1383 1540 1475 1557 omnes
1496 1531 1571 1557 liberi
1596 1530 1702 1565 populi:

911 1576 990 1603 regna
1009 1568 1125 1602 denique
1144 1569 1195 1594 iam
1210 1569 1298 1594 omnia
1313 1568 1346 1594 de
1361 1569 1457 1594 nostris
1472 1569 1665 1602 cupiditatibus
1679 1573 1705 1594 et

912 1605 1018 1631 iniuriis
1032 1605 1215 1639 expostulant:
1234 1606 1306 1632 locus
1321 1607 1387 1632 intra
1402 1614 1529 1631 oceanum
1545 1606 1596 1631 iam
1613 1605 1704 1631 nullus

911 1646 959 1673 est,
976 1651 1062 1677 neque
1074 1647 1126 1668 tam
1140 1642 1303 1678 longinquus
1315 1652 1401 1678 neque
1413 1648 1464 1669 tam
1476 1643 1638 1669 reconditus,
1651 1651 1704 1677 (1110

912 1688 963 1706 11011
978 1688 1024 1714 per
1038 1680 1102 1706 haec
1117 1685 1233 1714 tempora
1248 1685 1397 1706 nostrorum
1410 1680 1547 1706 bominum
1560 1679 1643 1705 libido
1653 1680 1705 1705 ini-

911 1717 1055 1751 quitasque
1070 1718 1225 1751 pervaserit.
1261 1718 1398 1743 Sustinere
1413 1718 1463 1743 iam
1479 1717 1594 1752 populus
1610 1718 1705 1743 Roma-

911 1763 962 1780 nus
976 1755 1097 1780 omnium
1113 1755 1250 1781 nationum
1265 1764 1316 1781 11011
1333 1756 1395 1785 vim,
1413 1764 1464 1781 non
1479 1764 1563 1781 arma.
1581 1763 1632 1780 11011
1648 1754 1705 1780 bel-

912 1791 980 1822 lum,
997 1791 1044 1817 sed
1061 1791 1176 1822 luctum,
1194 1792 1328 1823 lacrimas,
1345 1793 1526 1826 querimonias
1541 1801 1591 1817 non
1607 1796 1702 1825 potest.

911 1829 938 1855 111
952 1829 1084 1855 eiusmodi
1100 1838 1126 1855 re
1141 1838 1169 1855 ac
1184 1830 1312 1859 moribus,
1330 1830 1352 1855 si
1369 1830 1399 1858 15,
1415 1830 1462 1864 (1111
1477 1830 1524 1855 0111
1536 1829 1666 1854 adductus
1678 1829 1704 1855 in

910 1866 1054 1896 iudicium,
1076 1875 1160 1901 qumn
1182 1867 1331 1893 manifestis
1350 1866 1457 1902 flagitiis
1477 1867 1617 1893 tenebitur.
1639 1866 1704 1892 alios

910 1903 1001 1929 eadem
1021 1903 1116 1930 fecisse
1135 1904 1217 1930 dicet:
1243 1904 1282 1930 illi
1301 1904 1421 1938 exempla
1438 1913 1488 1930 non
1503 1904 1627 1930 deerunt:
1653 1904 1704 1930 rci-

910 1940 1033 1975 publicae
1052 1941 1125 1967 salus
1143 1941 1240 1972 deerit,
1265 1943 1287 1967 si
1308 1942 1488 1976 improborum
1508 1940 1638 1975 exemplis
1655 1942 1704 1967 im-

911 1978 986 2012 probi
1000 1978 1100 2004 iudicio
1115 1988 1143 2004 ac
1158 1979 1276 2013 periculo
1291 1979 1483 2005 liberalmntur.
1525 1980 1582 2004 208.
1600 1978 1705 2004 Placent

912 2015 987 2042 vobis
1008 2015 1147 2042 hominum
1168 2017 1272 2042 mores?
1296 2016 1379 2051 placet
1399 2017 1432 2042 ita
1451 2016 1507 2051 geri
1522 2016 1701 2051 magistratus,

911 2058 940 2078 ut
952 2052 1099 2088 geruntur?
1114 2053 1198 2088 placet
1212 2054 1297 2080 socios
1312 2055 1350 2079 511·
1363 2053 1474 2083 tractari,
1491 2053 1562 2087 quod
1575 2058 1662 2081 restat,
1676 2058 1704 2079 nt

911 2098 958 2124 per
977 2090 1041 2116 haec
1059 2094 1176 2125 tempora
1196 2095 1317 2117 tractatos
1338 2090 1452 2116 videtis?
1478 2092 1530 2117 Cur
1549 2090 1612 2116 liaec
1630 2100 1642 2115 a
1663 2099 1704 2116 1110

887 2145 888 2152 ,
910 2136 987 2162 opera
1006 2127 1191 2154 consumitur?
1216 2129 1281 2163 quid
1301 2128 1418 2153 50(10115“.>
1443 2137 1491 2153 0111
1509 2137 1560 2153 11011
1576 2128 1601 2153 111
1617 2127 1704 2153 media

910 2165 1026 2191 oratione
1041 2174 1098 2191 mea
1112 2166 1274 2200 consurgitis
1289 2171 1367 2199 atque
1381 2164 1539 2191 disceditis?
1558 2164 1641 2190 vatus
1656 2173 1703 2190 an-

910 2206 963 2228 tem
978 2202 1089 2228 istorum
1104 2202 1228 2228 audacias
1243 2211 1272 2228 ac
1288 2202 1413 2228 libidines
1429 2202 1517 2236 aliqua
1533 2211 1564 2228 ex
1580 2207 1651 2236 parte
1664 2211 1704 2227 rc—

910 2239 1016 2265 secare‘?
1038 2239 1152 2266 desinite
1167 2240 1302 2270 dubitare,
1320 2245 1409 2266 utrum
1425 2240 1459 2265 sit
1475 2239 1581 2269 utilius,
1599 2244 1704 2273 propter

910 2276 1008 2303 multos
1023 2277 1158 2311 improbos
1173 2278 1219 2302 uni
1235 2285 1348 2311 parcere,
1366 2286 1397 2302 an
1415 2277 1494 2302 tinius
1511 2277 1624 2310 improbi
1639 2285 1704 2310 sup-

911 2313 990 2348 plicio
1004 2314 1149 2340 multorum
1165 2314 1361 2348 improbitatem
1377 2323 1504 2340 00010010,
1546 2316 1604 2338 -Ξθυ,
1626 2314 1703 2338 'l'am—

909 2351 959 2376 etsi
978 2359 1046 2385 quae
1065 2351 1114 2376 ista
1133 2356 1197 2377 sunt
1210 2351 1331 2385 exempla
1348 2350 1512 2376 multorum?
1539 2352 1602 2376 Nam
1617 2359 1702 2384 «11111111

910 2389 935 2414 in
952 2393 1019 2414 tanta
1034 2397 1141 2418 caussa,
1162 2397 1247 2423 quum
1267 2389 1292 2414 111
1307 2388 1417 2413 0111111110
1433 2388 1548 2413 maximo
1562 2388 1613 2413 dici
1629 2397 1642 2413 a
1657 2387 1703 2413 de-

910 2425 1013 2451 fensore
1027 2430 1149 2459 coeptum
1165 2430 1213 2456 est,
1232 2425 1377 2451 factitatum
1393 2434 1451 2450 0550
1466 2425 1581 2459 aliquid:
1607 2434 1703 2459 exspe—

908 2467 978 2488 ctant
994 2462 1024 2491 ii,
1044 2463 1090 2496 (1111
1106 2462 1231 2493 audiunt,
1253 2462 1374 2496 exempla
1389 2471 1421 2488 ex
1437 2467 1523 2487 vetere
1538 2463 1663 2488 memoria
1678 2468 1703 2489 et

909 2499 1089 2525 monumentis
1103 2509 1132 2525 ac
1148 2500 1254 2529 litteris,
1277 2499 1353 2534 plena
1367 2499 1521 2533 dignitatis,
1543 2499 1619 2534 plena
1634 2500 1702 2525 anti-

907 2537 1026 2570 quitatis,
1069 2536 1124 2562 XC.
1146 2537 1212 2562 llaec
1226 2537 1296 2563 enim
1313 2536 1460 2571 plurimum
1475 2536 1560 2562 solent
1573 2542 1598 2562 et
1613 2542 1702 2563 aucto-—

908 2574 992 2599 ritatis
1008 2573 1149 2599 1111110101111
1165 2574 1344 2608 probandum,
1366 2578 1389 2599 01
1410 2573 1584 2600 iucunditatis
1602 2574 1634 2600 ad
1653 2583 1701 2600 au-

906 2610 1044 2636 diendum.
1075 2610 1211 2637 Africanos
1226 2611 1292 2637 milii
1306 2616 1330 2637 et
1345 2611 1456 2637 Catones
1470 2616 1495 2637 et
1510 2610 1614 2638 Laelios
1628 2621 1702 2638 011111-

908 2648 1086 2674 memorabis‘?
1107 2653 1131 2674 et
1145 2657 1189 2674 eos
1205 2648 1274 2674 idem
1289 2647 1384 2674 fecisse
1398 2648 1489 2674 dicos?
1514 2648 1644 2681 Quamvis
1659 2658 1700 2675 res

909 2685 975 2711 1111111
995 2694 1045 2712 11011
1065 2684 1178 2720 placeat:
1201 2690 1288 2712 tamen
1302 2691 1391 2712 contra
1406 2685 1545 2712 hominum
1560 2686 1700 2713 auctorita—

1436 2734 1468 2758 39
1484 2733 1495 2745 “
