1941 3052
246 106 294 131 75³
816 106 857 130 8⁴.

245 180 289 200 tun
306 174 436 207 singulari
453 173 608 208 prudentia,
626 174 691 208 quin
709 175 870 208 perspicias,
894 174 916 199 xi
934 173 1036 208 aliquid

245 212 377 238 lirmitatis
390 216 482 237 nactus
493 212 527 236 sit
539 211 682 240 Antonius.
700 212 789 236 omnia
807 216 849 237 tua
863 210 906 237 illu
919 211 1038 245 praeela-

245 323 304 352 bus,
318 331 378 348 rum
391 323 484 356 paucis
497 322 616 351 inermis,
630 323 778 356 perterritis
791 327 871 352 metu,
887 322 968 349 fracto
979 323 1038 348 ani-

244 369 299 390 mo,
324 359 425 392 fugisse
442 359 597 385 Antonium.

243 396 470 430 ‹piemffllmmlum
487 395 630 422 audiebam
645 396 678 422 (le
695 396 835 427 Graeceio,
856 396 1036 431 confligit-um

242 442 272 459 eo
288 434 345 458 sine
362 433 481 467 periculo
496 442 547 459 non
565 434 662 467 possit.-
685 442 737 460 non
754 434 797 460 ille
814 434 881 460 mihi
901 433 1004 469 fugisse
1023 443 1036 459 a
1058 438 1066 464 ’Ἴ

243 470 343 496 Mutina
356 470 471 501 videtur,
484 469 531 496 sed
545 469 631 496 locum
644 470 708 497 belli
719 471 830 505 gerendi
843 476 970 498 mutasse.
987 473 1037 497 lta·
1057 470 1067 515 (ἦ,

241 516 293 542 quc
311 507 432 533 homines
447 507 493 533 ulii
510 507 571 534 facti
587 513 663 534 sunt:
682 508 804 534 nonnulli
820 510 900 534 etiam
916 517 1037 543 querun-

242 549 296 575 tur.
316 544 387 579 quod
405 545 538 579 persecuti
554 553 606 571 non
618 545 687 572 sitis.
728 545 851 580 Opprimi
864 546 997 580 potuisse,
1013 546 1036 572 si

240 581 362 608 celeritas
374 582 495 608 adhibita
506 587 589 613 esset,
602 583 767 609 existimant.
808 583 925 609 Omnino
936 588 976 609 cst
988 583 1037 609 hoc

240 619 343 654 populi,
357 620 529 654 maximeque
541 620 637 650 nostri,
652 620 679 646 in
691 628 721 646 eo
732 621 904 655 potissimum
917 620 991 647 abuti
1005 620 1037 646 li—

240 657 353 688 bertate,
377 665 425 691 per
439 665 521 692 quem
539 665 597 683 earn
618 662 778 684 consecutus
794 659 839 685 sit.
879 657 930 684 Sed
948 662 1034 684 tamen

240 694 438 728 providendum
453 698 506 725 est,
529 703 562 720 ne
577 703 630 729 qua
647 695 716 721 iusta
735 695 844 730 querela
865 704 924 721 esse
941 696 1034 730 possit.

240 732 291 757 Res
302 740 330 757 se
342 732 381 758 sic
393 731 482 758 habet.
514 732 538 758 1s
550 731 652 758 bellum
663 732 816 763 confecerit,
829 734 877 767 qui
889 733 1034 759 Antonium

238 769 412 803 oppresserit.
452 769 504 795 lloc
525 777 606 803 quam
628 770 683 796 vim
703 769 812 801 habeat,
836 775 860 797 te
880 770 1034 797 existimare

239 805 317 838 malo,
331 815 413 842 quam
425 814 467 832 me
479 807 597 841 apertius
609 806 736 833 scribere.

290 875 342 895 xui
355 882 374 896 a.
389 875 466 896 Alto.
483 876 579 896 Eun-nt
590 877 716 898 tarditatem
732 877 754 897 in
770 878 920 904 persequendo
936 877 1034 899 Antonio

238 913 267 934 et,
278 918 320 937 qun
331 917 366 930 ren
377 913 437 931 ntntu
448 910 489 935 nit,
501 910 600 938 exponit.

401 947 520 970 (Pollentiae,
531 948 595 965 occisis
606 949 670 969 P-nn,
681 949 744 967 Hirtio
755 956 801 967 ton.
813 950 867 971 711.)

356 989 387 1015 D.
408 989 560 1017 BRUTUS
581 990 658 1017 IMP.
679 990 706 1017 S.
729 991 758 1017 D.
782 991 816 1017 M.
838 991 868 1017 T.
890 991 920 1018 C.

295 1027 317 1052 t.
340 1021 400 1052 Iam
415 1036 467 1054 non
479 1036 528 1063 ago
539 1027 588 1054 tibi
599 1028 708 1063 gratias.
749 1028 800 1055 Cui
811 1029 883 1055 enim
896 1037 923 1055 re
933 1029 979 1055 vix
991 1036 1034 1054 re-

237 1062 305 1089 ferre
320 1071 446 1098 possum,
469 1064 532 1091 huic
549 1065 639 1091 verbis
655 1074 707 1092 non
723 1066 823 1100 patitur
837 1074 879 1092 res
895 1066 1030 1092 satisfieri.

236 1100 379 1127 Attendere
391 1105 415 1128 te
427 1101 501 1133 volo,
515 1111 584 1137 quae
595 1103 622 1129 in
635 1103 762 1129 manibus
773 1108 846 1130 sunt.
890 1103 947 1135 Qua
959 1104 1031 1129 enim

235 1138 378 1173 prudentia
390 1147 432 1170 es,
446 1139 515 1165 nihil
528 1144 551 1166 te
564 1139 663 1175 fugiet,
681 1140 704 1166 si
716 1148 789 1166 meas
802 1140 902 1167 litteras
914 1140 1033 1175 diligen-

235 1180 274 1202 ter
291 1175 398 1211 legeris.
439 1176 522 1211 Sequi
538 1177 679 1204 confestim
692 1178 837 1203 Antonium
854 1178 897 1204 his
909 1178 941 1203 de
953 1186 1032 1203 caus-

234 1213 287 1243 sis,
304 1213 411 1244 Cicero,
428 1222 479 1240 non
492 1215 581 1248 potui:
595 1223 667 1241 eram
679 1215 737 1241 sine
747 1215 900 1250 equitibus,
919 1216 977 1241 sine
990 1216 1032 1241 iu-

234 1250 347 1276 mentis:
360 1251 475 1277 Hirtium
487 1251 600 1285 periisse
612 1252 780 1278 nesciebam:
793 1252 899 1279 Caesari
911 1261 963 1278 non
973 1261 1032 1278 cre-

233 1286 331 1313 debam
342 1288 428 1322 prius,
444 1297 525 1323 quam
536 1290 723 1316 convenissem
735 1294 761 1315 et
772 1289 920 1316 collocutus
931 1298 1029 1316 essem.

233 1324 282 1350 llic
293 1324 351 1351 dies
363 1325 413 1351 hoc
424 1326 503 1352 modo
514 1326 590 1353 abiit.
625 1328 651 1353 2.
673 1327 780 1353 Postero
791 1326 835 1353 die
847 1335 925 1353 mane
936 1335 950 1353 a
961 1328 1031 1353 Pan-

233 1370 262 1388 sa
273 1371 334 1388 sum
346 1363 490 1389 arcessitus
501 1364 657 1391 Bononiam.
684 1363 774 1396 Quum
786 1365 813 1390 in
825 1365 920 1391 itinere
931 1373 1028 1395 essem,

233 1399 386 1426 nuntiatum
402 1400 470 1427 mihi
485 1405 525 1427 est
540 1409 602 1427 eum
614 1406 750 1428 mortuum
762 1410 831 1429 esse.
872 1402 982 1428 Recurri
997 1401 1031 1428 ad

233 1445 306 1463 meas
317 1437 445 1472 copiolaS.
489 1438 533 1464 Sic
543 1439 617 1465 enim
629 1447 690 1465 vere
702 1447 746 1465 eas
758 1439 894 1474 appellare
905 1447 1028 1474 possum.

232 1474 301 1501 Sunt
316 1476 554 1502 extenuatissimae
569 1480 594 1503 et
605 1477 695 1511 inopia
706 1477 828 1503 omnium
840 1485 930 1503 rerum
942 1477 1030 1511 pessi-

231 1520 274 1538 me
289 1517 423 1547 acceptae.
462 1512 548 1539 Biduo
560 1522 602 1539 me
614 1514 746 1540 Antonius
760 1515 916 1547 antecessit3
934 1514 1029 1540 itinera

232 1549 295 1576 fecit
305 1550 389 1576 multo
400 1550 500 1576 maiora
515 1550 637 1586 fugiens,
655 1559 737 1586 quam
753 1560 803 1587 ego
814 1560 942 1586 sequens.
982 1551 1029 1577 llle

231 1587 303 1613 enim
315 1587 346 1613 iit
356 1587 468 1622 passim,
481 1596 530 1623 ego
541 1588 697 1615 ordinatim.
736 1588 914 1624 Quacumque
924 1589 968 1619 iit,
986 1596 1029 1614 er-

230 1623 336 1660 gastula
346 1624 440 1655 solvit,
459 1625 582 1651 homines
593 1625 717 1660 arripuit.
758 1625 882 1653 Constitit
893 1634 1028 1660 nusquam

231 1661 321 1696 prius.
339 1670 421 1696 quam
437 1661 470 1688 ad
485 1662 559 1689 Vada
575 1663 660 1689 venit.
700 1662 786 1695 Quem
803 1662 890 1689 locum
907 1662 968 1689 volo
978 1663 1028 1689 tibi

231 1707 290 1725 esse
301 1703 404 1725 notum.
438 1700 507 1726 lacet
520 1700 590 1726 inter
600 1700 773 1735 Apenninum
789 1704 814 1727 et
827 1700 923 1735 Alpes,
941 1700 1029 1734 impe-

230 1735 383 1762 ditissimus
399 1735 432 1762 ad
444 1737 494 1763 iter
504 1736 670 1764 faciendum.
710 1739 735 1764 3.
757 1737 847 1770 Quum
858 1737 982 1763 abessem
994 1737 1028 1763 ab

229 1781 261 1800 eo
272 1772 357 1799 millia
367 1781 499 1808 passuum
511 1774 619 1809 triginta
631 1779 657 1801 et
666 1783 695 1801 se
706 1775 759 1801 iam
765 1774 1028 1801 Ventidiusconiun-

230 1811 323 1841 xisset,
336 1811 428 1837 concio
439 1811 498 1837 eius
509 1811 542 1837 ad
554 1819 596 1837 me
607 1816 648 1838 est
658 1811 749 1845 allata:
764 1812 792 1838 in
802 1820 855 1847 qua
866 1816 955 1846 petere
966 1820 1028 1838 coe-

229 1848 270 1882 pit
284 1856 298 1873 a
315 1847 462 1879 militibus,
485 1852 515 1875 ut
529 1857 558 1874 se
574 1853 646 1875 trans
661 1848 744 1884 Alpes
759 1853 949 1884 setpierentur3
972 1849 1026 1875 sibi

229 1893 292 1911 cum
303 1885 338 1911 M.
352 1885 453 1919 Lepido
463 1886 618 1912 convenire.
659 1885 859 1913 Succlamatum
869 1891 923 1917 est,
936 1891 962 1913 et
973 1885 1027 1912 fre-

229 1926 343 1957 quenter
353 1930 367 1948 a
379 1922 513 1948 militibus
520 1922 698 1954 Ventidianis.
706 1923 778 1959 (nam
784 1932 848 1950 suos
855 1923 932 1951 valde
943 1932 1026 1959 quam

229 1967 329 1994 paucos
345 1959 446 1994 habet,)
462 1959 516 1986 sibi
531 1964 577 1986 aut
591 1961 619 1987 in
635 1960 709 1987 ltalia
725 1961 895 1996 pereundum
910 1969 970 1988 esse
981 1966 1027 1988 aut

229 1995 407 2029 vincendum;
425 2001 450 2023 et
459 2005 533 2023 orare
545 2003 703 2032 coeperunt,
716 2003 746 2025 ut
756 1998 914 2025 Pollentiam
926 1999 976 2025 iter
986 1998 1026 2025 fa-

228 2038 328 2060 cerent.
367 2033 457 2066 Quum
469 2035 602 2061 sustinere
613 2043 657 2062 eos
669 2044 721 2062 non
733 2040 831 2070 posset,
849 2037 876 2063 in
887 2041 1024 2071 posterum

228 2070 301 2097 diem
323 2071 372 2097 iter
386 2079 467 2097 suum
486 2071 608 2098 contulit.
649 2073 674 2099 4.
695 2073 749 2099 Hac
765 2082 792 2100 re
808 2073 877 2099 mihi
892 2074 1022 2104 nuntiata,

227 2108 318 2135 statim
329 2109 450 2144 quinque
461 2108 583 2135 cohortes
593 2109 751 2137 Pollentiam
762 2111 904 2146 praemisi,
918 2119 1025 2137 meum-

228 2153 281 2180 que
303 2146 352 2172 iter
372 2154 403 2172 eo
423 2146 534 2172 contuli.
574 2147 642 2173 Hora
662 2152 722 2174 ante
743 2148 911 2183 praesidium
932 2157 1024 2174 meum

227 2182 385 2209 Pollentiam
406 2184 493 2214 venit,
515 2192 597 2219 quam
618 2184 770 2211 Trebellius
790 2194 852 2212 cum
871 2185 1022 2220 equitibus.

227 2219 381 2255 Sanequam
391 2229 452 2247 suin
463 2222 586 2257 gavisus.
622 2222 651 2248 In
662 2221 711 2249 hoc
723 2223 795 2249 enim
808 2223 948 2250 victoriam
958 2227 1023 2258 puto

227 2258 383 2284 consistere.
424 2259 453 2284 In
471 2267 548 2293 spem
569 2264 710 2291 venerant,
733 2260 807 2295 quod
827 2269 916 2295 neque
931 2260 1023 2286 Planci

226 2299 352 2329 quattuor
366 2294 485 2331 legiones
500 2296 627 2322 omnibus
642 2297 701 2323 suis
716 2298 802 2332 copiis
820 2306 898 2332 pares
909 2297 1023 2324 arbitra-

226 2331 332 2363 bantur,
349 2341 436 2368 neque
448 2341 481 2360 ex
492 2333 566 2360 ltalia
578 2338 631 2360 tam
642 2334 764 2361 celeriter
775 2336 924 2362 exercitum
936 2335 1022 2361 traiici

226 2377 304 2403 posse
320 2369 474 2396 credebant.
515 2370 588 2403 Quos
607 2371 660 2406 ipsi
677 2371 767 2398 adhuc
787 2373 852 2398 satis
869 2376 1022 2408 arroganter

226 2405 383 2442 Allobroges
403 2408 595 2442 equitatusque
612 2409 715 2440 omnis,
736 2410 784 2444 qui
805 2418 836 2436 eo
855 2410 1021 2444 praemissus

226 2447 281 2469 erat
292 2451 306 2468 a
317 2444 404 2475 nobis,
419 2445 599 2476 sustinebant,
607 2450 752 2481 nostroque
763 2446 880 2473 adventu
891 2447 1021 2473 sustineri

227 2478 334 2506 facilius
345 2489 424 2515 posse
435 2482 607 2509 confidimus.
642 2483 751 2514 Tamen,
765 2484 789 2510 si
799 2492 854 2518 quo
864 2484 944 2510 etiam
956 2492 1020 2510 casu

226 2516 325 2542 Isaram
337 2526 364 2542 se
376 2519 540 2551 traiecerint,
556 2528 589 2546 ne
600 2519 673 2554 quod
684 2520 877 2547 detrimentum
888 2521 1022 2556 reipubli-

226 2561 272 2578 cae
284 2553 434 2589 iniungant,
448 2564 553 2583 summa
564 2565 578 2583 a
589 2556 668 2583 nobis
678 2557 789 2584 dabitur
797 2566 888 2592 opera.
921 2560 946 2585 5.
967 2559 1020 2585 Vos

226 2597 355 2631 magnum
367 2592 486 2618 animum
497 2595 681 2629 optimamque
692 2603 769 2630 spem
779 2594 812 2621 de
822 2603 928 2622 summa
938 2604 1020 2631 repu-

226 2626 296 2653 blica
313 2627 411 2655 habere
426 2629 567 2662 volumus,
584 2639 670 2666 quum
686 2636 710 2659 et
726 2640 775 2659 nos
790 2637 815 2659 et
825 2633 960 2660 exercitus
970 2642 1020 2660 no-

638 361 662 385 2.
685 360 736 391 Qui
753 360 776 385 si
794 360 826 385 ita
842 368 870 385 se
887 360 979 390 babet,
999 364 1035 389 ut,
1058 363 1067 385 Ἀ

893 104 926 130 Μ.
958 103 987 129 Τ.
1019 103 1293 132 ‹zitjssttoxts

1065 174 1068 209 ζ
1090 180 1171 205 atron,
1189 175 1320 208 ninuulari
1336 177 1475 203 rom-ordia
1491 179 1659 205 conium-ins,
1681 179 1712 205 acl
1729 181 1816 205 mutua
1834 189 1881 214 pro

1091 212 1167 238 vobis
1185 213 1297 239 videatis
1314 219 1427 247 paratum.
1468 215 1519 241 Sed
1537 221 1622 242 tamen
1640 217 1707 243 nihil
1720 218 1752 242 de
1764 217 1880 249 ‹litim-n-

1090 251 1123 275 tia
1136 251 1269 276 remittere
1281 250 1385 276 debetis
1399 251 1515 286 clareque
1531 262 1652 287 opvrani.
1672 260 1699 280 ut
1710 264 1790 289 quain
1804 264 1881 289 para-

1066 310 1067 321 ,
1090 292 1187 313 tissimi
1204 293 1228 313 et
1243 287 1276 313 ab
1291 289 1424 316 exercitu.
1447 289 1611 325 reliquisque
1628 292 1707 317 relius
1732 301 1778 326 pro
1795 298 1880 317 vei-tra

1089 324 1174 350 salute
1185 330 1274 350 eontra
1281 325 1515 352 sceleratissimam
1527 329 1750 362 conspirationem
1764 330 1879 355 hostiurn

1089 361 1278 394 confligamus,
1296 364 1342 397 qui
1359 363 1468 397 quidem
1481 373 1525 388 ean
1537 366 1640 399 wpiau,
1658 375 1724 400 qumi
1736 366 1781 392 diu
1795 368 1881 391 simu-

1090 398 1186 424 latione
1209 399 1372 434 reipublicae
1396 402 1598 435 comparabant.
1621 403 1710 429 subito
1727 403 1759 429 ad
1781 404 1881 438 patriae

1089 436 1240 471 periculum
1252 442 1449 464 converterunt.

1144 522 1197 542 ΧΙΙΙ
1210 523 1229 542 b.
1249 523 1295 543 ΙΙοι·
1306 523 1449 547 trumentum
1459 525 1556 544 continet
1569 525 1635 545 index
1646 525 1788 552 ‘pluviarum
1799 526 1846 546 cte.
1857 526 1880 546 in

1088 558 1136 577 emt.
1148 558 1203 577 Mul.
1217 558 1324 579 ..tiu-run.
1357 561 1586 582 tri-.m-e,1.‹.;-.‚1·.„..‚
1598 563 1658 578 riae...
1670 570 1714 579 .
1727 565 1781 584 ur„

1129 603 1157 629 l),
1174 603 1303 630 BRUTUS
1317 604 1389 630 (308.
1406 605 1514 631 DESlG.
1531 605 1559 631 S.
1578 605 1606 631 D.
1623 605 1658 631 Μ.
1674 606 1840 632 CICERONI.

1144 637 1305 668 parmenses
1319 643 1484 668 miserrimos
1500 643 1509 653 ‘
1522 643 1532 653 '

1140 728 1203 749 XIV.
1219 729 1295 748 ARG.
1312 728 1373 748 Bruti
1390 728 1473 748 litteriu
1489 729 1604 755 respunrt‘i
1620 729 1646 748 de
1656 728 1797 752 deorumn.
1812 729 1838 748 de
1848 728 1879 749 le-

1087 763 1190 784 tinnitum
1200 763 1352 790 perduret-«tin,
1364 764 1390 783 de
1401 764 1501 790 pecunia,
1513 771 1567 783 num
1577 764 1604 783 dc
1615 763 1672 784 bellu
1681 763 1742 783 timii
1753 770 1818 790 opera
1828 770 1878 783 cun-

1086 799 1186 819 ficiendn.
1216 801 1302 821 ritum-e,
1312 801 1376 817 „ni-i.
1387 802 1452 822 vum,
1461 801 1522 818 itm..
1533 808 1579 818 ω...
1592 803 1612 818 τι
1621 804 1635 817 ι,

1138 852 1172 877 Μ.
1189 852 1218 877 T.
1235 851 1263 877 C.
1280 852 1307 878 S.
1324 852 1352 878 P.
1369 853 1398 878 D.
1414 853 1443 878 D.
1460 853 1569 879 BRUTO
1583 854 1650 880 IMP.
1666 853 1738 880 COS.
1755 852 1828 879 DES.

1144 900 1166 924 4.
1189 893 1368 928 Mirabiliter,
1391 898 1426 924 mi
1449 899 1540 927 Brute,
1568 898 1660 928 laetor,
1688 907 1745 924 mea
1766 898 1878 924 consilia

1086 944 1214 970 measque
1225 936 1372 961 sententias
1383 944 1396 961 a
1409 941 1432 961 te
1445 936 1550 970 probari
1561 935 1593 961 de
1605 936 1775 962 decemviris.
1792 935 1825 961 de
1835 945 1879 961 or-

1086 973 1173 999 nando
1185 973 1362 999 adolescente.
1393 973 1444 999 Sed
1457 973 1522 1007 quid
1535 972 1631 999 refert?
1652 974 1716 999 Mihi
1729 973 1815 1002 crede,
1831 972 1878 998 lio-

1086 1011 1153 1036 mini
1165 1019 1216 1037 non
1227 1010 1356 1045 glorioso:
1375 1010 1452 1044 plane
1465 1011 1526 1039 iam.
1541 1011 1632 1040 Brute.
1648 1010 1744 1045 frigeo:
1764 1010 1879 1046 ὄργανον

1085 1048 1157 1073 enim
1182 1053 1237 1074 erat
1259 1056 1348 1073 meum
1372 1052 1494 1073 senatus:
1522 1047 1548 1073 id
1570 1053 1610 1073 est
1632 1048 1682 1073 iarn
1703 1047 1876 1073 dissolutum.

1085 1085 1194 1111 Tantam
1209 1094 1285 1119 spem
1301 1085 1425 1110 attulerat
1439 1084 1590 1119 exploratae
1607 1085 1731 1111 victoriae
1746 1089 1790 1110 tua
1801 1092 1879 1119 prae-

1083 1122 1154 1148 clara
1166 1123 1266 1148 Mutina
1279 1122 1396 1156 eruptio,
1416 1121 1478 1157 suga
1491 1122 1612 1152 Antonii,
1629 1123 1736 1148 conciso
1747 1123 1875 1151 exercitu.

1084 1164 1113 1186 ut
1127 1161 1249 1186 omnium
1265 1159 1347 1185 animi
1364 1159 1473 1185 relaxati
1489 1160 1556 1190 sint,
1575 1168 1703 1195 meaeque
1719 1159 1780 1185 illae
1795 1159 1878 1184 vehe-

1084 1202 1187 1223 mentes
1199 1198 1380 1223 contentiones
1393 1201 1529 1231 tamquam
1541 1198 1690 1232 σκιιιμιιχῐηι
1701 1205 1759 1223 esse
1767 1196 1878 1222 videan-

1083 1239 1135 1261 tur.
1176 1236 1201 1260 Ξ.
1224 1234 1290 1264 Sed,
1309 1239 1337 1260 ut
1352 1233 1385 1259 ad
1402 1243 1456 1260 rem
1473 1234 1593 1264 redeam.
1612 1234 1744 1270 legionem
1756 1234 1877 1260 Martiam

1083 1271 1243 1304 etQuartam
1260 1276 1372 1307 negant,
1389 1272 1437 1306 qui
1453 1271 1512 1297 illas
1528 1276 1638 1302 norunt,
1656 1271 1708 1297 ulla
1725 1271 1877 1297 conditione

1083 1308 1115 1335 ad
1128 1314 1151 1335 te
1163 1317 1242 1344 posse
1253 1309 1375 1343 perduci.
1406 1309 1546 1339 Pecuniae,
1558 1317 1639 1344 quam
1650 1308 1797 1339 desideras,
1811 1309 1877 1334 ratio

1082 1351 1169 1381 potest
1181 1346 1287 1377 haberi,
1305 1354 1390 1381 eaque
1405 1346 1559 1372 habebitur.
1599 1347 1634 1372 De
1647 1347 1726 1372 Bruto
1737 1354 1877 1372 arcessen-

1082 1384 1116 1410 do
1131 1384 1297 1418 Caesareque
1312 1383 1346 1409 ad
1361 1383 1450 1410 ltaliae
1466 1383 1632 1418 praesidium
1649 1383 1776 1413 tenendo,
1797 1382 1876 1409 valde

1082 1421 1131 1448 tibi
1143 1422 1284 1448 assentior.
1324 1420 1391 1451 Sed,
1408 1426 1437 1447 ut
1447 1421 1559 1451 scribis,
1578 1420 1660 1447 habes
1671 1421 1873 1452 obtrectatores;

1081 1467 1150 1493 quos
1165 1458 1292 1494 equidem
1308 1457 1436 1484 facillime
1451 1459 1585 1484 sustineo:
1605 1458 1653 1484 sed
1669 1458 1821 1493 impediunt
1836 1463 1875 1484 ta-

1081 1504 1153 1522 men.
1193 1496 1234 1522 Ex
1244 1495 1333 1522 Africa
1346 1495 1464 1531 legiones
1475 1500 1673 1530 exspectantur.
1713 1497 1738 1522 3.
1753 1495 1805 1521 Sed
1817 1494 1876 1521 bel-

1081 1533 1137 1559 lum
1148 1534 1209 1560 istic
1219 1538 1340 1559 renatum
1352 1534 1484 1559 mirantur
1495 1533 1628 1559 homines.
1648 1532 1721 1559 Nihil
1733 1537 1786 1559 tam
1798 1541 1875 1567 prae-

1080 1575 1120 1597 ter
1130 1579 1206 1606 spem
1219 1579 1359 1605 umquam.
1401 1571 1466 1596 Nam
1478 1569 1522 1596 die
1533 1575 1578 1596 tuo
1590 1569 1671 1596 natali
1682 1571 1792 1596 victoria
1804 1578 1875 1596 nun-

1080 1608 1156 1638 tiata,
1173 1608 1200 1634 in
1212 1607 1295 1634 multa
1307 1607 1413 1633 saecula
1425 1606 1586 1633 videbamus
1598 1607 1793 1642 rempublicam
1806 1606 1874 1633 libe-

1080 1649 1173 1671 ratam.
1213 1645 1282 1671 Novi
1294 1645 1403 1671 timores
1414 1649 1537 1670 retexunt
1547 1645 1695 1679 superiora.
1734 1644 1873 1678 Seripsisti

1079 1687 1168 1708 autem
1184 1681 1218 1708 ad
1233 1690 1276 1708 me
1292 1682 1340 1712 iis,
1357 1690 1424 1716 quas
1435 1681 1529 1707 Idibus
1540 1682 1617 1708 Maiis
1627 1681 1741 1711 dedisti,
1760 1681 1838 1708 modo
1849 1686 1874 1708 te

1079 1719 1215 1754 accepisse
1227 1728 1240 1745 a
1251 1718 1348 1745 Planco
1360 1718 1470 1748 litteras,
1484 1727 1534 1745 non
1547 1719 1629 1754 recipi
1640 1720 1785 1745 Antonium
1797 1727 1811 1745 a
1823 1719 1874 1745 Le—

1078 1756 1153 1791 pido.
1193 1756 1222 1782 ld
1233 1757 1257 1782 si
1269 1757 1304 1782 ita
1319 1760 1372 1787 est,
1389 1756 1479 1782 omnia
1496 1755 1628 1782 faciliora:
1650 1757 1693 1782 sin
1708 1756 1797 1787 aliter,
1816 1765 1874 1782 ma-

1078 1802 1162 1829 gnum
1177 1794 1329 1829 negotium.
1351 1794 1431 1819 cuius
1445 1794 1548 1820 exitum
1564 1803 1615 1820 non
1631 1794 1789 1826 extimesco:
1811 1798 1873 1819 tuae

1077 1836 1166 1866 partes
1176 1836 1249 1857 sunt.
1270 1831 1326 1866 Ego
1338 1830 1409 1865 plus,
1422 1839 1504 1865 quam
1515 1830 1574 1861 feei,
1588 1831 1673 1857 iacere
1684 1839 1737 1857 non
1749 1839 1871 1865 possum.

1078 1869 1114 1894 Te
1125 1873 1227 1899 tamen,
1246 1867 1273 1894 id
1283 1868 1355 1903 quod
1372 1876 1464 1902 spero,
1481 1869 1602 1895 omnium
1619 1869 1770 1896 maximum
1780 1873 1807 1895 et
1816 1867 1873 1895 cla-

1077 1906 1217 1932 rissimum
1228 1905 1320 1932 videre
1331 1906 1422 1940 cupio.

1128 2000 1180 2021 XV.
1196 1999 1273 2021 ΔΒΕ.
1292 2000 1378 2020 Laudat
1392 1999 1490 2020 officium
1505 1999 1569 2020 Bruti
1584 2002 1606 2020 et
1623 1999 1736 2025 hortatur,
1755 2003 1780 2028 ut
1798 2007 1870 2021 tecum

1076 2035 1119 2056 inm
1130 2035 1180 2062 ipse
1189 2038 1266 2056 certet.
1297 2038 1385 2061 (Rom-e,
1395 2037 1459 2055 ocdsis
1468 2037 1535 2058 Pansa,
1545 2037 1608 2054 Hirtio
1618 2043 1664 2054 eon.
1676 2039 1731 2058 711.)

1099 2081 1135 2107 M.
1151 2081 1181 2107 T.
1197 2080 1227 2107 C.
1243 2080 1270 2107 S.
1284 2081 1313 2107 P.
1330 2081 1359 2107 D.
1378 2081 1409 2107 D.
1424 2081 1551 2107 BRUTO
1571 2081 1647 2107 lMP.
1662 2080 1744 2107 COS.
1759 2081 1840 2108 DES.

1132 2128 1155 2152 4.
1176 2122 1238 2152 Etsi
1250 2126 1318 2152 mihi
1330 2131 1390 2153 tuae
1402 2126 1503 2153 litterae
1515 2126 1727 2153 iucundissimae
1737 2132 1814 2153 sunt:
1831 2132 1870 2153 ta-

1075 2171 1137 2190 men
1149 2163 1297 2190 iucundius
1312 2163 1376 2195 fuit,
1392 2163 1465 2199 quod
1481 2164 1508 2190 in
1524 2172 1630 2190 summa
1640 2164 1813 2198 occupatione
1823 2169 1869 2190 tua

1074 2200 1171 2227 Planco
1182 2200 1300 2236 collegae
1311 2200 1453 2231 mandasti,
1461 2205 1491 2227 ut
1501 2205 1525 2227 te
1537 2200 1605 2227 mihi
1616 2209 1663 2235 per
1675 2200 1774 2227 litteras
1785 2209 1869 2227 excu—

1074 2242 1158 2264 saret:
1181 2237 1254 2272 quod
1272 2237 1334 2264 fecit
1349 2238 1394 2264 ille
1409 2238 1563 2273 diligenter.
1602 2238 1669 2264 Mihi
1689 2243 1778 2264 autern
1798 2237 1867 2264 nihil

1074 2274 1219 2301 amabilius
1239 2274 1327 2301 officio
1346 2280 1391 2302 tuo
1411 2280 1436 2302 et
1456 2275 1606 2311 diligentia.
1646 2275 1805 2302 Coniunctio
1823 2281 1867 2302 tua

1073 2320 1136 2338 cum
1151 2311 1254 2347 collega
1269 2312 1464 2348 concordiaque
1481 2317 1582 2343 vestra,
1599 2320 1667 2346 quae
1684 2311 1779 2338 litteris
1793 2321 1868 2339 com-

1073 2349 1203 2376 munibus
1215 2349 1346 2376 declarata
1356 2354 1409 2380 est,
1423 2349 1452 2376 S.
1463 2349 1493 2376 P.
1505 2349 1537 2381 Q.
1549 2349 1580 2375 R.
1591 2349 1746 2384 gratissima
1757 2349 1865 2376 accidit.

1072 2388 1097 2414 2.
1119 2386 1197 2419 Quod
1207 2391 1344 2421 superest,
1361 2395 1457 2422 perge,
1474 2387 1511 2412 mi
1522 2387 1614 2416 Brute,
1631 2391 1657 2412 et
1672 2387 1726 2412 iam
1740 2395 1792 2414 non
1802 2395 1865 2413 cum

1072 2423 1142 2455 aliis,
1155 2423 1203 2450 sed
1213 2428 1302 2450 tecum
1313 2425 1372 2459 ipse
1382 2429 1462 2450 certa.
1486 2422 1565 2449 Plura
1576 2423 1694 2450 scribere
1705 2433 1757 2450 non
1769 2423 1864 2455 debeo,

1071 2461 1228 2496 praesertim
1245 2460 1279 2487 ad
1294 2466 1333 2487 te:
1350 2469 1404 2496 quo
1418 2461 1546 2496 magistro
1561 2459 1702 2487 brevitatis
1715 2462 1755 2487 uti
1765 2462 1864 2496 cogito.

1071 2498 1184 2524 Litteras
1199 2502 1259 2524 tuas
1274 2498 1447 2524 vehementer
1461 2502 1600 2532 exspecto,
1620 2502 1646 2524 et
1659 2497 1771 2533 quidem
1786 2497 1864 2530 tales,

1071 2535 1165 2571 quales
1177 2536 1294 2562 maxime
1304 2540 1376 2570 opto.

1122 2609 1186 2630 XVI.
1202 2608 1278 2630 ΑΒΕ.
1295 2607 1435 2630 Commendat
1445 2607 1542 2628 Lamiam
1551 2607 1575 2627 in
1585 2607 1696 2634 petitione
1704 2610 1830 2635 praeturae.

1261 2646 1300 2670 (Μ.
1308 2644 1391 2664 Aniniiin
1402 2651 1439 2662 σοι.
1450 2646 1495 2663 710.
1506 2645 1578 2663 incerto
1589 2645 1670 2666 meme.)
