1941 3052
0 826 1 831 ,
38 809 167 836 solemus.

38 851 155 873 mentem
166 855 263 881 negare
272 867 278 877 ,
295 846 433 880 Papirium
445 855 610 882 quemquam
622 855 766 882 umquam,
782 848 834 873 nisi
856 858 857 873 1

298 114 629 142 EPISTOLARUM
658 116 711 142 AD
739 115 970 143 DIVERSOS
1000 117 1081 143 LIB.
1103 118 1154 144 lx.
1185 118 1247 145 ΕΡ,
1272 120 1357 145 Π-
1380 121 1421 145 23.

96 183 161 204 XXI.
178 183 253 204 ABG.
271 183 338 204 Ridet
351 185 443 204 Pactum
456 184 545 209 cicero,
561 185 624 205 cuius
638 184 679 205 ille
689 188 711 205 et
720 185 834 205 verborum

42 219 135 240 fulmina
144 218 229 239 imitari
243 225 320 246 posse,
335 223 358 239 et
366 219 470 246 Papirios
480 219 539 240 ult-m
550 220 651 247 plebeios
662 220 733 240 fuisse
743 226 833 244 negave-

42 259 83 275 rat.
112 257 176 274 (Auno
186 256 272 276 incerto.)

232 307 399 334 CICERO
434 308 579 335 PAETO
612 308 639 335 S.

99 364 121 388 l.
133 357 198 388 Ain’
209 361 335 388 tandem?
346 362 463 388 insanire
475 363 524 389 tibi
536 362 646 394 videris,
662 362 735 397 quod
746 363 836 389 imite-

40 408 68 426 re
79 399 223 426 verborum
235 408 366 430 meorum,
380 404 409 425 ut
419 400 526 430 scribis,
540 399 672 426 fulmina?
682 400 750 426 Tum
762 401 836 426 insa-

40 437 126 468 nires,
143 437 167 463 si
182 437 312 471 consequi
323 445 375 463 non
386 445 494 471 posses:
512 446 597 472 quum
608 445 672 463 vero
683 438 762 463 etiam
774 438 836 463 vin-

39 483 94 505 caS,
107 482 150 500 me
160 474 237 509 prius
248 473 370 505 irrideas,
383 482 466 508 quam
478 479 511 505 te,
524 479 636 509 oportet.
667 474 754 506 Quare
766 474 834 500 nihil

39 511 90 538 tihi
110 520 179 546 opus
199 515 240 537 est
260 510 328 537 illud
344 520 357 537 a
374 511 490 542 Trabea,
512 511 560 538 sed
575 513 665 546 potius
679 511 835 548 ἀπότευγμα

40 557 141 575 meum.
181 548 372 575 Verumtamen
390 548 456 583 quid
472 549 521 575 tibi
542 557 591 584 ego
612 550 639 575 in
655 548 776 583 epistolis
793 549 835 574 vi·

39 585 121 612 deor?
135 594 222 612 nonne
233 585 340 620 plebeio
351 594 473 612 sermone
485 595 563 621 agere
574 586 681 612 tecum‘?
696 586 750 612 Nec
762 586 834 611 enim

39 632 147 658 semper
161 623 255 650 eodem
271 622 360 649 modo.
399 622 471 655 Quid
487 624 559 649 enim
575 623 664 650 simile
681 623 762 649 habet
777 623 835 657 epi-

39 660 108 687 stola
122 665 168 687 aut
183 660 284 686 iudicio
299 664 345 686 aut
359 660 499 686 concioni?
513 661 584 693 Quin
600 662 658 695 ipsa
669 660 770 686 iudicia
782 668 834 686 non

39 697 159 724 solemus
170 698 259 724 omnia
271 702 381 724 tractare
392 706 446 723 uno
457 697 545 724 modo.
580 699 701 724 Privatas
712 706 832 727 caussas,

38 740 64 761 et
75 744 120 762 eas
131 740 234 765 tenues,
248 735 354 770 agimus
366 734 508 765 subtilius,
521 736 617 769 capitis
628 740 674 762 aut
685 734 770 761 famae
781 735 835 761 sci-

0 792 1 795 .
40 772 101 799 licet
111 773 245 799 ornatius:
258 771 385 806 epistolas
395 780 459 798 vero
470 772 636 807 quotidianis
648 772 834 798 verbistexere

208 811 233 836 2.
255 808 307 835 Sed
318 813 421 840 tamen,
439 810 477 835 mi
488 810 579 841 Paete,
597 811 645 845 qui
661 810 711 836 tibi
722 810 796 835 venit
807 810 833 835 in

37 883 176 919 plebeium
189 882 291 910 fuisse?
301 884 421 910 Fuerunt
432 884 504 910 enim
515 885 835 919 patriciiminorumgen—

37 922 120 952 tium,
138 929 253 956 quorum
268 921 394 956 princeps
409 921 439 948 L.
456 922 579 956 Papirius
590 922 768 958 Mugillanus,
787 922 835 956 qui

37 967 133 985 censor
147 967 210 984 eum
226 959 255 985 L.
268 958 426 993 Sempronio
436 958 558 986 Atratino
574 959 638 991 fuit,
656 968 741 995 quum
758 964 834 986 antea

38 1038 92 1060 tam
103 1042 201 1060 cccxxi.
241 1033 294 1059 Sed
306 1037 363 1059 tum
374 1034 474 1068 Papisii
486 1034 660 1061 dicebamini.
689 1036 751 1061 Post
762 1035 834 1060 hunc

37 1079 86 1097 xm
101 1070 210 1097 fuerunt
225 1070 290 1097 sella
309 1070 398 1097 curuli
419 1076 479 1098 ante
495 1072 525 1098 L.
542 1073 679 1107 Papirium
695 1072 832 1103 Crassum,

37 1108 86 1143 qui
102 1108 221 1143 primum
232 1109 357 1143 Papisius
372 1113 413 1135 est
427 1110 517 1136 vocari
532 1109 645 1136 desitus.
686 1111 711 1136 ls
722 1110 835 1136 dictator

37 1154 100 1172 cum
110 1146 141 1172 L.
154 1146 259 1180 Papirio
270 1145 393 1176 Cursore,
406 1147 535 1182 magistro
544 1148 677 1182 equitum,
686 1147 772 1174 factus
783 1152 832 1178 est,

38 1183 116 1209 annis
130 1187 192 1218 post
201 1184 313 1209 Romam
328 1183 463 1210 conditam
480 1193 597 1215 ccccxv,
615 1189 640 1211 et
655 1185 834 1220 quadriennio

37 1224 98 1255 post
108 1219 202 1246 consul
214 1229 276 1246 cum
288 1220 317 1247 C.
329 1220 439 1247 Duillio.
466 1221 542 1247 Hunc
553 1227 663 1249 secutus
674 1227 714 1249 est
724 1222 831 1254 Cursor,

37 1258 117 1284 homo
133 1257 211 1283 valde
227 1257 385 1290 honoratus;
412 1258 509 1285 deinde
526 1259 555 1285 L.
573 1259 660 1286 Masso
676 1259 831 1287 aedilicius:

37 1294 100 1321 inde
111 1294 189 1321 multi
200 1295 350 1327 Massones3
365 1304 480 1330 quorum
491 1296 603 1331 quidem
614 1302 642 1323 tu
653 1298 774 1323 omnium
786 1305 835 1332 pa-

37 1332 176 1359 triciorum
188 1332 321 1368 imagines
332 1332 432 1359 habeas
444 1333 514 1360 volo.
541 1335 566 1360 3.
587 1334 688 1361 Deinde
699 1334 834 1361 Carbones

37 1374 64 1396 et
73 1369 157 1395 Turdi
169 1370 359 1404 insequuntur.
400 1371 432 1396 Hi
444 1370 544 1405 plebeii
555 1370 676 1405 suerunt3
691 1381 759 1407 quos
770 1380 835 1399 con-

37 1411 140 1434 temnas
159 1415 266 1433 censeo.
316 1408 383 1433 Nam
404 1413 508 1442 praeter
528 1408 600 1435 hunc
621 1409 650 1436 C.
673 1409 831 1440 Carbonem,

37 1444 304 1479 quemDamasippus
315 1445 421 1476 occidit,
430 1446 498 1471 civis
510 1454 523 1472 e
536 1446 674 1481 republica
681 1447 833 1474 Carbonum

36 1490 116 1508 nemo
128 1480 188 1508 fuit.
209 1481 391 1517 Cognovimus
403 1482 451 1509 Cn.
460 1483 607 1510 Carbonem
620 1489 645 1511 et
655 1485 713 1511 eius
726 1484 833 1512 fratrem

37 1527 171 1546 scurram:
183 1518 251 1554 quid
263 1519 305 1546 his
318 1520 486 1555 improbius?
496 1521 532 1547 De
544 1521 593 1547 hoc
604 1522 690 1548 amico
701 1531 769 1554 meo,
780 1523 834 1549 Ru-

37 1556 110 1583 briae
123 1556 186 1587 filio,
201 1556 269 1582 nihil
281 1556 350 1583 dico.
383 1557 446 1584 Tres
458 1557 498 1584 illi
511 1558 604 1586 fratres
616 1559 699 1591 suere,
713 1561 741 1586 P.
754 1560 789 1586 M.
802 1560 831 1586 C.

36 1593 180 1621 Carbones.

37 1629 107 1667 fugit
119 1631 224 1657 Marcus
241 1640 274 1658 ex
289 1631 394 1664 Sicilia3
413 1633 507 1664 Caius,
527 1639 669 1661 accusante
686 1635 712 1661 L.
725 1635 830 1665 Crasso,

36 1668 206 1695 cantharidas
218 1669 368 1703 sumpsisse
380 1669 488 1696 dicitur.

36 1705 181 1733 seditiosus
192 1711 218 1732 et
228 1706 256 1732 P.
264 1706 389 1733 Africano
400 1708 456 1733 vim
468 1708 589 1735 attulisse
601 1710 771 1736 existimatus
782 1714 831 1736 est.

36 1743 90 1769 Hoc
109 1751 184 1774 vero,
202 1744 250 1778 qui
266 1743 388 1780 Lilybaei
404 1754 417 1771 a
430 1745 556 1780 Pompeio
572 1751 661 1773 nostro
672 1752 712 1773 est
723 1747 833 1774 interse-

36 1784 109 1811 ctus,
127 1781 274 1815 improbior
289 1789 367 1808 nemo
383 1791 441 1808 meo
460 1783 561 1809 iudicio
583 1783 641 1810 suit.
683 1785 737 1810 lam
758 1790 833 1819 pater

36 1818 104 1848 eius,
118 1822 258 1844 accusatus
271 1827 284 1845 a
296 1819 331 1845 M.
344 1819 468 1850 Antonio,
481 1821 583 1847 sutorio
594 1826 741 1848 atramento
753 1822 832 1849 abso-

36 1853 109 1881 lutus
130 1859 247 1889 putatur.
291 1855 378 1888 Quare
404 1857 436 1883 ad
458 1862 547 1892 patres
572 1867 667 1885 censeo
687 1864 830 1886 revertare.

36 1890 138 1918 Plebeii
149 1900 231 1927 quam
244 1891 343 1920 fuerint
354 1894 510 1929 importuni.
525 1895 611 1922 vides.

90 1986 166 2007 xxu.
185 1986 262 2007 ΛΚΕ.
279 1987 348 2007 Paeto
363 1988 493 2012 alannum,
512 1995 554 2015 qun
568 1989 591 2010 in
606 1989 703 2017 epistula
711 1998 765 2012 unu·
776 1995 830 2017 erat,

36 2021 164 2042 vocabulum
177 2022 302 2049 exprobrat.
314 2022 415 2042 damnata
421 2022 544 2044 Stoicorum
555 2023 578 2044 in
589 2024 698 2052 loquendo
708 2025 800 2047 licentia
810 2030 832 2048 et

36 2055 125 2078 laudata
135 2056 238 2078 Plutoni·
248 2056 387 2077 verecundia.
417 2059 481 2079 (Λιιιιυ
491 2060 577 2082 iun-rio.)

251 2119 418 2146 cicERo
440 2102 613 2149 'maro

92 2165 116 2191 l.
137 2159 211 2191 Amo
233 2164 423 2192 verecundiam
445 2165 487 2192 vel
508 2168 598 2201 potius
621 2167 769 2196 libertatem
793 2169 831 2197 lo-

36 2201 146 2237 quendi.
173 2202 256 2237 Atqui
268 2202 317 2228 hoc
328 2203 426 2229 Zenoni
438 2203 548 2237 placuit,
563 2204 664 2232 homini
677 2207 830 2234 mehercule
853 2205 854 2210 ¹

37 2243 125 2266 acuto:
139 2240 189 2266 etsi
200 2239 359 2266 Academiae
371 2245 476 2266 nostrae
487 2249 548 2267 cum
560 2250 591 2268 eo
602 2251 698 2279 magna
710 2245 767 2271 rixa
779 2250 828 2271 est.

35 2274 97 2308 Sed,
109 2281 138 2303 ut
148 2276 218 2308 dico,
232 2277 318 2312 placet
328 2278 433 2307 stoicis.
446 2286 495 2304 suo
506 2287 642 2314 quamque
655 2290 710 2307 rem
722 2283 830 2309 nomine

37 2313 181 2349 appellare.
221 2314 264 2340 Sic
276 2315 347 2341 euim
360 2315 506 2345 disserunt.
521 2316 588 2342 nihil
600 2326 658 2343 esse
670 2318 827 2350 obscenum,

37 2349 104 2378 nihil
122 2355 199 2386 turpe
214 2351 299 2378 dictu.
340 2353 420 2383 Nam.
443 2354 466 2379 si
482 2353 554 2387 quod
571 2355 605 2380 sit
624 2355 651 2380 in
666 2355 829 2383 obscenitate

36 2385 180 2423 flagitium,
199 2388 226 2415 id
242 2394 287 2416 aut
304 2389 330 2416 in
347 2399 374 2416 re
386 2399 458 2420 esse,
476 2395 521 2417 aut
538 2391 563 2416 in
577 2391 672 2418 verbo:
691 2392 758 2419 nihil
771 2402 829 2420 esse

36 2425 153 2452 tertium.
193 2426 222 2452 ln
234 2435 260 2452 re
273 2435 324 2453 non
336 2432 385 2454 est.
426 2428 517 2462 Itaque
530 2437 580 2454 non
597 2429 675 2455 modo
687 2430 712 2456 in
724 2438 830 2457 comoe-

37 2460 89 2488 diis
100 2470 142 2489 res
153 2463 211 2497 ipsa
223 2469 354 2495 narratur,
368 2469 397 2491 ut
408 2464 453 2491 ille
466 2465 491 2491 in
504 2465 656 2501 Demiurgo,

109 2499 185 2526 Modo
197 2503 262 2534 sorte
272 2516 308 2521 —

38 2535 106 2563 nosti
116 2537 264 2564 canticum:
279 2539 426 2565 meministi
439 2539 573 2568 Roscium.

109 2587 145 2593 —
153 2589 190 2594 —
200 2577 237 2601 ila
248 2580 287 2602 me
296 2578 408 2602 destituit
421 2579 515 2603 mictum
527 2592 562 2596 —

37 2613 106 2636 totus
125 2615 166 2638 est
185 2619 272 2639 sermo
288 2613 378 2640 verbis
395 2618 493 2644 tectim,
516 2623 542 2640 re
563 2614 756 2648 impudentior:
780 2615 827 2642 scd

37 2646 115 2674 etiam
127 2647 154 2674 in
166 2649 319 2684 tragoediis.
360 2650 431 2683 Quid
442 2656 481 2678 est
493 2652 564 2678 enini
579 2651 663 2678 illud?

856 978 857 999 t
886 969 931 996 ille
948 970 1044 996 tectius
1056 979 1155 1003 penem.

38 995 133 1023 consul
143 1004 205 1022 cum
217 995 312 1022 eodem
323 995 433 1027 fuisset,
451 997 529 1023 annis
544 1002 605 1031 post
616 998 726 1024 Romam
741 997 835 1023 condi·
856 1006 857 1034 g
885 1007 1032 1034 obscenum
1043 1029 1047 1038 ς
1065 1017 1147 1042 quam
1159 1008 1186 1035 id
1198 1009 1325 1042 verbum,
1339 1020 1392 1046 quo
1402 1016 1430 1038 m
1442 1021 1509 1038 usus
1520 1020 1558 1038 es.

222 1593 335 1620 Publius
351 1594 445 1622 Flacco
465 1601 606 1623 accusante
623 1597 830 1629 condemnatus3
854 1601 863 1615 ¹¹

530 1671 554 1697 Is
569 1676 595 1697 et
606 1672 732 1698 tribunus
744 1672 832 1707 plebis
854 1678 855 1693 ἒ

850 2652 852 2678 i

1629 123 1674 148 73⁴

959 203 996 207 —
1006 203 1043 207 —
1056 188 1126 219 Quae
1137 190 1228 215 mulier
1238 199 1288 216 uua

886 224 962 259 quid,
976 225 1097 260 inquam,
1111 225 1168 252 est‘?

960 265 1068 296 πλαιν-ραι
1079 265 1174 296 duplex
1185 263 1286 290 cubile?

886 297 955 330 Quid
963 298 976 318 ‘7

1165 353 1202 357 —
1211 353 1247 357 ——
1258 353 1294 358 —
1305 339 1388 366 Huius
1398 339 1473 366 Feret·

960 375 1000 399 hic
1011 375 1092 400 cubile
1103 376 1169 401 inire
1179 380 1214 401 esl
1225 384 1310 402 ausus.

886 409 957 442 Quid
969 409 1026 436 est‘?

966 448 1092 481 i'z‘rqinem
1101 458 1140 474 me
1150 452 1276 483 quondam
1292 453 1398 477 inritam
1411 455 1458 484 pe'r
1468 454 1517 477 vim
1530 453 1608 478 violae
1620 453 1681 485 Iup-

1292 490 1369 520 piler.

886 521 969 548 Bene:
987 523 1081 548 violat:
1099 523 1174 557 atqui
1190 522 1262 549 idem
1280 525 1428 560 significat:
1445 526 1493 552 sed
1509 526 1622 553 alterum
1635 535 1682 553 ne-

887 567 930 585 mo
945 558 1060 585 tulisset.
1100 561 1125 586 2.
1150 560 1232 587 Vides
1248 561 1344 597 igitur,
1366 572 1451 598 quum
1467 563 1560 590 eadem
1576 572 1619 590 res
1635 565 1679 595 sit,

886 597 950 631 quia
966 596 1048 622 verba
1065 605 1116 623 non
1128 598 1194 628 sint,
1213 598 1281 624 nihil
1298 600 1384 626 videri
1398 605 1485 635 turpe.
1524 602 1595 637 Ergo
1611 602 1637 627 in
1654 610 1681 627 re

887 642 939 659 non
951 638 1003 664 est,
1017 633 1101 660 multo
1113 635 1203 661 minus
1215 636 1242 661 in
1255 636 1355 663 verbis
1397 638 1425 664 Si
1438 639 1523 669 enim,
1537 638 1609 673 quod
1622 647 1681 665 ver-

887 670 920 697 bo
930 671 1107 706 significatur,
1121 671 1149 697 id
1160 677 1237 707 turpe
1248 682 1300 700 non
1311 679 1360 705 est,
1374 675 1497 706 verbum,
1511 676 1583 710 quod
1595 676 1682 711 signi-

887 707 959 738 fieat,
978 712 1056 743 turpe
1071 717 1131 734 esse
1147 718 1198 735 non
1214 715 1310 744 potest.
1351 712 1431 737 Auum
1453 713 1573 747 appellas
1595 713 1681 739 alieno

886 746 1007 771 nomine:
1025 754 1073 771 cur
1087 754 1139 772 non
1150 755 1199 772 suo
1210 747 1317 781 potius‘?
1354 748 1382 774 Si
1393 753 1470 784 turpe
1481 755 1534 776 est.
1551 759 1583 776 ne
1595 750 1681 777 alieno

886 782 1012 817 quidem;
1030 783 1053 809 si
1065 792 1117 809 non
1129 788 1181 814 est,
1195 793 1244 810 suo
1256 786 1355 819 potius.
1397 787 1512 813 caudam
1524 788 1627 822 antiqui
1637 797 1681 820 pe-

886 829 941 846 nem
953 819 1095 846 vocabant:
1112 829 1145 847 ex
1156 829 1210 855 quo
1221 827 1261 848 est
1272 828 1380 858 propter
1390 824 1599 850 similitudinem
1608 828 1682 858 peni-

887 859 971 883 cillus.
1012 858 1045 884 At
1061 857 1140 884 hodie
1153 861 1227 891 penis
1241 860 1319 886 estin
1330 861 1464 888 obscenis.
1505 862 1539 888 At
1549 870 1612 888 vero
1622 862 1682 888 Piso

886 894 931 921 ille
943 895 1025 931 Frugi
1040 895 1067 921 in
1082 895 1233 922 Annalibus
1244 898 1302 924 suis
1313 899 1436 932 queritur
1445 901 1614 925 adolescentes
1623 902 1682 933 peni

885 934 982 959 deditos
993 941 1053 959 esse.
1079 932 1156 965 Quod
1170 938 1198 960 tu
1209 934 1237 960 in
1248 935 1359 969 epistola
1371 936 1491 971 appellas
1502 945 1551 963 suo
1563 937 1679 963 nomine.

1196 971 1248 998 Sed
1264 973 1327 1007 quia
1348 974 1440 1006 multi,
1459 974 1559 1000 factum
1573 979 1613 1001 est
1628 979 1681 1000 tam

1599 1011 1679 1044 Quid.

886 1045 958 1080 quod
975 1045 1057 1081 vulgo
1072 1045 1184 1077 diciturv
1204 1048 1286 1079 Quum
1304 1057 1348 1074 nos
1364 1054 1385 1075 te
1400 1051 1526 1075 voluimus
1540 1052 1681 1079 convenire,

886 1091 951 1108 num
967 1082 1115 1109 obscenum
1131 1083 1188 1110 est?
1208 1085 1319 1112 Memini
1330 1087 1358 1112 in
1369 1092 1463 1113 senatu
1475 1086 1606 1113 disertum
1618 1095 1682 1113 con-

886 1120 1003 1146 sularem
1015 1121 1051 1147 ita
1062 1120 1166 1156 eloqui:
1180 1122 1254 1148 Hanc
1267 1125 1366 1156 culpam
1374 1127 1503 1155 maiorem,
1513 1133 1547 1150 an
1559 1126 1629 1150 illam
1641 1127 1682 1149 di-

886 1157 961 1183 cam?
976 1158 1064 1184 Potuit
1078 1158 1242 1186 obscenius?
1262 1161 1333 1192 Non,
1351 1162 1452 1196 inquis.
1493 1163 1551 1188 Non
1563 1162 1635 1188 enim
1648 1162 1681 1188 ita

885 1195 979 1222 sensit.
1021 1196 1079 1222 Non
1095 1205 1157 1232 ergo
1176 1197 1203 1223 in
1220 1198 1302 1224 verbo
1317 1204 1367 1225 est.
1407 1200 1490 1226 Docui
1507 1204 1595 1226 autem
1611 1200 1638 1225 in
1655 1208 1681 1225 re

885 1241 938 1259 non
949 1241 1021 1259 esse:
1035 1242 1170 1268 nusquam
1182 1235 1265 1270 igitur
1276 1240 1325 1262 est.
1347 1239 1372 1263 3.
1386 1237 1484 1263 Liberis
1494 1239 1557 1263 clare
1567 1246 1679 1270 operam.

885 1278 966 1304 quam
992 1270 1103 1297 honeste
1126 1271 1238 1298 dicitur!
1270 1273 1356 1299 Etiam
1378 1279 1466 1308 patres
1487 1279 1579 1309 rogant
1601 1273 1680 1300 filios,

885 1308 951 1334 Eius
967 1316 1062 1342 operae
1077 1317 1174 1335 nomen
1190 1319 1241 1336 non
1253 1310 1353 1337 audent
1363 1311 1462 1337 dicere.
1503 1312 1637 1337 Socratem
1651 1311 1682 1336 ii—

885 1345 967 1371 dibus
978 1345 1069 1372 docuit
1080 1346 1267 1373 nobilissimus
1280 1348 1386 1374 fidicen.
1428 1350 1452 1374 Is
1466 1349 1566 1375 Connus
1582 1349 1682 1375 vocita-

885 1387 928 1409 tus
943 1387 992 1409 est.
1033 1384 1103 1409 Num
1120 1383 1147 1409 id
1163 1384 1310 1411 obscenum
1327 1385 1423 1420 putas‘?
1438 1386 1528 1418 Quum
1545 1386 1682 1420 loquimur

886 1421 967 1451 terni,
984 1420 1051 1446 nihil
1064 1420 1158 1457 flagitii
1169 1422 1301 1449 dicimus:
1320 1428 1345 1449 at
1356 1432 1440 1458 quum
1452 1425 1517 1453 bini,
1534 1423 1680 1449 obscenum

886 1463 935 1484 est.
961 1458 1072 1484 Graecis
1083 1458 1204 1494 quidem,
1219 1460 1337 1494 inquies.
1371 1460 1444 1487 Nihil
1456 1465 1495 1486 est
1507 1469 1570 1496 ergo
1581 1462 1608 1487 in
1622 1470 1682 1487 ver-

886 1495 931 1527 bo;
951 1495 1059 1530 quando
1070 1501 1095 1523 et
1105 1505 1154 1532 ego
1165 1497 1266 1523 Graece
1277 1498 1345 1529 scio,
1359 1502 1384 1524 et
1395 1503 1482 1524 tamen
1495 1498 1544 1524 tibi
1555 1498 1628 1525 dico.
1643 1500 1682 1524 bi—

886 1535 926 1558 71i:
939 1533 1021 1568 idque
1033 1538 1060 1560 tu
1073 1533 1148 1564 sacis.
1162 1535 1240 1569 quasi
1252 1543 1302 1571 ego
1313 1536 1422 1566 Graece,
1437 1544 1488 1562 non
1501 1530 1593 1562 Latine
1604 1535 1681 1562 dixe-

885 1571 947 1596 rim.
988 1571 1054 1597 Ruta
1066 1576 1091 1597 et
1102 1577 1197 1602 menta,
1211 1577 1280 1599 recte
1292 1577 1447 1608 utrumque.
1487 1573 1552 1599 Volo
1564 1578 1680 1599 mentam

885 1607 1013 1642 pusillam
1025 1609 1060 1634 ita
1072 1609 1220 1643 appellare,
1239 1615 1268 1636 ut
1283 1613 1411 1636 rutulam.-
1428 1619 1479 1636 non
1497 1610 1567 1637 licet.
1609 1611 1680 1636 Bella

886 1647 1032 1671 tectoriola:
1048 1645 1091 1672 dic
1106 1655 1169 1682 ergo
1184 1648 1264 1673 etiam
1280 1648 1432 1682 pavimenta
1449 1649 1500 1674 isto
1515 1648 1607 1674 modo:
1629 1656 1680 1674 nou

861 1697 863 1706 A
884 1687 969 1717 potes.
1009 1683 1102 1710 Viden*
1115 1684 1197 1719 igitur
1207 1684 1276 1711 nihil
1287 1694 1359 1717 esse,
1380 1686 1432 1712 nisi
1449 1686 1577 1720 ineptias:
1595 1686 1682 1720 turpi-

884 1719 1007 1746 tudinem
1019 1729 1067 1746 nec
1080 1721 1106 1747 in
1119 1722 1201 1749 verbo
1212 1731 1271 1749 esse
1283 1723 1369 1749 necin
1381 1731 1421 1754 re,
1439 1723 1530 1758 itaque
1546 1731 1680 1757 nusquam

884 1756 962 1783 esse?
996 1759 1020 1784 4.
1041 1759 1125 1794 Igitur
1142 1759 1168 1785 in
1183 1760 1274 1787 verbis
1286 1760 1405 1787 honestis
1415 1760 1531 1786 obscena
1543 1761 1678 1795 ponimus.

883 1794 955 1827 Quid
976 1795 1067 1821 enim?
1091 1805 1142 1823 non
1164 1797 1306 1824 honestum
1326 1798 1440 1824 verbum
1460 1803 1500 1824 est
1517 1798 1629 1824 dit-isio?
1649 1798 1682 1824 At

884 1833 954 1859 inest
964 1833 1121 1864 obscenum,
1135 1836 1178 1861 cui
1190 1835 1333 1870 respondet
1345 1837 1515 1868 intercapedo.
1533 1836 1603 1861 Num
1616 1835 1681 1861 haec

884 1878 947 1906 ergo
962 1871 1078 1897 obscena
1094 1871 1174 1899 sunt‘?
1194 1873 1248 1899 Nos
1264 1878 1352 1899 autem
1368 1872 1495 1903 ridicule,
1512 1873 1536 1898 si
1552 1872 1678 1901 dicimus,

884 1909 927 1934 ille
934 1913 1035 1941 patrem
1045 1912 1231 1943 strangulat-it,
1248 1910 1375 1937 honorem
1388 1919 1439 1937 non
1452 1910 1617 1945 praefamur:
1638 1910 1680 1935 sin

884 1945 917 1971 de
933 1945 1041 1972 Aurelia
1057 1945 1161 1981 aliquid
1177 1952 1223 1974 aut
1234 1947 1332 1978 Lollia,
1351 1948 1434 1974 honos
1450 1947 1613 1982 praefandus
1629 1952 1678 1973 cst.

883 1982 916 2009 Et
926 1983 1037 2018 quidem
1050 1984 1102 2009 iam
1114 1985 1194 2011 etiam
1205 1994 1257 2011 non
1268 1985 1383 2011 obscena
1396 1985 1476 2011 verba
1492 1993 1540 2020 pro
1555 1985 1680 2011 obscenis

883 2025 956 2046 sunt.
998 2021 1098 2051 Ratun,
1116 2022 1217 2057 inquit,
1236 2022 1419 2057 impudentem
1437 2025 1517 2056 clepsit
1533 2022 1617 2048 multo
1629 2023 1681 2047 im-

883 2057 1040 2092 pudentius.
1081 2059 1162 2094 Atqui
1179 2064 1304 2086 neutrum
1325 2065 1366 2086 est
1382 2060 1540 2086 obscenum.
1581 2058 1680 2085 Stulto-

883 2104 943 2121 rum
960 2095 1038 2129 plena
1055 2101 1118 2122 sunt
1132 2098 1232 2123 omnia.
1276 2098 1370 2125 Testes.
1391 2097 1504 2123 verbum
1521 2097 1679 2123 honestissi—

883 2141 958 2159 mum
970 2132 997 2158 in
1009 2133 1123 2163 iudicio.
1142 2133 1194 2160 alio
1206 2133 1262 2160 loco
1274 2143 1325 2160 non
1338 2134 1429 2160 nimis.
1470 2134 1503 2160 At
1519 2134 1622 2160 honesti
1638 2143 1679 2159 «Ἰ»-

883 2172 916 2196 lei
927 2171 1069 2196 Lamwiui:
1089 2170 1223 2197 Clitor-mni
1238 2180 1289 2197 non
1307 2171 1420 2197 honesti.
1461 2171 1551 2203 Quid?
1568 2173 1625 2205 ipsa
1638 2180 1679 2196 res

883 2207 962 2233 modo
977 2206 1100 2237 honesta.
1119 2207 1198 2233 modo
1209 2208 1314 2242 turpis?
1328 2208 1462 2241 Suppedil.
1483 2207 1613 2243 flagitium
1628 2213 1676 2233 est⁴

883 2245 937 2270 lain
948 2244 998 2270 erit
1009 2244 1098 2270 nudus
1111 2245 1137 2270 in
1154 2244 1262 2275 balneo,
1281 2254 1332 2271 non
1349 2245 1538 2279 reprehendes.
1579 2247 1604 2271 ὕ.
1628 2245 1678 2270 lla-

883 2282 930 2308 bes
941 2281 1061 2307 scholam
1073 2282 1187 2307 Stoicam
1196 2302 1202 2312 ,
1215 2282 1229 2308 ὁ
1240 2282 1325 2315 unqe.-
1336 2281 1570 2318 εὐθυῤῥιψοι-ἠσει.
1592 2284 1677 2314 Quam

883 2319 965 2345 multa
981 2327 1014 2344 cx
1030 2327 1083 2344 uuo
1099 2319 1181 2344 verbo
1196 2318 1257 2345 tuo‘?
1277 2319 1312 2345 Te
1329 2319 1458 2345 adversus
1475 2328 1517 2345 mc
1528 2321 1617 2345 omniu
1629 2327 1678 2345 uu—

881 2356 944 2382 dcre
955 2360 1060 2391 gratum
1071 2359 1119 2381 cst.
1162 2356 1217 2391 Ego
1228 2365 1306 2382 servo
1316 2362 1340 2383 ct
1352 2357 1474 2386 servabo,
1491 2357 1540 2390 (sic
1551 2357 1622 2382 cuim
1635 2365 1678 2382 as-

859 2419 860 2422 ,
881 2394 980 2428 suevi.)
992 2392 1109 2419 Platonis
1120 2393 1320 2419 verecundiam.
1356 2394 1446 2428 ltaque
1458 2394 1534 2420 tectis
1546 2393 1636 2419 verbis
1647 2402 1676 2419 en

859 2429 861 2439 ‘
881 2430 913 2456 ad
926 2436 950 2456 te
962 2430 1068 2464 scripsi.
1082 2438 1151 2464 quae
1163 2431 1341 2465 apertissimis
1353 2437 1435 2465 agunt
1447 2431 1539 2457 Stoici.
1571 2430 1624 2456 Sed
1637 2431 1676 2457 illi

858 2476 861 2502 ,¹
880 2469 959 2494 etiam
972 2467 1090 2502 crepitus
1102 2467 1176 2494 niunt
1187 2477 1271 2503 acque
1284 2468 1382 2494 liberos
1395 2477 1424 2494 nc
1435 2474 1676 2503 riu-tuscsseopor-

881 2510 944 2531 tere.
986 2505 1116 2531 llonorem
1127 2505 1210 2541 igitur
1221 2505 1348 2531 Kalendis
1363 2506 1438 2532 Μιινι.
1473 2506 1511 2532 Τιι
1523 2514 1565 2532 me
1577 2505 1675 2542 diliges

858 2545 860 2566 t
880 2548 905 2569 et
919 2542 1032 2569 valebis.

935 2628 1020 2649 xxm.
1041 2629 1056 2649 A
1066 2628 1115 2649 ΚΟ.
1133 2629 1165 2649 Ad
1177 2629 1268 2649 Pau-tunt
1279 2636 1303 2649 ne
1314 2636 1363 2649 meu
1374 2633 1488 2650 tenturum
1499 2629 1594 2651 nuntiat.

1039 2666 1067 2687 (ln
1079 2666 1256 2685 (‘===1=n·w.ta-›m
1271 2666 1302 2683 ΙΙΙ.
1315 2666 1387 2690 Lepido
1398 2674 1444 2684 cun.
1455 2667 1510 2687 ῗοδ.)

1407 2701 1468 2729 92·
