1941 3052
470 143 559 170 PRO
592 144 621 170 T.

84 216 191 244 homine
202 215 288 242 occiso
299 218 449 250 quaeratur,
462 219 509 241 aut
520 215 609 251 negari
621 214 705 241 solere
715 215 823 241 omnino
834 223 877 241 es·

83 263 112 281 se
127 254 226 280 factum
240 256 286 279 aut
301 256 369 278 recte
384 260 413 277 ac
424 252 481 278 iure
493 252 591 278 sactum
604 261 661 278 esse
672 251 799 278 defendi?
819 252 877 278 Nisi

84 300 146 318 vero
159 290 328 321 existimatis,
341 289 491 315 dementem
504 290 532 316 P.
545 289 700 316 Africanum
712 289 804 320 luisse,
818 290 874 324 qui,

82 337 169 364 quum
180 337 194 354 a
205 327 234 354 C.
247 327 365 354 Carbone
377 327 484 353 tribuno
495 327 581 361 plebis
593 328 620 354 in
631 328 757 354 concione
768 326 878 353 seditio-

83 375 112 393 se
127 366 340 400 interrogaretur,
357 364 424 399 quid
440 364 472 390 de
488 365 526 390 Ti.
539 364 651 391 Gracchi
664 369 746 391 morte
757 364 874 394 sentiret,

83 402 258 438 responderit,
275 402 333 428 iure
348 410 456 428 caesum
472 402 566 428 videri.
602 403 695 437 Neque
706 402 776 428 enim
788 405 878 436 posset

83 445 128 467 aut
138 439 222 466 Ahala
233 439 278 465 ille
290 439 430 470 Servilius,
443 439 523 465 autP.
536 439 639 470 Nasica,
653 438 875 473 autL.Opimius,

82 482 128 505 aut
148 477 177 504 C.
199 477 308 508 Marius,
327 481 372 503 aut
386 485 428 502 me
442 476 551 503 consule
566 481 675 503 senatus
691 485 743 503 non
758 475 877 502 nefarius

82 514 184 546 haberi,
197 515 221 540 si
232 514 372 540 sceleratos
383 514 456 540 cives
467 513 580 540 interfici
591 513 665 540 nefas
677 518 756 540 esset.
786 513 878 548 Itaque

82 552 140 583 hoc,
158 551 270 583 iudices⁷
289 560 340 578 non
357 552 414 577 sine
428 560 522 577 caussa
539 552 617 577 etiam
634 551 701 577 fictis
716 550 815 577 fabulis
831 550 879 576 do-

82 589 196 617 ctissimi
208 589 330 615 homines
342 589 484 615 memoriae
495 588 678 623 prodiderunt,
692 596 763 618 eum,
775 588 823 622 qui
830 596 877 622 pa-

82 627 130 654 tris
146 626 292 653 ulciscendi
308 635 401 652 caussa
416 630 526 652 matrem
539 626 696 656 necavisset,
710 625 818 651 variatis
831 625 878 651 ho-

82 665 187 690 minum
199 664 337 690 sententiis
349 672 400 690 non
412 663 499 689 solum
510 663 610 694 divina,
623 662 671 689 sed
682 662 761 688 etiam
771 662 878 696 sapien—

83 702 203 728 tissimae
218 700 282 727 deae
297 701 427 727 sententia
444 700 594 726 liberatum.
617 701 641 726 9.
654 699 730 732 Quod
742 700 765 725 si
776 699 878 725 duode-

83 739 136 765 cim
161 738 266 765 tabulae
286 743 446 764 nocturnum
468 737 554 763 furem
572 745 681 772 quoquo
696 737 784 767 modo,
802 736 877 762 diur-

82 785 150 802 num
165 780 262 805 autem,
275 775 299 801 si
310 784 338 801 se
350 775 401 801 telo
411 774 572 805 defenderet,
586 774 698 800 interfici
708 775 819 808 impune
830 782 877 800 vo-

83 813 198 844 luerunt,
216 813 276 848 quis
292 817 340 844 est,
357 812 414 847 qui,
432 820 541 847 quoquo
555 811 633 838 modo
647 812 709 846 quis
721 811 876 838 interfectus

82 851 125 882 sit,
143 849 311 885 puniendum
327 854 409 884 putet,
427 858 513 884 quum
530 849 618 875 videat
632 849 776 884 aliquando
790 848 877 884 gladi-

82 897 128 915 um
139 887 216 914 nobis
231 887 264 913 ad
275 887 410 913 hominem
422 886 597 913 occidendum
609 886 641 912 ab
653 887 720 921 ipsis
732 887 832 921 porrigi
840 885 877 912 le-

81 924 181 961 gibus?
210 924 253 951 lv,
270 924 351 959 Atqui
368 925 391 950 si
405 928 512 959 tempus
528 929 568 950 est
583 923 671 950 ullum
686 924 745 950 iure
760 924 876 950 hominis

81 962 202 993 necandi,
224 970 293 997 quae
308 961 392 988 multa
406 966 482 995 sunt;
514 966 584 988 certe
600 961 668 987 illud
684 966 786 988 estnon
798 960 877 987 modo

81 1000 193 1031 iustum,
211 1008 305 1026 verum
319 999 399 1025 etiam
414 999 604 1030 necessarium,
618 1007 703 1034 quum
714 999 741 1025 vi
752 999 793 1024 vis
805 998 877 1024 illata

80 1037 242 1064 detenditur.
282 1037 441 1063 Pudicitiam
461 1045 547 1072 quum
568 1037 682 1071 eriperet
696 1036 776 1062 militi
792 1036 878 1062 trihu-

81 1083 133 1102 nus
152 1074 276 1101 militaris
296 1074 324 1101 in
344 1075 462 1101 exercitu
484 1073 512 1101 C.
531 1074 616 1104 Marii,
634 1074 803 1108 propinquus
819 1073 877 1099 eius

80 1112 257 1147 imperatoris,
280 1111 434 1138 interfectus
450 1111 483 1138 ab
499 1120 529 1138 eo
543 1115 591 1142 est,
610 1112 653 1137 cui
670 1112 725 1137 vim
741 1111 874 1137 afferebat.

81 1149 175 1176 Facere
191 1150 262 1176 enim
273 1149 373 1184 probus
387 1149 540 1176 adolescens
552 1148 710 1184 periculose,
724 1157 805 1184 quam
817 1157 878 1183 per-

80 1187 134 1222 peti
145 1187 258 1221 turpiter
269 1186 372 1213 maluit.
394 1186 481 1221 Atque
493 1187 564 1213 hunc
575 1186 621 1213 ille
633 1187 673 1212 vir
683 1195 808 1213 summus
820 1194 877 1212 sce-

82 1224 134 1251 lere
149 1224 269 1251 solutum
284 1223 403 1259 periculo
419 1223 551 1250 liberavit.
590 1225 630 1250 40.
648 1224 799 1250 Insidiatori
815 1231 878 1249 vero

80 1266 106 1288 et
121 1261 214 1288 latroni
229 1270 298 1296 quae
313 1266 400 1296 potest
411 1261 501 1288 inferri
513 1261 611 1287 iniusta
624 1261 693 1287 nex‘?
713 1261 783 1293 Quid
794 1261 878 1287 comi-

80 1303 151 1326 tatus
172 1299 265 1330 nostri,
286 1299 353 1334 quid
373 1298 455 1334 gladii
477 1298 589 1325 volunt?
611 1307 679 1333 quos
696 1299 793 1325 habere
807 1303 877 1324 certe

80 1345 132 1363 non
150 1336 248 1367 liceret,
266 1336 289 1362 si
305 1337 344 1363 uti
359 1336 414 1362 illis
429 1335 504 1363 nullo
519 1340 595 1371 pacto
606 1335 705 1362 liceret.
736 1336 784 1362 Est
795 1336 877 1372 igitur

80 1373 155 1405 haec,
177 1374 289 1405 iudices,
307 1382 359 1400 non
375 1374 482 1408 scripta,
499 1373 547 1400 sed
563 1377 622 1399 nata
639 1373 696 1399 lex:
727 1382 808 1408 quam
825 1374 876 1399 non

79 1411 234 1442 didicimus,
250 1411 411 1445 accepimus,
425 1411 551 1446 legimus,
565 1419 658 1437 verum
670 1419 703 1437 ex
714 1415 806 1437 natura
818 1411 876 1445 ipsa

81 1449 254 1484 arripuimuS,
269 1448 418 1479 hausimus,
435 1448 628 1483 expressimus,
642 1448 674 1474 ad
682 1457 763 1483 quam
771 1447 877 1474 nondo-

80 1487 124 1517 cti,
146 1486 193 1513 sed
208 1485 278 1517 facti,
296 1494 347 1512 non
364 1486 487 1517 instituti,
505 1485 552 1512 sed
569 1486 665 1512 imbuti
683 1494 788 1517 sumus,
802 1490 838 1516 ut,
852 1485 875 1511 si

80 1524 133 1550 vita
154 1529 241 1550 nostra
260 1524 288 1549 in
308 1523 412 1558 aliquas
432 1523 552 1554 insidias,
571 1523 592 1549 si
614 1523 641 1549 in
658 1523 713 1550 vim
729 1528 754 1549 et
780 1524 808 1549 in
825 1522 875 1549 tela

79 1566 126 1587 aut
140 1560 271 1587 latronum
286 1565 332 1587 aut
347 1561 517 1587 inimicorum
532 1560 680 1592 incidisset,
694 1561 781 1587 omnis
794 1560 875 1587 hone-

79 1603 119 1625 sta
134 1598 200 1625 ratio
215 1602 285 1624 esset
295 1597 476 1633 expediendae
487 1597 590 1624 salutis.
623 1597 709 1624 Silent
719 1599 791 1624 enim
803 1597 874 1634 leges

79 1636 148 1662 inter
162 1644 232 1662 arma
248 1643 297 1661 nec
311 1644 340 1662 se
351 1635 499 1670 exspectari
511 1635 613 1666 iubent,
626 1644 712 1670 quum
723 1636 756 1666 ei,
769 1635 816 1670 qui
828 1643 875 1661 ex-

79 1677 198 1708 spectare
210 1672 283 1704 velit,
296 1676 356 1699 ante
368 1673 466 1699 iniusta
479 1681 562 1707 poena
574 1671 670 1699 luenda
682 1673 725 1704 sit,
738 1681 820 1707 quam
832 1673 875 1699 iu-

78 1714 118 1737 sta
134 1710 286 1745 repetenda.
322 1712 360 1736 ll.
373 1710 428 1736 Etsi
441 1711 623 1745 persapienter
633 1715 658 1736 et
668 1710 785 1745 quodam
796 1710 875 1736 modo

79 1748 156 1775 tacite
175 1748 220 1774 dat
240 1747 299 1782 ipsa
319 1747 362 1774 lex
377 1752 532 1783 potestatem
548 1747 718 1779 defendendi,
737 1756 806 1782 quae
823 1756 874 1774 non

78 1785 157 1813 modo
172 1784 307 1812 hominem
323 1785 417 1817 occidi,
435 1785 481 1811 sed
498 1793 557 1811 esse
567 1793 629 1811 cum
641 1785 692 1812 telo
703 1785 819 1813 hominis
831 1794 875 1812 oc-

78 1822 185 1850 cidendi
195 1831 288 1850 caussa
300 1827 378 1854 vetat,
393 1828 430 1854 ut,
438 1831 524 1858 quum
531 1831 634 1855 caussa,
643 1823 875 1859 nontelumquae-

79 1865 188 1892 reretur,
212 1861 260 1895 qui
280 1860 323 1887 sui
343 1860 506 1887 defendendi
523 1870 616 1887 caussa
638 1861 690 1888 telo
708 1866 780 1888 esset
795 1870 871 1892 usuS,

79 1905 132 1924 non
147 1897 264 1924 bominis
279 1897 417 1924 occidendi
432 1907 527 1925 caussa
538 1898 666 1925 habuisse
677 1899 760 1925 telum
772 1899 875 1925 iudica—

78 1939 160 1962 retur.
200 1934 366 1969 Quapropter
386 1935 436 1962 hoc
456 1940 561 1962 maneat
580 1936 607 1962 in
627 1944 731 1968 caussa,
754 1936 872 1969 iudices;

78 1980 130 1999 non
141 1972 212 1999 enim
224 1971 327 2003 dubito.
339 1973 406 2008 quin
417 1973 577 2007 probaturus
588 1973 640 1999 sim
652 1973 728 2000 vobis
740 1973 875 2000 defensio-

78 2017 139 2036 nem
157 2017 253 2039 meam,
271 2009 294 2035 si
310 2009 336 2036 id
348 2010 532 2041 memineritis,
545 2010 617 2045 quod
628 2010 751 2037 oblivisci
762 2020 814 2038 non
827 2019 874 2046 po-

78 2047 162 2078 testis,
176 2046 357 2073 insidiatorem
369 2047 426 2073 iure
437 2047 548 2073 interfici
560 2055 648 2082 posse.

131 2084 162 2110 V.
191 2085 230 2112 ta.
254 2083 382 2118 Sequitur
402 2083 478 2115 illud,
502 2084 574 2120 quod
594 2093 608 2111 a
628 2084 735 2111 Milonis
755 2085 873 2112 inimicis

77 2121 235 2156 saepissime
259 2121 365 2152 dicitur,
385 2120 503 2153 caedem,
529 2122 557 2148 in
577 2130 629 2157 qua
649 2122 678 2148 P.
700 2122 810 2149 Clodius
830 2131 874 2149 oc-

76 2158 149 2185 cisus
178 2163 225 2190 est,
251 2162 373 2185 senatum
403 2158 536 2185 iudicasse
565 2163 654 2186 contra
679 2159 873 2194 rempublicam

77 2203 136 2223 esse
147 2195 252 2223 factam.
275 2195 349 2222 lllam
362 2204 423 2223 vero
434 2200 542 2222 senatus
554 2205 606 2223 non
616 2197 756 2223 sententiis
766 2197 874 2224 suisso-

78 2231 143 2264 lum,
161 2233 208 2260 sed
219 2233 297 2259 etiam
309 2233 406 2259 studiis
416 2233 608 2268 comprobavit.
630 2234 739 2266 Quoties
750 2235 822 2261 enim
834 2239 874 2261 est

78 2269 124 2297 illa
138 2278 234 2297 caussa
245 2280 258 2297 a
271 2270 348 2297 uobis
362 2275 417 2296 acta
430 2270 456 2296 in
468 2271 575 2297 senatu}
597 2271 698 2306 quibus
709 2272 874 2298 assensioni-

77 2306 128 2334 bus
144 2308 262 2335 universi
279 2307 396 2334 ordinisl
418 2316 499 2342 quam
516 2316 564 2334 nec
580 2309 666 2335 tacitis
683 2317 730 2335 noc
745 2309 871 2336 occultis!

77 2343 188 2377 Quando
198 2346 269 2372 enim
282 2344 500 2380 frequentissimo
510 2349 604 2372 senatu
616 2350 749 2380 quattuor.
758 2346 873 2372 adsum-

77 2389 152 2409 mum
167 2383 289 2418 quinque
305 2387 369 2409 sunt
385 2382 494 2414 inventi,
507 2383 555 2417 qui
567 2382 674 2409 Milonis
684 2391 807 2409 caussam
820 2392 871 2410 non

97 2419 234 2446 robarent?
257 2419 395 2446 Declarant
407 2420 488 2446 huius
499 2419 616 2446 ambusti
629 2420 729 2446 tribuni
741 2420 828 2455 plebis
840 2421 872 2447 il—

88 2463 118 2483 ae
128 2457 315 2484 intermortuae
326 2457 475 2488 conciones,
489 2457 590 2492 quibus
601 2457 721 2492 quotidie
733 2466 818 2484 meam
825 2466 872 2492 po-

77 2493 185 2520 tentiam
207 2494 340 2521 invidiose
359 2494 558 2525 criminabatur,
580 2502 665 2529 quum
680 2494 780 2521 diceret
795 2504 872 2521 senn-

77 2533 144 2562 tum.
157 2539 208 2558 non
219 2531 291 2567 quod
300 2532 421 2563 sentiret,
434 2531 482 2558 sed
493 2531 566 2566 quod
577 2540 626 2567 ego
632 2531 737 2562 vellem,
746 2532 872 2559 decerne-

77 2574 115 2594 re.
145 2566 218 2600 Quae
235 2569 345 2604 quidem
366 2569 389 2596 si
409 2570 525 2604 potentia
541 2573 581 2595 est
596 2569 754 2604 appellanda
770 2570 868 2604 potius.

77 2611 159 2639 quam
184 2609 230 2633 aut
254 2610 360 2641 propter
386 2615 482 2642 magna
503 2607 529 2633 in
556 2606 750 2641 rempublicam
778 2607 870 2633 merita

77 2640 218 2669 mediocris
232 2643 260 2670 in
273 2643 351 2671 bonis
364 2644 469 2671 caussis
481 2645 634 2674 auctoritas,
646 2648 693 2670 aut
704 2648 810 2678 propter
822 2644 870 2671 lios

77 2677 208 2707 officiosos
228 2679 331 2708 labores
354 2689 427 2709 meos
444 2681 571 2708 nonnulla
587 2680 659 2716 apud
675 2681 758 2708 bonos
773 2682 866 2717 gratia,

655 143 810 170 ANNIO
843 143 1046 170 MILONE.
1087 143 1184 170 CAP.

1221 145 1229 169 4
1310 144 1326 152 -
1673 146 1721 153 ..--

1254 159 1290 163 -—
1316 154 1335 169 1.
1671 155 1717 171 Oli

928 213 1076 249 appelletur
1087 214 1121 240 ita
1133 223 1205 245 sane,
1219 214 1365 241 dummodo
1375 223 1404 241 ea
1416 223 1463 241 nos
1475 219 1581 241 utamur
1591 223 1638 250 pro
1649 215 1723 241 salu-

929 256 954 277 te
974 252 1104 278 bonorum
1119 256 1208 278 contra
1225 252 1367 278 amentiam
1384 251 1556 287 perditorum.
1594 254 1632 278 ⁴3.
1650 253 1722 279 Hanc

929 297 991 314 vero
1005 289 1197 323 quaestionem,
1216 290 1265 315 etsi
1281 298 1333 316 non
1349 294 1389 316 est
1404 290 1505 324 iniqua,
1524 298 1672 324 numquam
1683 295 1724 316 ta-

930 334 990 352 men
1005 330 1114 352 senatus
1130 326 1342 353 constituendam
1358 327 1471 361 putavit.
1506 327 1587 353 Erant
1602 327 1672 353 enim
1687 327 1724 353 le-

929 371 984 398 geS,
1002 367 1075 389 erant
1091 365 1261 398 quaestiones
1273 364 1314 390 vel
1326 364 1359 390 de
1370 364 1449 390 caede
1461 363 1502 390 vel
1514 363 1546 390 de
1558 364 1594 392 vi.
1607 373 1654 390 nec
1665 369 1724 390 tan-

929 405 986 426 tum
1002 409 1147 427 maerorem
1163 410 1193 427 ac
1210 401 1310 427 luctum
1327 402 1430 428 senatui
1442 410 1513 427 mors
1524 402 1552 427 Ρ.
1566 401 1650 428 Clodii
1662 401 1725 427 alse-

930 437 1010 468 rebat,
1034 442 1063 463 ut
1084 446 1150 464 nova
1171 439 1291 473 quaestio
1306 439 1520 465 constitueretur.
1552 438 1636 465 Cuius
1652 439 1723 465 enim

929 474 961 500 de
976 474 1022 500 illo
1034 475 1134 501 incesto
1145 480 1237 509 stupro
1247 476 1378 502 iudicium
1390 475 1549 502 decernendi
1561 477 1665 502 senatui
1676 484 1725 510 po-

932 516 1012 537 testas
1028 517 1098 538 esset
1117 517 1216 546 erepta,
1231 513 1263 539 de
1274 514 1332 539 eius
1343 514 1451 539 interitu
1463 514 1525 548 quis
1537 518 1622 548 potest
1633 513 1725 539 crede-

929 557 956 574 re
972 553 1094 575 senatum
1110 549 1242 575 iudicium
1258 559 1357 576 novum
1369 551 1585 577 constituendum
1598 550 1725 585 putasse‘?

929 586 982 612 Cur
997 586 1079 621 igitur
1094 586 1248 613 incendium
1264 588 1361 618 curiae,
1379 589 1605 623 oppugnationem
1616 588 1724 614 aedium

930 624 964 649 M.
987 623 1090 658 Lepidi,
1113 624 1220 650 caedem
1242 625 1309 651 hanc
1325 626 1410 659 ipsam
1425 630 1514 651 contra
1530 625 1724 660 rempublicam

929 665 1037 686 senatus
1050 660 1144 686 factam
1156 669 1214 687 esse
1225 661 1359 688 decrevit?
1379 662 1446 694 Quia
1458 662 1531 689 nulla
1546 664 1586 689 vis
1594 671 1723 697 umquam

929 702 969 724 est
989 698 1016 724 in
1038 698 1119 724 libera
1134 699 1240 725 civitate
1255 704 1378 733 suscepta
1395 700 1464 725 inter
1478 700 1550 726 cives
1567 708 1618 726 non
1634 704 1723 726 contra

929 734 1134 769 rempublicam.
1167 737 1207 762 ⁴4.
1230 736 1287 762 Non
1302 737 1374 762 enim
1391 742 1430 763 est
1445 736 1490 762 illa
1505 736 1625 763 defensio
1634 742 1723 763 contra

929 772 984 798 vim
1000 781 1128 807 umquam
1144 773 1266 807 optanda,
1279 774 1326 799 sed
1338 782 1539 809 nonnumquam
1552 779 1591 800 est
1603 783 1725 800 necessa-

929 809 975 835 ria.
1017 809 1074 835 Nisi
1096 818 1157 836 vero
1172 815 1217 836 aut
1232 810 1278 836 ille
1292 811 1359 842 dies,
1378 812 1405 837 in
1421 820 1474 846 quo
1486 812 1524 837 Ti.
1537 811 1673 837 Gracchus
1685 816 1724 837 est

927 854 1030 878 caesus,
1054 851 1099 873 aut
1119 846 1172 878 ille,
1185 856 1239 882 quo
1255 848 1343 879 Caius,
1360 853 1406 874 aut
1420 857 1474 883 quo
1488 857 1559 874 arma
1577 848 1722 879 Saturnini,

928 884 1033 910 etiamsi
1054 893 1067 910 e
1088 885 1225 919 republica
1245 894 1372 920 oppressa
1387 891 1458 916 sunt,
1478 885 1670 920 rempublicam
1687 891 1726 912 ta-

928 930 990 948 men
1014 930 1065 948 non
1087 921 1271 949 vulnerarunt.
1304 923 1346 949 VI.
1363 924 1454 958 Itaque
1470 932 1518 959 ego
1534 924 1591 958 ipse
1607 923 1722 954 decrevi,

928 967 1014 993 quum
1026 959 1133 985 caedem
1144 960 1171 986 in
1182 960 1268 995 Appia
1277 959 1371 987 factam
1378 969 1436 987 esse
1443 965 1582 991 constaret,
1592 969 1644 987 non
1651 969 1722 989 eum,

928 997 976 1030 qui
992 1004 1021 1022 se
1037 996 1210 1029 defendisset,
1228 1002 1318 1024 contra
1329 997 1524 1033 rempublicam
1535 997 1643 1030 secisse.
1666 998 1722 1028 sed,

929 1042 1013 1068 quum
1030 1034 1130 1061 inesset
1144 1035 1172 1061 in
1188 1043 1215 1061 re
1226 1036 1266 1061 vis
1278 1040 1303 1061 et
1313 1036 1438 1066 insidiae,
1461 1036 1561 1062 crimen
1572 1035 1672 1061 iudicio
1684 1044 1726 1061 re-

929 1071 1044 1102 servavi,
1057 1080 1112 1098 rem
1125 1073 1223 1098 notavi.
1245 1072 1350 1105 Quodsi
1363 1072 1726 1108 perfuriosumillumtribu-

929 1117 994 1135 num
1010 1109 1123 1140 senatui,
1140 1109 1213 1144 quod
1229 1111 1367 1142 sentiebat,
1389 1110 1513 1145 perlicere
1531 1111 1658 1141 licuisset,
1678 1119 1726 1136 no-

930 1155 990 1172 vam
1001 1147 1186 1181 quaestionem
1198 1156 1270 1174 nunc
1280 1148 1381 1174 nullam
1395 1148 1565 1174 haberemus.
1596 1148 1726 1174 Decerne-

929 1184 973 1210 bat
988 1184 1068 1215 enim,
1085 1189 1114 1211 ut
1130 1185 1265 1211 veteribus
1282 1185 1387 1221 legibus
1405 1185 1588 1212 tantummodo
1599 1190 1671 1211 extra
1684 1194 1726 1212 or-

929 1221 1019 1247 dinem
1042 1226 1224 1256 quaereretur.
1264 1223 1354 1249 Divisa
1373 1224 1503 1250 sententia
1519 1227 1559 1249 est
1574 1222 1725 1257 postulante

929 1259 1019 1285 nescio
1029 1267 1093 1293 quo.
1124 1260 1197 1286 Nihil
1210 1261 1281 1286 enim
1293 1269 1401 1287 necesse
1412 1265 1454 1287 est
1463 1261 1585 1287 omnium
1597 1269 1639 1286 me
1650 1259 1724 1296 flagi-

929 1297 964 1322 tia
984 1296 1111 1330 proferre.
1152 1296 1197 1324 Sic
1217 1297 1320 1333 reliqua
1340 1299 1483 1325 auctoritas
1499 1302 1617 1329 senatus,
1636 1303 1724 1332 empta

928 1333 1127 1365 intercessione,
1141 1334 1245 1361 sublata
1258 1341 1307 1361 est.

987 1372 1026 1397 ⁴5.
1043 1371 1077 1397 At
1091 1372 1161 1398 enim
1183 1372 1231 1398 Cn.
1249 1373 1392 1407 Pompeius
1406 1373 1540 1408 rogatione
1556 1381 1604 1398 sua
1615 1377 1640 1398 et
1651 1371 1683 1398 de
1697 1380 1725 1398 re

928 1412 953 1434 et
967 1407 1000 1435 de
1014 1417 1110 1435 caussa
1126 1409 1265 1436 iudicavit.
1301 1410 1373 1436 Tulit
1389 1411 1459 1436 enim
1471 1410 1504 1436 de
1515 1409 1603 1440 caede,
1616 1410 1724 1444 quaein

928 1446 1014 1480 Appia
1030 1446 1072 1472 via
1088 1445 1154 1472 sacta
1167 1452 1247 1478 esset,
1260 1448 1287 1474 in
1297 1456 1351 1482 qua
1362 1448 1390 1473 P.
1405 1447 1514 1474 Clodius
1526 1447 1630 1474 occisus
1643 1451 1723 1473 esset.

927 1498 964 1502 —
974 1483 1045 1515 Quid
1059 1491 1122 1519 ergo
1133 1483 1211 1510 tulit?
1232 1485 1333 1519 Nempe
1344 1489 1373 1511 ut
1383 1489 1564 1519 quaereretur.
1586 1484 1656 1516 Quid
1664 1493 1725 1519 por-

928 1529 956 1547 ro
971 1521 1155 1555 quaerendum
1172 1521 1230 1548 est?
1258 1522 1403 1549 Factumne
1421 1521 1473 1548 sit‘?
1502 1522 1536 1548 At
1551 1526 1661 1548 constat.
1702 1522 1724 1548 Α

927 1558 999 1593 quo?
1021 1558 1056 1584 At
1071 1563 1148 1593 patet.
1174 1558 1244 1585 Vidit
1254 1560 1343 1595 igitur,
1357 1560 1436 1586 etiam
1448 1561 1474 1586 in
1485 1559 1651 1585 consessione
1664 1558 1724 1585 sacti

928 1595 994 1621 iuris
1016 1600 1102 1622 tamen
1122 1595 1305 1623 defensionem
1326 1597 1428 1631 suscipi
1452 1605 1539 1631 posse.
1580 1596 1656 1628 Quod
1672 1597 1724 1622 nisi

928 1632 1048 1664 vidisset,
1067 1641 1145 1668 posse
1162 1634 1265 1660 absolvi
1281 1643 1352 1665 eum,
1369 1635 1417 1669 qui
1434 1633 1568 1664 fateretur,
1585 1642 1670 1668 quum
1684 1634 1724 1659 vi-

927 1670 1001 1696 deret
1021 1679 1069 1697 nos
1086 1670 1174 1701 sateri;
1197 1680 1283 1706 neque
1297 1673 1389 1707 quaeri
1402 1680 1530 1706 umquam
1541 1672 1665 1698 iussisset
1677 1679 1723 1697 nec

928 1708 1004 1734 vobis
1016 1712 1068 1734 tam
1081 1708 1224 1735 salutarem
1237 1709 1304 1736 hanc
1315 1710 1342 1736 in
1354 1709 1498 1736 iudicando
1509 1709 1632 1739 litteram,
1641 1717 1722 1744 quam

926 1744 1000 1771 illam
1018 1746 1119 1772 tristem
1136 1746 1264 1774 dedisset.
1291 1748 1356 1774 Mihi
1373 1756 1435 1774 vero
1451 1747 1498 1774 Cn.
1517 1747 1659 1781 Pompeius
1672 1755 1723 1772 non

927 1782 1007 1810 modo
1021 1783 1089 1810 nibil
1105 1784 1216 1820 gravius
1231 1790 1320 1812 contra
1333 1785 1458 1812 Milonem
1471 1784 1614 1814 iudicasse,
1627 1784 1674 1810 sed
1686 1789 1724 1809 et-

927 1821 979 1847 iam
996 1822 1123 1849 statuisse
1139 1822 1255 1854 videtur,
1269 1823 1337 1858 quid
1354 1831 1401 1849 vos
1413 1823 1439 1849 in
1452 1822 1595 1849 iudicando
1605 1826 1724 1856 spectare

926 1864 1066 1894 oporteret.
1102 1860 1169 1886 Nam
1183 1861 1232 1895 qui
1247 1869 1299 1887 non
1314 1869 1424 1895 poenam
1436 1859 1606 1890 confessioni,
1620 1859 1667 1885 sed
1678 1859 1725 1885 de-

927 1896 1074 1923 fensionem
1095 1896 1177 1929 dedit.
1201 1900 1223 1924 is
1245 1907 1367 1925 caussam
1388 1898 1512 1924 interitus
1532 1896 1721 1932 quaerendam,

927 1942 979 1961 non
994 1934 1132 1961 interitum
1144 1936 1258 1970 putavit.
1291 1938 1329 1962 46.
1341 1936 1395 1962 lam
1408 1935 1475 1961 illud
1487 1935 1556 1961 (licet
1568 1935 1625 1969 ipse
1637 1933 1724 1968 prole-

925 1976 975 2003 cto,
998 1972 1070 2007 quod
1090 1981 1139 1999 sua
1154 1978 1249 2008 sponte
1264 1972 1334 2004 fecit,
1351 1972 1481 1999 Publione
1496 1972 1589 1999 Clodio
1605 1972 1724 1998 tribuen-

926 2009 991 2036 dum
1007 2010 1115 2045 putarit,
1133 2018 1166 2037 an
1182 2011 1306 2046 tempori.
1352 2011 1405 2037 vu.
1423 2010 1498 2037 Domi
1509 2018 1575 2036 suae
1587 2009 1722 2036 nobilissi-

926 2055 988 2073 mus
1000 2048 1049 2079 vir,
1062 2052 1171 2074 senatus
1185 2052 1367 2084 propugnator
1377 2053 1456 2083 atque
1469 2047 1522 2074 illis
1534 2047 1644 2082 quidem
1657 2051 1724 2072 tem-

927 2084 1039 2118 poribus
1073 2093 1158 2120 paene
1191 2090 1328 2120 patronus,
1349 2085 1502 2111 avunculus
1524 2084 1606 2111 buius
1626 2083 1722 2110 iudicis

927 2122 1018 2153 nostrii,
1035 2121 1174 2149 fortissimi
1189 2123 1247 2154 viri,
1266 2123 1301 2150 M.
1318 2123 1433 2154 Catonis,
1452 2122 1576 2149 tribunus
1588 2121 1674 2156 plebis
1686 2121 1721 2146 Μ.

926 2159 1028 2186 Drusus
1043 2160 1148 2186 occisus
1159 2165 1208 2186 est.
1240 2160 1312 2187 Nihil
1324 2160 1357 2186 de
1367 2161 1426 2186 eius
1438 2164 1520 2186 morte
1532 2159 1649 2194 populus
1660 2166 1723 2184 con—

925 2195 1023 2227 sultus,
1042 2197 1115 2223 nulla
1131 2198 1253 2232 quaestio
1266 2197 1370 2224 decreta
1385 2206 1398 2223 a
1411 2202 1504 2223 senatu
1515 2202 1564 2223 est.
1586 2196 1721 2228 Quantum

926 2233 1028 2260 luctum
1050 2234 1076 2260 in
1099 2234 1146 2260 hac
1168 2235 1233 2261 urbe
1250 2234 1333 2261 fuisse
1349 2243 1362 2260 a
1379 2235 1476 2260 nostris
1488 2234 1609 2268 patribus
1620 2234 1722 2267 accepi-

926 2279 995 2301 mus,
1009 2279 1094 2305 quum
1105 2271 1134 2297 P.
1148 2271 1279 2303 Africano.
1292 2272 1363 2297 domi
1375 2280 1439 2298 suae
1452 2272 1610 2306 quiescenti,
1619 2270 1664 2296 illn
1676 2278 1722 2295 no-

925 2312 1017 2334 cturnu
1034 2309 1074 2334 vis
1089 2314 1161 2334 esset
1176 2308 1261 2335 illata!
1297 2309 1363 2340 Quis
1382 2313 1438 2335 tum
1456 2307 1640 2343 nongemuit'?
1659 2307 1721 2342 quis

903 2367 904 2370 ,
925 2353 977 2371 non
995 2346 1060 2372 arsit
1073 2345 1182 2372 dolore?
1213 2346 1298 2378 Quem
1315 2345 1500 2375 immortalem,
1519 2346 1541 2372 si
1554 2346 1609 2371 iicri
1622 2349 1718 2379 posset.

924 2391 1016 2409 omncs
1027 2391 1086 2409 esse
1096 2387 1232 2417 cuperent,
1246 2384 1304 2409 eius
1316 2392 1348 2409 ue
1363 2384 1537 2409 necessariam
1552 2382 1662 2417 quidem
1675 2390 1722 2408 ex-

902 2445 904 2455 ,
924 2424 1068 2454 spectatam
1085 2428 1144 2446 esse
1160 2421 1284 2447 mortaml
1308 2420 1378 2446 Num
1393 2420 1401 2446 i
1423 2421 1476 2446 itur
1492 2419 1544 2445 ulla
1555 2420 1678 2454 quaestio
1689 2419 1722 2445 de

924 2456 1040 2483 Africani
1053 2462 1135 2483 morte
1148 2457 1262 2484 lataest?
1276 2457 1403 2484 Certcnul
1417 2466 1441 2483 a.
1461 2455 1640 2489 ⁴7.Quidita*?
1654 2456 1721 2488 Quia

925 2503 975 2521 non
990 2494 1043 2520 alio
1055 2493 1169 2521 facinore
1180 2494 1244 2521 clari
1255 2494 1387 2525 homines,
1400 2494 1452 2521 alio
1462 2494 1569 2521 obscuri
1583 2499 1717 2520 necantur.

924 2531 1029 2558 intersit
1044 2532 1111 2558 inter
1129 2533 1197 2559 vitao
1212 2532 1369 2568 dignitatem
1385 2540 1554 2558 summorum
1569 2536 1648 2566 atque
1661 2532 1719 2557 iuli—

924 2577 1041 2596 morum:
1076 2578 1146 2596 mors
1158 2569 1268 2604 quidam
1280 2569 1351 2596 illata
1364 2578 1410 2604 per
1420 2569 1508 2596 scelus
1520 2568 1615 2595 iisdem
1627 2574 1721 2603 etpoe*

923 2607 965 2632 nis
982 2610 1102 2633 teneatur
1117 2611 1142 2633 at
1158 2607 1272 2643 legibus.
1308 2607 1364 2633 Nisi
1378 2606 1442 2633 sorte
1453 2607 1538 2642 magis
1549 2607 1599 2633 erit
1609 2606 1719 2641 parrici-

922 2643 965 2673 da,
977 2644 1074 2679 siquis
1085 2644 1252 2671 consularem
1265 2648 1374 2679 patrem,
1389 2645 1504 2679 quamsi
1516 2644 1579 2679 quis
1587 2643 1718 2670 humilem

922 2681 1068 2709 necaverit:
1099 2687 1145 2710 aut
1164 2691 1195 2710 eo
1210 2691 1281 2710 mors
1297 2682 1407 2709 atrocior
1424 2682 1473 2708 erit
1488 2681 1518 2707 Ρ.
1535 2681 1630 2712 Clodii,
1647 2680 1718 2716 quod

1482 2730 1514 2755 73
