<?xml version="1.0" encoding="UTF-8"?>
<!DOCTYPE html PUBLIC "-//W3C//DTD XHTML 1.0 Transitional//EN"
    "http://www.w3.org/TR/xhtml1/DTD/xhtml1-transitional.dtd">
<html xmlns="http://www.w3.org/1999/xhtml" xml:lang="en" lang="en">
 <head>
  <title>
</title>
<meta http-equiv="Content-Type" content="text/html;charset=utf-8" />
  <meta name='ocr-system' content='tesseract 3.04.00' />
  <meta name='ocr-capabilities' content='ocr_page ocr_carea ocr_par ocr_line ocrx_word'/>
</head>
<body>
  <div class='ocr_page' id='page_1' title='image "./operaomniaunovol00ciceuoft/operaomniaunovol00ciceuoft_0311.png"; bbox 0 0 1941 3052; ppageno 0'>
   <div class='ocr_carea' id='block_1_1' title="bbox 397 159 875 186">
    <p class='ocr_par' dir='ltr' id='par_1_1' title="bbox 397 159 875 186">
     <span class='ocr_line' id='line_1_1' title="bbox 397 159 875 186; baseline 0.002 -1"><span class='ocrx_word' id='word_1_1' title='bbox 397 159 443 185; x_wconf 80' lang='lat' dir='ltr'>IN</span> <span class='ocrx_word' id='word_1_2' title='bbox 476 159 675 186; x_wconf 86' lang='lat' dir='ltr'>VERREM</span> <span class='ocrx_word' id='word_1_3' title='bbox 707 159 808 186; x_wconf 85' lang='lat' dir='ltr'>ACT.</span> <span class='ocrx_word' id='word_1_4' title='bbox 844 160 875 186; x_wconf 81' lang='grc' dir='ltr'>ΙΙ.</span> 
     </span>
    </p>
   </div>
   <div class='ocr_carea' id='block_1_2' title="bbox 67 228 884 861">
    <p class='ocr_par' dir='ltr' id='par_1_2' title="bbox 67 228 884 526">
     <span class='ocr_line' id='line_1_2' title="bbox 68 228 884 268; baseline 0.001 -13"><span class='ocrx_word' id='word_1_5' title='bbox 68 228 182 260; x_wconf 87' lang='lat' dir='ltr'>dissent,</span> <span class='ocrx_word' id='word_1_6' title='bbox 202 230 318 257; x_wconf 81' lang='lat' dir='ltr'>asseclae</span> <span class='ocrx_word' id='word_1_7' title='bbox 331 230 423 261; x_wconf 88' lang='lat' dir='ltr'>istius,</span> <span class='ocrx_word' id='word_1_8' title='bbox 444 239 495 257; x_wconf 89' lang='lat' dir='ltr'>non</span> <span class='ocrx_word' id='word_1_9' title='bbox 510 239 524 256; x_wconf 91' lang='lat' dir='ltr'>a</span> <span class='ocrx_word' id='word_1_10' title='bbox 538 234 611 265; x_wconf 87' lang='lat' dir='ltr'>patre</span> <span class='ocrx_word' id='word_1_11' title='bbox 625 230 649 256; x_wconf 91' lang='lat' dir='ltr'>ei</span> <span class='ocrx_word' id='word_1_12' title='bbox 664 230 766 261; x_wconf 80' lang='lat' dir='ltr'>traditi,</span> <span class='ocrx_word' id='word_1_13' title='bbox 786 230 832 256; x_wconf 85' lang='lat' dir='ltr'>sed</span> <span class='ocrx_word' id='word_1_14' title='bbox 846 239 860 256; x_wconf 91' lang='lat' dir='ltr'>a</span> <span class='ocrx_word' id='word_1_15' title='bbox 882 252 884 268; x_wconf 53' lang='lat'>‚</span> 
     </span>
     <span class='ocr_line' id='line_1_3' title="bbox 68 266 883 303; baseline 0.002 -11"><span class='ocrx_word' id='word_1_16' title='bbox 68 266 236 293; x_wconf 89' lang='lat' dir='ltr'>meretricula</span> <span class='ocrx_word' id='word_1_17' title='bbox 248 267 444 294; x_wconf 68' lang='lat' dir='ltr'>commendati?</span> <span class='ocrx_word' id='word_1_18' title='bbox 476 269 516 293; x_wconf 84' lang='grc'>31.</span> <span class='ocrx_word' id='word_1_19' title='bbox 536 268 632 303; x_wconf 82' lang='lat' dir='ltr'>Ageret</span> <span class='ocrx_word' id='word_1_20' title='bbox 646 267 770 294; x_wconf 88' lang='lat' dir='ltr'>videlicet</span> <span class='ocrx_word' id='word_1_21' title='bbox 783 276 862 294; x_wconf 89' lang='lat' dir='ltr'>caus·</span> <span class='ocrx_word' id='word_1_22' title='bbox 882 269 883 277; x_wconf 68' lang='lat'>¹</span> 
     </span>
     <span class='ocr_line' id='line_1_4' title="bbox 68 304 858 339; baseline 0.003 -10"><span class='ocrx_word' id='word_1_23' title='bbox 68 312 126 329; x_wconf 92' lang='lat' dir='ltr'>sam</span> <span class='ocrx_word' id='word_1_24' title='bbox 140 308 237 330; x_wconf 85' lang='lat' dir='ltr'>arator:</span> <span class='ocrx_word' id='word_1_25' title='bbox 258 305 324 331; x_wconf 90' lang='lat' dir='ltr'>nihil</span> <span class='ocrx_word' id='word_1_26' title='bbox 340 305 392 331; x_wconf 93' lang='lat' dir='ltr'>sibi</span> <span class='ocrx_word' id='word_1_27' title='bbox 407 304 534 331; x_wconf 84' lang='lat' dir='ltr'>frumenti</span> <span class='ocrx_word' id='word_1_28' title='bbox 549 305 581 331; x_wconf 90' lang='lat' dir='ltr'>ab</span> <span class='ocrx_word' id='word_1_29' title='bbox 596 305 712 339; x_wconf 82' lang='lat' dir='ltr'>Apronio</span> <span class='ocrx_word' id='word_1_30' title='bbox 726 304 858 336; x_wconf 90' lang='lat' dir='ltr'>relictum,</span> 
     </span>
     <span class='ocr_line' id='line_1_5' title="bbox 67 340 883 377; baseline 0.001 -10"><span class='ocrx_word' id='word_1_31' title='bbox 67 340 137 367; x_wconf 84' lang='lat' dir='ltr'>bona</span> <span class='ocrx_word' id='word_1_32' title='bbox 150 349 199 367; x_wconf 90' lang='lat' dir='ltr'>sua</span> <span class='ocrx_word' id='word_1_33' title='bbox 212 342 290 368; x_wconf 86' lang='lat' dir='ltr'>etiam</span> <span class='ocrx_word' id='word_1_34' title='bbox 305 342 420 377; x_wconf 88' lang='lat' dir='ltr'>direpta:</span> <span class='ocrx_word' id='word_1_35' title='bbox 441 350 469 368; x_wconf 90' lang='lat' dir='ltr'>se</span> <span class='ocrx_word' id='word_1_36' title='bbox 487 342 624 377; x_wconf 88' lang='lat' dir='ltr'>pulsatum</span> <span class='ocrx_word' id='word_1_37' title='bbox 639 342 861 377; x_wconf 80' lang='lat' dir='ltr'>verberatumque</span> <span class='ocrx_word' id='word_1_38' title='bbox 882 356 883 363; x_wconf 38' lang='grc' dir='ltr'><strong>κ</strong></span> 
     </span>
     <span class='ocr_line' id='line_1_6' title="bbox 68 364 883 414; baseline 0.002 -11"><span class='ocrx_word' id='word_1_39' title='bbox 68 377 176 405; x_wconf 90' lang='lat' dir='ltr'>diceret.</span> <span class='ocrx_word' id='word_1_40' title='bbox 216 378 370 406; x_wconf 89' lang='lat' dir='ltr'>Conferrent</span> <span class='ocrx_word' id='word_1_41' title='bbox 393 380 443 405; x_wconf 88' lang='lat' dir='ltr'>viri</span> <span class='ocrx_word' id='word_1_42' title='bbox 466 379 528 406; x_wconf 92' lang='lat' dir='ltr'>honi</span> <span class='ocrx_word' id='word_1_43' title='bbox 550 380 650 414; x_wconf 90' lang='lat' dir='ltr'>capita:</span> <span class='ocrx_word' id='word_1_44' title='bbox 678 379 711 405; x_wconf 92' lang='lat' dir='ltr'>de</span> <span class='ocrx_word' id='word_1_45' title='bbox 733 380 862 405; x_wconf 86' lang='lat' dir='ltr'>comissa-</span> <span class='ocrx_word' id='word_1_46' title='bbox 881 364 883 410; x_wconf 78' lang='grc'><strong>1</strong></span> 
     </span>
     <span class='ocr_line' id='line_1_7' title="bbox 68 415 883 451; baseline 0.001 -10"><span class='ocrx_word' id='word_1_47' title='bbox 68 415 138 442; x_wconf 85' lang='lat' dir='ltr'>tione</span> <span class='ocrx_word' id='word_1_48' title='bbox 152 415 323 451; x_wconf 77' lang='lat' dir='ltr'>loquerentur</span> <span class='ocrx_word' id='word_1_49' title='bbox 336 417 404 443; x_wconf 90' lang='lat' dir='ltr'>inter</span> <span class='ocrx_word' id='word_1_50' title='bbox 417 425 458 448; x_wconf 92' lang='lat' dir='ltr'>se,</span> <span class='ocrx_word' id='word_1_51' title='bbox 475 425 504 443; x_wconf 89' lang='lat' dir='ltr'>ac</span> <span class='ocrx_word' id='word_1_52' title='bbox 517 416 550 443; x_wconf 89' lang='lat' dir='ltr'>de</span> <span class='ocrx_word' id='word_1_53' title='bbox 565 416 740 448; x_wconf 83' lang='lat' dir='ltr'>mulierculis,</span> <span class='ocrx_word' id='word_1_54' title='bbox 757 417 780 442; x_wconf 91' lang='lat' dir='ltr'>si</span> <span class='ocrx_word' id='word_1_55' title='bbox 794 425 861 451; x_wconf 91' lang='lat' dir='ltr'>quas</span> <span class='ocrx_word' id='word_1_56' title='bbox 882 430 883 433; x_wconf 67' lang='lat'><em>=</em></span> 
     </span>
     <span class='ocr_line' id='line_1_8' title="bbox 68 449 883 489; baseline 0.001 -11"><span class='ocrx_word' id='word_1_57' title='bbox 68 460 83 478; x_wconf 86' lang='lat' dir='ltr'>a</span> <span class='ocrx_word' id='word_1_58' title='bbox 100 456 219 487; x_wconf 87' lang='lat' dir='ltr'>praetore</span> <span class='ocrx_word' id='word_1_59' title='bbox 237 454 365 480; x_wconf 89' lang='lat' dir='ltr'>abeuntes</span> <span class='ocrx_word' id='word_1_60' title='bbox 382 459 490 489; x_wconf 85' lang='lat' dir='ltr'><strong>possent</strong></span> <span class='ocrx_word' id='word_1_61' title='bbox 505 454 713 489; x_wconf 83' lang='lat' dir='ltr'><strong>deprehendere.</strong></span> <span class='ocrx_word' id='word_1_62' title='bbox 752 454 804 480; x_wconf 87' lang='lat' dir='ltr'>Res</span> <span class='ocrx_word' id='word_1_63' title='bbox 819 454 861 489; x_wconf 82' lang='lat' dir='ltr'>agi</span> <span class='ocrx_word' id='word_1_64' title='bbox 882 449 883 482; x_wconf 68' lang='grc'><strong>1</strong></span> 
     </span>
     <span class='ocr_line' id='line_1_9' title="bbox 69 489 862 526; baseline 0.001 -11"><span class='ocrx_word' id='word_1_65' title='bbox 69 489 214 516; x_wconf 84' lang='lat' dir='ltr'>videretur.</span> <span class='ocrx_word' id='word_1_66' title='bbox 253 491 419 518; x_wconf 82' lang='lat' dir='ltr'>Surrexisset</span> <span class='ocrx_word' id='word_1_67' title='bbox 433 492 579 526; x_wconf 74' lang='lat' dir='ltr'>Apronius,</span> <span class='ocrx_word' id='word_1_68' title='bbox 597 500 664 517; x_wconf 90' lang='lat' dir='ltr'>nova</span> <span class='ocrx_word' id='word_1_69' title='bbox 678 491 796 526; x_wconf 80' lang='lat' dir='ltr'>dignitas</span> <span class='ocrx_word' id='word_1_70' title='bbox 810 499 862 525; x_wconf 88' lang='lat' dir='ltr'>pu-</span> 
     </span>
    </p>

    <p class='ocr_par' dir='ltr' id='par_1_3' title="bbox 68 526 883 750">
     <span class='ocr_line' id='line_1_10' title="bbox 68 526 883 563; baseline 0 -10"><span class='ocrx_word' id='word_1_71' title='bbox 68 526 180 559; x_wconf 88' lang='lat' dir='ltr'>blicani,</span> <span class='ocrx_word' id='word_1_72' title='bbox 195 536 248 554; x_wconf 87' lang='lat' dir='ltr'>non</span> <span class='ocrx_word' id='word_1_73' title='bbox 262 533 292 554; x_wconf 91' lang='lat' dir='ltr'>ut</span> <span class='ocrx_word' id='word_1_74' title='bbox 305 529 484 559; x_wconf 84' lang='lat' dir='ltr'>decumanus,</span> <span class='ocrx_word' id='word_1_75' title='bbox 500 528 632 563; x_wconf 79' lang='lat' dir='ltr'>squaloris</span> <span class='ocrx_word' id='word_1_76' title='bbox 646 528 742 562; x_wconf 91' lang='lat' dir='ltr'>plenus</span> <span class='ocrx_word' id='word_1_77' title='bbox 757 536 786 554; x_wconf 90' lang='lat' dir='ltr'>ac</span> <span class='ocrx_word' id='word_1_78' title='bbox 800 527 862 562; x_wconf 92' lang='lat' dir='ltr'>pul-</span> <span class='ocrx_word' id='word_1_79' title='bbox 882 553 883 559; x_wconf 60' lang='lat'>,</span> 
     </span>
     <span class='ocr_line' id='line_1_11' title="bbox 68 563 883 601; baseline 0 -11"><span class='ocrx_word' id='word_1_80' title='bbox 68 565 153 591; x_wconf 83' lang='lat' dir='ltr'>veris:</span> <span class='ocrx_word' id='word_1_81' title='bbox 168 565 216 591; x_wconf 89' lang='lat' dir='ltr'>sed</span> <span class='ocrx_word' id='word_1_82' title='bbox 230 567 374 601; x_wconf 85' lang='lat' dir='ltr'>unguentis</span> <span class='ocrx_word' id='word_1_83' title='bbox 388 566 497 597; x_wconf 88' lang='lat' dir='ltr'>oblitus,</span> <span class='ocrx_word' id='word_1_84' title='bbox 514 567 576 592; x_wconf 90' lang='lat' dir='ltr'>vino</span> <span class='ocrx_word' id='word_1_85' title='bbox 589 566 745 600; x_wconf 81' lang='lat' dir='ltr'>vigiliisque</span> <span class='ocrx_word' id='word_1_86' title='bbox 756 564 862 600; x_wconf 78' lang='lat' dir='ltr'>langui·</span> <span class='ocrx_word' id='word_1_87' title='bbox 881 563 883 595; x_wconf 60' lang='lat' dir='ltr'><em>f</em></span> 
     </span>
     <span class='ocr_line' id='line_1_12' title="bbox 68 601 883 640; baseline 0.001 -13"><span class='ocrx_word' id='word_1_88' title='bbox 68 601 130 628; x_wconf 86' lang='lat' dir='ltr'>dus.</span> <span class='ocrx_word' id='word_1_89' title='bbox 151 601 247 629; x_wconf 84' lang='lat' dir='ltr'>Omnia</span> <span class='ocrx_word' id='word_1_90' title='bbox 258 604 343 638; x_wconf 90' lang='lat' dir='ltr'>primo</span> <span class='ocrx_word' id='word_1_91' title='bbox 354 608 427 630; x_wconf 92' lang='lat' dir='ltr'>motu</span> <span class='ocrx_word' id='word_1_92' title='bbox 437 612 466 629; x_wconf 89' lang='lat' dir='ltr'>ac</span> <span class='ocrx_word' id='word_1_93' title='bbox 477 603 572 638; x_wconf 90' lang='lat' dir='ltr'>spiritu</span> <span class='ocrx_word' id='word_1_94' title='bbox 584 611 641 633; x_wconf 84' lang='lat' dir='ltr'>suo,</span> <span class='ocrx_word' id='word_1_95' title='bbox 655 603 720 633; x_wconf 85' lang='lat' dir='ltr'>vini,</span> <span class='ocrx_word' id='word_1_96' title='bbox 737 610 861 637; x_wconf 79' lang='lat' dir='ltr'>unguen·</span> <span class='ocrx_word' id='word_1_97' title='bbox 881 607 883 640; x_wconf 57' lang='lat' dir='ltr'>j</span> 
     </span>
     <span class='ocr_line' id='line_1_13' title="bbox 69 639 882 677; baseline 0 -12"><span class='ocrx_word' id='word_1_98' title='bbox 69 639 100 670; x_wconf 84' lang='lat' dir='ltr'>ti,</span> <span class='ocrx_word' id='word_1_99' title='bbox 120 640 237 674; x_wconf 88' lang='lat' dir='ltr'>corporis</span> <span class='ocrx_word' id='word_1_100' title='bbox 254 640 334 667; x_wconf 90' lang='lat' dir='ltr'>odore</span> <span class='ocrx_word' id='word_1_101' title='bbox 352 640 520 675; x_wconf 84' lang='lat' dir='ltr'><strong>complesset.</strong></span> <span class='ocrx_word' id='word_1_102' title='bbox 561 640 676 666; x_wconf 85' lang='lat' dir='ltr'>Dixisset</span> <span class='ocrx_word' id='word_1_103' title='bbox 694 639 772 670; x_wconf 88' lang='lat' dir='ltr'>haec,</span> <span class='ocrx_word' id='word_1_104' title='bbox 792 648 861 673; x_wconf 84' lang='lat' dir='ltr'>quae</span> <span class='ocrx_word' id='word_1_105' title='bbox 881 662 882 677; x_wconf 50' lang='lat'>3</span> 
     </span>
     <span class='ocr_line' id='line_1_14' title="bbox 68 675 882 712; baseline 0 -10"><span class='ocrx_word' id='word_1_106' title='bbox 68 675 150 712; x_wconf 82' lang='lat' dir='ltr'>vulgo</span> <span class='ocrx_word' id='word_1_107' title='bbox 163 677 251 704; x_wconf 84' lang='lat' dir='ltr'><strong>dicere</strong></span> <span class='ocrx_word' id='word_1_108' title='bbox 265 677 374 709; x_wconf 84' lang='lat' dir='ltr'>solebat,</span> <span class='ocrx_word' id='word_1_109' title='bbox 391 687 443 704; x_wconf 90' lang='lat' dir='ltr'>non</span> <span class='ocrx_word' id='word_1_110' title='bbox 457 686 486 703; x_wconf 90' lang='lat' dir='ltr'>se</span> <span class='ocrx_word' id='word_1_111' title='bbox 495 677 622 703; x_wconf 84' lang='lat' dir='ltr'>decumas</span> <span class='ocrx_word' id='word_1_112' title='bbox 633 677 738 707; x_wconf 79' lang='lat' dir='ltr'>emisse,</span> <span class='ocrx_word' id='word_1_113' title='bbox 755 676 802 702; x_wconf 88' lang='lat' dir='ltr'>sed</span> <span class='ocrx_word' id='word_1_114' title='bbox 814 677 861 702; x_wconf 92' lang='lat' dir='ltr'>bo—</span> <span class='ocrx_word' id='word_1_115' title='bbox 881 684 882 687; x_wconf 56' lang='lat'>¹</span> 
     </span>
     <span class='ocr_line' id='line_1_15' title="bbox 68 713 860 750; baseline 0 -11"><span class='ocrx_word' id='word_1_116' title='bbox 68 722 101 739; x_wconf 90' lang='lat' dir='ltr'>na</span> <span class='ocrx_word' id='word_1_117' title='bbox 119 713 292 750; x_wconf 81' lang='lat' dir='ltr'>fortunasque</span> <span class='ocrx_word' id='word_1_118' title='bbox 310 720 455 747; x_wconf 65' lang='lat' dir='ltr'>aratorum,</span> <span class='ocrx_word' id='word_1_119' title='bbox 485 723 536 740; x_wconf 90' lang='lat' dir='ltr'>non</span> <span class='ocrx_word' id='word_1_120' title='bbox 555 722 583 740; x_wconf 91' lang='lat' dir='ltr'>se</span> <span class='ocrx_word' id='word_1_121' title='bbox 601 714 779 740; x_wconf 89' lang='lat' dir='ltr'>decumanum</span> <span class='ocrx_word' id='word_1_122' title='bbox 802 722 860 739; x_wconf 89' lang='lat' dir='ltr'>esse</span> 
     </span>
    </p>

    <p class='ocr_par' dir='ltr' id='par_1_4' title="bbox 68 750 860 785">
     <span class='ocr_line' id='line_1_16' title="bbox 68 750 860 785; baseline -0.001 -8"><span class='ocrx_word' id='word_1_123' title='bbox 68 750 228 785; x_wconf 79' lang='lat' dir='ltr'>Apronium,</span> <span class='ocrx_word' id='word_1_124' title='bbox 253 752 300 778; x_wconf 89' lang='lat' dir='ltr'>sed</span> <span class='ocrx_word' id='word_1_125' title='bbox 318 752 425 779; x_wconf 79' lang='lat' dir='ltr'><strong>Verrem</strong></span> <span class='ocrx_word' id='word_1_126' title='bbox 444 751 569 783; x_wconf 88' lang='lat' dir='ltr'>alterum,</span> <span class='ocrx_word' id='word_1_127' title='bbox 595 751 734 777; x_wconf 86' lang='lat' dir='ltr'>dominum</span> <span class='ocrx_word' id='word_1_128' title='bbox 752 750 860 777; x_wconf 89' lang='lat' dir='ltr'>illorum</span> 
     </span>
    </p>

    <p class='ocr_par' dir='ltr' id='par_1_5' title="bbox 68 788 861 824">
     <span class='ocr_line' id='line_1_17' title="bbox 68 788 861 824; baseline 0.001 -11"><span class='ocrx_word' id='word_1_129' title='bbox 68 797 97 814; x_wconf 87' lang='lat' dir='ltr'>ac</span> <span class='ocrx_word' id='word_1_130' title='bbox 112 793 263 824; x_wconf 85' lang='lat' dir='ltr'>tyrannum.</span> <span class='ocrx_word' id='word_1_131' title='bbox 304 789 376 822; x_wconf 89' lang='lat' dir='ltr'>Quae</span> <span class='ocrx_word' id='word_1_132' title='bbox 390 798 474 824; x_wconf 90' lang='lat' dir='ltr'>quum</span> <span class='ocrx_word' id='word_1_133' title='bbox 493 788 618 819; x_wconf 81' lang='lat' dir='ltr'>dixisset,</span> <span class='ocrx_word' id='word_1_134' title='bbox 638 788 679 814; x_wconf 89' lang='lat' dir='ltr'>illi</span> <span class='ocrx_word' id='word_1_135' title='bbox 697 788 748 814; x_wconf 91' lang='lat' dir='ltr'>viri</span> <span class='ocrx_word' id='word_1_136' title='bbox 766 788 861 822; x_wconf 90' lang='lat' dir='ltr'>optimi</span> 
     </span>
    </p>

    <p class='ocr_par' dir='ltr' id='par_1_6' title="bbox 67 825 861 861">
     <span class='ocr_line' id='line_1_18' title="bbox 67 825 861 861; baseline 0.001 -11"><span class='ocrx_word' id='word_1_137' title='bbox 67 825 100 851; x_wconf 87' lang='lat' dir='ltr'>de</span> <span class='ocrx_word' id='word_1_138' title='bbox 118 826 223 853; x_wconf 81' lang='lat' dir='ltr'>cohorte</span> <span class='ocrx_word' id='word_1_139' title='bbox 242 827 319 853; x_wconf 89' lang='lat' dir='ltr'>istius</span> <span class='ocrx_word' id='word_1_140' title='bbox 337 830 546 861; x_wconf 83' lang='lat' dir='ltr'>recuperatores,</span> <span class='ocrx_word' id='word_1_141' title='bbox 572 834 623 852; x_wconf 90' lang='lat' dir='ltr'>non</span> <span class='ocrx_word' id='word_1_142' title='bbox 642 825 675 852; x_wconf 77' lang='lat' dir='ltr'>cle</span> <span class='ocrx_word' id='word_1_143' title='bbox 698 825 861 852; x_wconf 85' lang='lat' dir='ltr'>absolvendo</span> 
     </span>
    </p>
   </div>
   <div class='ocr_carea' id='block_1_3' title="bbox 67 768 883 898">
    <p class='ocr_par' dir='ltr' id='par_1_7' title="bbox 67 768 883 898">
     <span class='ocr_line' id='line_1_19' title="bbox 882 768 883 780; baseline 0 0"><span class='ocrx_word' id='word_1_144' title='bbox 882 768 883 780; x_wconf 84' lang='lat' dir='ltr'>l</span> 
     </span>
     <span class='ocr_line' id='line_1_20' title="bbox 882 787 883 825; baseline 0 0"><span class='ocrx_word' id='word_1_145' title='bbox 882 787 883 825; x_wconf 70' lang='grc'><strong>1</strong></span> 
     </span>
     <span class='ocr_line' id='line_1_21' title="bbox 67 855 883 898; baseline -0.001 -9"><span class='ocrx_word' id='word_1_146' title='bbox 67 863 184 898; x_wconf 75' lang='lat' dir='ltr'>Apronio</span> <span class='ocrx_word' id='word_1_147' title='bbox 207 863 397 895; x_wconf 83' lang='lat' dir='ltr'>deliberarent,</span> <span class='ocrx_word' id='word_1_148' title='bbox 431 863 478 890; x_wconf 91' lang='lat' dir='ltr'>sed</span> <span class='ocrx_word' id='word_1_149' title='bbox 500 867 670 898; x_wconf 85' lang='lat' dir='ltr'>quaererent,</span> <span class='ocrx_word' id='word_1_150' title='bbox 696 871 781 898; x_wconf 89' lang='lat' dir='ltr'>ecquo</span> <span class='ocrx_word' id='word_1_151' title='bbox 803 871 861 889; x_wconf 90' lang='lat' dir='ltr'>mo-</span> <span class='ocrx_word' id='word_1_152' title='bbox 882 855 883 897; x_wconf 74' lang='grc'><strong>1</strong></span> 
     </span>
    </p>
   </div>
   <div class='ocr_carea' id='block_1_4' title="bbox 881 280 884 353">
    <p class='ocr_par' dir='ltr' id='par_1_8' title="bbox 881 280 884 353">
     <span class='ocr_line' id='line_1_22' title="bbox 881 280 884 353; baseline 0 2699"><span class='ocrx_word' id='word_1_153' title='bbox 881 280 884 353; x_wconf 95' lang='lat' dir='ltr'> </span> 
     </span>
    </p>
   </div>
   <div class='ocr_carea' id='block_1_5' title="bbox 65 900 883 1311">
    <p class='ocr_par' dir='ltr' id='par_1_9' title="bbox 65 900 883 1311">
     <span class='ocr_line' id='line_1_23' title="bbox 66 900 859 936; baseline -0.001 -9"><span class='ocrx_word' id='word_1_154' title='bbox 66 900 101 926; x_wconf 83' lang='grc'>(10</span> <span class='ocrx_word' id='word_1_155' title='bbox 126 901 264 935; x_wconf 84' lang='lat' dir='ltr'>petitorem</span> <span class='ocrx_word' id='word_1_156' title='bbox 290 902 380 936; x_wconf 90' lang='lat' dir='ltr'>ipsum</span> <span class='ocrx_word' id='word_1_157' title='bbox 403 901 519 935; x_wconf 86' lang='lat' dir='ltr'>Apronio</span> <span class='ocrx_word' id='word_1_158' title='bbox 542 900 718 927; x_wconf 89' lang='lat' dir='ltr'>condemnare</span> <span class='ocrx_word' id='word_1_159' title='bbox 741 904 859 935; x_wconf 87' lang='lat' dir='ltr'>possent.</span> 
     </span>
     <span class='ocr_line' id='line_1_24' title="bbox 66 937 861 973; baseline 0.001 -10"><span class='ocrx_word' id='word_1_160' title='bbox 66 937 136 964; x_wconf 84' lang='lat' dir='ltr'>XIII.</span> <span class='ocrx_word' id='word_1_161' title='bbox 152 939 193 965; x_wconf 80' lang='lat'>32.</span> <span class='ocrx_word' id='word_1_162' title='bbox 212 938 284 964; x_wconf 88' lang='lat' dir='ltr'>Hanc</span> <span class='ocrx_word' id='word_1_163' title='bbox 303 943 331 965; x_wconf 89' lang='lat' dir='ltr'>tu</span> <span class='ocrx_word' id='word_1_164' title='bbox 351 938 482 965; x_wconf 81' lang='lat' dir='ltr'>licentiam</span> <span class='ocrx_word' id='word_1_165' title='bbox 502 938 714 973; x_wconf 87' lang='lat' dir='ltr'>diripiendorum</span> <span class='ocrx_word' id='word_1_166' title='bbox 729 942 861 964; x_wconf 80' lang='lat' dir='ltr'>aratorum</span> 
     </span>
     <span class='ocr_line' id='line_1_25' title="bbox 65 975 859 1011; baseline 0 -10"><span class='ocrx_word' id='word_1_167' title='bbox 65 984 151 1010; x_wconf 88' lang='lat' dir='ltr'>quum</span> <span class='ocrx_word' id='word_1_168' title='bbox 165 975 334 1008; x_wconf 87' lang='lat' dir='ltr'>decumanis,</span> <span class='ocrx_word' id='word_1_169' title='bbox 355 976 404 1003; x_wconf 88' lang='lat' dir='ltr'>hoc</span> <span class='ocrx_word' id='word_1_170' title='bbox 417 980 457 1002; x_wconf 86' lang='lat' dir='ltr'>est</span> <span class='ocrx_word' id='word_1_171' title='bbox 470 976 599 1010; x_wconf 78' lang='lat' dir='ltr'>Apronio,</span> <span class='ocrx_word' id='word_1_172' title='bbox 616 975 799 1011; x_wconf 87' lang='lat' dir='ltr'>permisisses,</span> <span class='ocrx_word' id='word_1_173' title='bbox 821 979 859 1007; x_wconf 86' lang='lat' dir='ltr'>ut,</span> 
     </span>
     <span class='ocr_line' id='line_1_26' title="bbox 65 1013 862 1048; baseline 0.001 -10"><span class='ocrx_word' id='word_1_174' title='bbox 65 1017 197 1047; x_wconf 88' lang='lat' dir='ltr'>quantum</span> <span class='ocrx_word' id='word_1_175' title='bbox 211 1013 304 1045; x_wconf 84' lang='lat' dir='ltr'>vellet,</span> <span class='ocrx_word' id='word_1_176' title='bbox 322 1018 453 1048; x_wconf 89' lang='lat' dir='ltr'>posceret,</span> <span class='ocrx_word' id='word_1_177' title='bbox 469 1018 600 1048; x_wconf 89' lang='lat' dir='ltr'>quantum</span> <span class='ocrx_word' id='word_1_178' title='bbox 616 1013 797 1048; x_wconf 86' lang='lat' dir='ltr'>poposcisset,</span> <span class='ocrx_word' id='word_1_179' title='bbox 813 1021 862 1039; x_wconf 90' lang='lat' dir='ltr'>au-</span> 
     </span>
     <span class='ocr_line' id='line_1_27' title="bbox 66 1050 862 1078; baseline 0 -2"><span class='ocrx_word' id='word_1_180' title='bbox 66 1050 158 1076; x_wconf 82' lang='lat' dir='ltr'>ferret:</span> <span class='ocrx_word' id='word_1_181' title='bbox 178 1050 228 1077; x_wconf 91' lang='lat' dir='ltr'>hoc</span> <span class='ocrx_word' id='word_1_182' title='bbox 246 1051 294 1077; x_wconf 85' lang='lat' dir='ltr'>tibi</span> <span class='ocrx_word' id='word_1_183' title='bbox 313 1051 476 1078; x_wconf 86' lang='lat' dir='ltr'>defensionis</span> <span class='ocrx_word' id='word_1_184' title='bbox 495 1051 528 1077; x_wconf 87' lang='lat' dir='ltr'>ad</span> <span class='ocrx_word' id='word_1_185' title='bbox 546 1051 678 1077; x_wconf 89' lang='lat' dir='ltr'>iudicium</span> <span class='ocrx_word' id='word_1_186' title='bbox 697 1055 774 1077; x_wconf 89' lang='lat' dir='ltr'>tuum</span> <span class='ocrx_word' id='word_1_187' title='bbox 788 1059 862 1076; x_wconf 89' lang='lat' dir='ltr'>com-</span> 
     </span>
     <span class='ocr_line' id='line_1_28' title="bbox 66 1087 860 1123; baseline 0.001 -10"><span class='ocrx_word' id='word_1_188' title='bbox 66 1087 186 1122; x_wconf 84' lang='lat' dir='ltr'>parabas,</span> <span class='ocrx_word' id='word_1_189' title='bbox 203 1088 329 1115; x_wconf 89' lang='lat' dir='ltr'>habuisse</span> <span class='ocrx_word' id='word_1_190' title='bbox 343 1093 367 1115; x_wconf 89' lang='lat' dir='ltr'>te</span> <span class='ocrx_word' id='word_1_191' title='bbox 382 1089 507 1120; x_wconf 86' lang='lat' dir='ltr'>edictum,</span> <span class='ocrx_word' id='word_1_192' title='bbox 524 1093 721 1123; x_wconf 87' lang='lat' dir='ltr'>recuperatores</span> <span class='ocrx_word' id='word_1_193' title='bbox 735 1088 860 1114; x_wconf 89' lang='lat' dir='ltr'>daturum</span> 
     </span>
     <span class='ocr_line' id='line_1_29' title="bbox 65 1124 859 1160; baseline 0 -9"><span class='ocrx_word' id='word_1_194' title='bbox 65 1125 93 1151; x_wconf 89' lang='lat' dir='ltr'>in</span> <span class='ocrx_word' id='word_1_195' title='bbox 106 1124 263 1160; x_wconf 70' lang='lat' dir='ltr'>octuplum?</span> <span class='ocrx_word' id='word_1_196' title='bbox 281 1125 309 1152; x_wconf 92' lang='lat' dir='ltr'>Si</span> <span class='ocrx_word' id='word_1_197' title='bbox 324 1126 475 1152; x_wconf 88' lang='lat' dir='ltr'>mehercule</span> <span class='ocrx_word' id='word_1_198' title='bbox 489 1135 522 1152; x_wconf 85' lang='lat' dir='ltr'>ex</span> <span class='ocrx_word' id='word_1_199' title='bbox 536 1126 608 1152; x_wconf 90' lang='lat' dir='ltr'>omni</span> <span class='ocrx_word' id='word_1_200' title='bbox 622 1126 698 1160; x_wconf 87' lang='lat' dir='ltr'>copia</span> <span class='ocrx_word' id='word_1_201' title='bbox 711 1130 859 1152; x_wconf 87' lang='lat' dir='ltr'>conventus</span> 
     </span>
     <span class='ocr_line' id='line_1_30' title="bbox 65 1161 861 1198; baseline 0.001 -10"><span class='ocrx_word' id='word_1_202' title='bbox 65 1161 238 1198; x_wconf 87' lang='lat' dir='ltr'>Syracusani,</span> <span class='ocrx_word' id='word_1_203' title='bbox 259 1163 540 1198; x_wconf 86' lang='lat' dir='ltr'>splendidissimorum</span> <span class='ocrx_word' id='word_1_204' title='bbox 554 1163 861 1198; x_wconf 87' lang='lat' dir='ltr'>honestissimorumque</span> 
     </span>
     <span class='ocr_line' id='line_1_31' title="bbox 65 1199 861 1236; baseline 0 -10"><span class='ocrx_word' id='word_1_205' title='bbox 65 1199 218 1231; x_wconf 88' lang='lat' dir='ltr'>hominum,</span> <span class='ocrx_word' id='word_1_206' title='bbox 236 1199 333 1227; x_wconf 90' lang='lat' dir='ltr'>faceres</span> <span class='ocrx_word' id='word_1_207' title='bbox 347 1206 504 1236; x_wconf 88' lang='lat' dir='ltr'>potestatem</span> <span class='ocrx_word' id='word_1_208' title='bbox 518 1202 622 1231; x_wconf 87' lang='lat' dir='ltr'>aratori,</span> <span class='ocrx_word' id='word_1_209' title='bbox 639 1210 691 1227; x_wconf 89' lang='lat' dir='ltr'>non</span> <span class='ocrx_word' id='word_1_210' title='bbox 706 1200 785 1227; x_wconf 91' lang='lat' dir='ltr'>modo</span> <span class='ocrx_word' id='word_1_211' title='bbox 799 1201 861 1226; x_wconf 83' lang='lat' dir='ltr'>reii-</span> 
     </span>
     <span class='ocr_line' id='line_1_32' title="bbox 65 1237 860 1273; baseline 0.001 -10"><span class='ocrx_word' id='word_1_212' title='bbox 65 1237 165 1269; x_wconf 86' lang='lat' dir='ltr'>ciundi,</span> <span class='ocrx_word' id='word_1_213' title='bbox 181 1237 229 1264; x_wconf 87' lang='lat' dir='ltr'>sed</span> <span class='ocrx_word' id='word_1_214' title='bbox 243 1239 321 1264; x_wconf 91' lang='lat' dir='ltr'>etiam</span> <span class='ocrx_word' id='word_1_215' title='bbox 336 1239 460 1265; x_wconf 88' lang='lat' dir='ltr'>sumendi</span> <span class='ocrx_word' id='word_1_216' title='bbox 475 1243 686 1273; x_wconf 73' lang='lat' dir='ltr'>recuperatores,</span> <span class='ocrx_word' id='word_1_217' title='bbox 708 1244 796 1264; x_wconf 89' lang='lat' dir='ltr'>tamen</span> <span class='ocrx_word' id='word_1_218' title='bbox 811 1238 860 1264; x_wconf 88' lang='lat' dir='ltr'>hoc</span> 
     </span>
     <span class='ocr_line' id='line_1_33' title="bbox 65 1276 883 1311; baseline 0.001 -11"><span class='ocrx_word' id='word_1_219' title='bbox 65 1282 164 1301; x_wconf 91' lang='lat' dir='ltr'>novum</span> <span class='ocrx_word' id='word_1_220' title='bbox 178 1283 263 1311; x_wconf 83' lang='lat' dir='ltr'>genus</span> <span class='ocrx_word' id='word_1_221' title='bbox 277 1276 390 1302; x_wconf 90' lang='lat' dir='ltr'>iniuriae</span> <span class='ocrx_word' id='word_1_222' title='bbox 405 1276 472 1302; x_wconf 84' lang='lat' dir='ltr'>ferre</span> <span class='ocrx_word' id='word_1_223' title='bbox 486 1285 563 1303; x_wconf 91' lang='lat' dir='ltr'>nemo</span> <span class='ocrx_word' id='word_1_224' title='bbox 582 1280 684 1311; x_wconf 82' lang='lat' dir='ltr'>posset,</span> <span class='ocrx_word' id='word_1_225' title='bbox 710 1280 748 1306; x_wconf 90' lang='lat' dir='ltr'>te,</span> <span class='ocrx_word' id='word_1_226' title='bbox 774 1284 860 1310; x_wconf 89' lang='lat' dir='ltr'>quum</span> <span class='ocrx_word' id='word_1_227' title='bbox 881 1280 883 1308; x_wconf 74' lang='lat' dir='ltr'>j</span> 
     </span>
    </p>
   </div>
   <div class='ocr_carea' id='block_1_6' title="bbox 65 1312 889 1385">
    <p class='ocr_par' dir='ltr' id='par_1_10' title="bbox 65 1311 889 1385">
     <span class='ocr_line' id='line_1_34' title="bbox 65 1312 860 1348; baseline 0 -10"><span class='ocrx_word' id='word_1_228' title='bbox 65 1316 124 1338; x_wconf 89' lang='lat' dir='ltr'>tuos</span> <span class='ocrx_word' id='word_1_229' title='bbox 142 1320 234 1339; x_wconf 86' lang='lat' dir='ltr'>omnes</span> <span class='ocrx_word' id='word_1_230' title='bbox 253 1312 356 1339; x_wconf 86' lang='lat' dir='ltr'>fructus</span> <span class='ocrx_word' id='word_1_231' title='bbox 375 1313 518 1348; x_wconf 87' lang='lat' dir='ltr'>publicano</span> <span class='ocrx_word' id='word_1_232' title='bbox 537 1314 692 1340; x_wconf 87' lang='lat' dir='ltr'>tradidisses</span> <span class='ocrx_word' id='word_1_233' title='bbox 710 1317 736 1340; x_wconf 91' lang='lat' dir='ltr'>et</span> <span class='ocrx_word' id='word_1_234' title='bbox 754 1321 809 1339; x_wconf 90' lang='lat' dir='ltr'>rem</span> <span class='ocrx_word' id='word_1_235' title='bbox 828 1313 860 1339; x_wconf 90' lang='lat' dir='ltr'>de</span> 
     </span>
     <span class='ocr_line' id='line_1_35' title="bbox 65 1349 889 1385; baseline 0 -10"><span class='ocrx_word' id='word_1_236' title='bbox 65 1349 190 1376; x_wconf 89' lang='lat' dir='ltr'>manibus</span> <span class='ocrx_word' id='word_1_237' title='bbox 209 1350 359 1382; x_wconf 85' lang='lat' dir='ltr'>amisisses,</span> <span class='ocrx_word' id='word_1_238' title='bbox 381 1355 437 1377; x_wconf 91' lang='lat' dir='ltr'>tum</span> <span class='ocrx_word' id='word_1_239' title='bbox 452 1351 520 1378; x_wconf 90' lang='lat' dir='ltr'>bona</span> <span class='ocrx_word' id='word_1_240' title='bbox 535 1355 579 1377; x_wconf 86' lang='lat' dir='ltr'>tua</span> <span class='ocrx_word' id='word_1_241' title='bbox 594 1355 712 1385; x_wconf 87' lang='lat' dir='ltr'>repetere</span> <span class='ocrx_word' id='word_1_242' title='bbox 725 1359 755 1376; x_wconf 86' lang='lat' dir='ltr'>ac</span> <span class='ocrx_word' id='word_1_243' title='bbox 769 1359 860 1385; x_wconf 88' lang='lat' dir='ltr'>perse·</span> <span class='ocrx_word' id='word_1_244' title='bbox 881 1349 889 1374; x_wconf 66' lang='lat'>1³</span> 
     </span>
    </p>
   </div>
   <div class='ocr_carea' id='block_1_7' title="bbox 59 1386 882 2730">
    <p class='ocr_par' dir='ltr' id='par_1_11' title="bbox 60 1386 882 2317">
     <span class='ocr_line' id='line_1_36' title="bbox 64 1386 860 1422; baseline 0.003 -10"><span class='ocrx_word' id='word_1_245' title='bbox 64 1387 111 1421; x_wconf 92' lang='lat' dir='ltr'>qui</span> <span class='ocrx_word' id='word_1_246' title='bbox 132 1386 176 1413; x_wconf 90' lang='lat' dir='ltr'>lite</span> <span class='ocrx_word' id='word_1_247' title='bbox 195 1391 274 1422; x_wconf 89' lang='lat' dir='ltr'>atque</span> <span class='ocrx_word' id='word_1_248' title='bbox 292 1388 401 1414; x_wconf 89' lang='lat' dir='ltr'>iudicio.</span> <span class='ocrx_word' id='word_1_249' title='bbox 443 1390 483 1415; x_wconf 81' lang='lat'>33.</span> <span class='ocrx_word' id='word_1_250' title='bbox 499 1388 588 1420; x_wconf 89' lang='lat' dir='ltr'>Quum</span> <span class='ocrx_word' id='word_1_251' title='bbox 608 1397 670 1414; x_wconf 75' lang='lat' dir='ltr'>vero</span> <span class='ocrx_word' id='word_1_252' title='bbox 689 1388 769 1414; x_wconf 73' lang='lat' dir='ltr'>verbo</span> <span class='ocrx_word' id='word_1_253' title='bbox 789 1388 860 1414; x_wconf 89' lang='lat' dir='ltr'>iudi-</span> 
     </span>
     <span class='ocr_line' id='line_1_37' title="bbox 63 1424 882 1461; baseline 0 -11"><span class='ocrx_word' id='word_1_254' title='bbox 63 1424 135 1450; x_wconf 89' lang='lat' dir='ltr'>cium</span> <span class='ocrx_word' id='word_1_255' title='bbox 150 1425 184 1450; x_wconf 88' lang='lat' dir='ltr'>sit</span> <span class='ocrx_word' id='word_1_256' title='bbox 197 1425 224 1451; x_wconf 90' lang='lat' dir='ltr'>in</span> <span class='ocrx_word' id='word_1_257' title='bbox 239 1424 337 1456; x_wconf 87' lang='lat' dir='ltr'>edicto,</span> <span class='ocrx_word' id='word_1_258' title='bbox 358 1434 385 1451; x_wconf 93' lang='lat' dir='ltr'>re</span> <span class='ocrx_word' id='word_1_259' title='bbox 398 1426 509 1461; x_wconf 82' lang='lat' dir='ltr'>quidem</span> <span class='ocrx_word' id='word_1_260' title='bbox 524 1434 584 1451; x_wconf 82' lang='lat' dir='ltr'>vera</span> <span class='ocrx_word' id='word_1_261' title='bbox 599 1429 704 1452; x_wconf 89' lang='lat' dir='ltr'>tuorum</span> <span class='ocrx_word' id='word_1_262' title='bbox 719 1426 857 1456; x_wconf 90' lang='lat' dir='ltr'>comitum,</span> <span class='ocrx_word' id='word_1_263' title='bbox 881 1430 882 1454; x_wconf 60' lang='grc'><strong>1</strong></span> 
     </span>
     <span class='ocr_line' id='line_1_38' title="bbox 64 1461 882 1497; baseline 0.001 -10"><span class='ocrx_word' id='word_1_264' title='bbox 64 1461 204 1488; x_wconf 86' lang='lat' dir='ltr'>hominum</span> <span class='ocrx_word' id='word_1_265' title='bbox 220 1463 460 1497; x_wconf 89' lang='lat' dir='ltr'>nequissimorum,</span> <span class='ocrx_word' id='word_1_266' title='bbox 481 1463 594 1490; x_wconf 89' lang='lat' dir='ltr'>collusio</span> <span class='ocrx_word' id='word_1_267' title='bbox 612 1472 672 1489; x_wconf 88' lang='lat' dir='ltr'>cum</span> <span class='ocrx_word' id='word_1_268' title='bbox 691 1463 856 1493; x_wconf 84' lang='lat' dir='ltr'>decumanis,</span> <span class='ocrx_word' id='word_1_269' title='bbox 880 1467 882 1484; x_wconf 67' lang='grc'><strong>1</strong></span> 
     </span>
     <span class='ocr_line' id='line_1_39' title="bbox 63 1499 881 1535; baseline 0.001 -11"><span class='ocrx_word' id='word_1_270' title='bbox 63 1499 143 1525; x_wconf 84' lang='lat' dir='ltr'>sociis</span> <span class='ocrx_word' id='word_1_271' title='bbox 161 1499 215 1525; x_wconf 84' lang='lat' dir='ltr'>tuis</span> <span class='ocrx_word' id='word_1_272' title='bbox 234 1500 321 1535; x_wconf 87' lang='lat' dir='ltr'>adque</span> <span class='ocrx_word' id='word_1_273' title='bbox 340 1500 405 1527; x_wconf 90' lang='lat' dir='ltr'>adeo</span> <span class='ocrx_word' id='word_1_274' title='bbox 423 1501 653 1535; x_wconf 85' lang='lat' dir='ltr'>procuratoribus:</span> <span class='ocrx_word' id='word_1_275' title='bbox 675 1504 762 1526; x_wconf 88' lang='lat' dir='ltr'>tamen</span> <span class='ocrx_word' id='word_1_276' title='bbox 777 1500 859 1526; x_wconf 91' lang='lat' dir='ltr'>audes</span> <span class='ocrx_word' id='word_1_277' title='bbox 880 1519 881 1534; x_wconf 26' lang='grc' dir='ltr'>ἦ</span> 
     </span>
     <span class='ocr_line' id='line_1_40' title="bbox 63 1535 881 1574; baseline 0.002 -13"><span class='ocrx_word' id='word_1_278' title='bbox 63 1535 138 1561; x_wconf 87' lang='lat' dir='ltr'>illius</span> <span class='ocrx_word' id='word_1_279' title='bbox 152 1536 246 1563; x_wconf 91' lang='lat' dir='ltr'>iudicii</span> <span class='ocrx_word' id='word_1_280' title='bbox 261 1538 422 1564; x_wconf 85' lang='lat' dir='ltr'>mentionem</span> <span class='ocrx_word' id='word_1_281' title='bbox 438 1537 534 1570; x_wconf 65' lang='lat' dir='ltr'>facere,</span> <span class='ocrx_word' id='word_1_282' title='bbox 560 1538 716 1573; x_wconf 84' lang='lat' dir='ltr'>praesertim</span> <span class='ocrx_word' id='word_1_283' title='bbox 731 1546 816 1572; x_wconf 90' lang='lat' dir='ltr'>quum</span> <span class='ocrx_word' id='word_1_284' title='bbox 832 1537 858 1563; x_wconf 89' lang='lat' dir='ltr'>id</span> <span class='ocrx_word' id='word_1_285' title='bbox 880 1570 881 1574; x_wconf 15' lang='grc' dir='ltr'><strong>Ἰ</strong></span> 
     </span>
     <span class='ocr_line' id='line_1_41' title="bbox 64 1573 856 1610; baseline 0.001 -11"><span class='ocrx_word' id='word_1_286' title='bbox 64 1581 114 1599; x_wconf 92' lang='lat' dir='ltr'>non</span> <span class='ocrx_word' id='word_1_287' title='bbox 131 1573 208 1600; x_wconf 91' lang='lat' dir='ltr'>modo</span> <span class='ocrx_word' id='word_1_288' title='bbox 222 1575 338 1601; x_wconf 89' lang='lat' dir='ltr'>oratione</span> <span class='ocrx_word' id='word_1_289' title='bbox 352 1584 422 1606; x_wconf 88' lang='lat' dir='ltr'>mea,</span> <span class='ocrx_word' id='word_1_290' title='bbox 444 1575 490 1601; x_wconf 87' lang='lat' dir='ltr'>sed</span> <span class='ocrx_word' id='word_1_291' title='bbox 505 1576 583 1601; x_wconf 91' lang='lat' dir='ltr'>etiam</span> <span class='ocrx_word' id='word_1_292' title='bbox 599 1584 626 1601; x_wconf 91' lang='lat' dir='ltr'>re</span> <span class='ocrx_word' id='word_1_293' title='bbox 640 1576 697 1610; x_wconf 89' lang='lat' dir='ltr'>ipsa</span> <span class='ocrx_word' id='word_1_294' title='bbox 713 1575 856 1605; x_wconf 83' lang='lat' dir='ltr'>refellatur,</span> 
     </span>
     <span class='ocr_line' id='line_1_42' title="bbox 62 1610 859 1647; baseline 0.003 -11"><span class='ocrx_word' id='word_1_295' title='bbox 62 1610 134 1645; x_wconf 88' lang='lat' dir='ltr'>quod</span> <span class='ocrx_word' id='word_1_296' title='bbox 153 1611 180 1637; x_wconf 91' lang='lat' dir='ltr'>in</span> <span class='ocrx_word' id='word_1_297' title='bbox 199 1612 277 1637; x_wconf 87' lang='lat' dir='ltr'>tantis</span> <span class='ocrx_word' id='word_1_298' title='bbox 297 1612 472 1639; x_wconf 86' lang='lat' dir='ltr'>incommodis</span> <span class='ocrx_word' id='word_1_299' title='bbox 490 1617 622 1639; x_wconf 85' lang='lat' dir='ltr'>aratorum</span> <span class='ocrx_word' id='word_1_300' title='bbox 638 1613 798 1647; x_wconf 87' lang='lat' dir='ltr'>iniuriisque</span> <span class='ocrx_word' id='word_1_301' title='bbox 812 1613 859 1638; x_wconf 88' lang='lat' dir='ltr'>dc-</span> 
     </span>
     <span class='ocr_line' id='line_1_43' title="bbox 63 1649 859 1685; baseline 0.001 -11"><span class='ocrx_word' id='word_1_302' title='bbox 63 1656 237 1675; x_wconf 90' lang='lat' dir='ltr'>cumanorum</span> <span class='ocrx_word' id='word_1_303' title='bbox 256 1649 362 1676; x_wconf 90' lang='lat' dir='ltr'>nullum</span> <span class='ocrx_word' id='word_1_304' title='bbox 377 1658 410 1676; x_wconf 83' lang='lat' dir='ltr'>ex</span> <span class='ocrx_word' id='word_1_305' title='bbox 423 1651 473 1676; x_wconf 90' lang='lat' dir='ltr'>isto</span> <span class='ocrx_word' id='word_1_306' title='bbox 488 1650 622 1685; x_wconf 89' lang='lat' dir='ltr'>praeclaro</span> <span class='ocrx_word' id='word_1_307' title='bbox 635 1650 721 1676; x_wconf 87' lang='lat' dir='ltr'>edicto</span> <span class='ocrx_word' id='word_1_308' title='bbox 735 1659 787 1676; x_wconf 88' lang='lat' dir='ltr'>non</span> <span class='ocrx_word' id='word_1_309' title='bbox 802 1658 859 1675; x_wconf 91' lang='lat' dir='ltr'>mo-</span> 
     </span>
     <span class='ocr_line' id='line_1_44' title="bbox 62 1685 858 1722; baseline 0.003 -11"><span class='ocrx_word' id='word_1_310' title='bbox 62 1685 97 1712; x_wconf 92' lang='lat' dir='ltr'>do</span> <span class='ocrx_word' id='word_1_311' title='bbox 111 1685 218 1716; x_wconf 86' lang='lat' dir='ltr'>factum,</span> <span class='ocrx_word' id='word_1_312' title='bbox 234 1686 282 1713; x_wconf 87' lang='lat' dir='ltr'>sed</span> <span class='ocrx_word' id='word_1_313' title='bbox 296 1695 329 1713; x_wconf 89' lang='lat' dir='ltr'>ne</span> <span class='ocrx_word' id='word_1_314' title='bbox 342 1687 505 1722; x_wconf 89' lang='lat' dir='ltr'>postulatum</span> <span class='ocrx_word' id='word_1_315' title='bbox 520 1688 630 1722; x_wconf 89' lang='lat' dir='ltr'>quidem</span> <span class='ocrx_word' id='word_1_316' title='bbox 642 1687 772 1713; x_wconf 88' lang='lat' dir='ltr'>iudicium</span> <span class='ocrx_word' id='word_1_317' title='bbox 784 1687 858 1713; x_wconf 72' lang='lat' dir='ltr'>inve·-</span> 
     </span>
     <span class='ocr_line' id='line_1_45' title="bbox 63 1722 881 1762; baseline 0.004 -14"><span class='ocrx_word' id='word_1_318' title='bbox 63 1722 153 1749; x_wconf 81' lang='lat' dir='ltr'>nitur‘?</span> <span class='ocrx_word' id='word_1_319' title='bbox 177 1724 218 1749; x_wconf 76' lang='lat'>34.</span> <span class='ocrx_word' id='word_1_320' title='bbox 234 1724 290 1750; x_wconf 87' lang='lat' dir='ltr'>Erit</span> <span class='ocrx_word' id='word_1_321' title='bbox 305 1729 391 1751; x_wconf 86' lang='lat' dir='ltr'>tamen</span> <span class='ocrx_word' id='word_1_322' title='bbox 406 1725 433 1751; x_wconf 93' lang='lat' dir='ltr'>in</span> <span class='ocrx_word' id='word_1_323' title='bbox 448 1729 562 1751; x_wconf 90' lang='lat' dir='ltr'>aratores</span> <span class='ocrx_word' id='word_1_324' title='bbox 579 1725 668 1755; x_wconf 86' lang='lat' dir='ltr'>lenior,</span> <span class='ocrx_word' id='word_1_325' title='bbox 686 1734 767 1760; x_wconf 89' lang='lat' dir='ltr'>quam</span> <span class='ocrx_word' id='word_1_326' title='bbox 783 1725 859 1751; x_wconf 78' lang='lat' dir='ltr'>vidc-</span> <span class='ocrx_word' id='word_1_327' title='bbox 880 1730 881 1762; x_wconf 65' lang='lat'><em>]</em></span> 
     </span>
     <span class='ocr_line' id='line_1_46' title="bbox 62 1760 881 1798; baseline 0.001 -12"><span class='ocrx_word' id='word_1_328' title='bbox 62 1764 115 1786; x_wconf 88' lang='lat' dir='ltr'>tur.</span> <span class='ocrx_word' id='word_1_329' title='bbox 141 1760 217 1792; x_wconf 86' lang='lat' dir='ltr'>Nam,</span> <span class='ocrx_word' id='word_1_330' title='bbox 234 1762 281 1796; x_wconf 92' lang='lat' dir='ltr'>qui</span> <span class='ocrx_word' id='word_1_331' title='bbox 296 1762 322 1788; x_wconf 89' lang='lat' dir='ltr'>in</span> <span class='ocrx_word' id='word_1_332' title='bbox 337 1762 498 1789; x_wconf 83' lang='lat' dir='ltr'>decumanos</span> <span class='ocrx_word' id='word_1_333' title='bbox 513 1763 613 1797; x_wconf 81' lang='lat' dir='ltr'>octupli</span> <span class='ocrx_word' id='word_1_334' title='bbox 628 1762 759 1789; x_wconf 90' lang='lat' dir='ltr'>iudicium</span> <span class='ocrx_word' id='word_1_335' title='bbox 773 1771 801 1789; x_wconf 89' lang='lat' dir='ltr'>sc</span> <span class='ocrx_word' id='word_1_336' title='bbox 811 1762 858 1788; x_wconf 86' lang='lat' dir='ltr'>da·</span> <span class='ocrx_word' id='word_1_337' title='bbox 880 1795 881 1798; x_wconf 13' lang='grc' dir='ltr'><strong>Ἴ</strong></span> 
     </span>
     <span class='ocr_line' id='line_1_47' title="bbox 63 1798 880 1832; baseline 0.002 -9"><span class='ocrx_word' id='word_1_338' title='bbox 63 1802 152 1823; x_wconf 91' lang='lat' dir='ltr'>turum</span> <span class='ocrx_word' id='word_1_339' title='bbox 167 1798 262 1829; x_wconf 86' lang='lat' dir='ltr'>edixit,</span> <span class='ocrx_word' id='word_1_340' title='bbox 283 1799 354 1825; x_wconf 89' lang='lat' dir='ltr'>idem</span> <span class='ocrx_word' id='word_1_341' title='bbox 369 1799 462 1826; x_wconf 87' lang='lat' dir='ltr'>habuit</span> <span class='ocrx_word' id='word_1_342' title='bbox 476 1801 503 1826; x_wconf 92' lang='lat' dir='ltr'>in</span> <span class='ocrx_word' id='word_1_343' title='bbox 518 1800 616 1832; x_wconf 82' lang='lat' dir='ltr'>edicto,</span> <span class='ocrx_word' id='word_1_344' title='bbox 637 1809 665 1826; x_wconf 87' lang='lat' dir='ltr'>se</span> <span class='ocrx_word' id='word_1_345' title='bbox 684 1800 710 1826; x_wconf 90' lang='lat' dir='ltr'>in</span> <span class='ocrx_word' id='word_1_346' title='bbox 729 1805 856 1826; x_wconf 87' lang='lat' dir='ltr'>aratorem</span> <span class='ocrx_word' id='word_1_347' title='bbox 879 1813 880 1826; x_wconf 69' lang='lat' dir='ltr'>l</span> 
     </span>
     <span class='ocr_line' id='line_1_48' title="bbox 61 1835 857 1870; baseline 0.005 -10"><span class='ocrx_word' id='word_1_348' title='bbox 61 1835 89 1860; x_wconf 90' lang='lat' dir='ltr'>in</span> <span class='ocrx_word' id='word_1_349' title='bbox 108 1835 290 1870; x_wconf 88' lang='lat' dir='ltr'>quadruplum</span> <span class='ocrx_word' id='word_1_350' title='bbox 309 1836 444 1863; x_wconf 90' lang='lat' dir='ltr'>daturum.</span> <span class='ocrx_word' id='word_1_351' title='bbox 485 1837 552 1870; x_wconf 90' lang='lat' dir='ltr'>Quis</span> <span class='ocrx_word' id='word_1_352' title='bbox 574 1838 646 1864; x_wconf 91' lang='lat' dir='ltr'>hunc</span> <span class='ocrx_word' id='word_1_353' title='bbox 668 1838 748 1864; x_wconf 85' lang='lat' dir='ltr'>audet</span> <span class='ocrx_word' id='word_1_354' title='bbox 769 1837 857 1864; x_wconf 83' lang='lat' dir='ltr'>dicere</span> 
     </span>
     <span class='ocr_line' id='line_1_49' title="bbox 63 1872 879 1910; baseline 0.005 -13"><span class='ocrx_word' id='word_1_355' title='bbox 63 1872 210 1899; x_wconf 87' lang='lat' dir='ltr'>aratoribus</span> <span class='ocrx_word' id='word_1_356' title='bbox 224 1873 352 1900; x_wconf 86' lang='lat' dir='ltr'>infestum</span> <span class='ocrx_word' id='word_1_357' title='bbox 367 1879 412 1901; x_wconf 89' lang='lat' dir='ltr'>aut</span> <span class='ocrx_word' id='word_1_358' title='bbox 426 1875 565 1901; x_wconf 90' lang='lat' dir='ltr'>inimicum</span> <span class='ocrx_word' id='word_1_359' title='bbox 581 1874 683 1901; x_wconf 80' lang='lat' dir='ltr'>fuisse?</span> <span class='ocrx_word' id='word_1_360' title='bbox 705 1880 805 1910; x_wconf 90' lang='lat' dir='ltr'>quanto</span> <span class='ocrx_word' id='word_1_361' title='bbox 820 1874 858 1901; x_wconf 87' lang='lat' dir='ltr'>le-</span> <span class='ocrx_word' id='word_1_362' title='bbox 878 1879 879 1882; x_wconf 79' lang='grc'>’</span> 
     </span>
     <span class='ocr_line' id='line_1_50' title="bbox 64 1909 858 1947; baseline 0.004 -12"><span class='ocrx_word' id='word_1_363' title='bbox 64 1909 121 1935; x_wconf 90' lang='lat' dir='ltr'>nior</span> <span class='ocrx_word' id='word_1_364' title='bbox 134 1914 182 1941; x_wconf 83' lang='lat' dir='ltr'>est,</span> <span class='ocrx_word' id='word_1_365' title='bbox 198 1918 279 1945; x_wconf 90' lang='lat' dir='ltr'>quam</span> <span class='ocrx_word' id='word_1_366' title='bbox 294 1911 320 1937; x_wconf 91' lang='lat' dir='ltr'>in</span> <span class='ocrx_word' id='word_1_367' title='bbox 335 1912 530 1946; x_wconf 81' lang='lat' dir='ltr'>publicanum?</span> <span class='ocrx_word' id='word_1_368' title='bbox 554 1912 655 1944; x_wconf 85' lang='lat' dir='ltr'>Edixit,</span> <span class='ocrx_word' id='word_1_369' title='bbox 671 1917 709 1943; x_wconf 90' lang='lat' dir='ltr'>ut,</span> <span class='ocrx_word' id='word_1_370' title='bbox 725 1913 796 1947; x_wconf 91' lang='lat' dir='ltr'>quod</span> <span class='ocrx_word' id='word_1_371' title='bbox 811 1912 858 1938; x_wconf 88' lang='lat' dir='ltr'>de-</span> 
     </span>
     <span class='ocr_line' id='line_1_51' title="bbox 62 1948 857 1984; baseline 0.005 -12"><span class='ocrx_word' id='word_1_372' title='bbox 62 1955 192 1973; x_wconf 87' lang='lat' dir='ltr'>cumanus</span> <span class='ocrx_word' id='word_1_373' title='bbox 211 1948 339 1975; x_wconf 84' lang='lat' dir='ltr'>edidisset</span> <span class='ocrx_word' id='word_1_374' title='bbox 357 1949 409 1975; x_wconf 90' lang='lat' dir='ltr'>sibi</span> <span class='ocrx_word' id='word_1_375' title='bbox 428 1949 484 1975; x_wconf 87' lang='lat' dir='ltr'>dari</span> <span class='ocrx_word' id='word_1_376' title='bbox 503 1954 635 1984; x_wconf 86' lang='lat' dir='ltr'>oportere,</span> <span class='ocrx_word' id='word_1_377' title='bbox 660 1949 688 1976; x_wconf 88' lang='lat' dir='ltr'>id</span> <span class='ocrx_word' id='word_1_378' title='bbox 706 1950 739 1976; x_wconf 86' lang='lat' dir='ltr'>ab</span> <span class='ocrx_word' id='word_1_379' title='bbox 758 1955 857 1976; x_wconf 86' lang='lat' dir='ltr'>aratore</span> 
     </span>
     <span class='ocr_line' id='line_1_52' title="bbox 63 1984 858 2022; baseline 0.005 -13"><span class='ocrx_word' id='word_1_380' title='bbox 63 1984 233 2020; x_wconf 79' lang='lat' dir='ltr'>magistratus</span> <span class='ocrx_word' id='word_1_381' title='bbox 248 1985 355 2012; x_wconf 86' lang='lat' dir='ltr'>Siculus</span> <span class='ocrx_word' id='word_1_382' title='bbox 370 1987 496 2022; x_wconf 77' lang='lat' dir='ltr'>exigeret.</span> <span class='ocrx_word' id='word_1_383' title='bbox 536 1987 606 2019; x_wconf 81' lang='lat' dir='ltr'>Quid</span> <span class='ocrx_word' id='word_1_384' title='bbox 622 1987 717 2022; x_wconf 85' lang='lat' dir='ltr'>reliqui</span> <span class='ocrx_word' id='word_1_385' title='bbox 733 1992 773 2013; x_wconf 86' lang='lat' dir='ltr'>est</span> <span class='ocrx_word' id='word_1_386' title='bbox 786 1987 858 2014; x_wconf 89' lang='lat' dir='ltr'>iudi-</span> 
     </span>
     <span class='ocr_line' id='line_1_53' title="bbox 61 2021 854 2058; baseline 0.006 -12"><span class='ocrx_word' id='word_1_387' title='bbox 61 2021 109 2052; x_wconf 87' lang='lat' dir='ltr'>cii,</span> <span class='ocrx_word' id='word_1_388' title='bbox 129 2021 202 2056; x_wconf 90' lang='lat' dir='ltr'>quod</span> <span class='ocrx_word' id='word_1_389' title='bbox 220 2022 247 2048; x_wconf 91' lang='lat' dir='ltr'>in</span> <span class='ocrx_word' id='word_1_390' title='bbox 266 2027 393 2049; x_wconf 90' lang='lat' dir='ltr'>aratorem</span> <span class='ocrx_word' id='word_1_391' title='bbox 408 2024 462 2049; x_wconf 89' lang='lat' dir='ltr'>dari</span> <span class='ocrx_word' id='word_1_392' title='bbox 480 2024 582 2058; x_wconf 84' lang='lat' dir='ltr'>possit‘?</span> <span class='ocrx_word' id='word_1_393' title='bbox 608 2025 665 2051; x_wconf 93' lang='lat' dir='ltr'>Non</span> <span class='ocrx_word' id='word_1_394' title='bbox 684 2024 786 2051; x_wconf 91' lang='lat' dir='ltr'>malum</span> <span class='ocrx_word' id='word_1_395' title='bbox 806 2029 854 2056; x_wconf 84' lang='lat' dir='ltr'>est,</span> 
     </span>
     <span class='ocr_line' id='line_1_54' title="bbox 61 2058 858 2096; baseline 0.005 -12"><span class='ocrx_word' id='word_1_396' title='bbox 61 2058 158 2093; x_wconf 91' lang='lat' dir='ltr'>inquit,</span> <span class='ocrx_word' id='word_1_397' title='bbox 174 2066 233 2085; x_wconf 86' lang='lat' dir='ltr'>esse</span> <span class='ocrx_word' id='word_1_398' title='bbox 248 2060 324 2086; x_wconf 90' lang='lat' dir='ltr'>istam</span> <span class='ocrx_word' id='word_1_399' title='bbox 340 2059 522 2088; x_wconf 73' lang='lat' dir='ltr'>formidinem:</span> <span class='ocrx_word' id='word_1_400' title='bbox 540 2066 577 2093; x_wconf 90' lang='lat' dir='ltr'>ut,</span> <span class='ocrx_word' id='word_1_401' title='bbox 593 2070 678 2096; x_wconf 91' lang='lat' dir='ltr'>quum</span> <span class='ocrx_word' id='word_1_402' title='bbox 690 2067 812 2088; x_wconf 83' lang='lat' dir='ltr'>exactum</span> <span class='ocrx_word' id='word_1_403' title='bbox 823 2063 858 2088; x_wconf 86' lang='lat' dir='ltr'>sit</span> 
     </span>
     <span class='ocr_line' id='line_1_55' title="bbox 61 2095 856 2133; baseline 0.005 -12"><span class='ocrx_word' id='word_1_404' title='bbox 61 2095 94 2121; x_wconf 85' lang='lat' dir='ltr'>ab</span> <span class='ocrx_word' id='word_1_405' title='bbox 109 2099 221 2128; x_wconf 88' lang='lat' dir='ltr'>aratore,</span> <span class='ocrx_word' id='word_1_406' title='bbox 243 2101 330 2123; x_wconf 82' lang='lat' dir='ltr'>tamen</span> <span class='ocrx_word' id='word_1_407' title='bbox 346 2106 377 2123; x_wconf 90' lang='lat' dir='ltr'>ne</span> <span class='ocrx_word' id='word_1_408' title='bbox 391 2106 419 2124; x_wconf 89' lang='lat' dir='ltr'>se</span> <span class='ocrx_word' id='word_1_409' title='bbox 433 2103 611 2130; x_wconf 85' lang='lat' dir='ltr'>commoveat,</span> <span class='ocrx_word' id='word_1_410' title='bbox 633 2099 754 2133; x_wconf 89' lang='lat' dir='ltr'>reliquus</span> <span class='ocrx_word' id='word_1_411' title='bbox 769 2104 856 2126; x_wconf 84' lang='lat' dir='ltr'>metus</span> 
     </span>
     <span class='ocr_line' id='line_1_56' title="bbox 60 2132 857 2171; baseline 0.006 -13"><span class='ocrx_word' id='word_1_412' title='bbox 60 2132 153 2159; x_wconf 85' lang='lat' dir='ltr'>iudicii</span> <span class='ocrx_word' id='word_1_413' title='bbox 173 2133 217 2160; x_wconf 85' lang='lat' dir='ltr'>sit.</span> <span class='ocrx_word' id='word_1_414' title='bbox 258 2134 286 2160; x_wconf 86' lang='lat' dir='ltr'>Si</span> <span class='ocrx_word' id='word_1_415' title='bbox 302 2134 400 2161; x_wconf 89' lang='lat' dir='ltr'>iudicio</span> <span class='ocrx_word' id='word_1_416' title='bbox 414 2144 427 2161; x_wconf 86' lang='lat' dir='ltr'>a</span> <span class='ocrx_word' id='word_1_417' title='bbox 443 2144 484 2161; x_wconf 91' lang='lat' dir='ltr'>me</span> <span class='ocrx_word' id='word_1_418' title='bbox 498 2135 539 2162; x_wconf 84' lang='lat' dir='ltr'>vis</span> <span class='ocrx_word' id='word_1_419' title='bbox 553 2136 672 2171; x_wconf 74' lang='lat' dir='ltr'>exigere,</span> <span class='ocrx_word' id='word_1_420' title='bbox 694 2145 800 2163; x_wconf 85' lang='lat' dir='ltr'>remove</span> <span class='ocrx_word' id='word_1_421' title='bbox 815 2137 857 2163; x_wconf 90' lang='lat' dir='ltr'>Si-</span> 
     </span>
     <span class='ocr_line' id='line_1_57' title="bbox 60 2169 856 2209; baseline 0.006 -14"><span class='ocrx_word' id='word_1_422' title='bbox 60 2169 152 2196; x_wconf 89' lang='lat' dir='ltr'>culum</span> <span class='ocrx_word' id='word_1_423' title='bbox 168 2171 366 2206; x_wconf 77' lang='lat' dir='ltr'>magistratum:</span> <span class='ocrx_word' id='word_1_424' title='bbox 383 2173 405 2198; x_wconf 91' lang='lat' dir='ltr'>si</span> <span class='ocrx_word' id='word_1_425' title='bbox 421 2172 488 2199; x_wconf 83' lang='lat' dir='ltr'>hanc</span> <span class='ocrx_word' id='word_1_426' title='bbox 503 2173 556 2199; x_wconf 90' lang='lat' dir='ltr'>vim</span> <span class='ocrx_word' id='word_1_427' title='bbox 572 2173 692 2204; x_wconf 83' lang='lat' dir='ltr'>adhibes,</span> <span class='ocrx_word' id='word_1_428' title='bbox 708 2174 774 2208; x_wconf 90' lang='lat' dir='ltr'>quid</span> <span class='ocrx_word' id='word_1_429' title='bbox 788 2183 856 2209; x_wconf 87' lang='lat' dir='ltr'>opus</span> 
     </span>
     <span class='ocr_line' id='line_1_58' title="bbox 61 2207 856 2245; baseline 0.005 -12"><span class='ocrx_word' id='word_1_430' title='bbox 61 2211 100 2233; x_wconf 88' lang='lat' dir='ltr'>est</span> <span class='ocrx_word' id='word_1_431' title='bbox 122 2207 238 2235; x_wconf 76' lang='lat' dir='ltr'>iudicio?</span> <span class='ocrx_word' id='word_1_432' title='bbox 257 2208 323 2240; x_wconf 80' lang='lat' dir='ltr'>Quis</span> <span class='ocrx_word' id='word_1_433' title='bbox 342 2218 419 2244; x_wconf 92' lang='lat' dir='ltr'>porro</span> <span class='ocrx_word' id='word_1_434' title='bbox 437 2211 498 2241; x_wconf 90' lang='lat' dir='ltr'>erit,</span> <span class='ocrx_word' id='word_1_435' title='bbox 523 2211 589 2245; x_wconf 93' lang='lat' dir='ltr'>quin</span> <span class='ocrx_word' id='word_1_436' title='bbox 608 2210 683 2237; x_wconf 89' lang='lat' dir='ltr'>malit</span> <span class='ocrx_word' id='word_1_437' title='bbox 700 2211 856 2238; x_wconf 88' lang='lat' dir='ltr'>decumanis</span> 
     </span>
     <span class='ocr_line' id='line_1_59' title="bbox 61 2244 856 2283; baseline 0.006 -13"><span class='ocrx_word' id='word_1_438' title='bbox 61 2245 114 2270; x_wconf 82' lang='lat' dir='ltr'>tuis</span> <span class='ocrx_word' id='word_1_439' title='bbox 133 2244 208 2276; x_wconf 89' lang='lat' dir='ltr'>dare,</span> <span class='ocrx_word' id='word_1_440' title='bbox 229 2246 300 2280; x_wconf 88' lang='lat' dir='ltr'>quod</span> <span class='ocrx_word' id='word_1_441' title='bbox 320 2248 501 2281; x_wconf 84' lang='lat' dir='ltr'>poposcerint,</span> <span class='ocrx_word' id='word_1_442' title='bbox 522 2256 603 2283; x_wconf 91' lang='lat' dir='ltr'>quam</span> <span class='ocrx_word' id='word_1_443' title='bbox 623 2248 655 2274; x_wconf 90' lang='lat' dir='ltr'>ab</span> <span class='ocrx_word' id='word_1_444' title='bbox 674 2248 783 2275; x_wconf 86' lang='lat' dir='ltr'>asseclis</span> <span class='ocrx_word' id='word_1_445' title='bbox 803 2249 856 2275; x_wconf 83' lang='lat' dir='ltr'>tuis</span> 
     </span>
     <span class='ocr_line' id='line_1_60' title="bbox 61 2281 415 2317; baseline 0.003 -9"><span class='ocrx_word' id='word_1_446' title='bbox 61 2281 213 2317; x_wconf 89' lang='lat' dir='ltr'>quadruplo</span> <span class='ocrx_word' id='word_1_447' title='bbox 226 2283 415 2310; x_wconf 64' lang='lat' dir='ltr'>condemnari?</span> 
     </span>
    </p>

    <p class='ocr_par' dir='ltr' id='par_1_12' title="bbox 59 2319 879 2730">
     <span class='ocr_line' id='line_1_61' title="bbox 116 2319 853 2356; baseline 0.007 -11"><span class='ocrx_word' id='word_1_448' title='bbox 116 2319 185 2346; x_wconf 90' lang='lat' dir='ltr'>XIV.</span> <span class='ocrx_word' id='word_1_449' title='bbox 207 2321 247 2346; x_wconf 83' lang='lat'>35.</span> <span class='ocrx_word' id='word_1_450' title='bbox 269 2320 313 2346; x_wconf 90' lang='lat' dir='ltr'>llla</span> <span class='ocrx_word' id='word_1_451' title='bbox 335 2330 396 2347; x_wconf 82' lang='lat' dir='ltr'>vero</span> <span class='ocrx_word' id='word_1_452' title='bbox 415 2320 546 2356; x_wconf 86' lang='lat' dir='ltr'>praeclara</span> <span class='ocrx_word' id='word_1_453' title='bbox 565 2326 605 2348; x_wconf 87' lang='lat' dir='ltr'>est</span> <span class='ocrx_word' id='word_1_454' title='bbox 622 2321 742 2349; x_wconf 83' lang='lat' dir='ltr'>clausula</span> <span class='ocrx_word' id='word_1_455' title='bbox 765 2324 853 2355; x_wconf 84' lang='lat' dir='ltr'>edicti,</span> 
     </span>
     <span class='ocr_line' id='line_1_62' title="bbox 60 2356 879 2394; baseline 0.006 -12"><span class='ocrx_word' id='word_1_456' title='bbox 60 2356 132 2391; x_wconf 89' lang='lat' dir='ltr'>quod</span> <span class='ocrx_word' id='word_1_457' title='bbox 146 2357 266 2384; x_wconf 88' lang='lat' dir='ltr'>omnium</span> <span class='ocrx_word' id='word_1_458' title='bbox 278 2359 526 2389; x_wconf 85' lang='lat' dir='ltr'>controversiarum,</span> <span class='ocrx_word' id='word_1_459' title='bbox 541 2367 610 2394; x_wconf 90' lang='lat' dir='ltr'>quae</span> <span class='ocrx_word' id='word_1_460' title='bbox 622 2365 710 2386; x_wconf 86' lang='lat' dir='ltr'>essent</span> <span class='ocrx_word' id='word_1_461' title='bbox 721 2361 788 2387; x_wconf 88' lang='lat' dir='ltr'>inter</span> <span class='ocrx_word' id='word_1_462' title='bbox 799 2370 856 2387; x_wconf 84' lang='lat' dir='ltr'>ara-</span> <span class='ocrx_word' id='word_1_463' title='bbox 878 2356 879 2362; x_wconf 46' lang='lat'>¹</span> 
     </span>
     <span class='ocr_line' id='line_1_63' title="bbox 61 2394 856 2433; baseline 0.006 -14"><span class='ocrx_word' id='word_1_464' title='bbox 61 2397 142 2420; x_wconf 82' lang='lat' dir='ltr'>torem</span> <span class='ocrx_word' id='word_1_465' title='bbox 157 2398 182 2420; x_wconf 89' lang='lat' dir='ltr'>et</span> <span class='ocrx_word' id='word_1_466' title='bbox 195 2394 384 2427; x_wconf 88' lang='lat' dir='ltr'>decumanum,</span> <span class='ocrx_word' id='word_1_467' title='bbox 400 2396 422 2422; x_wconf 91' lang='lat' dir='ltr'>si</span> <span class='ocrx_word' id='word_1_468' title='bbox 438 2400 496 2422; x_wconf 89' lang='lat' dir='ltr'>uter</span> <span class='ocrx_word' id='word_1_469' title='bbox 511 2396 582 2427; x_wconf 72' lang='lat' dir='ltr'>vetit,</span> <span class='ocrx_word' id='word_1_470' title='bbox 599 2396 686 2428; x_wconf 81' lang='lat' dir='ltr'>edicit,</span> <span class='ocrx_word' id='word_1_471' title='bbox 703 2406 730 2423; x_wconf 87' lang='lat' dir='ltr'>se</span> <span class='ocrx_word' id='word_1_472' title='bbox 745 2407 856 2433; x_wconf 83' lang='lat' dir='ltr'>recupe—</span> 
     </span>
     <span class='ocr_line' id='line_1_64' title="bbox 60 2431 856 2468; baseline 0.006 -12"><span class='ocrx_word' id='word_1_473' title='bbox 60 2434 158 2457; x_wconf 81' lang='lat' dir='ltr'>ratores</span> <span class='ocrx_word' id='word_1_474' title='bbox 171 2431 308 2460; x_wconf 89' lang='lat' dir='ltr'>daturum.</span> <span class='ocrx_word' id='word_1_475' title='bbox 348 2433 482 2465; x_wconf 88' lang='lat' dir='ltr'>Primum,</span> <span class='ocrx_word' id='word_1_476' title='bbox 497 2442 566 2468; x_wconf 83' lang='lat' dir='ltr'>quac</span> <span class='ocrx_word' id='word_1_477' title='bbox 581 2438 666 2468; x_wconf 86' lang='lat' dir='ltr'>potest</span> <span class='ocrx_word' id='word_1_478' title='bbox 680 2443 738 2460; x_wconf 86' lang='lat' dir='ltr'>esse</span> <span class='ocrx_word' id='word_1_479' title='bbox 751 2440 856 2461; x_wconf 87' lang='lat' dir='ltr'>contro-</span> 
     </span>
     <span class='ocr_line' id='line_1_65' title="bbox 60 2468 855 2507; baseline 0.006 -14"><span class='ocrx_word' id='word_1_480' title='bbox 60 2468 155 2500; x_wconf 82' lang='lat' dir='ltr'>versia,</span> <span class='ocrx_word' id='word_1_481' title='bbox 172 2477 256 2503; x_wconf 90' lang='lat' dir='ltr'>quum</span> <span class='ocrx_word' id='word_1_482' title='bbox 272 2470 303 2502; x_wconf 88' lang='lat' dir='ltr'>is,</span> <span class='ocrx_word' id='word_1_483' title='bbox 319 2471 367 2505; x_wconf 90' lang='lat' dir='ltr'>qui</span> <span class='ocrx_word' id='word_1_484' title='bbox 381 2475 469 2505; x_wconf 88' lang='lat' dir='ltr'>petere</span> <span class='ocrx_word' id='word_1_485' title='bbox 483 2470 569 2501; x_wconf 83' lang='lat' dir='ltr'>debet,</span> <span class='ocrx_word' id='word_1_486' title='bbox 587 2470 689 2497; x_wconf 84' lang='lat' dir='ltr'>ausert‘?</span> <span class='ocrx_word' id='word_1_487' title='bbox 702 2476 727 2498; x_wconf 91' lang='lat' dir='ltr'>et</span> <span class='ocrx_word' id='word_1_488' title='bbox 737 2481 821 2507; x_wconf 92' lang='lat' dir='ltr'>quum</span> <span class='ocrx_word' id='word_1_489' title='bbox 833 2473 855 2498; x_wconf 86' lang='lat' dir='ltr'>is</span> 
     </span>
     <span class='ocr_line' id='line_1_66' title="bbox 61 2507 853 2543; baseline 0.005 -12"><span class='ocrx_word' id='word_1_490' title='bbox 61 2513 121 2536; x_wconf 88' lang='lat' dir='ltr'>non,</span> <span class='ocrx_word' id='word_1_491' title='bbox 136 2510 267 2540; x_wconf 85' lang='lat' dir='ltr'>quantum</span> <span class='ocrx_word' id='word_1_492' title='bbox 282 2507 402 2539; x_wconf 87' lang='lat' dir='ltr'>debetur,</span> <span class='ocrx_word' id='word_1_493' title='bbox 418 2508 466 2534; x_wconf 85' lang='lat' dir='ltr'>sed</span> <span class='ocrx_word' id='word_1_494' title='bbox 479 2513 609 2543; x_wconf 86' lang='lat' dir='ltr'>quantum</span> <span class='ocrx_word' id='word_1_495' title='bbox 624 2509 794 2535; x_wconf 86' lang='lat' dir='ltr'>commodum</span> <span class='ocrx_word' id='word_1_496' title='bbox 805 2515 853 2540; x_wconf 85' lang='lat' dir='ltr'>est,</span> 
     </span>
     <span class='ocr_line' id='line_1_67' title="bbox 60 2541 853 2576; baseline 0.006 -9"><span class='ocrx_word' id='word_1_497' title='bbox 60 2541 159 2575; x_wconf 77' lang='lat' dir='ltr'>aufert,</span> <span class='ocrx_word' id='word_1_498' title='bbox 187 2542 232 2570; x_wconf 89' lang='lat' dir='ltr'>ille</span> <span class='ocrx_word' id='word_1_499' title='bbox 246 2549 348 2576; x_wconf 85' lang='lat' dir='ltr'>autem,</span> <span class='ocrx_word' id='word_1_500' title='bbox 369 2545 440 2571; x_wconf 91' lang='lat' dir='ltr'>unde</span> <span class='ocrx_word' id='word_1_501' title='bbox 454 2545 572 2572; x_wconf 89' lang='lat' dir='ltr'>ablatum</span> <span class='ocrx_word' id='word_1_502' title='bbox 587 2550 639 2576; x_wconf 87' lang='lat' dir='ltr'>est,</span> <span class='ocrx_word' id='word_1_503' title='bbox 660 2546 760 2572; x_wconf 82' lang='lat' dir='ltr'>iudicio</span> <span class='ocrx_word' id='word_1_504' title='bbox 773 2555 853 2572; x_wconf 86' lang='lat' dir='ltr'>suum</span> 
     </span>
     <span class='ocr_line' id='line_1_68' title="bbox 60 2581 855 2617; baseline 0.008 -13"><span class='ocrx_word' id='word_1_505' title='bbox 60 2587 214 2614; x_wconf 84' lang='lat' dir='ltr'>recuperare</span> <span class='ocrx_word' id='word_1_506' title='bbox 233 2581 308 2608; x_wconf 92' lang='lat' dir='ltr'>nullo</span> <span class='ocrx_word' id='word_1_507' title='bbox 325 2582 404 2609; x_wconf 90' lang='lat' dir='ltr'>modo</span> <span class='ocrx_word' id='word_1_508' title='bbox 422 2587 517 2617; x_wconf 87' lang='lat' dir='ltr'>potest.</span> <span class='ocrx_word' id='word_1_509' title='bbox 550 2583 648 2609; x_wconf 82' lang='lat' dir='ltr'>Deinde</span> <span class='ocrx_word' id='word_1_510' title='bbox 666 2583 693 2609; x_wconf 93' lang='lat' dir='ltr'>in</span> <span class='ocrx_word' id='word_1_511' title='bbox 713 2583 761 2610; x_wconf 86' lang='lat' dir='ltr'>hoc.</span> <span class='ocrx_word' id='word_1_512' title='bbox 776 2584 855 2610; x_wconf 89' lang='lat' dir='ltr'>homo</span> 
     </span>
     <span class='ocr_line' id='line_1_69' title="bbox 60 2615 854 2656; baseline 0.008 -15"><span class='ocrx_word' id='word_1_513' title='bbox 60 2615 149 2642; x_wconf 87' lang='lat' dir='ltr'>luteus</span> <span class='ocrx_word' id='word_1_514' title='bbox 163 2617 242 2644; x_wconf 85' lang='lat' dir='ltr'>etiam</span> <span class='ocrx_word' id='word_1_515' title='bbox 255 2618 370 2646; x_wconf 80' lang='lat' dir='ltr'>callidus</span> <span class='ocrx_word' id='word_1_516' title='bbox 384 2628 414 2646; x_wconf 88' lang='lat' dir='ltr'>ac</span> <span class='ocrx_word' id='word_1_517' title='bbox 428 2624 556 2647; x_wconf 83' lang='lat' dir='ltr'>veterator</span> <span class='ocrx_word' id='word_1_518' title='bbox 569 2628 627 2646; x_wconf 84' lang='lat' dir='ltr'>esso</span> <span class='ocrx_word' id='word_1_519' title='bbox 642 2620 713 2651; x_wconf 91' lang='lat' dir='ltr'>vult,</span> <span class='ocrx_word' id='word_1_520' title='bbox 733 2621 805 2656; x_wconf 90' lang='lat' dir='ltr'>quod</span> <span class='ocrx_word' id='word_1_521' title='bbox 820 2621 854 2647; x_wconf 89' lang='lat' dir='ltr'>ita</span> 
     </span>
     <span class='ocr_line' id='line_1_70' title="bbox 60 2653 852 2689; baseline 0.008 -11"><span class='ocrx_word' id='word_1_522' title='bbox 60 2653 165 2685; x_wconf 82' lang='lat' dir='ltr'>scribit,</span> <span class='ocrx_word' id='word_1_523' title='bbox 197 2663 222 2680; x_wconf 78' lang='lat' dir='ltr'>st</span> <span class='ocrx_word' id='word_1_524' title='bbox 252 2664 327 2683; x_wconf 66' lang='lat' dir='ltr'>urna</span> <span class='ocrx_word' id='word_1_525' title='bbox 353 2665 458 2689; x_wconf 60' lang='lat' dir='ltr'>vocs-r,</span> <span class='ocrx_word' id='word_1_526' title='bbox 490 2666 743 2684; x_wconf 69' lang='lat' dir='ltr'>ascuruanoaas</span> <span class='ocrx_word' id='word_1_527' title='bbox 769 2667 852 2684; x_wconf 62' lang='lat' dir='ltr'>nanu.</span> 
     </span>
     <span class='ocr_line' id='line_1_71' title="bbox 59 2689 877 2730; baseline 0.007 -14"><span class='ocrx_word' id='word_1_528' title='bbox 59 2689 144 2722; x_wconf 84' lang='lat' dir='ltr'>Quam</span> <span class='ocrx_word' id='word_1_529' title='bbox 166 2690 252 2726; x_wconf 87' lang='lat' dir='ltr'>lepide</span> <span class='ocrx_word' id='word_1_530' title='bbox 268 2701 297 2720; x_wconf 89' lang='lat' dir='ltr'>se</span> <span class='ocrx_word' id='word_1_531' title='bbox 317 2693 397 2720; x_wconf 86' lang='lat' dir='ltr'>furari</span> <span class='ocrx_word' id='word_1_532' title='bbox 415 2695 504 2730; x_wconf 83' lang='lat' dir='ltr'>putat!</span> <span class='ocrx_word' id='word_1_533' title='bbox 533 2695 644 2730; x_wconf 83' lang='lat' dir='ltr'>Utrique</span> <span class='ocrx_word' id='word_1_534' title='bbox 663 2694 725 2721; x_wconf 86' lang='lat' dir='ltr'>facit</span> <span class='ocrx_word' id='word_1_535' title='bbox 739 2700 853 2730; x_wconf 85' lang='lat' dir='ltr'>potesta·</span> <span class='ocrx_word' id='word_1_536' title='bbox 876 2718 877 2721; x_wconf 71' lang='grc'>,</span> 
     </span>
    </p>
   </div>
   <div class='ocr_carea' id='block_1_8' title="bbox 877 1832 881 2457">
    <p class='ocr_par' dir='ltr' id='par_1_13' title="bbox 877 1832 881 2457">
     <span class='ocr_line' id='line_1_72' title="bbox 877 1832 881 2457; baseline 0 0"><span class='ocrx_word' id='word_1_537' title='bbox 877 1832 881 2457; x_wconf 95' lang='lat' dir='ltr'> </span> 
     </span>
    </p>
   </div>
   <div class='ocr_carea' id='block_1_9' title="bbox 881 229 891 241">
    <p class='ocr_par' dir='ltr' id='par_1_14' title="bbox 881 229 891 241">
     <span class='ocr_line' id='line_1_73' title="bbox 881 229 891 241; baseline -0.2 0"><span class='ocrx_word' id='word_1_538' title='bbox 881 229 891 241; x_wconf 74' lang='lat' dir='ltr'>lv</span> 
     </span>
    </p>
   </div>
   <div class='ocr_carea' id='block_1_10' title="bbox 882 1201 1705 1275">
    <p class='ocr_par' dir='ltr' id='par_1_15' title="bbox 882 1201 1705 1275">
     <span class='ocr_line' id='line_1_74' title="bbox 882 1201 1133 1237; baseline 0 -10"><span class='ocrx_word' id='word_1_539' title='bbox 882 1218 890 1237; x_wconf 23' lang='grc' dir='ltr'>μ</span> <span class='ocrx_word' id='word_1_540' title='bbox 912 1201 1022 1235; x_wconf 89' lang='lat' dir='ltr'>portabo</span> <span class='ocrx_word' id='word_1_541' title='bbox 1040 1201 1133 1237; x_wconf 81' lang='lat' dir='ltr'>igitur.</span> 
     </span>
     <span class='ocr_line' id='line_1_75' title="bbox 889 1237 1705 1275; baseline -0.001 -10"><span class='ocrx_word' id='word_1_542' title='bbox 889 1237 890 1255; x_wconf 67' lang='grc'><strong>1</strong></span> <span class='ocrx_word' id='word_1_543' title='bbox 911 1238 955 1265; x_wconf 87' lang='lat' dir='ltr'>Sic</span> <span class='ocrx_word' id='word_1_544' title='bbox 965 1238 1121 1274; x_wconf 87' lang='lat' dir='ltr'>deportandi</span> <span class='ocrx_word' id='word_1_545' title='bbox 1132 1239 1190 1265; x_wconf 86' lang='lat' dir='ltr'>dies</span> <span class='ocrx_word' id='word_1_546' title='bbox 1202 1241 1357 1274; x_wconf 85' lang='lat' dir='ltr'>praestituta</span> <span class='ocrx_word' id='word_1_547' title='bbox 1369 1240 1460 1266; x_wconf 88' lang='lat' dir='ltr'>tollere</span> <span class='ocrx_word' id='word_1_548' title='bbox 1469 1240 1580 1275; x_wconf 79' lang='lat' dir='ltr'>cogebat</span> <span class='ocrx_word' id='word_1_549' title='bbox 1590 1248 1623 1266; x_wconf 88' lang='lat' dir='ltr'>ex</span> <span class='ocrx_word' id='word_1_550' title='bbox 1633 1248 1705 1265; x_wconf 66' lang='lat' dir='ltr'>area⁴</span> 
     </span>
    </p>
   </div>
   <div class='ocr_carea' id='block_1_11' title="bbox 887 244 892 1300">
    <p class='ocr_par' dir='ltr' id='par_1_16' title="bbox 887 244 892 1300">
     <span class='ocr_line' id='line_1_76' title="bbox 887 244 892 1300; baseline 0 0"><span class='ocrx_word' id='word_1_551' title='bbox 887 244 892 1300; x_wconf 95' lang='lat' dir='ltr'> </span> 
     </span>
    </p>
   </div>
   <div class='ocr_carea' id='block_1_12' title="bbox 879 1687 1054 1713">
    <p class='ocr_par' dir='ltr' id='par_1_17' title="bbox 879 1687 1054 1713">
     <span class='ocr_line' id='line_1_77' title="bbox 879 1687 1054 1713; baseline 0 0"><span class='ocrx_word' id='word_1_552' title='bbox 879 1687 888 1704; x_wconf 69' lang='lat'>&#39;¹&#39;</span> <span class='ocrx_word' id='word_1_553' title='bbox 911 1687 1054 1713; x_wconf 85' lang='lat' dir='ltr'>accederet.</span> 
     </span>
    </p>
   </div>
   <div class='ocr_carea' id='block_1_13' title="bbox 911 160 1709 1237">
    <p class='ocr_par' dir='ltr' id='par_1_18' title="bbox 911 160 1706 341">
     <span class='ocr_line' id='line_1_78' title="bbox 911 160 1703 189; baseline 0.003 -3"><span class='ocrx_word' id='word_1_554' title='bbox 911 160 996 186; x_wconf 89' lang='lat' dir='ltr'>LlB.</span> <span class='ocrx_word' id='word_1_555' title='bbox 1031 161 1074 187; x_wconf 91' lang='lat'>111.</span> <span class='ocrx_word' id='word_1_556' title='bbox 1106 160 1202 187; x_wconf 87' lang='lat' dir='ltr'>CAP.</span> <span class='ocrx_word' id='word_1_557' title='bbox 1228 162 1257 187; x_wconf 88' lang='lat' dir='ltr'>l0</span> <span class='ocrx_word' id='word_1_558' title='bbox 1278 163 1376 187; x_wconf 82' lang='grc'><strong>-16,</strong></span> <span class='ocrx_word' id='word_1_559' title='bbox 1656 165 1703 189; x_wconf 73' lang='lat'>‘287</span> 
     </span>
     <span class='ocr_line' id='line_1_79' title="bbox 912 230 1706 266; baseline 0.003 -10"><span class='ocrx_word' id='word_1_560' title='bbox 912 235 979 263; x_wconf 84' lang='lat' dir='ltr'>tem;</span> <span class='ocrx_word' id='word_1_561' title='bbox 995 230 1042 257; x_wconf 83' lang='lat' dir='ltr'>sed</span> <span class='ocrx_word' id='word_1_562' title='bbox 1056 236 1146 257; x_wconf 91' lang='lat' dir='ltr'>utrum</span> <span class='ocrx_word' id='word_1_563' title='bbox 1160 232 1196 258; x_wconf 87' lang='lat' dir='ltr'>ita</span> <span class='ocrx_word' id='word_1_564' title='bbox 1209 232 1353 266; x_wconf 84' lang='lat' dir='ltr'>scripserit,</span> <span class='ocrx_word' id='word_1_565' title='bbox 1369 232 1392 258; x_wconf 89' lang='lat' dir='ltr'>si</span> <span class='ocrx_word' id='word_1_566' title='bbox 1403 236 1462 258; x_wconf 92' lang='lat' dir='ltr'>uter</span> <span class='ocrx_word' id='word_1_567' title='bbox 1473 231 1550 258; x_wconf 70' lang='lat' dir='ltr'>volet.</span> <span class='ocrx_word' id='word_1_568' title='bbox 1567 241 1609 263; x_wconf 90' lang='lat' dir='ltr'>an,</span> <span class='ocrx_word' id='word_1_569' title='bbox 1626 233 1648 259; x_wconf 86' lang='lat' dir='ltr'>si</span> <span class='ocrx_word' id='word_1_570' title='bbox 1660 233 1706 259; x_wconf 71' lang='lat' dir='ltr'>ile-</span> 
     </span>
     <span class='ocr_line' id='line_1_80' title="bbox 912 268 1706 300; baseline 0.001 -6"><span class='ocrx_word' id='word_1_571' title='bbox 912 277 1043 295; x_wconf 88' lang='lat' dir='ltr'>cumanus</span> <span class='ocrx_word' id='word_1_572' title='bbox 1057 268 1136 300; x_wconf 89' lang='lat' dir='ltr'>volet,</span> <span class='ocrx_word' id='word_1_573' title='bbox 1153 269 1219 295; x_wconf 91' lang='lat' dir='ltr'>nihil</span> <span class='ocrx_word' id='word_1_574' title='bbox 1234 270 1351 295; x_wconf 84' lang='lat' dir='ltr'>interest.</span> <span class='ocrx_word' id='word_1_575' title='bbox 1373 270 1466 296; x_wconf 78' lang='lat' dir='ltr'>Arator</span> <span class='ocrx_word' id='word_1_576' title='bbox 1479 271 1551 296; x_wconf 90' lang='lat' dir='ltr'>enim</span> <span class='ocrx_word' id='word_1_577' title='bbox 1566 275 1625 296; x_wconf 87' lang='lat' dir='ltr'>tuos</span> <span class='ocrx_word' id='word_1_578' title='bbox 1640 271 1706 296; x_wconf 72' lang='lat' dir='ltr'>istos</span> 
     </span>
     <span class='ocr_line' id='line_1_81' title="bbox 913 306 1365 341; baseline 0.002 -10"><span class='ocrx_word' id='word_1_579' title='bbox 913 310 1109 340; x_wconf 88' lang='lat' dir='ltr'>recuperatores</span> <span class='ocrx_word' id='word_1_580' title='bbox 1124 315 1272 341; x_wconf 86' lang='lat' dir='ltr'>numquam</span> <span class='ocrx_word' id='word_1_581' title='bbox 1287 306 1365 332; x_wconf 82' lang='lat' dir='ltr'>volet.</span> 
     </span>
    </p>

    <p class='ocr_par' dir='ltr' id='par_1_19' title="bbox 911 342 1709 1237">
     <span class='ocr_line' id='line_1_82' title="bbox 969 342 1704 379; baseline 0.003 -11"><span class='ocrx_word' id='word_1_582' title='bbox 969 344 1009 368; x_wconf 85' lang='lat'>36.</span> <span class='ocrx_word' id='word_1_583' title='bbox 1031 342 1120 374; x_wconf 74' lang='lat' dir='ltr'>Quid?</span> <span class='ocrx_word' id='word_1_584' title='bbox 1135 343 1181 369; x_wconf 89' lang='lat' dir='ltr'>llla</span> <span class='ocrx_word' id='word_1_585' title='bbox 1195 344 1347 370; x_wconf 88' lang='lat' dir='ltr'>cuiusmodi</span> <span class='ocrx_word' id='word_1_586' title='bbox 1361 348 1432 375; x_wconf 89' lang='lat' dir='ltr'>sunt,</span> <span class='ocrx_word' id='word_1_587' title='bbox 1447 352 1517 379; x_wconf 87' lang='lat' dir='ltr'>quae</span> <span class='ocrx_word' id='word_1_588' title='bbox 1531 352 1564 370; x_wconf 84' lang='lat' dir='ltr'>ex</span> <span class='ocrx_word' id='word_1_589' title='bbox 1578 349 1704 378; x_wconf 88' lang='lat' dir='ltr'>tempore,</span> 
     </span>
     <span class='ocr_line' id='line_1_83' title="bbox 913 379 1708 416; baseline 0.003 -11"><span class='ocrx_word' id='word_1_590' title='bbox 913 379 945 405; x_wconf 93' lang='lat' dir='ltr'>ab</span> <span class='ocrx_word' id='word_1_591' title='bbox 959 379 1076 414; x_wconf 76' lang='lat' dir='ltr'>Apronio</span> <span class='ocrx_word' id='word_1_592' title='bbox 1090 380 1250 411; x_wconf 51' lang='lat' dir='ltr'>admonitus</span> <span class='ocrx_word' id='word_1_593' title='bbox 1267 380 1368 407; x_wconf 77' lang='lat' dir='ltr'>edixit?</span> <span class='ocrx_word' id='word_1_594' title='bbox 1390 381 1421 413; x_wconf 90' lang='lat' dir='ltr'>Q.</span> <span class='ocrx_word' id='word_1_595' title='bbox 1437 381 1558 416; x_wconf 90' lang='lat' dir='ltr'>Septitio,</span> <span class='ocrx_word' id='word_1_596' title='bbox 1575 381 1708 407; x_wconf 82' lang='lat' dir='ltr'>honestis-</span> 
     </span>
     <span class='ocr_line' id='line_1_84' title="bbox 913 417 1707 453; baseline 0.003 -11"><span class='ocrx_word' id='word_1_597' title='bbox 913 417 982 443; x_wconf 88' lang='lat' dir='ltr'>simo</span> <span class='ocrx_word' id='word_1_598' title='bbox 1001 417 1107 443; x_wconf 91' lang='lat' dir='ltr'>homine</span> <span class='ocrx_word' id='word_1_599' title='bbox 1127 419 1271 453; x_wconf 84' lang='lat' dir='ltr'>equiteque</span> <span class='ocrx_word' id='word_1_600' title='bbox 1285 419 1415 450; x_wconf 86' lang='lat' dir='ltr'>Romano,</span> <span class='ocrx_word' id='word_1_601' title='bbox 1436 419 1577 445; x_wconf 84' lang='lat' dir='ltr'>resistente</span> <span class='ocrx_word' id='word_1_602' title='bbox 1590 419 1707 453; x_wconf 81' lang='lat' dir='ltr'>Apronio</span> 
     </span>
     <span class='ocr_line' id='line_1_85' title="bbox 913 453 1708 489; baseline 0.004 -10"><span class='ocrx_word' id='word_1_603' title='bbox 913 458 938 480; x_wconf 91' lang='lat' dir='ltr'>et</span> <span class='ocrx_word' id='word_1_604' title='bbox 951 453 1112 485; x_wconf 88' lang='lat' dir='ltr'>affirmante,</span> <span class='ocrx_word' id='word_1_605' title='bbox 1128 464 1156 481; x_wconf 89' lang='lat' dir='ltr'>se</span> <span class='ocrx_word' id='word_1_606' title='bbox 1171 455 1233 489; x_wconf 88' lang='lat' dir='ltr'>plus</span> <span class='ocrx_word' id='word_1_607' title='bbox 1248 455 1360 482; x_wconf 87' lang='lat' dir='ltr'>decuma</span> <span class='ocrx_word' id='word_1_608' title='bbox 1374 465 1425 482; x_wconf 91' lang='lat' dir='ltr'>non</span> <span class='ocrx_word' id='word_1_609' title='bbox 1439 456 1574 487; x_wconf 83' lang='lat' dir='ltr'>daturum,</span> <span class='ocrx_word' id='word_1_610' title='bbox 1590 456 1708 482; x_wconf 80' lang='lat' dir='ltr'>exoritur</span> 
     </span>
     <span class='ocr_line' id='line_1_86' title="bbox 913 491 1706 528; baseline 0.004 -12"><span class='ocrx_word' id='word_1_611' title='bbox 913 491 1046 525; x_wconf 84' lang='lat' dir='ltr'>peculiare</span> <span class='ocrx_word' id='word_1_612' title='bbox 1064 492 1180 518; x_wconf 89' lang='lat' dir='ltr'>edictum</span> <span class='ocrx_word' id='word_1_613' title='bbox 1200 493 1382 527; x_wconf 84' lang='lat' dir='ltr'>repentinum,</span> <span class='ocrx_word' id='word_1_614' title='bbox 1411 502 1444 520; x_wconf 91' lang='lat' dir='ltr'>ne</span> <span class='ocrx_word' id='word_1_615' title='bbox 1462 494 1524 528; x_wconf 90' lang='lat' dir='ltr'>quis</span> <span class='ocrx_word' id='word_1_616' title='bbox 1542 492 1706 520; x_wconf 91' lang='lat' dir='ltr'>frumentum</span> 
     </span>
     <span class='ocr_line' id='line_1_87' title="bbox 912 528 1708 565; baseline 0.004 -11"><span class='ocrx_word' id='word_1_617' title='bbox 912 528 944 554; x_wconf 92' lang='lat' dir='ltr'>de</span> <span class='ocrx_word' id='word_1_618' title='bbox 959 537 1018 554; x_wconf 90' lang='lat' dir='ltr'>area</span> <span class='ocrx_word' id='word_1_619' title='bbox 1032 529 1135 555; x_wconf 86' lang='lat' dir='ltr'>tolleret</span> <span class='ocrx_word' id='word_1_620' title='bbox 1148 534 1216 560; x_wconf 85' lang='lat' dir='ltr'>ante,</span> <span class='ocrx_word' id='word_1_621' title='bbox 1233 539 1314 564; x_wconf 86' lang='lat' dir='ltr'>quam</span> <span class='ocrx_word' id='word_1_622' title='bbox 1328 540 1390 556; x_wconf 91' lang='lat' dir='ltr'>cum</span> <span class='ocrx_word' id='word_1_623' title='bbox 1404 530 1551 557; x_wconf 87' lang='lat' dir='ltr'>decumano</span> <span class='ocrx_word' id='word_1_624' title='bbox 1562 536 1655 565; x_wconf 84' lang='lat' dir='ltr'>pactus</span> <span class='ocrx_word' id='word_1_625' title='bbox 1665 539 1708 556; x_wconf 76' lang='lat' dir='ltr'>es-</span> 
     </span>
     <span class='ocr_line' id='line_1_88' title="bbox 913 566 1707 603; baseline 0.004 -12"><span class='ocrx_word' id='word_1_626' title='bbox 913 570 962 591; x_wconf 91' lang='lat' dir='ltr'>set.</span> <span class='ocrx_word' id='word_1_627' title='bbox 1003 566 1113 592; x_wconf 81' lang='lat' dir='ltr'>Ferebat</span> <span class='ocrx_word' id='word_1_628' title='bbox 1128 566 1195 593; x_wconf 89' lang='lat' dir='ltr'>hanc</span> <span class='ocrx_word' id='word_1_629' title='bbox 1208 576 1317 602; x_wconf 89' lang='lat' dir='ltr'>quoque</span> <span class='ocrx_word' id='word_1_630' title='bbox 1335 568 1503 602; x_wconf 85' lang='lat' dir='ltr'>iniquitatem</span> <span class='ocrx_word' id='word_1_631' title='bbox 1519 567 1661 603; x_wconf 87' lang='lat' dir='ltr'>Septitius,</span> <span class='ocrx_word' id='word_1_632' title='bbox 1682 573 1707 594; x_wconf 87' lang='lat' dir='ltr'>et</span> 
     </span>
     <span class='ocr_line' id='line_1_89' title="bbox 912 602 1707 640; baseline 0.004 -12"><span class='ocrx_word' id='word_1_633' title='bbox 912 603 991 629; x_wconf 91' lang='lat' dir='ltr'>imbri</span> <span class='ocrx_word' id='word_1_634' title='bbox 1007 602 1171 630; x_wconf 84' lang='lat' dir='ltr'>frumentum</span> <span class='ocrx_word' id='word_1_635' title='bbox 1185 606 1319 639; x_wconf 88' lang='lat' dir='ltr'>corrumpi</span> <span class='ocrx_word' id='word_1_636' title='bbox 1334 606 1360 631; x_wconf 91' lang='lat' dir='ltr'>in</span> <span class='ocrx_word' id='word_1_637' title='bbox 1375 614 1433 631; x_wconf 86' lang='lat' dir='ltr'>area</span> <span class='ocrx_word' id='word_1_638' title='bbox 1444 605 1606 640; x_wconf 83' lang='lat' dir='ltr'>patiebatur:</span> <span class='ocrx_word' id='word_1_639' title='bbox 1622 614 1707 640; x_wconf 91' lang='lat' dir='ltr'>quum</span> 
     </span>
     <span class='ocr_line' id='line_1_90' title="bbox 911 639 1708 678; baseline 0.004 -13"><span class='ocrx_word' id='word_1_640' title='bbox 911 639 981 666; x_wconf 89' lang='lat' dir='ltr'>illud</span> <span class='ocrx_word' id='word_1_641' title='bbox 999 640 1114 666; x_wconf 91' lang='lat' dir='ltr'>edictum</span> <span class='ocrx_word' id='word_1_642' title='bbox 1134 646 1242 675; x_wconf 88' lang='lat' dir='ltr'>repente</span> <span class='ocrx_word' id='word_1_643' title='bbox 1264 642 1430 668; x_wconf 89' lang='lat' dir='ltr'>uberrimum</span> <span class='ocrx_word' id='word_1_644' title='bbox 1453 647 1478 669; x_wconf 92' lang='lat' dir='ltr'>et</span> <span class='ocrx_word' id='word_1_645' title='bbox 1499 644 1708 678; x_wconf 85' lang='lat' dir='ltr'>quaestuosissi-</span> 
     </span>
     <span class='ocr_line' id='line_1_91' title="bbox 912 678 1709 709; baseline 0.004 -6"><span class='ocrx_word' id='word_1_646' title='bbox 912 686 986 703; x_wconf 91' lang='lat' dir='ltr'>mum</span> <span class='ocrx_word' id='word_1_647' title='bbox 1006 678 1136 709; x_wconf 82' lang='lat' dir='ltr'>nascitur,</span> <span class='ocrx_word' id='word_1_648' title='bbox 1158 682 1187 704; x_wconf 92' lang='lat' dir='ltr'>ut</span> <span class='ocrx_word' id='word_1_649' title='bbox 1204 683 1263 704; x_wconf 86' lang='lat' dir='ltr'>ante</span> <span class='ocrx_word' id='word_1_650' title='bbox 1278 679 1409 705; x_wconf 86' lang='lat' dir='ltr'>Kalendas</span> <span class='ocrx_word' id='word_1_651' title='bbox 1424 680 1496 706; x_wconf 75' lang='lat' dir='ltr'>Sext.</span> <span class='ocrx_word' id='word_1_652' title='bbox 1515 689 1607 706; x_wconf 86' lang='lat' dir='ltr'>omnes</span> <span class='ocrx_word' id='word_1_653' title='bbox 1626 680 1709 706; x_wconf 92' lang='lat' dir='ltr'>decu-</span> 
     </span>
     <span class='ocr_line' id='line_1_92' title="bbox 912 715 1708 750; baseline 0.004 -10"><span class='ocrx_word' id='word_1_654' title='bbox 912 723 969 740; x_wconf 86' lang='lat' dir='ltr'>mas</span> <span class='ocrx_word' id='word_1_655' title='bbox 983 715 1016 740; x_wconf 92' lang='lat' dir='ltr'>ad</span> <span class='ocrx_word' id='word_1_656' title='bbox 1030 723 1126 749; x_wconf 90' lang='lat' dir='ltr'>aquam</span> <span class='ocrx_word' id='word_1_657' title='bbox 1141 715 1291 750; x_wconf 90' lang='lat' dir='ltr'>deportatas</span> <span class='ocrx_word' id='word_1_658' title='bbox 1310 716 1445 743; x_wconf 88' lang='lat' dir='ltr'>haberent.</span> <span class='ocrx_word' id='word_1_659' title='bbox 1487 718 1528 743; x_wconf 78' lang='lat'>37.</span> <span class='ocrx_word' id='word_1_660' title='bbox 1551 717 1604 743; x_wconf 86' lang='lat' dir='ltr'>Hoc</span> <span class='ocrx_word' id='word_1_661' title='bbox 1622 717 1708 743; x_wconf 83' lang='lat' dir='ltr'>edicto</span> 
     </span>
     <span class='ocr_line' id='line_1_93' title="bbox 913 752 1707 788; baseline 0.003 -10"><span class='ocrx_word' id='word_1_662' title='bbox 913 760 964 778; x_wconf 91' lang='lat' dir='ltr'>non</span> <span class='ocrx_word' id='word_1_663' title='bbox 979 752 1063 778; x_wconf 90' lang='lat' dir='ltr'>Siculi</span> <span class='ocrx_word' id='word_1_664' title='bbox 1082 752 1153 787; x_wconf 89' lang='lat' dir='ltr'>(nam</span> <span class='ocrx_word' id='word_1_665' title='bbox 1167 761 1211 779; x_wconf 89' lang='lat' dir='ltr'>eos</span> <span class='ocrx_word' id='word_1_666' title='bbox 1225 753 1334 788; x_wconf 84' lang='lat' dir='ltr'>quidem</span> <span class='ocrx_word' id='word_1_667' title='bbox 1349 755 1401 780; x_wconf 87' lang='lat' dir='ltr'>iam</span> <span class='ocrx_word' id='word_1_668' title='bbox 1416 755 1600 788; x_wconf 86' lang='lat' dir='ltr'>superioribus</span> <span class='ocrx_word' id='word_1_669' title='bbox 1615 754 1707 780; x_wconf 82' lang='lat' dir='ltr'>edictis</span> 
     </span>
     <span class='ocr_line' id='line_1_94' title="bbox 912 789 1707 826; baseline 0.003 -12"><span class='ocrx_word' id='word_1_670' title='bbox 912 790 976 815; x_wconf 88' lang='lat' dir='ltr'>satis</span> <span class='ocrx_word' id='word_1_671' title='bbox 991 789 1142 824; x_wconf 88' lang='lat' dir='ltr'>perdiderat</span> <span class='ocrx_word' id='word_1_672' title='bbox 1155 794 1235 825; x_wconf 86' lang='lat' dir='ltr'>atque</span> <span class='ocrx_word' id='word_1_673' title='bbox 1250 790 1400 826; x_wconf 51' lang='lat' dir='ltr'>afflixeram</span> <span class='ocrx_word' id='word_1_674' title='bbox 1418 791 1465 817; x_wconf 91' lang='lat' dir='ltr'>sed</span> <span class='ocrx_word' id='word_1_675' title='bbox 1479 792 1523 817; x_wconf 88' lang='lat' dir='ltr'>isti</span> <span class='ocrx_word' id='word_1_676' title='bbox 1537 792 1588 826; x_wconf 88' lang='lat' dir='ltr'>ipsi</span> <span class='ocrx_word' id='word_1_677' title='bbox 1604 793 1707 826; x_wconf 80' lang='lat' dir='ltr'>equites</span> 
     </span>
     <span class='ocr_line' id='line_1_95' title="bbox 912 827 1706 863; baseline 0.003 -11"><span class='ocrx_word' id='word_1_678' title='bbox 912 827 1036 858; x_wconf 81' lang='lat' dir='ltr'>Romani,</span> <span class='ocrx_word' id='word_1_679' title='bbox 1056 827 1104 861; x_wconf 92' lang='lat' dir='ltr'>qui</span> <span class='ocrx_word' id='word_1_680' title='bbox 1123 836 1204 854; x_wconf 87' lang='lat' dir='ltr'>suum</span> <span class='ocrx_word' id='word_1_681' title='bbox 1223 828 1266 854; x_wconf 92' lang='lat' dir='ltr'>ius</span> <span class='ocrx_word' id='word_1_682' title='bbox 1284 829 1397 854; x_wconf 88' lang='lat' dir='ltr'>retinere</span> <span class='ocrx_word' id='word_1_683' title='bbox 1415 837 1443 854; x_wconf 92' lang='lat' dir='ltr'>se</span> <span class='ocrx_word' id='word_1_684' title='bbox 1457 833 1545 854; x_wconf 89' lang='lat' dir='ltr'>contra</span> <span class='ocrx_word' id='word_1_685' title='bbox 1560 829 1706 863; x_wconf 88' lang='lat' dir='ltr'>Apronium</span> 
     </span>
     <span class='ocr_line' id='line_1_96' title="bbox 912 865 1707 900; baseline 0.003 -11"><span class='ocrx_word' id='word_1_686' title='bbox 912 872 990 898; x_wconf 86' lang='lat' dir='ltr'>posse</span> <span class='ocrx_word' id='word_1_687' title='bbox 1005 869 1078 890; x_wconf 83' lang='lat' dir='ltr'>erant</span> <span class='ocrx_word' id='word_1_688' title='bbox 1088 865 1215 895; x_wconf 89' lang='lat' dir='ltr'>arbitrati,</span> <span class='ocrx_word' id='word_1_689' title='bbox 1232 865 1366 900; x_wconf 87' lang='lat' dir='ltr'>splendidi</span> <span class='ocrx_word' id='word_1_690' title='bbox 1379 866 1510 896; x_wconf 87' lang='lat' dir='ltr'>homines,</span> <span class='ocrx_word' id='word_1_691' title='bbox 1526 870 1551 892; x_wconf 89' lang='lat' dir='ltr'>et</span> <span class='ocrx_word' id='word_1_692' title='bbox 1561 866 1620 892; x_wconf 85' lang='lat' dir='ltr'>aliis</span> <span class='ocrx_word' id='word_1_693' title='bbox 1633 875 1707 900; x_wconf 91' lang='lat' dir='ltr'>prae-</span> 
     </span>
     <span class='ocr_line' id='line_1_97' title="bbox 912 901 1708 937; baseline 0.003 -10"><span class='ocrx_word' id='word_1_694' title='bbox 912 901 1015 928; x_wconf 87' lang='lat' dir='ltr'>toribus</span> <span class='ocrx_word' id='word_1_695' title='bbox 1029 903 1147 937; x_wconf 78' lang='lat' dir='ltr'>gratiosi,</span> <span class='ocrx_word' id='word_1_696' title='bbox 1164 903 1245 929; x_wconf 83' lang='lat' dir='ltr'>vineti</span> <span class='ocrx_word' id='word_1_697' title='bbox 1260 903 1377 937; x_wconf 77' lang='lat' dir='ltr'>Apronio</span> <span class='ocrx_word' id='word_1_698' title='bbox 1391 903 1478 929; x_wconf 90' lang='lat' dir='ltr'>traditi</span> <span class='ocrx_word' id='word_1_699' title='bbox 1493 907 1565 929; x_wconf 85' lang='lat' dir='ltr'>sunt.</span> <span class='ocrx_word' id='word_1_700' title='bbox 1587 903 1708 929; x_wconf 78' lang='lat' dir='ltr'>Attendi-</span> 
     </span>
     <span class='ocr_line' id='line_1_98' title="bbox 913 939 1705 975; baseline 0.003 -11"><span class='ocrx_word' id='word_1_701' title='bbox 913 943 936 964; x_wconf 88' lang='lat' dir='ltr'>te</span> <span class='ocrx_word' id='word_1_702' title='bbox 951 939 1032 970; x_wconf 86' lang='lat' dir='ltr'>euim,</span> <span class='ocrx_word' id='word_1_703' title='bbox 1052 940 1205 966; x_wconf 88' lang='lat' dir='ltr'>cuiusmodi</span> <span class='ocrx_word' id='word_1_704' title='bbox 1220 940 1304 966; x_wconf 88' lang='lat' dir='ltr'>edicta</span> <span class='ocrx_word' id='word_1_705' title='bbox 1319 941 1385 967; x_wconf 90' lang='lat' dir='ltr'>sint:</span> <span class='ocrx_word' id='word_1_706' title='bbox 1414 950 1447 966; x_wconf 65' lang='lat' dir='ltr'>aa</span> <span class='ocrx_word' id='word_1_707' title='bbox 1466 950 1587 971; x_wconf 69' lang='grc' dir='ltr'>τοιιΑτ,</span> <span class='ocrx_word' id='word_1_708' title='bbox 1609 941 1705 975; x_wconf 86' lang='lat' dir='ltr'>inquit,</span> 
     </span>
     <span class='ocr_line' id='line_1_99' title="bbox 912 977 1708 1013; baseline 0.003 -12"><span class='ocrx_word' id='word_1_709' title='bbox 912 985 947 1002; x_wconf 68' lang='lat' dir='ltr'>ex</span> <span class='ocrx_word' id='word_1_710' title='bbox 965 986 1055 1007; x_wconf 75' lang='lat' dir='ltr'>AREA,</span> <span class='ocrx_word' id='word_1_711' title='bbox 1077 986 1133 1003; x_wconf 68' lang='lat' dir='ltr'>NlSt</span> <span class='ocrx_word' id='word_1_712' title='bbox 1153 986 1220 1004; x_wconf 73' lang='lat' dir='ltr'>sair</span> <span class='ocrx_word' id='word_1_713' title='bbox 1239 987 1354 1004; x_wconf 67' lang='lat' dir='ltr'>merus.</span> <span class='ocrx_word' id='word_1_714' title='bbox 1396 978 1464 1004; x_wconf 86' lang='lat' dir='ltr'>Satis</span> <span class='ocrx_word' id='word_1_715' title='bbox 1479 977 1544 1004; x_wconf 88' lang='lat' dir='ltr'>haec</span> <span class='ocrx_word' id='word_1_716' title='bbox 1557 986 1652 1013; x_wconf 78' lang='lat' dir='ltr'>magna</span> <span class='ocrx_word' id='word_1_717' title='bbox 1668 978 1708 1004; x_wconf 74' lang='lat' dir='ltr'>vis</span> 
     </span>
     <span class='ocr_line' id='line_1_100' title="bbox 913 1014 1705 1050; baseline 0.001 -11"><span class='ocrx_word' id='word_1_718' title='bbox 913 1018 953 1040; x_wconf 84' lang='lat' dir='ltr'>est</span> <span class='ocrx_word' id='word_1_719' title='bbox 975 1014 1008 1040; x_wconf 89' lang='lat' dir='ltr'>ad</span> <span class='ocrx_word' id='word_1_720' title='bbox 1031 1015 1123 1049; x_wconf 88' lang='lat' dir='ltr'>inique</span> <span class='ocrx_word' id='word_1_721' title='bbox 1147 1015 1350 1049; x_wconf 88' lang='lat' dir='ltr'>paciscendum:</span> <span class='ocrx_word' id='word_1_722' title='bbox 1376 1015 1445 1042; x_wconf 84' lang='lat' dir='ltr'>malo</span> <span class='ocrx_word' id='word_1_723' title='bbox 1463 1016 1535 1041; x_wconf 89' lang='lat' dir='ltr'>enim</span> <span class='ocrx_word' id='word_1_724' title='bbox 1554 1015 1615 1050; x_wconf 88' lang='lat' dir='ltr'>plus</span> <span class='ocrx_word' id='word_1_725' title='bbox 1634 1015 1705 1045; x_wconf 87' lang='lat' dir='ltr'>dare,</span> 
     </span>
     <span class='ocr_line' id='line_1_101' title="bbox 913 1052 1708 1087; baseline 0.001 -10"><span class='ocrx_word' id='word_1_726' title='bbox 913 1060 993 1086; x_wconf 88' lang='lat' dir='ltr'>quam</span> <span class='ocrx_word' id='word_1_727' title='bbox 1009 1060 1061 1078; x_wconf 89' lang='lat' dir='ltr'>non</span> <span class='ocrx_word' id='word_1_728' title='bbox 1076 1056 1178 1078; x_wconf 90' lang='lat' dir='ltr'>mature</span> <span class='ocrx_word' id='word_1_729' title='bbox 1192 1061 1226 1078; x_wconf 76' lang='lat' dir='ltr'>ex</span> <span class='ocrx_word' id='word_1_730' title='bbox 1239 1061 1297 1078; x_wconf 86' lang='lat' dir='ltr'>area</span> <span class='ocrx_word' id='word_1_731' title='bbox 1313 1052 1413 1079; x_wconf 88' lang='lat' dir='ltr'>tollere.</span> <span class='ocrx_word' id='word_1_732' title='bbox 1454 1052 1487 1079; x_wconf 89' lang='lat' dir='ltr'>At</span> <span class='ocrx_word' id='word_1_733' title='bbox 1500 1053 1549 1079; x_wconf 88' lang='lat' dir='ltr'>ista</span> <span class='ocrx_word' id='word_1_734' title='bbox 1565 1053 1605 1078; x_wconf 76' lang='lat' dir='ltr'>vis</span> <span class='ocrx_word' id='word_1_735' title='bbox 1620 1052 1708 1087; x_wconf 86' lang='lat' dir='ltr'>Septi-</span> 
     </span>
     <span class='ocr_line' id='line_1_102' title="bbox 913 1089 1707 1124; baseline 0.003 -10"><span class='ocrx_word' id='word_1_736' title='bbox 913 1089 980 1114; x_wconf 89' lang='lat' dir='ltr'>tium</span> <span class='ocrx_word' id='word_1_737' title='bbox 991 1093 1015 1115; x_wconf 88' lang='lat' dir='ltr'>et</span> <span class='ocrx_word' id='word_1_738' title='bbox 1027 1089 1170 1115; x_wconf 89' lang='lat' dir='ltr'>nonnullos</span> <span class='ocrx_word' id='word_1_739' title='bbox 1182 1089 1287 1124; x_wconf 89' lang='lat' dir='ltr'>Septitii</span> <span class='ocrx_word' id='word_1_740' title='bbox 1302 1090 1405 1116; x_wconf 87' lang='lat' dir='ltr'>similes</span> <span class='ocrx_word' id='word_1_741' title='bbox 1419 1098 1471 1116; x_wconf 89' lang='lat' dir='ltr'>non</span> <span class='ocrx_word' id='word_1_742' title='bbox 1485 1094 1595 1121; x_wconf 86' lang='lat' dir='ltr'>coercet,</span> <span class='ocrx_word' id='word_1_743' title='bbox 1611 1090 1658 1124; x_wconf 88' lang='lat' dir='ltr'>qui</span> <span class='ocrx_word' id='word_1_744' title='bbox 1673 1090 1707 1116; x_wconf 84' lang='lat' dir='ltr'>ita</span> 
     </span>
     <span class='ocr_line' id='line_1_103' title="bbox 912 1126 1708 1162; baseline 0.001 -10"><span class='ocrx_word' id='word_1_745' title='bbox 912 1126 1017 1152; x_wconf 86' lang='lat' dir='ltr'>dieunt:</span> <span class='ocrx_word' id='word_1_746' title='bbox 1041 1127 1099 1153; x_wconf 89' lang='lat' dir='ltr'>Non</span> <span class='ocrx_word' id='word_1_747' title='bbox 1114 1127 1205 1153; x_wconf 87' lang='lat' dir='ltr'>tollam</span> <span class='ocrx_word' id='word_1_748' title='bbox 1219 1128 1317 1162; x_wconf 88' lang='lat' dir='ltr'>potius,</span> <span class='ocrx_word' id='word_1_749' title='bbox 1333 1136 1414 1162; x_wconf 92' lang='lat' dir='ltr'>quam</span> <span class='ocrx_word' id='word_1_750' title='bbox 1430 1128 1556 1162; x_wconf 86' lang='lat' dir='ltr'>paciscar.</span> <span class='ocrx_word' id='word_1_751' title='bbox 1598 1128 1644 1153; x_wconf 85' lang='lat' dir='ltr'>llis</span> <span class='ocrx_word' id='word_1_752' title='bbox 1660 1127 1708 1153; x_wconf 81' lang='lat' dir='ltr'>lioc</span> 
     </span>
     <span class='ocr_line' id='line_1_104' title="bbox 911 1164 1708 1199; baseline 0.003 -10"><span class='ocrx_word' id='word_1_753' title='bbox 911 1164 1068 1198; x_wconf 87' lang='lat' dir='ltr'>opponitur:</span> <span class='ocrx_word' id='word_1_754' title='bbox 1081 1164 1247 1199; x_wconf 89' lang='lat' dir='ltr'>deportatum</span> <span class='ocrx_word' id='word_1_755' title='bbox 1260 1165 1358 1191; x_wconf 85' lang='lat' dir='ltr'>habeas</span> <span class='ocrx_word' id='word_1_756' title='bbox 1370 1170 1429 1191; x_wconf 87' lang='lat' dir='ltr'>ante</span> <span class='ocrx_word' id='word_1_757' title='bbox 1441 1165 1551 1191; x_wconf 86' lang='lat' dir='ltr'>Kalend.</span> <span class='ocrx_word' id='word_1_758' title='bbox 1564 1164 1636 1191; x_wconf 85' lang='lat' dir='ltr'>Sext.</span> <span class='ocrx_word' id='word_1_759' title='bbox 1660 1165 1708 1190; x_wconf 79' lang='lat' dir='ltr'>De-</span> 
     </span>
     <span class='ocr_line' id='line_1_105' title="bbox 1174 1202 1705 1237; baseline 0 -9"><span class='ocrx_word' id='word_1_760' title='bbox 1174 1202 1232 1228; x_wconf 85' lang='lat' dir='ltr'>Nisi</span> <span class='ocrx_word' id='word_1_761' title='bbox 1250 1207 1344 1237; x_wconf 89' lang='lat' dir='ltr'>pactus</span> <span class='ocrx_word' id='word_1_762' title='bbox 1363 1203 1429 1232; x_wconf 85' lang='lat' dir='ltr'>eris,</span> <span class='ocrx_word' id='word_1_763' title='bbox 1449 1211 1500 1229; x_wconf 92' lang='lat' dir='ltr'>non</span> <span class='ocrx_word' id='word_1_764' title='bbox 1514 1202 1705 1229; x_wconf 83' lang='lat' dir='ltr'>commovebis.</span> 
     </span>
    </p>
   </div>
   <div class='ocr_carea' id='block_1_14' title="bbox 905 1276 1708 2656">
    <p class='ocr_par' dir='ltr' id='par_1_20' title="bbox 911 1276 1707 1348">
     <span class='ocr_line' id='line_1_106' title="bbox 911 1276 1707 1312; baseline 0 -10"><span class='ocrx_word' id='word_1_765' title='bbox 911 1276 1056 1311; x_wconf 87' lang='lat' dir='ltr'>prohibitio</span> <span class='ocrx_word' id='word_1_766' title='bbox 1070 1276 1193 1307; x_wconf 85' lang='lat' dir='ltr'>tollendi,</span> <span class='ocrx_word' id='word_1_767' title='bbox 1215 1278 1266 1303; x_wconf 90' lang='lat' dir='ltr'>nisi</span> <span class='ocrx_word' id='word_1_768' title='bbox 1282 1282 1375 1312; x_wconf 91' lang='lat' dir='ltr'>pactus</span> <span class='ocrx_word' id='word_1_769' title='bbox 1390 1282 1472 1308; x_wconf 86' lang='lat' dir='ltr'>esset,</span> <span class='ocrx_word' id='word_1_770' title='bbox 1495 1278 1549 1303; x_wconf 83' lang='lat' dir='ltr'>vim</span> <span class='ocrx_word' id='word_1_771' title='bbox 1564 1277 1707 1303; x_wconf 88' lang='lat' dir='ltr'>adhibebat</span> 
     </span>
     <span class='ocr_line' id='line_1_107' title="bbox 911 1314 1292 1348; baseline 0.003 -9"><span class='ocrx_word' id='word_1_772' title='bbox 911 1314 1035 1348; x_wconf 85' lang='lat' dir='ltr'>pactioni,</span> <span class='ocrx_word' id='word_1_773' title='bbox 1051 1323 1103 1340; x_wconf 88' lang='lat' dir='ltr'>non</span> <span class='ocrx_word' id='word_1_774' title='bbox 1118 1314 1292 1341; x_wconf 79' lang='lat' dir='ltr'>voluntatem.</span> 
     </span>
    </p>

    <p class='ocr_par' dir='ltr' id='par_1_21' title="bbox 905 1351 1708 2656">
     <span class='ocr_line' id='line_1_108' title="bbox 966 1351 1706 1386; baseline 0.001 -10"><span class='ocrx_word' id='word_1_775' title='bbox 966 1351 1023 1377; x_wconf 84' lang='lat' dir='ltr'>XV.</span> <span class='ocrx_word' id='word_1_776' title='bbox 1046 1353 1087 1377; x_wconf 83' lang='lat'>38.</span> <span class='ocrx_word' id='word_1_777' title='bbox 1110 1352 1163 1378; x_wconf 89' lang='lat' dir='ltr'>lam</span> <span class='ocrx_word' id='word_1_778' title='bbox 1182 1360 1244 1378; x_wconf 77' lang='lat' dir='ltr'>vero</span> <span class='ocrx_word' id='word_1_779' title='bbox 1263 1351 1330 1378; x_wconf 91' lang='lat' dir='ltr'>illud</span> <span class='ocrx_word' id='word_1_780' title='bbox 1350 1361 1401 1379; x_wconf 93' lang='lat' dir='ltr'>non</span> <span class='ocrx_word' id='word_1_781' title='bbox 1415 1352 1503 1379; x_wconf 90' lang='lat' dir='ltr'>solum</span> <span class='ocrx_word' id='word_1_782' title='bbox 1518 1356 1606 1378; x_wconf 81' lang='lat' dir='ltr'>contra</span> <span class='ocrx_word' id='word_1_783' title='bbox 1623 1351 1706 1386; x_wconf 70' lang='lat' dir='ltr'>legem</span> 
     </span>
     <span class='ocr_line' id='line_1_109' title="bbox 911 1388 1708 1423; baseline 0.001 -10"><span class='ocrx_word' id='word_1_784' title='bbox 911 1388 1090 1419; x_wconf 81' lang='lat' dir='ltr'>Hieronicam,</span> <span class='ocrx_word' id='word_1_785' title='bbox 1113 1397 1161 1415; x_wconf 88' lang='lat' dir='ltr'>nec</span> <span class='ocrx_word' id='word_1_786' title='bbox 1179 1389 1266 1415; x_wconf 90' lang='lat' dir='ltr'>solum</span> <span class='ocrx_word' id='word_1_787' title='bbox 1287 1394 1375 1416; x_wconf 89' lang='lat' dir='ltr'>contra</span> <span class='ocrx_word' id='word_1_788' title='bbox 1390 1389 1610 1416; x_wconf 88' lang='lat' dir='ltr'>consuetudinem</span> <span class='ocrx_word' id='word_1_789' title='bbox 1626 1398 1708 1423; x_wconf 88' lang='lat' dir='ltr'>supe-</span> 
     </span>
     <span class='ocr_line' id='line_1_110' title="bbox 912 1426 1707 1460; baseline 0 -9"><span class='ocrx_word' id='word_1_790' title='bbox 912 1426 1020 1456; x_wconf 89' lang='lat' dir='ltr'>riorum,</span> <span class='ocrx_word' id='word_1_791' title='bbox 1037 1426 1084 1452; x_wconf 87' lang='lat' dir='ltr'>sed</span> <span class='ocrx_word' id='word_1_792' title='bbox 1099 1427 1177 1452; x_wconf 87' lang='lat' dir='ltr'>etiam</span> <span class='ocrx_word' id='word_1_793' title='bbox 1192 1432 1280 1453; x_wconf 87' lang='lat' dir='ltr'>contra</span> <span class='ocrx_word' id='word_1_794' title='bbox 1292 1428 1380 1453; x_wconf 88' lang='lat' dir='ltr'>omnia</span> <span class='ocrx_word' id='word_1_795' title='bbox 1392 1428 1449 1453; x_wconf 88' lang='lat' dir='ltr'>iura</span> <span class='ocrx_word' id='word_1_796' title='bbox 1461 1426 1622 1456; x_wconf 85' lang='lat' dir='ltr'>Siculorum,</span> <span class='ocrx_word' id='word_1_797' title='bbox 1639 1434 1707 1460; x_wconf 85' lang='lat' dir='ltr'>quae</span> 
     </span>
     <span class='ocr_line' id='line_1_111' title="bbox 912 1463 1707 1499; baseline 0.001 -11"><span class='ocrx_word' id='word_1_798' title='bbox 912 1463 1009 1489; x_wconf 89' lang='lat' dir='ltr'>habent</span> <span class='ocrx_word' id='word_1_799' title='bbox 1027 1472 1040 1489; x_wconf 90' lang='lat' dir='ltr'>a</span> <span class='ocrx_word' id='word_1_800' title='bbox 1058 1468 1152 1489; x_wconf 83' lang='lat' dir='ltr'>senatu</span> <span class='ocrx_word' id='word_1_801' title='bbox 1171 1464 1323 1499; x_wconf 87' lang='lat' dir='ltr'>populoque</span> <span class='ocrx_word' id='word_1_802' title='bbox 1343 1465 1472 1495; x_wconf 78' lang='lat' dir='ltr'>Romano,</span> <span class='ocrx_word' id='word_1_803' title='bbox 1498 1473 1531 1490; x_wconf 88' lang='lat' dir='ltr'>nc</span> <span class='ocrx_word' id='word_1_804' title='bbox 1553 1464 1615 1498; x_wconf 89' lang='lat' dir='ltr'>quis</span> <span class='ocrx_word' id='word_1_805' title='bbox 1635 1468 1707 1489; x_wconf 75' lang='lat' dir='ltr'>extra</span> 
     </span>
     <span class='ocr_line' id='line_1_112' title="bbox 911 1500 1707 1536; baseline 0 -10"><span class='ocrx_word' id='word_1_806' title='bbox 911 1509 992 1526; x_wconf 88' lang='lat' dir='ltr'>suum</span> <span class='ocrx_word' id='word_1_807' title='bbox 1012 1500 1098 1527; x_wconf 91' lang='lat' dir='ltr'>forum</span> <span class='ocrx_word' id='word_1_808' title='bbox 1119 1501 1300 1527; x_wconf 83' lang='lat' dir='ltr'>vadimonium</span> <span class='ocrx_word' id='word_1_809' title='bbox 1323 1503 1475 1536; x_wconf 83' lang='lat' dir='ltr'>promittere</span> <span class='ocrx_word' id='word_1_810' title='bbox 1489 1506 1607 1535; x_wconf 64' lang='lat' dir='ltr'>cogatur.</span> <span class='ocrx_word' id='word_1_811' title='bbox 1649 1501 1707 1526; x_wconf 78' lang='lat' dir='ltr'>Sta-</span> 
     </span>
     <span class='ocr_line' id='line_1_113' title="bbox 912 1538 1704 1574; baseline 0 -11"><span class='ocrx_word' id='word_1_812' title='bbox 912 1538 961 1564; x_wconf 89' lang='lat' dir='ltr'>tuit</span> <span class='ocrx_word' id='word_1_813' title='bbox 976 1538 1033 1568; x_wconf 76' lang='lat' dir='ltr'>iste,</span> <span class='ocrx_word' id='word_1_814' title='bbox 1051 1543 1079 1564; x_wconf 86' lang='lat' dir='ltr'>ut</span> <span class='ocrx_word' id='word_1_815' title='bbox 1093 1543 1178 1564; x_wconf 86' lang='lat' dir='ltr'>arator</span> <span class='ocrx_word' id='word_1_816' title='bbox 1191 1539 1352 1569; x_wconf 84' lang='lat' dir='ltr'>decumano,</span> <span class='ocrx_word' id='word_1_817' title='bbox 1369 1548 1422 1574; x_wconf 88' lang='lat' dir='ltr'>quo</span> <span class='ocrx_word' id='word_1_818' title='bbox 1437 1539 1516 1565; x_wconf 59' lang='lat' dir='ltr'>vellet</span> <span class='ocrx_word' id='word_1_819' title='bbox 1529 1539 1704 1567; x_wconf 85' lang='lat' dir='ltr'>decumanus,</span> 
     </span>
     <span class='ocr_line' id='line_1_114' title="bbox 912 1575 1704 1611; baseline 0 -10"><span class='ocrx_word' id='word_1_820' title='bbox 912 1575 1095 1601; x_wconf 80' lang='lat' dir='ltr'>vadimonium</span> <span class='ocrx_word' id='word_1_821' title='bbox 1122 1577 1300 1610; x_wconf 73' lang='lat' dir='ltr'>promitteret3</span> <span class='ocrx_word' id='word_1_822' title='bbox 1329 1582 1358 1602; x_wconf 93' lang='lat' dir='ltr'>ut</span> <span class='ocrx_word' id='word_1_823' title='bbox 1385 1577 1427 1602; x_wconf 90' lang='lat' dir='ltr'>hic</span> <span class='ocrx_word' id='word_1_824' title='bbox 1449 1584 1557 1611; x_wconf 89' lang='lat' dir='ltr'>quoque</span> <span class='ocrx_word' id='word_1_825' title='bbox 1580 1576 1704 1610; x_wconf 76' lang='lat' dir='ltr'>Apronio,</span> 
     </span>
     <span class='ocr_line' id='line_1_115' title="bbox 910 1613 1707 1649; baseline 0 -11"><span class='ocrx_word' id='word_1_826' title='bbox 910 1621 996 1647; x_wconf 89' lang='lat' dir='ltr'>quum</span> <span class='ocrx_word' id='word_1_827' title='bbox 1015 1621 1048 1639; x_wconf 79' lang='lat' dir='ltr'>ex</span> <span class='ocrx_word' id='word_1_828' title='bbox 1067 1613 1193 1639; x_wconf 88' lang='lat' dir='ltr'>Leontino</span> <span class='ocrx_word' id='word_1_829' title='bbox 1213 1622 1299 1648; x_wconf 82' lang='lat' dir='ltr'>usquc</span> <span class='ocrx_word' id='word_1_830' title='bbox 1314 1614 1470 1649; x_wconf 66' lang='lat' dir='ltr'>Lilybaeum</span> <span class='ocrx_word' id='word_1_831' title='bbox 1490 1613 1606 1647; x_wconf 84' lang='lat' dir='ltr'>aliquem</span> <span class='ocrx_word' id='word_1_832' title='bbox 1628 1613 1707 1638; x_wconf 77' lang='lat' dir='ltr'>vada-</span> 
     </span>
     <span class='ocr_line' id='line_1_116' title="bbox 911 1651 1706 1685; baseline -0.001 -9"><span class='ocrx_word' id='word_1_833' title='bbox 911 1654 994 1681; x_wconf 87' lang='lat' dir='ltr'>retur,</span> <span class='ocrx_word' id='word_1_834' title='bbox 1021 1659 1055 1676; x_wconf 79' lang='lat' dir='ltr'>ex</span> <span class='ocrx_word' id='word_1_835' title='bbox 1078 1651 1184 1676; x_wconf 88' lang='lat' dir='ltr'>miseris</span> <span class='ocrx_word' id='word_1_836' title='bbox 1203 1652 1351 1677; x_wconf 86' lang='lat' dir='ltr'>aratoribus</span> <span class='ocrx_word' id='word_1_837' title='bbox 1374 1651 1555 1677; x_wconf 87' lang='lat' dir='ltr'>calumniandi</span> <span class='ocrx_word' id='word_1_838' title='bbox 1578 1655 1706 1685; x_wconf 84' lang='lat' dir='ltr'>quaestus</span> 
     </span>
     <span class='ocr_line' id='line_1_117' title="bbox 1095 1688 1707 1723; baseline -0.002 -9"><span class='ocrx_word' id='word_1_839' title='bbox 1095 1688 1263 1723; x_wconf 85' lang='lat' dir='ltr'>Quamquam</span> <span class='ocrx_word' id='word_1_840' title='bbox 1283 1688 1327 1714; x_wconf 88' lang='lat' dir='ltr'>illa</span> <span class='ocrx_word' id='word_1_841' title='bbox 1347 1688 1397 1714; x_wconf 90' lang='lat' dir='ltr'>fuit</span> <span class='ocrx_word' id='word_1_842' title='bbox 1415 1689 1447 1714; x_wconf 90' lang='lat' dir='ltr'>ad</span> <span class='ocrx_word' id='word_1_843' title='bbox 1465 1688 1626 1714; x_wconf 76' lang='lat' dir='ltr'>calumniam</span> <span class='ocrx_word' id='word_1_844' title='bbox 1650 1688 1707 1713; x_wconf 88' lang='lat' dir='ltr'>sin-</span> 
     </span>
     <span class='ocr_line' id='line_1_118' title="bbox 909 1725 1706 1760; baseline -0.001 -9"><span class='ocrx_word' id='word_1_845' title='bbox 909 1725 995 1760; x_wconf 74' lang='lat' dir='ltr'>gulari</span> <span class='ocrx_word' id='word_1_846' title='bbox 1010 1725 1121 1751; x_wconf 86' lang='lat' dir='ltr'>consilio</span> <span class='ocrx_word' id='word_1_847' title='bbox 1135 1731 1236 1760; x_wconf 88' lang='lat' dir='ltr'>reperta</span> <span class='ocrx_word' id='word_1_848' title='bbox 1252 1727 1329 1757; x_wconf 85' lang='lat' dir='ltr'>ratio,</span> <span class='ocrx_word' id='word_1_849' title='bbox 1346 1726 1418 1760; x_wconf 90' lang='lat' dir='ltr'>quod</span> <span class='ocrx_word' id='word_1_850' title='bbox 1432 1726 1562 1756; x_wconf 84' lang='lat' dir='ltr'>edixerat,</span> <span class='ocrx_word' id='word_1_851' title='bbox 1580 1730 1609 1751; x_wconf 89' lang='lat' dir='ltr'>ut</span> <span class='ocrx_word' id='word_1_852' title='bbox 1622 1730 1706 1751; x_wconf 88' lang='lat' dir='ltr'>arato-</span> 
     </span>
     <span class='ocr_line' id='line_1_119' title="bbox 910 1763 1706 1798; baseline -0.001 -10"><span class='ocrx_word' id='word_1_853' title='bbox 910 1772 951 1788; x_wconf 89' lang='lat' dir='ltr'>res</span> <span class='ocrx_word' id='word_1_854' title='bbox 965 1763 1057 1798; x_wconf 76' lang='lat' dir='ltr'>iugera</span> <span class='ocrx_word' id='word_1_855' title='bbox 1071 1763 1203 1789; x_wconf 88' lang='lat' dir='ltr'>sationum</span> <span class='ocrx_word' id='word_1_856' title='bbox 1219 1772 1328 1789; x_wconf 87' lang='lat' dir='ltr'>suarum</span> <span class='ocrx_word' id='word_1_857' title='bbox 1344 1764 1537 1798; x_wconf 81' lang='lat' dir='ltr'>profiterentur.</span> <span class='ocrx_word' id='word_1_858' title='bbox 1578 1763 1650 1794; x_wconf 80' lang='lat' dir='ltr'>Quae</span> <span class='ocrx_word' id='word_1_859' title='bbox 1666 1770 1706 1788; x_wconf 89' lang='lat' dir='ltr'>res</span> 
     </span>
     <span class='ocr_line' id='line_1_120' title="bbox 908 1800 1704 1836; baseline 0 -11"><span class='ocrx_word' id='word_1_860' title='bbox 908 1809 994 1834; x_wconf 88' lang='lat' dir='ltr'>quum</span> <span class='ocrx_word' id='word_1_861' title='bbox 1009 1800 1041 1826; x_wconf 86' lang='lat' dir='ltr'>ad</span> <span class='ocrx_word' id='word_1_862' title='bbox 1056 1801 1190 1834; x_wconf 84' lang='lat' dir='ltr'>pactiones</span> <span class='ocrx_word' id='word_1_863' title='bbox 1201 1801 1386 1836; x_wconf 86' lang='lat' dir='ltr'>iniquissimas</span> <span class='ocrx_word' id='word_1_864' title='bbox 1398 1810 1523 1833; x_wconf 67' lang='lat' dir='ltr'>magnam</span> <span class='ocrx_word' id='word_1_865' title='bbox 1536 1801 1590 1826; x_wconf 82' lang='lat' dir='ltr'>vim</span> <span class='ocrx_word' id='word_1_866' title='bbox 1603 1800 1704 1828; x_wconf 84' lang='lat' dir='ltr'>habuit,</span> 
     </span>
     <span class='ocr_line' id='line_1_121' title="bbox 909 1837 1706 1873; baseline -0.001 -10"><span class='ocrx_word' id='word_1_867' title='bbox 909 1839 978 1863; x_wconf 83' lang='lat' dir='ltr'>sicut</span> <span class='ocrx_word' id='word_1_868' title='bbox 992 1837 1139 1866; x_wconf 81' lang='lat' dir='ltr'>ostendam.</span> <span class='ocrx_word' id='word_1_869' title='bbox 1156 1838 1284 1873; x_wconf 89' lang='lat' dir='ltr'>nequead</span> <span class='ocrx_word' id='word_1_870' title='bbox 1299 1838 1379 1864; x_wconf 84' lang='lat' dir='ltr'>ullam</span> <span class='ocrx_word' id='word_1_871' title='bbox 1392 1838 1531 1864; x_wconf 84' lang='lat' dir='ltr'>utilitatem</span> <span class='ocrx_word' id='word_1_872' title='bbox 1545 1837 1706 1872; x_wconf 80' lang='lat' dir='ltr'>reipublicae</span> 
     </span>
     <span class='ocr_line' id='line_1_122' title="bbox 910 1875 1707 1910; baseline -0.001 -9"><span class='ocrx_word' id='word_1_873' title='bbox 910 1876 1046 1909; x_wconf 87' lang='lat' dir='ltr'>pertinuit,</span> <span class='ocrx_word' id='word_1_874' title='bbox 1064 1879 1119 1901; x_wconf 91' lang='lat' dir='ltr'>tum</span> <span class='ocrx_word' id='word_1_875' title='bbox 1134 1884 1196 1902; x_wconf 85' lang='lat' dir='ltr'>vero</span> <span class='ocrx_word' id='word_1_876' title='bbox 1209 1875 1241 1901; x_wconf 87' lang='lat' dir='ltr'>ad</span> <span class='ocrx_word' id='word_1_877' title='bbox 1257 1876 1418 1905; x_wconf 85' lang='lat' dir='ltr'>calumnias,</span> <span class='ocrx_word' id='word_1_878' title='bbox 1435 1876 1461 1901; x_wconf 87' lang='lat' dir='ltr'>in</span> <span class='ocrx_word' id='word_1_879' title='bbox 1476 1884 1544 1910; x_wconf 71' lang='lat' dir='ltr'>(pias</span> <span class='ocrx_word' id='word_1_880' title='bbox 1558 1884 1650 1901; x_wconf 82' lang='lat' dir='ltr'>omncs</span> <span class='ocrx_word' id='word_1_881' title='bbox 1666 1875 1707 1900; x_wconf 92' lang='lat' dir='ltr'>in-</span> 
     </span>
     <span class='ocr_line' id='line_1_123' title="bbox 909 1912 1706 1947; baseline -0.001 -9"><span class='ocrx_word' id='word_1_882' title='bbox 909 1912 1035 1943; x_wconf 82' lang='lat' dir='ltr'>ciderent,</span> <span class='ocrx_word' id='word_1_883' title='bbox 1052 1921 1120 1947; x_wconf 87' lang='lat' dir='ltr'>quos</span> <span class='ocrx_word' id='word_1_884' title='bbox 1135 1913 1214 1939; x_wconf 68' lang='lat' dir='ltr'>vellet</span> <span class='ocrx_word' id='word_1_885' title='bbox 1229 1913 1372 1947; x_wconf 85' lang='lat' dir='ltr'>Apronius.</span> <span class='ocrx_word' id='word_1_886' title='bbox 1401 1914 1441 1939; x_wconf 84' lang='lat'>39.</span> <span class='ocrx_word' id='word_1_887' title='bbox 1459 1913 1490 1939; x_wconf 87' lang='lat' dir='ltr'>Ut</span> <span class='ocrx_word' id='word_1_888' title='bbox 1504 1913 1575 1938; x_wconf 85' lang='lat' dir='ltr'>enim</span> <span class='ocrx_word' id='word_1_889' title='bbox 1589 1913 1706 1947; x_wconf 79' lang='lat' dir='ltr'>quisquc</span> 
     </span>
     <span class='ocr_line' id='line_1_124' title="bbox 909 1949 1704 1980; baseline -0.001 -5"><span class='ocrx_word' id='word_1_890' title='bbox 909 1954 997 1976; x_wconf 87' lang='lat' dir='ltr'>contra</span> <span class='ocrx_word' id='word_1_891' title='bbox 1014 1949 1176 1976; x_wconf 82' lang='lat' dir='ltr'>voluntatem</span> <span class='ocrx_word' id='word_1_892' title='bbox 1192 1951 1250 1977; x_wconf 85' lang='lat' dir='ltr'>cius</span> <span class='ocrx_word' id='word_1_893' title='bbox 1264 1951 1380 1980; x_wconf 82' lang='lat' dir='ltr'>dixerat,</span> <span class='ocrx_word' id='word_1_894' title='bbox 1402 1951 1437 1976; x_wconf 87' lang='lat' dir='ltr'>ita</span> <span class='ocrx_word' id='word_1_895' title='bbox 1456 1951 1482 1976; x_wconf 90' lang='lat' dir='ltr'>in</span> <span class='ocrx_word' id='word_1_896' title='bbox 1498 1959 1559 1976; x_wconf 86' lang='lat' dir='ltr'>eum</span> <span class='ocrx_word' id='word_1_897' title='bbox 1575 1950 1704 1975; x_wconf 82' lang='lat' dir='ltr'>iudicium</span> 
     </span>
     <span class='ocr_line' id='line_1_125' title="bbox 908 1987 1704 2023; baseline -0.001 -10"><span class='ocrx_word' id='word_1_898' title='bbox 908 1987 941 2013; x_wconf 82' lang='lat' dir='ltr'>(le</span> <span class='ocrx_word' id='word_1_899' title='bbox 959 1987 1123 2022; x_wconf 84' lang='lat' dir='ltr'>professione</span> <span class='ocrx_word' id='word_1_900' title='bbox 1141 1989 1265 2023; x_wconf 76' lang='lat' dir='ltr'>iugerum</span> <span class='ocrx_word' id='word_1_901' title='bbox 1285 1988 1483 2023; x_wconf 75' lang='lat' dir='ltr'>postulabatur,</span> <span class='ocrx_word' id='word_1_902' title='bbox 1511 1988 1589 2014; x_wconf 80' lang='lat' dir='ltr'>cuius</span> <span class='ocrx_word' id='word_1_903' title='bbox 1614 1987 1704 2013; x_wconf 84' lang='lat' dir='ltr'>iudicii</span> 
     </span>
     <span class='ocr_line' id='line_1_126' title="bbox 909 2024 1705 2060; baseline -0.003 -9"><span class='ocrx_word' id='word_1_904' title='bbox 909 2030 981 2051; x_wconf 90' lang='lat' dir='ltr'>metu</span> <span class='ocrx_word' id='word_1_905' title='bbox 1005 2034 1119 2060; x_wconf 78' lang='lat' dir='ltr'>magnus</span> <span class='ocrx_word' id='word_1_906' title='bbox 1142 2035 1155 2051; x_wconf 92' lang='lat' dir='ltr'>a</span> <span class='ocrx_word' id='word_1_907' title='bbox 1179 2025 1271 2051; x_wconf 91' lang='lat' dir='ltr'>multis</span> <span class='ocrx_word' id='word_1_908' title='bbox 1295 2025 1421 2051; x_wconf 87' lang='lat' dir='ltr'>frumenti</span> <span class='ocrx_word' id='word_1_909' title='bbox 1446 2034 1575 2051; x_wconf 86' lang='lat' dir='ltr'>numerus</span> <span class='ocrx_word' id='word_1_910' title='bbox 1602 2024 1705 2050; x_wconf 77' lang='lat' dir='ltr'>ablatus</span> 
     </span>
     <span class='ocr_line' id='line_1_127' title="bbox 909 2062 1704 2098; baseline -0.003 -10"><span class='ocrx_word' id='word_1_911' title='bbox 909 2071 1073 2098; x_wconf 67' lang='lat' dir='ltr'>magnaeque</span> <span class='ocrx_word' id='word_1_912' title='bbox 1088 2063 1214 2097; x_wconf 89' lang='lat' dir='ltr'>pecuniae</span> <span class='ocrx_word' id='word_1_913' title='bbox 1228 2068 1331 2089; x_wconf 89' lang='lat' dir='ltr'>coactae</span> <span class='ocrx_word' id='word_1_914' title='bbox 1345 2068 1422 2089; x_wconf 87' lang='lat' dir='ltr'>sunt:</span> <span class='ocrx_word' id='word_1_915' title='bbox 1449 2071 1499 2089; x_wconf 90' lang='lat' dir='ltr'>non</span> <span class='ocrx_word' id='word_1_916' title='bbox 1514 2071 1569 2097; x_wconf 90' lang='lat' dir='ltr'>quo</span> <span class='ocrx_word' id='word_1_917' title='bbox 1583 2062 1704 2095; x_wconf 62' lang='lat' dir='ltr'>iugerum</span> 
     </span>
     <span class='ocr_line' id='line_1_128' title="bbox 909 2098 1705 2135; baseline -0.003 -9"><span class='ocrx_word' id='word_1_918' title='bbox 909 2108 1051 2126; x_wconf 87' lang='lat' dir='ltr'>numerum</span> <span class='ocrx_word' id='word_1_919' title='bbox 1071 2108 1132 2126; x_wconf 69' lang='lat' dir='ltr'>vere</span> <span class='ocrx_word' id='word_1_920' title='bbox 1152 2101 1267 2135; x_wconf 76' lang='lat' dir='ltr'>profiteri</span> <span class='ocrx_word' id='word_1_921' title='bbox 1287 2105 1357 2126; x_wconf 83' lang='lat' dir='ltr'>essct</span> <span class='ocrx_word' id='word_1_922' title='bbox 1374 2100 1496 2130; x_wconf 77' lang='lat' dir='ltr'>difficile,</span> <span class='ocrx_word' id='word_1_923' title='bbox 1522 2104 1567 2126; x_wconf 89' lang='lat' dir='ltr'>aut</span> <span class='ocrx_word' id='word_1_924' title='bbox 1589 2098 1705 2133; x_wconf 76' lang='lat' dir='ltr'>aniplius</span> 
     </span>
     <span class='ocr_line' id='line_1_129' title="bbox 909 2136 1705 2173; baseline -0.004 -9"><span class='ocrx_word' id='word_1_925' title='bbox 909 2138 987 2164; x_wconf 86' lang='lat' dir='ltr'>etiam</span> <span class='ocrx_word' id='word_1_926' title='bbox 1003 2137 1128 2172; x_wconf 80' lang='lat' dir='ltr'>profiteri,</span> <span class='ocrx_word' id='word_1_927' title='bbox 1144 2138 1220 2173; x_wconf 86' lang='lat' dir='ltr'>(quid</span> <span class='ocrx_word' id='word_1_928' title='bbox 1235 2138 1305 2164; x_wconf 86' lang='lat' dir='ltr'>enim</span> <span class='ocrx_word' id='word_1_929' title='bbox 1318 2138 1344 2163; x_wconf 94' lang='lat' dir='ltr'>in</span> <span class='ocrx_word' id='word_1_930' title='bbox 1356 2146 1386 2164; x_wconf 89' lang='lat' dir='ltr'>co</span> <span class='ocrx_word' id='word_1_931' title='bbox 1397 2137 1508 2172; x_wconf 85' lang='lat' dir='ltr'>periculi</span> <span class='ocrx_word' id='word_1_932' title='bbox 1520 2146 1579 2163; x_wconf 73' lang='lat' dir='ltr'>esse</span> <span class='ocrx_word' id='word_1_933' title='bbox 1591 2136 1705 2171; x_wconf 52' lang='lat' dir='ltr'>possetss&#39;)</span> 
     </span>
     <span class='ocr_line' id='line_1_130' title="bbox 908 2173 1706 2209; baseline -0.005 -8"><span class='ocrx_word' id='word_1_934' title='bbox 908 2175 955 2201; x_wconf 87' lang='lat' dir='ltr'>sed</span> <span class='ocrx_word' id='word_1_935' title='bbox 978 2183 1073 2200; x_wconf 81' lang='lat' dir='ltr'>caussa</span> <span class='ocrx_word' id='word_1_936' title='bbox 1097 2180 1151 2201; x_wconf 86' lang='lat' dir='ltr'>erat</span> <span class='ocrx_word' id='word_1_937' title='bbox 1174 2175 1266 2201; x_wconf 86' lang='lat' dir='ltr'>iudicii</span> <span class='ocrx_word' id='word_1_938' title='bbox 1286 2174 1453 2209; x_wconf 82' lang='lat' dir='ltr'>postulandi,</span> <span class='ocrx_word' id='word_1_939' title='bbox 1478 2175 1550 2209; x_wconf 87' lang='lat' dir='ltr'>quod</span> <span class='ocrx_word' id='word_1_940' title='bbox 1569 2183 1601 2200; x_wconf 85' lang='lat' dir='ltr'>ex</span> <span class='ocrx_word' id='word_1_941' title='bbox 1621 2173 1706 2200; x_wconf 73' lang='lat' dir='ltr'>edicto</span> 
     </span>
     <span class='ocr_line' id='line_1_131' title="bbox 909 2210 1704 2247; baseline -0.003 -9"><span class='ocrx_word' id='word_1_942' title='bbox 909 2211 1045 2247; x_wconf 88' lang='lat' dir='ltr'>professus</span> <span class='ocrx_word' id='word_1_943' title='bbox 1069 2221 1120 2238; x_wconf 88' lang='lat' dir='ltr'>non</span> <span class='ocrx_word' id='word_1_944' title='bbox 1144 2217 1222 2238; x_wconf 85' lang='lat' dir='ltr'>esset.</span> <span class='ocrx_word' id='word_1_945' title='bbox 1265 2212 1396 2238; x_wconf 85' lang='lat' dir='ltr'>ludicium</span> <span class='ocrx_word' id='word_1_946' title='bbox 1419 2216 1508 2238; x_wconf 89' lang='lat' dir='ltr'>autem</span> <span class='ocrx_word' id='word_1_947' title='bbox 1531 2211 1603 2246; x_wconf 82' lang='lat' dir='ltr'>quod</span> <span class='ocrx_word' id='word_1_948' title='bbox 1627 2210 1704 2237; x_wconf 85' lang='lat' dir='ltr'>fuerit</span> 
     </span>
     <span class='ocr_line' id='line_1_132' title="bbox 908 2247 1702 2284; baseline -0.004 -8"><span class='ocrx_word' id='word_1_949' title='bbox 908 2251 959 2276; x_wconf 89' lang='lat' dir='ltr'>isto</span> <span class='ocrx_word' id='word_1_950' title='bbox 974 2254 1100 2284; x_wconf 86' lang='lat' dir='ltr'>praetore,</span> <span class='ocrx_word' id='word_1_951' title='bbox 1117 2250 1153 2279; x_wconf 78' lang='lat' dir='ltr'>si,</span> <span class='ocrx_word' id='word_1_952' title='bbox 1169 2258 1238 2284; x_wconf 72' lang='lat' dir='ltr'>(piae</span> <span class='ocrx_word' id='word_1_953' title='bbox 1256 2249 1349 2275; x_wconf 85' lang='lat' dir='ltr'>cohors</span> <span class='ocrx_word' id='word_1_954' title='bbox 1367 2254 1392 2275; x_wconf 89' lang='lat' dir='ltr'>ct</span> <span class='ocrx_word' id='word_1_955' title='bbox 1405 2250 1452 2284; x_wconf 89' lang='lat' dir='ltr'>qui</span> <span class='ocrx_word' id='word_1_956' title='bbox 1463 2250 1604 2275; x_wconf 84' lang='lat' dir='ltr'>comitatus</span> <span class='ocrx_word' id='word_1_957' title='bbox 1616 2247 1702 2276; x_wconf 87' lang='lat' dir='ltr'>fuerit,</span> 
     </span>
     <span class='ocr_line' id='line_1_133' title="bbox 909 2285 1704 2320; baseline -0.001 -8"><span class='ocrx_word' id='word_1_958' title='bbox 909 2287 1083 2317; x_wconf 84' lang='lat' dir='ltr'>meministis,</span> <span class='ocrx_word' id='word_1_959' title='bbox 1100 2287 1167 2313; x_wconf 89' lang='lat' dir='ltr'>scire</span> <span class='ocrx_word' id='word_1_960' title='bbox 1181 2287 1294 2312; x_wconf 83' lang='lat' dir='ltr'>debetis.</span> <span class='ocrx_word' id='word_1_961' title='bbox 1334 2286 1405 2318; x_wconf 84' lang='lat' dir='ltr'>Quid</span> <span class='ocrx_word' id='word_1_962' title='bbox 1421 2287 1503 2320; x_wconf 63' lang='lat' dir='ltr'>igitur</span> <span class='ocrx_word' id='word_1_963' title='bbox 1516 2291 1568 2314; x_wconf 79' lang='lat' dir='ltr'>est,</span> <span class='ocrx_word' id='word_1_964' title='bbox 1585 2285 1657 2320; x_wconf 87' lang='lat' dir='ltr'>quod</span> <span class='ocrx_word' id='word_1_965' title='bbox 1672 2293 1704 2311; x_wconf 77' lang='lat' dir='ltr'>ex</span> 
     </span>
     <span class='ocr_line' id='line_1_134' title="bbox 909 2323 1703 2358; baseline -0.004 -8"><span class='ocrx_word' id='word_1_966' title='bbox 909 2324 957 2350; x_wconf 81' lang='lat' dir='ltr'>liac</span> <span class='ocrx_word' id='word_1_967' title='bbox 972 2324 1111 2358; x_wconf 87' lang='lat' dir='ltr'>iniquitate</span> <span class='ocrx_word' id='word_1_968' title='bbox 1126 2333 1255 2350; x_wconf 69' lang='lat' dir='ltr'>novorum</span> <span class='ocrx_word' id='word_1_969' title='bbox 1270 2323 1417 2350; x_wconf 81' lang='lat' dir='ltr'>edictorum</span> <span class='ocrx_word' id='word_1_970' title='bbox 1433 2323 1544 2357; x_wconf 66' lang='lat' dir='ltr'>intelligi</span> <span class='ocrx_word' id='word_1_971' title='bbox 1557 2323 1646 2350; x_wconf 74' lang='lat' dir='ltr'>velim.</span> <span class='ocrx_word' id='word_1_972' title='bbox 1664 2323 1703 2348; x_wconf 88' lang='lat' dir='ltr'>iu-</span> 
     </span>
     <span class='ocr_line' id='line_1_135' title="bbox 907 2360 1704 2387; baseline -0.003 0"><span class='ocrx_word' id='word_1_973' title='bbox 907 2361 999 2387; x_wconf 78' lang='lat' dir='ltr'>dices?</span> <span class='ocrx_word' id='word_1_974' title='bbox 1016 2361 1178 2387; x_wconf 87' lang='lat' dir='ltr'>lniuriamue</span> <span class='ocrx_word' id='word_1_975' title='bbox 1193 2361 1287 2387; x_wconf 84' lang='lat' dir='ltr'>factam</span> <span class='ocrx_word' id='word_1_976' title='bbox 1302 2360 1400 2386; x_wconf 76' lang='lat' dir='ltr'>sociis?</span> <span class='ocrx_word' id='word_1_977' title='bbox 1413 2361 1445 2386; x_wconf 81' lang='lat' dir='ltr'>At</span> <span class='ocrx_word' id='word_1_978' title='bbox 1461 2360 1565 2386; x_wconf 66' lang='lat' dir='ltr'>ridetis.</span> <span class='ocrx_word' id='word_1_979' title='bbox 1608 2361 1704 2386; x_wconf 70' lang='lat' dir='ltr'>Aucto-</span> 
     </span>
     <span class='ocr_line' id='line_1_136' title="bbox 908 2397 1701 2432; baseline -0.003 -8"><span class='ocrx_word' id='word_1_980' title='bbox 908 2399 1009 2424; x_wconf 85' lang='lat' dir='ltr'>ritatem</span> <span class='ocrx_word' id='word_1_981' title='bbox 1025 2399 1193 2432; x_wconf 82' lang='lat' dir='ltr'>superiorum</span> <span class='ocrx_word' id='word_1_982' title='bbox 1209 2398 1394 2432; x_wconf 71' lang='lat' dir='ltr'>repudiatam‘?</span> <span class='ocrx_word' id='word_1_983' title='bbox 1408 2398 1463 2423; x_wconf 75' lang='lat' dir='ltr'>Nun</span> <span class='ocrx_word' id='word_1_984' title='bbox 1474 2397 1582 2423; x_wconf 79' lang='lat' dir='ltr'>audebit</span> <span class='ocrx_word' id='word_1_985' title='bbox 1597 2406 1701 2432; x_wconf 64' lang='lat' dir='ltr'>negare.</span> 
     </span>
     <span class='ocr_line' id='line_1_137' title="bbox 908 2435 1704 2470; baseline -0.003 -9"><span class='ocrx_word' id='word_1_986' title='bbox 908 2436 974 2461; x_wconf 75' lang='lat' dir='ltr'>XVl.</span> <span class='ocrx_word' id='word_1_987' title='bbox 999 2437 1038 2461; x_wconf 70' lang='lat' dir='ltr'>to.</span> <span class='ocrx_word' id='word_1_988' title='bbox 1061 2436 1174 2461; x_wconf 75' lang='lat' dir='ltr'>&#39;santum</span> <span class='ocrx_word' id='word_1_989' title='bbox 1195 2435 1341 2470; x_wconf 79' lang='lat' dir='ltr'>Apronium</span> <span class='ocrx_word' id='word_1_990' title='bbox 1362 2435 1412 2460; x_wconf 88' lang='lat' dir='ltr'>isto</span> <span class='ocrx_word' id='word_1_991' title='bbox 1431 2439 1548 2469; x_wconf 81' lang='lat' dir='ltr'>praetore</span> <span class='ocrx_word' id='word_1_992' title='bbox 1568 2435 1704 2469; x_wconf 64' lang='lat' dir='ltr'>potuisse?</span> 
     </span>
     <span class='ocr_line' id='line_1_138' title="bbox 907 2471 1703 2506; baseline -0.001 -8"><span class='ocrx_word' id='word_1_993' title='bbox 907 2473 1068 2499; x_wconf 63' lang='lat' dir='ltr'>(Iouliteatur</span> <span class='ocrx_word' id='word_1_994' title='bbox 1082 2481 1188 2498; x_wconf 78' lang='lat' dir='ltr'>neccsse</span> <span class='ocrx_word' id='word_1_995' title='bbox 1203 2477 1251 2498; x_wconf 82' lang='lat' dir='ltr'>est.</span> <span class='ocrx_word' id='word_1_996' title='bbox 1293 2472 1344 2498; x_wconf 81' lang='lat' dir='ltr'>Sed</span> <span class='ocrx_word' id='word_1_997' title='bbox 1360 2481 1407 2498; x_wconf 75' lang='lat' dir='ltr'>vos</span> <span class='ocrx_word' id='word_1_998' title='bbox 1427 2472 1548 2501; x_wconf 77' lang='lat' dir='ltr'>fortasse,</span> <span class='ocrx_word' id='word_1_999' title='bbox 1569 2471 1640 2506; x_wconf 76' lang='lat' dir='ltr'>quml</span> <span class='ocrx_word' id='word_1_1000' title='bbox 1656 2481 1703 2498; x_wconf 72' lang='lat' dir='ltr'>vos</span> 
     </span>
     <span class='ocr_line' id='line_1_139' title="bbox 908 2509 1702 2544; baseline 0 -9"><span class='ocrx_word' id='word_1_1001' title='bbox 908 2509 949 2536; x_wconf 82' lang='lat' dir='ltr'>lex</span> <span class='ocrx_word' id='word_1_1002' title='bbox 963 2514 1121 2540; x_wconf 81' lang='lat' dir='ltr'>conunonet,</span> <span class='ocrx_word' id='word_1_1003' title='bbox 1138 2510 1163 2536; x_wconf 87' lang='lat' dir='ltr'>id</span> <span class='ocrx_word' id='word_1_1004' title='bbox 1180 2510 1205 2536; x_wconf 84' lang='lat' dir='ltr'>in</span> <span class='ocrx_word' id='word_1_1005' title='bbox 1221 2510 1270 2535; x_wconf 88' lang='lat' dir='ltr'>hoc</span> <span class='ocrx_word' id='word_1_1006' title='bbox 1284 2509 1339 2535; x_wconf 85' lang='lat' dir='ltr'>loco</span> <span class='ocrx_word' id='word_1_1007' title='bbox 1352 2510 1494 2544; x_wconf 83' lang='lat' dir='ltr'>quaeretis.</span> <span class='ocrx_word' id='word_1_1008' title='bbox 1512 2518 1575 2535; x_wconf 76' lang='lat' dir='ltr'>itum</span> <span class='ocrx_word' id='word_1_1009' title='bbox 1591 2518 1658 2544; x_wconf 85' lang='lat' dir='ltr'>quas</span> <span class='ocrx_word' id='word_1_1010' title='bbox 1670 2518 1702 2535; x_wconf 68' lang='lat' dir='ltr'>ex</span> 
     </span>
     <span class='ocr_line' id='line_1_140' title="bbox 907 2546 1701 2581; baseline 0 -9"><span class='ocrx_word' id='word_1_1011' title='bbox 907 2547 980 2573; x_wconf 71' lang='lat' dir='ltr'>hisce</span> <span class='ocrx_word' id='word_1_1012' title='bbox 995 2547 1075 2573; x_wconf 87' lang='lat' dir='ltr'>rebus</span> <span class='ocrx_word' id='word_1_1013' title='bbox 1090 2548 1216 2581; x_wconf 77' lang='lat' dir='ltr'>pecunias</span> <span class='ocrx_word' id='word_1_1014' title='bbox 1229 2546 1348 2581; x_wconf 73' lang='lat' dir='ltr'>ceperit?</span> <span class='ocrx_word' id='word_1_1015' title='bbox 1374 2547 1477 2573; x_wconf 82' lang='lat' dir='ltr'>Docebo</span> <span class='ocrx_word' id='word_1_1016' title='bbox 1494 2547 1598 2581; x_wconf 80' lang='lat' dir='ltr'>cepisse</span> <span class='ocrx_word' id='word_1_1017' title='bbox 1617 2547 1701 2572; x_wconf 76' lang='lat' dir='ltr'>inaxi—</span> 
     </span>
     <span class='ocr_line' id='line_1_141' title="bbox 906 2583 1699 2619; baseline -0.001 -9"><span class='ocrx_word' id='word_1_1018' title='bbox 906 2593 963 2610; x_wconf 90' lang='lat' dir='ltr'>mas</span> <span class='ocrx_word' id='word_1_1019' title='bbox 977 2593 1124 2619; x_wconf 80' lang='lat' dir='ltr'>omnesque</span> <span class='ocrx_word' id='word_1_1020' title='bbox 1139 2593 1182 2610; x_wconf 84' lang='lat' dir='ltr'>eas</span> <span class='ocrx_word' id='word_1_1021' title='bbox 1197 2585 1366 2619; x_wconf 77' lang='lat' dir='ltr'>iniquitates,</span> <span class='ocrx_word' id='word_1_1022' title='bbox 1381 2583 1415 2610; x_wconf 85' lang='lat' dir='ltr'>dc</span> <span class='ocrx_word' id='word_1_1023' title='bbox 1428 2584 1530 2619; x_wconf 84' lang='lat' dir='ltr'>quibus</span> <span class='ocrx_word' id='word_1_1024' title='bbox 1544 2589 1619 2610; x_wconf 86' lang='lat' dir='ltr'>antea</span> <span class='ocrx_word' id='word_1_1025' title='bbox 1633 2583 1699 2612; x_wconf 80' lang='lat' dir='ltr'>dixi,</span> 
     </span>
     <span class='ocr_line' id='line_1_142' title="bbox 905 2621 1701 2656; baseline 0 -9"><span class='ocrx_word' id='word_1_1026' title='bbox 905 2622 947 2647; x_wconf 84' lang='lat' dir='ltr'>sui</span> <span class='ocrx_word' id='word_1_1027' title='bbox 963 2626 1092 2656; x_wconf 83' lang='lat' dir='ltr'>quaestus</span> <span class='ocrx_word' id='word_1_1028' title='bbox 1105 2631 1198 2648; x_wconf 81' lang='lat' dir='ltr'>caussa</span> <span class='ocrx_word' id='word_1_1029' title='bbox 1213 2622 1384 2648; x_wconf 80' lang='lat' dir='ltr'>constituisse</span> <span class='ocrx_word' id='word_1_1030' title='bbox 1397 2621 1568 2650; x_wconf 83' lang='lat' dir='ltr'>convincam,</span> <span class='ocrx_word' id='word_1_1031' title='bbox 1589 2622 1611 2647; x_wconf 75' lang='lat' dir='ltr'>si</span> <span class='ocrx_word' id='word_1_1032' title='bbox 1627 2622 1701 2656; x_wconf 81' lang='lat' dir='ltr'>prius</span> 
     </span>
    </p>
   </div>
   <div class='ocr_carea' id='block_1_15' title="bbox 885 244 893 2700">
    <p class='ocr_par' dir='ltr' id='par_1_22' title="bbox 885 244 893 2700">
     <span class='ocr_line' id='line_1_143' title="bbox 885 244 893 2700; baseline 0 0"><span class='ocrx_word' id='word_1_1033' title='bbox 885 244 893 2700; x_wconf 95' lang='lat' dir='ltr'> </span> 
     </span>
    </p>
   </div>
   <div class='ocr_carea' id='block_1_16' title="bbox 906 2658 1700 2731">
    <p class='ocr_par' dir='ltr' id='par_1_23' title="bbox 906 2658 1700 2731">
     <span class='ocr_line' id='line_1_144' title="bbox 907 2658 1700 2694; baseline -0.001 -10"><span class='ocrx_word' id='word_1_1034' title='bbox 907 2658 974 2685; x_wconf 91' lang='lat' dir='ltr'>illud</span> <span class='ocrx_word' id='word_1_1035' title='bbox 989 2659 1235 2694; x_wconf 76' lang='lat' dir='ltr'>propugnaculum,</span> <span class='ocrx_word' id='word_1_1036' title='bbox 1251 2667 1306 2694; x_wconf 91' lang='lat' dir='ltr'>quo</span> <span class='ocrx_word' id='word_1_1037' title='bbox 1319 2663 1407 2685; x_wconf 72' lang='lat' dir='ltr'>counra</span> <span class='ocrx_word' id='word_1_1038' title='bbox 1421 2667 1514 2685; x_wconf 84' lang='lat' dir='ltr'>omnes</span> <span class='ocrx_word' id='word_1_1039' title='bbox 1529 2667 1602 2685; x_wconf 84' lang='lat' dir='ltr'>meos</span> <span class='ocrx_word' id='word_1_1040' title='bbox 1616 2660 1700 2693; x_wconf 84' lang='lat' dir='ltr'>impe-</span> 
     </span>
     <span class='ocr_line' id='line_1_145' title="bbox 906 2695 1649 2731; baseline 0 -10"><span class='ocrx_word' id='word_1_1041' title='bbox 906 2701 948 2722; x_wconf 89' lang='lat' dir='ltr'>tus</span> <span class='ocrx_word' id='word_1_1042' title='bbox 964 2704 1076 2722; x_wconf 86' lang='lat' dir='ltr'>usurum</span> <span class='ocrx_word' id='word_1_1043' title='bbox 1091 2706 1119 2722; x_wconf 84' lang='lat' dir='ltr'>se</span> <span class='ocrx_word' id='word_1_1044' title='bbox 1135 2702 1216 2731; x_wconf 83' lang='lat' dir='ltr'>putat,</span> <span class='ocrx_word' id='word_1_1045' title='bbox 1233 2705 1265 2723; x_wconf 78' lang='lat' dir='ltr'>ex</span> <span class='ocrx_word' id='word_1_1046' title='bbox 1280 2695 1434 2723; x_wconf 79' lang='lat' dir='ltr'>defensioue</span> <span class='ocrx_word' id='word_1_1047' title='bbox 1448 2696 1506 2722; x_wconf 87' lang='lat' dir='ltr'>cius</span> <span class='ocrx_word' id='word_1_1048' title='bbox 1520 2695 1649 2722; x_wconf 69' lang='lat' dir='ltr'>deieci-ro.</span> 
     </span>
    </p>
   </div>
  </div>
 </body>
</html>
