1941 3052
879 158 912 183 M.
947 158 978 184 Τ.

235 163 279 186 :58¹-
801 160 842 184 3³.

228 237 268 257 net
284 232 389 257 numine
404 230 495 256 iudicii
510 230 648 258 Safiniani,
669 229 738 254 sicut
754 228 779 254 in
794 228 934 262 Oppianici
951 228 1022 254 iudi-

228 270 269 294 cio
284 273 386 302 postea.
404 267 507 293 reticuit
522 272 600 300 utque
614 266 775 299 suppressit.
812 267 867 291 000.
884 265 984 291 Omitto
996 270 1022 291 et

230 307 292 332 hai-1·
307 310 330 330 vt
345 305 395 330 aliu
411 304 554 339 permulta,
575 311 642 337 quim
663 302 708 328 illo
726 301 825 328 iudicio
843 302 869 328 in
884 302 1020 328 Staienum

227 343 295 369 ‹lit-tn
311 347 385 368 sunt:
403 342 451 367 hoc
465 341 532 370 dico,
548 339 668 365 eamdem
684 344 739 364 tum
755 338 839 364 fuisse
855 339 882 364 Ι),
893 343 919 365 et
930 339 959 365 L.
971 339 1022 365 Co—

229 380 332 408 minii-a,
349 378 486 413 equitibus
502 376 634 407 Romanis,
653 376 851 402 honestissimis
866 376 1021 402 bominibus

227 423 251 442 υι
267 416 386 445 ‹list-rtis,
406 414 611 440 controversiam
630 422 692 439 cum
707 413 827 442 Staieno,
847 421 927 448 (luem
943 422 1022 439 accu-

227 454 328 482 sabunt,
345 461 413 486 quae
429 460 498 477 nunc
514 451 579 476 milii
593 455 704 476 estcum
716 450 796 476 Attio.
819 450 932 477 Cominii
947 450 1021 477 dice-

228 491 290 516 lnmt
309 490 392 519 idem,
412 488 484 523 quod
503 496 552 523 ego
570 487 642 513 dico:
671 487 810 514 Staienum
825 487 858 514 ab
872 487 1021 522 Oppianico

227 527 366 562 pecuniam
381 526 528 559 accepisse,
551 529 578 551 ut
597 525 728 551 iudicium
741 529 936 559 corrumperet:
961 525 1021 552 Sta-

227 566 303 590 ienus
322 562 502 589 conciliandae
520 562 619 597 gratiae
638 571 733 588 caussa
751 571 781 588 se
799 563 934 597 accepisse
947 562 1021 589 dice-

227 602 279 627 bat.
304 602 359 626 404.
377 599 537 626 irridebatur
551 599 615 626 baec
630 599 703 626 illius
719 599 905 630 reconciliatio,
921 604 946 626 et
960 608 1021 634 per-

225 648 287 664 sona
313 638 360 663 viri
381 637 441 663 boni
461 641 599 671 suscepta,
623 637 693 663 sicut
712 637 737 663 in
760 637 857 663 statuis
881 637 1018 668 inauratis,

224 684 292 711 quas
308 675 395 710 posuit
410 674 442 700 ad
457 675 594 701 Iuturnae:
620 675 721 709 quibus
735 674 910 709 subscripsit,
928 683 1020 701 nuens
1040 677 1042 699 ξ

225 722 257 739 Aa
276 722 305 738 se
326 721 352 738 in
371 721 501 738 nnn-ini
521 720 589 737 assi:
609 721 768 738 usuum-os.
809 711 1020 747 Exagitabantur

223 758 316 776 omnes
330 750 389 776 eius
404 748 510 775 fraudes
524 753 604 784 atque
619 748 750 775 fallaciae:
771 754 823 776 tota
838 749 890 776 vita
906 750 932 776 in
947 750 1020 776 eius-

225 787 295 813 modi
311 787 409 813 ratione
424 791 525 813 versata
540 787 720 821 aperiebatur,
741 791 845 822 egestas
863 786 1016 816 domestica,

223 829 351 859 quaestus
366 823 478 850 forensis
492 825 520 850 in
534 823 652 850 medium
672 823 866 858 proferebatur:
896 832 1020 851 numma-

224 863 280 888 rius
299 863 428 897 interpres
450 861 523 896 pacis
545 865 571 888 et
592 861 747 888 concordiae
772 870 823 888 non
847 861 1017 896 probabatur.

224 900 315 934 ltaque
333 903 389 925 tum
408 899 546 930 Staienus,
566 907 650 934 quum
670 898 740 925 idem
759 898 925 930 defenderet,
946 898 1019 934 quod

224 937 325 968 Attius,
350 936 544 963 condemnatus
566 941 616 962 est.
658 938 715 963 ⁴02.
737 936 851 963 Cominii
870 945 955 971 quum
971 936 1019 962 boc

223 978 344 1010 agerent,
364 973 436 1009 quod
456 982 503 1000 nos
522 974 548 1000 in
565 978 616 1000 tota
635 982 728 1000 caussa
747 974 866 1009 egimus,
889 974 1019 1009 probave-

224 1016 296 1038 runt.
336 1010 514 1043 Quamobrem
533 1011 557 1037 si
572 1011 672 1038 Staieni
686 1011 869 1042 damnatione,
889 1011 1019 1046 Oppiani-

214 1058 284 1084 ι(Ὶιιιι
299 1049 429 1075 iudicium
443 1057 613 1084 corrumpere
631 1048 762 1080 voluisse,
783 1048 960 1084 Oppianicum
976 1050 1019 1075 iu—

222 1086 276 1112 dici
295 1086 327 1112 ad
345 1086 472 1113 emendas
491 1087 635 1113 sententias
648 1086 756 1113 dedisse
770 1087 925 1122 pecuniam,
946 1086 1020 1113 iudi-

222 1128 310 1150 catum
325 1128 378 1150 est:
395 1132 480 1159 quum
495 1125 530 1150 ita
544 1125 718 1151 constitutum
732 1125 776 1155 sit.
793 1125 830 1151 uti
846 1124 928 1151 inilia
939 1124 1018 1160 culpa

222 1166 268 1187 aut
282 1161 422 1188 Cluentius
441 1162 477 1188 sit
495 1166 540 1188 aut
553 1161 732 1197 Oppianicus:
759 1162 875 1189 Cluentii
889 1171 1017 1189 nummus

223 1198 316 1225 nullus
329 1198 413 1225 iudici
427 1198 506 1225 datus
520 1199 576 1226 ullo
590 1200 703 1235 vestigio
713 1200 872 1234 reperietur,
888 1199 1019 1235 Oppiani-

221 1236 244 1262 ci
264 1237 376 1271 pecunia
395 1241 454 1271 post
471 1236 602 1263 iudicium
618 1236 716 1263 factum
730 1246 744 1263 a
759 1237 848 1264 iudice
861 1237 947 1264 ablata
962 1242 1016 1264 est:

223 1277 382 1308 potestesse
395 1273 522 1305 dubium,
544 1275 609 1309 quin
629 1274 674 1300 illa
692 1274 827 1301 damnatio
845 1274 947 1301 Staieni
966 1283 1017 1302 non

223 1310 300 1337 modo
314 1319 365 1337 non
380 1311 416 1337 sit
429 1315 518 1338 contra
529 1311 692 1342 Cluentium,
708 1311 755 1338 sed
770 1313 886 1339 maxime
901 1317 1017 1339 nostram

220 1357 343 1374 caussam
355 1347 592 1384 defensionemque
602 1349 757 1376 confirmet?
771 1349 1018 1377 xxxvll.loa.E1--

219 1394 254 1421 go
267 1385 354 1412 adhuc
368 1386 437 1412 lunii
451 1386 582 1412 iudicium
597 1386 676 1413 video
689 1395 748 1413 esse
766 1387 911 1419 eiusmodi,
933 1392 963 1414 ut
976 1388 1019 1415 in—

220 1423 370 1449 cursionem
385 1424 474 1458 potius
488 1423 637 1455 seditionis,
653 1425 708 1450 vim
723 1423 914 1456 multitudinis,
932 1425 1018 1460 impe-

221 1465 276 1486 tum
292 1460 480 1491 tribunicium,
504 1470 586 1495 quam
605 1461 737 1488 iudicium
756 1462 946 1497 appellandum
966 1471 1018 1497 pu-

220 1502 282 1524 tem.
305 1497 381 1530 Quod
395 1499 418 1524 si
432 1499 495 1533 quis
506 1498 575 1525 illud
586 1498 716 1525 iudicium
727 1499 852 1534 appellet,
869 1504 956 1527 tamen
968 1501 1018 1528 boc

219 1535 374 1562 confiteatur
387 1544 497 1562 necesse
515 1540 569 1567 est,
593 1536 669 1563 nullo
687 1537 766 1563 modo
784 1537 858 1564 illam
877 1537 1014 1570 mulctam,

219 1581 287 1608 quae
305 1581 319 1599 a
338 1573 414 1599 lunio
432 1575 512 1608 petita
532 1573 580 1605 sit,
604 1582 666 1600 cum
686 1573 802 1601 Cluentii
824 1583 919 1602 caussa
937 1584 1018 1611 posse

218 1610 355 1646 coniungi.
385 1610 454 1637 Illud
469 1611 551 1646 igitur
564 1611 705 1638 Iunianum
721 1620 769 1647 per
783 1612 837 1639 vim
852 1612 952 1639 factum
966 1617 1015 1644 est,

218 1647 298 1674 Bulbi
312 1652 338 1674 et
350 1647 456 1682 Popillii
471 1653 496 1675 et
510 1649 607 1675 Guttae
620 1653 710 1676 contra
725 1649 879 1676 Cluentium
894 1658 946 1677 non
960 1655 1014 1677 est:

218 1684 318 1711 Staieni
337 1685 417 1711 etiam
435 1694 483 1720 pro
501 1685 624 1713 Cluentio
642 1690 690 1712 est.
732 1686 892 1718 Videamus,
912 1687 1016 1723 ecquod

218 1721 292 1748 aliud
307 1722 453 1754 iudicium,
467 1723 541 1758 quod
555 1731 603 1759 pro
617 1723 740 1751 Cluentio
753 1724 801 1755 sit,
821 1724 940 1760 proferre
953 1733 1017 1760 pos-

217 1768 316 1786 simuS.

273 1797 379 1824 Dixitne
393 1797 500 1824 tandem
514 1806 637 1825 caussam
651 1798 681 1826 C.
697 1798 882 1826 Fidiculanius
896 1798 1013 1831 Falcula,

217 1834 265 1869 qui
279 1833 459 1869 Oppianicum
473 1835 676 1867 condemnarat,
695 1845 780 1871 quum
795 1837 966 1872 praesertim,
987 1836 1015 1863 id

217 1871 290 1906 quod
305 1871 356 1898 fuit
368 1872 396 1898 in
410 1872 456 1899 illo
466 1872 830 1905 iudicioinvidiosissimum,
846 1882 946 1908 paucos
957 1873 1014 1901 dies

218 1917 251 1935 ex
265 1908 454 1936 subsortitione
468 1909 601 1937 sedisset?
614 1911 698 1942 Dixit,
714 1915 740 1937 et
753 1911 796 1938 bis
809 1911 920 1946 quidem
934 1911 1013 1938 dixit.

218 1946 246 1972 ln
266 1955 400 1973 summam
419 1947 490 1974 enim
505 1948 534 1974 L.
550 1947 676 1980 Quintius
695 1948 826 1975 invidiam
839 1949 1014 1975 concionibus

219 1991 281 2010 eum
301 1983 477 2018 quotidianis,
502 1984 637 2012 seditiosis
660 1989 685 2012 et
708 1985 870 2013 turbulentis
893 1985 1015 2013 adduxe-

218 2025 265 2047 rat.
292 2021 350 2048 Uno
363 2022 462 2048 iudicio
478 2021 576 2049 mulcta
589 2027 630 2049 est
643 2022 676 2049 ab
690 2031 722 2049 eo
734 2024 824 2058 petita,
840 2023 910 2050 sicut
923 2023 957 2050 ab
970 2024 1014 2050 Iu-

217 2058 274 2088 nio.
295 2058 366 2093 quod
381 2068 432 2086 non
447 2067 511 2086 suae
524 2059 648 2086 decuriae
662 2068 787 2090 munere.
808 2069 895 2096 neque
909 2069 942 2087 ex
957 2060 1014 2097 lege

216 2095 341 2122 sedisset.
383 2096 476 2123 Paullo
497 2097 628 2124 sedatiore
650 2102 768 2132 tempore
795 2102 835 2124 est
861 2103 1012 2130 accusatus,

216 2141 297 2168 quam
311 2133 419 2162 lunius.
435 2133 483 2160 sed
497 2134 589 2161 eadem
603 2134 657 2161 fere
672 2134 732 2170 lege
745 2139 771 2162 et
783 2135 905 2162 crimine.
945 2135 1014 2168 Quia

217 2169 290 2196 nulla
304 2171 332 2197 in
346 2170 446 2198 iudicio
460 2171 557 2198 seditio
571 2180 658 2207 neque
672 2172 713 2199 vis
729 2181 816 2208 neque
830 2173 908 2199 turba
922 2181 1014 2200 versa-

217 2212 240 2233 ta
259 2212 311 2239 est,
337 2208 422 2243 prima
440 2209 543 2235 actione
561 2208 688 2236 facillime
706 2214 747 2236 est
764 2209 914 2237 absolutus.
954 2211 1013 2237 Non

216 2253 327 2271 numero
345 2245 414 2272 banc
431 2245 637 2273 absolutionem.
677 2247 860 2274 Nihilominus
879 2248 950 2274 enim
965 2256 1014 2283 po-

216 2286 278 2314 test,
295 2287 324 2309 ut
338 2282 411 2309 illam
426 2283 554 2310 mulctam
568 2293 620 2311 non
634 2285 807 2316 commiserit,
823 2286 960 2320 accepisse
973 2290 1014 2312 ta-

215 2328 276 2346 men
291 2321 430 2354 peeuniam
445 2320 457 2334 *
471 2321 506 2348 ob
520 2330 576 2348 rem
589 2321 775 2349 iudicandam:
790 2327 866 2358 capta
878 2331 1012 2358 nusquam

215 2356 339 2384 Staienus
357 2357 450 2384 eadem
470 2358 528 2395 lege
545 2359 624 2386 dixit.
664 2359 806 2394 Proprium
824 2360 926 2387 crimen
943 2359 1013 2387 illud

214 2395 379 2428 quaestionis
393 2396 451 2422 eius
466 2404 517 2423 non
532 2395 592 2422 fuit.
620 2397 677 2423 ⁴04.
693 2396 878 2424 Fidiculanius
891 2397 959 2432 quid
972 2397 1013 2424 fe-

214 2431 282 2457 cisse
296 2431 452 2459 dicebatur?
465 2434 600 2468 accepisse
613 2442 628 2460 a
642 2433 765 2461 Cluentio
778 2434 834 2461 H-S
848 2442 923 2461 cccc.
958 2434 1012 2462 Cu-

216 2468 257 2493 ius
271 2474 325 2494 erat
339 2469 459 2496 ordinis‘.>
476 2471 612 2498 senatorii.
652 2470 710 2503 Qua
729 2471 787 2507 lege
800 2472 829 2498 in
842 2480 873 2499 eo
885 2480 983 2508 genere
996 2480 1011 2498 a

215 2510 333 2531 senatore
347 2507 413 2533 ratio
426 2509 509 2542 repeti
523 2508 591 2535 solet
603 2508 637 2534 de
650 2509 773 2543 pecuniis
791 2509 960 2544 repetundis,
981 2517 1011 2536 ea

217 2541 273 2577 lege
291 2549 430 2570 accusatus
444 2544 634 2572 honestissime
648 2549 689 2572 est
701 2545 852 2572 absolutus.
892 2546 956 2573 Acta
969 2550 1012 2573 est

214 2580 285 2605 enim
303 2587 397 2607 caussa
411 2589 483 2608 more
497 2583 628 2609 maiorum
643 2583 702 2609 sine
716 2583 755 2614 vi,
776 2584 835 2610 sine
848 2588 936 2615 metu,
951 2584 1011 2610 sine

216 2616 347 2649 periculo:
359 2617 438 2648 dicta,
446 2623 472 2645 et
481 2621 601 2654 exposita
612 2624 638 2646 et
647 2619 826 2646 demonstrata
836 2625 901 2647 sunt
909 2621 1008 2648 omnia.

215 2653 247 2678 At
265 2652 335 2679 docti
353 2654 455 2681 iudices
473 2661 537 2683 sunt
554 2666 606 2684 non
625 2656 704 2683 modo
718 2657 838 2691 potuisse
853 2657 963 2684 honeste
976 2658 1010 2684 ab

215 2697 245 2715 eo
259 2698 333 2717 reum
347 2691 527 2725 condemnari,
544 2695 591 2729 qui
606 2702 657 2721 non
672 2699 802 2729 perpetuo
810 2694 934 2727 sedisset,
950 2694 1008 2727 sed,

1013 157 1289 184 (tint-:noxis

1073 228 1096 254 ni
1111 227 1183 253 aliud
1200 228 1222 254 is
1237 227 1317 254 iudex
1331 227 1398 254 nibil
1413 229 1520 259 scisset,
1537 229 1603 260 nisi,
1622 238 1691 265 quae
1705 230 1868 265 praeiudicia

1073 265 1106 290 de
1119 274 1151 291 eo
1164 264 1230 290 facta
1244 273 1304 291 ease
1317 270 1477 296 constarent,
1492 265 1585 293 audire
1601 271 1732 301 praetcrea
1743 267 1810 294 nibil
1821 268 1869 294 de-

1074 302 1175 328 buisse.
1198 301 1345 328 xxxvtn.
1361 304 1417 329 ¹05.
1433 303 1500 329 Tum
1514 304 1594 330 etiam
1609 303 1648 330 illi
1662 305 1792 340 quinque,
1808 306 1867 341 qui,

1074 339 1257 373 imperitorum
1273 339 1412 366 bominum
1426 340 1596 368 rumusculos
1610 342 1747 377 aucupati.
1764 346 1820 369 tum
1835 342 1868 370 il-

1074 376 1129 402 lum
1143 375 1329 407 absolverunt,
1350 377 1401 403 iam
1419 386 1497 404 suam
1511 377 1678 405 clementiam
1694 378 1796 406 laudari
1810 388 1868 406 ma—

1072 422 1125 447 gno
1138 421 1217 448 opere
1231 413 1364 444 nolebant,
1381 423 1394 440 a
1408 415 1510 450 quibus
1523 415 1546 442 si
1559 415 1608 451 qui
1619 420 1766 451 quaereret.
1781 416 1868 444 aedis-

1072 455 1165 477 sentne
1185 450 1288 477 iudices
1302 451 1329 478 in
1344 451 1372 478 C.
1389 451 1554 483 Fabricium.
1574 453 1677 480 sedisse
1690 461 1719 480 se
1733 453 1865 480 dicerent:

1072 489 1094 514 si
1110 488 1348 523 interrogarentur.
1365 497 1429 515 num
1444 498 1499 524 quo
1511 490 1623 516 crimine
1638 490 1661 517 is
1674 495 1745 517 esset
1758 499 1869 517 accusa-

1073 530 1126 555 tus,
1143 530 1328 561 praeterquam
1344 527 1438 553 veneni
1453 526 1520 557 eius,
1537 527 1609 562 quod
1622 529 1775 563 quaesitum
1789 529 1868 555 Avito

1071 562 1212 594 diceretur,
1229 568 1368 598 negarent:
1385 564 1408 590 si
1422 563 1519 590 deinde
1532 570 1623 591 essent
1635 566 1727 601 rogati,
1743 565 1809 601 quid
1825 567 1868 592 iu-

1071 599 1218 631 dicassent,
1238 600 1430 628 condemnasse
1443 610 1472 627 se
1485 601 1617 629 dicerent:
1642 610 1721 630 nemo
1733 603 1805 629 enim
1819 603 1868 630 ab-

1071 637 1160 664 solvit.
1198 637 1299 664 Eodem
1314 638 1392 665 modo
1405 639 1558 674 quaesitum
1572 640 1595 666 si
1609 644 1681 666 esset
1693 640 1727 666 de
1740 639 1867 667 Scaman-

1071 674 1131 705 dro,
1151 679 1221 701 certo
1235 674 1304 701 idem
1320 676 1534 710 respondissent:
1559 677 1665 704 tametsi
1680 676 1725 704 ille
1739 685 1790 704 una
1804 686 1867 704 sen·

1072 713 1151 739 tentia
1166 717 1206 738 est
1219 712 1373 744 absolutus,
1393 713 1440 740 sed
1456 713 1529 740 illam
1544 722 1624 740 unam
1639 723 1718 742 nemo
1731 719 1788 741 turn
1803 715 1867 742 isto-

1072 758 1131 776 rum
1146 758 1222 776 suam
1237 749 1289 776 dici
1306 750 1394 777 vellet.
1438 752 1494 777 ⁴06.
1510 751 1572 778 Uter
1587 752 1668 788 igitur
1682 751 1788 778 facilius
1801 761 1866 779 suae

1070 788 1216 814 sententiae
1230 788 1357 814 rationem
1374 787 1507 815 redderet:
1533 789 1603 820 isne,
1622 789 1670 824 qui
1688 798 1718 816 se
1735 794 1762 816 et
1774 790 1826 816 sibi
1840 794 1868 817 et

1071 825 1107 851 rei
1123 825 1253 851 iudicatae
1267 825 1418 852 constitisse
1431 825 1509 857 dicit,
1525 835 1557 853 an
1573 826 1630 858 ille,
1645 827 1693 862 qui
1708 835 1737 853 se
1750 827 1777 853 in
1791 827 1867 862 prin-

1070 863 1157 897 cipem
1173 862 1295 888 maleficii
1315 862 1415 894 lenem,
1442 863 1468 890 in
1487 864 1620 890 adiutores
1634 865 1692 891 eius
1706 869 1731 890 et
1744 865 1866 891 conscios

1070 900 1338 927 vehementissimum
1360 909 1419 927 esse
1441 900 1602 936 respondet?
1625 901 1744 934 Quorum
1767 910 1816 938 ego
1832 901 1867 929 de

1070 938 1199 964 sententia
1218 946 1269 964 non
1288 937 1373 964 debeo
1390 937 1540 973 disputare:
1570 947 1656 974 neque
1675 939 1746 966 enim
1760 939 1864 971 dubito,

1069 975 1136 1009 quin
1150 975 1168 1001 ii
1183 974 1249 1001 tales
1264 975 1322 1005 viri.
1339 976 1492 1010 suspicione
1502 975 1591 1011 aliqua
1602 976 1717 1011 perculsi
1729 977 1866 1011 repentina

1069 1012 1102 1038 de
1116 1017 1186 1039 statu
1200 1021 1249 1039 suo
1262 1012 1428 1039 declinarint.
1463 1012 1549 1045 Quare
1564 1022 1664 1044 eorum,
1680 1014 1728 1049 qui
1742 1013 1866 1040 absolve-

1070 1054 1144 1081 runt,
1165 1050 1374 1076 misericordiam
1390 1059 1441 1077 non
1456 1051 1633 1086 reprebendo,
1650 1059 1755 1082 eorum,
1776 1052 1823 1086 qui
1838 1052 1866 1078 in

1069 1087 1212 1114 iudicando
1230 1088 1366 1122 superiora
1385 1088 1483 1115 iudicia
1501 1089 1585 1115 secuti
1604 1093 1667 1115 sunt
1689 1097 1737 1115 sua
1759 1093 1864 1124 sponte,

1070 1133 1120 1152 non
1132 1124 1232 1151 Staieni
1244 1124 1345 1155 fraude,
1361 1126 1537 1152 constantiam
1547 1125 1699 1161 comprobo,
1716 1134 1808 1153 eorum
1820 1134 1867 1153 ve-

1070 1171 1111 1193 ro,
1131 1163 1178 1198 qui
1192 1163 1244 1189 sibi
1260 1172 1311 1190 non
1327 1162 1430 1198 liquere
1443 1163 1583 1194 dixerunt,
1600 1164 1758 1198 sapientiam
1775 1163 1863 1195 laudo,

1069 1201 1116 1235 qui
1131 1200 1269 1227 absolvere
1283 1209 1358 1231 eum,
1378 1209 1459 1236 quem
1475 1201 1695 1227 nocentissimum
1710 1205 1864 1237 cognorant,

1069 1242 1095 1265 et
1107 1246 1189 1273 quem
1203 1238 1256 1273 ipsi
1271 1238 1312 1265 bis
1327 1238 1380 1264 iam
1393 1243 1469 1265 antea
1483 1238 1704 1269 condemnarant,
1720 1238 1795 1265 nullo
1808 1247 1867 1265 mo-

1068 1275 1102 1302 do
1116 1280 1244 1310 poterant,
1260 1275 1445 1307 condemnare,
1460 1284 1547 1311 quum
1559 1281 1629 1302 tanta
1639 1275 1745 1302 consilii
1757 1275 1866 1302 infamia

1069 1317 1094 1340 et
1108 1318 1162 1339 tam
1175 1314 1270 1340 atrocis
1285 1313 1321 1340 rei
1336 1314 1456 1348 suspicio
1469 1318 1538 1340 esset
1552 1313 1656 1344 iniecta,
1673 1312 1763 1348 paullo
1777 1317 1867 1348 poste—

1069 1351 1125 1377 rius
1139 1349 1267 1386 patefacta
1281 1359 1317 1381 re,
1334 1350 1496 1378 maluerunt.
1524 1351 1581 1377 ⁴07.
1596 1352 1633 1378 Ac
1647 1358 1680 1378 ne
1694 1359 1727 1377 ex
1740 1349 1808 1377 facto
1822 1359 1867 1377 so—

1069 1387 1125 1415 lum
1138 1388 1273 1423 sapientes
1287 1387 1347 1415 illos
1361 1388 1494 1420 iudicetis,
1509 1388 1557 1415 sed
1572 1388 1651 1415 etiam
1666 1397 1699 1415 ex
1709 1388 1866 1415 nominibus

1068 1425 1149 1461 ipsis,
1170 1425 1242 1461 quod
1261 1425 1288 1452 hi
1308 1425 1431 1457 fecerint,
1452 1426 1600 1452 rectissime
1619 1434 1648 1452 ac
1665 1426 1867 1461 sapientissime

1069 1463 1168 1490 factum
1183 1463 1314 1498 probetis:
1334 1464 1396 1498 quis
1411 1464 1440 1490 P.
1455 1463 1565 1490 Octavio
1577 1463 1659 1490 Balbo
1675 1463 1783 1499 ingenio
1801 1471 1867 1498 pru-

1068 1501 1184 1532 dentior,
1205 1501 1263 1527 iure
1277 1501 1399 1536 peritior,
1416 1500 1480 1532 fide,
1496 1500 1633 1537 religione,
1649 1500 1737 1528 officio
1749 1500 1797 1527 dili
1818 1508 1867 1527 en—

1069 1539 1120 1565 tior
1133 1542 1179 1565 aut
1192 1539 1308 1565 sanctior
1321 1539 1523 1565 commemorari
1542 1537 1646 1573 potest?
1668 1547 1721 1565 non
1739 1537 1803 1565 abso
1816 1538 1864 1565 vit.

1069 1575 1135 1608 Quis
1145 1575 1176 1608 Q.
1190 1575 1316 1603 Considio
1329 1575 1510 1603 constantior?
1522 1577 1584 1611 quis
1598 1576 1769 1607 iudiciorum,
1785 1579 1866 1610 atque

1069 1614 1127 1640 eius
1141 1613 1293 1649 dignitatis,
1313 1621 1382 1648 quae
1401 1613 1428 1640 in
1446 1613 1555 1640 iudiciis
1573 1613 1690 1648 publicis
1704 1613 1804 1640 versari
1818 1612 1866 1639 de*

1068 1651 1120 1681 bet,
1138 1649 1264 1685 peritior?
1284 1651 1347 1685 quis
1362 1651 1468 1682 virtute.
1483 1650 1604 1681 consilio,
1621 1651 1774 1677 auctoritate
1788 1658 1863 1685 pra&

1068 1687 1197 1715 stantior?
1210 1696 1243 1714 ne
1257 1688 1280 1714 is
1293 1687 1404 1723 quidem
1419 1687 1544 1715 absolvit.
1570 1688 1693 1724 Longum
1707 1692 1747 1715 est
1760 1687 1794 1714 de
1807 1688 1866 1714 sin-

1066 1725 1193 1762 gulorum
1208 1726 1306 1752 virtute
1320 1725 1354 1751 ita
1373 1724 1474 1752 dicere:
1494 1733 1577 1760 quae,
1596 1725 1660 1761 quia
1679 1725 1783 1761 cognita
1801 1729 1867 1752 sunt

1067 1763 1100 1789 ab
1125 1762 1265 1793 omnibus,
1294 1762 1436 1790 verborum
1463 1768 1616 1790 ornamenta
1642 1771 1694 1789 non
1720 1767 1863 1798 quaerunt.

1067 1799 1161 1833 Qualis
1175 1801 1216 1826 vir
1230 1800 1266 1826 M.
1281 1800 1422 1827 Iuventius
1436 1800 1506 1827 Pedo
1519 1800 1570 1826 fuit
1583 1808 1617 1827 ex
1630 1804 1719 1826 vetere
1731 1799 1777 1827 illa
1791 1799 1866 1827 iudi-

1066 1846 1128 1864 cum
1146 1836 1308 1872 disciplina‘?
1324 1837 1412 1872 qualis
1426 1838 1455 1864 L.
1471 1837 1581 1864 Caulius
1595 1836 1723 1873 Mergus?
1739 1837 1773 1864 M.
1789 1837 1866 1864 Basi-

1067 1874 1128 1902 lus?
1154 1874 1182 1902 C.
1203 1874 1360 1902 Caudinus?
1384 1875 1432 1910 qui
1451 1883 1544 1902 omnes
1562 1875 1590 1901 in
1609 1875 1717 1902 iudiciis
1735 1874 1862 1910 publicis,

1066 1913 1118 1939 iam
1138 1917 1195 1938 tum
1215 1911 1322 1939 florente
1340 1911 1491 1947 republica,
1516 1911 1671 1939 floruerunt.
1710 1912 1753 1939 Ex
1769 1911 1864 1939 eodem

1066 1958 1178 1977 numero
1192 1949 1222 1976 L.
1238 1949 1361 1981 Cassius,
1382 1949 1430 1976 Cn.
1446 1950 1542 1981 Heius,
1562 1949 1622 1985 pari
1635 1953 1662 1976 et
1675 1949 1825 1986 integritate
1838 1953 1865 1976 et

1065 1987 1221 2022 prudentia:
1245 1995 1361 2022 quorum
1379 1986 1484 2014 nullius
1500 1987 1632 2014 sententia
1645 1991 1686 2014 est
1698 1985 1864 2022 Oppianicus

1065 2024 1216 2051 absolutus.
1243 2025 1330 2060 Atque
1344 2033 1378 2051 ex
1391 2024 1434 2051 his
1447 2024 1574 2051 omnibus
1587 2028 1652 2051 natu
1665 2024 1805 2056 minimus,
1821 2024 1864 2051 iffi

1065 2062 1146 2098 genio
1163 2067 1189 2088 et
1206 2061 1347 2098 diligentia
1365 2066 1391 2089 et
1408 2061 1537 2098 religione
1555 2070 1602 2097 par
1619 2062 1667 2093 iis,
1694 2070 1764 2097 quos
1786 2065 1863 2088 antae

1064 2100 1285 2130 commemoravi,
1306 2099 1336 2125 P.
1351 2098 1488 2131 Saturius,
1508 2099 1536 2126 in
1549 2099 1642 2126 eadem
1656 2099 1787 2126 sententia
1800 2097 1862 2125 fuit.

1067 2138 1124 2163 408.
1149 2136 1171 2163 Ο
1194 2137 1372 2164 innocentiam
1391 2135 1533 2171 Oppianici
1555 2135 1734 2172 singularem!
1757 2143 1813 2171 quo
1835 2143 1864 2162 m

1065 2182 1122 2205 reo,
1138 2174 1186 2209 qui
1200 2173 1329 2206 absolvit,
1349 2173 1522 2206 ambitiosus;
1546 2174 1594 2209 qui
1613 2173 1732 2205 distulit,
1751 2177 1861 2206 cautus;

1064 2212 1113 2247 qui
1127 2211 1324 2242 condemnavit,
1339 2215 1465 2238 constans
1478 2211 1658 2238 existimatur.

1120 2248 1249 2275 XXXIX.
1264 2249 1334 2275 Haec
1347 2253 1405 2275 tum
1419 2248 1536 2284 agitante
1545 2247 1655 2281 Quintio
1664 2255 1752 2283 neque
1761 2247 1790 2274 in
1799 2255 1864 2274 con-

1064 2286 1139 2313 cione
1153 2295 1241 2322 neque
1254 2287 1283 2313 in
1292 2285 1393 2313 iudicio
1403 2285 1582 2312 demonstrata
1591 2289 1664 2312 sunt.
1685 2285 1779 2320 Neque
1789 2285 1862 2312 enim
1914 2313 1915 2320 ἵ

1064 2324 1123 2359 ipse
1140 2323 1194 2350 diei
1212 2323 1375 2358 patiebatur,
1400 2331 1450 2350 nec
1466 2331 1514 2358 per
1531 2322 1734 2349 multitudinem
1747 2322 1863 2349 eoncita-
1878 2347 1880 2350 ,

1065 2365 1118 2387 tam
1134 2361 1280 2388 consistere
1296 2361 1424 2396 cuiquam
1441 2361 1470 2387 in
1487 2359 1601 2387 dicendo
1625 2359 1730 2386 licebat.
1769 2359 1863 2394 ltaque

1063 2398 1136 2433 ipse,
1152 2402 1296 2433 postquam
1310 2398 1418 2424 Iunium
1432 2397 1572 2432 pervertit,
1589 2401 1669 2423 totam
1683 2405 1806 2423 caussam
1819 2404 1860 2423 re-

1064 2434 1153 2471 liquit.
1194 2435 1289 2462 Paucis
1307 2435 1379 2461 enim
1397 2434 1493 2461 diebus
1506 2433 1562 2461 illis
1575 2438 1602 2460 et
1615 2434 1673 2469 ipse
1687 2434 1808 2468 privatus
1821 2437 1863 2460 est

1063 2472 1163 2504 faetus,
1187 2477 1214 2499 et
1231 2472 1372 2499 hominum
1390 2471 1480 2498 studia
1497 2471 1665 2498 deferbuisse
1683 2470 1859 2506 intelligebat.

1063 2509 1141 2542 Quod
1153 2510 1190 2541 si,
1210 2518 1258 2545 per
1275 2518 1344 2545 quos
1358 2509 1416 2535 dies
1429 2509 1538 2536 Iunium
1556 2508 1704 2539 accusavit,
1724 2507 1861 2535 Fidicula-

1062 2547 1139 2574 nium
1166 2555 1292 2574 accusare
1317 2546 1462 2574 voluisset:
1489 2545 1671 2581 respondendi
1692 2544 1860 2572 Fidiculanio

1061 2589 1178 2619 potestas
1192 2583 1260 2610 faeta
1273 2592 1326 2611 non
1339 2587 1419 2610 esset.
1456 2583 1494 2610 Ac
1507 2583 1595 2618 primo
1607 2582 1719 2618 quidem
1731 2581 1859 2609 omnibus
1882 2592 1885 2615 3

1061 2621 1116 2648 illis
1134 2621 1286 2653 iudicibus,
1305 2621 1354 2656 qui
1367 2619 1548 2655 Oppianicum
1566 2619 1787 2651 condemnarant,
1807 2618 1860 2645 mi-

1061 2658 1184 2685 nabatur.
1219 2659 1277 2684 ⁴09.
1292 2659 1348 2684 Iam
1361 2657 1531 2684 insolentiam
1545 2657 1644 2684 noratis
1658 2656 1790 2684 hominis:
1810 2664 1860 2683 no-

1061 2695 1125 2722 ratis
1143 2695 1247 2722 animos
1261 2695 1320 2722 eius
1333 2703 1363 2722 ac
1376 2695 1489 2730 spiritus
1503 2694 1672 2721 tribunicios.
1712 2693 1790 2727 Quod
1803 2696 1858 2720 erat
