1941 3052
324 151 654 178 EPISTOLARUM
683 151 736 178 AD
768 151 976 179 ATTICUM
1007 152 1132 178 LIB.1‚
1164 152 1397 179 Eam—49.

39 223 169 259 dignitate
184 227 210 249 et
224 222 365 249 concordia
381 222 451 249 dicta
462 228 526 249 sunt
536 222 595 249 Kal.
611 222 736 249 Deeemb.
750 227 776 248 et
786 231 834 256 po-

38 260 142 288 stridie.
176 260 269 294 Neque
281 259 370 286 adhuc
381 268 423 286 res
437 259 555 286 confecta
567 265 620 290 est,
651 260 697 286 sed
710 259 833 286 voluntas

38 302 147 325 senatus
162 302 311 332 perspecta.
347 297 422 324 Unus
438 298 510 323 enim
527 302 616 323 eontra
628 297 732 324 dixerat
743 296 835 323 Metel-

40 335 96 366 lus,
112 334 206 361 consul
217 334 385 370 designatus.
416 333 487 367 Quin
499 339 555 361 erat
565 335 688 361 dicturus
699 334 742 369 (ad
753 343 835 369 quem

38 376 146 408 propter
161 371 215 398 diei
230 371 389 398 brevitatem
401 377 560 407 perventum
575 381 627 398 non
639 372 688 407 est)
699 372 777 398 heros
790 371 835 397 ille

39 414 129 436 noster
139 409 211 436 Cato.
246 411 284 435 ⁴0.
301 409 345 436 Sic
356 418 406 445 ego
416 418 579 436 conservans
590 410 719 436 rationem
727 410 836 435 institu-

39 447 194 481 tionemque
210 451 341 478 nostram,
364 451 453 478 tueor,
476 451 506 473 ut
523 455 649 481 possum,
671 446 746 473 illam
761 454 775 472 a
793 454 835 472 me

39 483 251 520 conglutinatam
262 483 443 510 concordiam.
470 483 523 510 Sed
534 489 632 515 tamen,
646 484 775 518 quoniam
786 484 835 509 ista

40 526 104 548 sunt
121 520 240 552 infirma,
259 522 380 548 munitur
395 521 527 556 quaedam
543 521 621 548 nobis
637 521 669 547 ad
684 521 836 547 retinendas

39 567 104 594 opes
120 563 223 585 nostras
238 562 307 589 tuta,
325 563 355 585 ut
365 567 452 593 spero,
466 559 518 589 via,
532 567 614 593 quam
625 558 675 584 tibi
687 558 782 584 litteris
793 566 837 583 sa-

39 596 74 623 tis
86 595 221 630 explicare
232 604 284 622 non
296 604 421 630 possum;
447 596 643 631 significatione
655 604 736 630 parva
747 600 837 621 osten-

39 633 101 659 dam
119 638 217 660 tamen.
257 633 321 660 Utor
335 634 462 668 Pompeio
478 633 699 659 familiarissime.

39 670 106 706 quid
119 671 203 697 dicas.
235 670 354 701 Cavebo,
368 679 436 705 quae
447 675 511 697 sunt
521 670 654 703 cavenda,
678 678 708 696 ac
719 670 836 696 scribam

40 707 107 734 alias
123 707 156 734 ad
171 713 194 734 te
211 707 243 734 de
260 708 327 734 meis
343 707 464 734 consiliis
479 707 660 743 capessendae
671 707 837 742 reipublicae

40 744 129 780 plura.

41 783 131 809 animo
146 783 235 808 statim
251 787 351 817 petere.
385 783 442 809 Duo
453 783 526 808 enim
536 782 587 808 soli
598 782 726 808 dicuntur
737 782 837 817 petitu-

40 820 73 846 ri.
109 819 205 847 Caesar
219 828 281 845 cum
297 828 327 846 eo
342 820 413 846 coire
428 828 476 854 per
489 820 599 846 Arrium
614 820 725 855 cogitat:
757 824 782 845 et
792 819 837 845 Bi-

40 856 123 883 bulus
139 865 202 883 cum
218 856 267 883 hoc
283 865 311 883 se
323 861 398 891 putat
411 865 459 891 per
470 857 593 884 Pisonem
606 865 684 891 posse
695 856 835 891 coniungi.

40 893 140 920 Rides‘?
168 894 225 920 Non
247 898 310 920 sunt
325 894 390 920 haec
406 894 533 925 ridicula,
552 894 724 920 mihicrede.
765 893 836 925 Quid

41 931 115 958 aliud
126 931 243 958 scribam
253 931 286 958 ad
298 930 340 958 te?
362 931 448 966 quid?
472 931 554 958 Multa
566 936 642 958 sunt:
665 931 712 958 sed
724 932 751 957 in
763 930 836 957 aliud

41 974 158 1004 tempus.
197 969 232 995 Te
253 969 277 995 si
296 969 446 1004 exspectari
469 968 550 1001 velis,
577 977 669 1000 cures,
691 974 722 995 ut
741 969 836 995 sciam.

40 1007 96 1034 Iam
107 1005 177 1034 illud
187 1006 307 1035 modeste
317 1015 391 1043 rogo,
404 1006 477 1043 quod
488 1007 606 1034 maxime
617 1007 706 1044 cupio,
720 1011 837 1044 utquam

41 1046 159 1080 primum
171 1046 274 1073 venias.
295 1046 379 1072 Nonis
389 1046 514 1072 Decemb.

94 1115 179 1136 XVHI.
199 1118 285 1141 (numae.
295 1118 322 1135 M‹
330 1117 381 1137 tello.
391 1117 472 1135 Afranio
483 1124 528 1135 coss.
545 1119 599 1138 594.)

228 1155 395 1183 CICERO
424 1156 592 1183 ATTICO
622 1157 650 1184 S.

100 1200 122 1224 l.
144 1192 224 1224 Nihil
240 1199 309 1225 mihi
327 1207 399 1225 nunc
414 1200 480 1226 scito
497 1204 550 1226 tam
566 1199 673 1231 deesse,
689 1208 773 1235 quam
790 1199 838 1225 ho-

41 1236 143 1261 minem
155 1244 231 1267 eum,
244 1245 361 1271 quocum
371 1237 471 1268 omnia,
484 1245 553 1271 quae
565 1245 607 1263 me
618 1246 681 1263 cura
694 1237 784 1272 aliqua
798 1236 839 1263 af-

42 1272 149 1303 ficiunt,
167 1281 219 1299 una
235 1274 447 1300 communicem:
470 1275 518 1309 qui
530 1283 572 1300 me
583 1279 666 1305 amet=
680 1275 729 1310 qui
741 1275 836 1309 sapiat⁷

41 1310 154 1345 quicum
165 1318 214 1346 ego
225 1310 371 1346 colloquar,
385 1311 452 1338 nihil
460 1311 570 1347 fingam,
579 1311 836 1342 nihildissimulem,

42 1347 111 1374 nibil
137 1347 272 1384 obtegam.
315 1348 398 1375 Abest
422 1349 494 1375 enim
516 1348 596 1376 frater
617 1348 794 1383 ἀφελέστατος
814 1353 839 1375 et

42 1385 259 1412 amantissimus:
286 1385 409 1412 Metellus
425 1395 477 1412 non
494 1386 587 1418 homo,
605 1386 653 1413 sed
669 1386 743 1413 littus
759 1391 838 1421 atque

42 1430 99 1453 aer,
117 1427 143 1449 et
157 1422 274 1449 solitudo
292 1431 378 1449 mera:
402 1428 429 1450 tu
442 1428 544 1455 autem,
562 1425 609 1458 qui
621 1424 780 1459 saepissime
791 1432 839 1450 cu—

42 1468 98 1486 ram
114 1464 140 1486 et
153 1468 280 1495 angorem
296 1461 380 1487 animi
395 1461 448 1487 mei
464 1469 586 1487 sermone
602 1466 628 1488 et
641 1461 754 1488 consilio
766 1461 839 1487 leva-

42 1497 76 1524 sti
89 1501 146 1530 tuo;
174 1498 221 1532 qui
238 1497 306 1524 mihi
317 1502 343 1524 et
354 1498 380 1524 in
393 1497 502 1532 publica
515 1507 542 1525 re
553 1499 657 1530 socius¹
672 1499 735 1525 etin
747 1499 839 1534 priva—

44 1535 76 1561 tis
91 1534 221 1561 omnibus
234 1535 368 1567 conscius,
381 1540 407 1562 et
416 1536 538 1562 omnium
550 1545 672 1563 meorum
683 1544 838 1562 sermonum

42 1576 68 1598 et
82 1572 257 1598 consiliorum
273 1573 407 1608 particeps
422 1581 481 1599 esse
498 1573 582 1605 soles,
601 1573 712 1600 ubinam
728 1573 775 1600 es‘?
803 1574 839 1600 lta

41 1617 103 1635 sum
119 1609 153 1635 ab
167 1610 295 1636 omnibus
311 1609 469 1642 destitutus,
488 1615 517 1637 ut
535 1616 638 1638 tantum
650 1612 779 1646 requietis
792 1611 840 1637 lia-

42 1646 130 1678 beam,
143 1651 274 1682 quantum
286 1656 348 1674 cum
360 1656 442 1674 uxore
454 1652 479 1674 et
490 1647 571 1674 filiola
583 1653 609 1675 et
619 1648 720 1675 mellito
732 1649 839 1675 Cicero-

43 1692 75 1710 ne
86 1685 263 1711 consumitur.
286 1685 352 1711 Nam
365 1684 426 1711 illae
436 1685 594 1712 ambitiosae
605 1690 710 1712 nostrae
717 1685 840 1713 fucosae-

43 1729 95 1756 que
106 1722 240 1748 amicitiae
252 1726 316 1748 sunt
326 1723 353 1748 in
365 1722 483 1757 quodam
494 1722 638 1758 splendore
651 1723 764 1754 forensi,
782 1723 839 1749 fru-

42 1763 114 1785 ctum
134 1759 313 1786 domesticum
328 1768 380 1786 non
396 1760 505 1787 habent.
540 1761 646 1796 Itaque,
669 1769 755 1796 quum
771 1761 839 1787 bene

42 1795 173 1831 completa
187 1796 284 1823 domus
295 1801 348 1828 est,
367 1802 485 1832 tempore
497 1799 641 1828 matutino,
655 1807 741 1833 quum
754 1798 787 1825 ad
799 1798 839 1824 so-

42 1841 103 1860 rum
114 1834 205 1869 stipati
216 1834 346 1870 gregibus
358 1836 506 1861 amicorum
518 1835 723 1867 descendimus,
737 1837 839 1871 reperi-

42 1878 70 1897 re
86 1879 119 1897 ex
130 1879 228 1907 magna
246 1872 324 1898 turba
338 1873 474 1899 neminem
486 1880 646 1907 possumus,
664 1881 781 1908 quocum
794 1878 839 1900 aut

41 1907 125 1935 iocari
150 1908 246 1940 libere,
274 1913 320 1936 aut
342 1910 479 1944 suspirare
504 1909 671 1937 familiariter
690 1911 837 1946 possimus.

42 1944 129 1978 Quare
141 1950 164 1971 te
177 1950 378 1980 exspectamus,
395 1951 419 1973 te
429 1946 631 1978 desideramus,
650 1952 673 1974 tc
685 1949 738 1974 iam
750 1957 839 1975 arces-

42 1983 140 2009 simus.
162 1982 244 2009 Multa
256 1987 319 2009 sunt
329 1984 415 2015 enim,
438 1992 507 2019 quae
519 1993 561 2010 me
572 1984 840 2022 sollicitantangunt-

43 2027 110 2055 que,
128 2028 198 2054 quae
214 2020 281 2046 mihi
298 2020 399 2052 videor,
413 2029 491 2047 aures
502 2026 595 2048 nactus
607 2026 675 2054 tuas,
689 2023 771 2049 unius
782 2032 840 2050 am-

42 2056 190 2084 bulationis
205 2065 327 2084 sermone
343 2058 486 2085 exhaurire
500 2067 590 2094 posse.
624 2060 649 2086 2.
662 2059 699 2086 Ae
710 2059 840 2087 domesti-

42 2102 135 2121 carum
151 2094 262 2129 quidem
278 2094 494 2122 sollicitudinum
506 2096 613 2122 aculeos
624 2105 717 2123 omnes
728 2102 754 2124 et
764 2106 841 2124 scru-

43 2130 122 2167 pulos
131 2131 284 2159 occultabo:
306 2140 394 2167 neque
407 2141 452 2160 eos
465 2133 529 2159 huic
538 2133 666 2168 epistolae
677 2135 841 2170 atqueigno—

43 2173 70 2196 to
81 2169 219 2196 tabellario
230 2170 406 2196 committam.
437 2170 525 2206 Atque
537 2170 564 2197 hi
576 2171 647 2206 (nolo
658 2172 730 2198 enim
744 2176 767 2199 te
779 2180 841 2207 per-

44 2206 156 2242 moveri)
172 2215 223 2233 non
240 2211 304 2234 sunt
318 2207 485 2242 permolesti;
515 2208 563 2234 sed
579 2213 667 2235 tamen
681 2209 801 2236 insident
816 2213 842 2236 et

0 2245 3 2260 ²
44 2248 149 2280 urgent,
162 2248 188 2270 et
199 2243 302 2270 nullius
313 2245 427 2271 amantis
437 2245 549 2272 consilio
555 2250 727 2273 autsermone
735 2247 842 2282 requie-

45 2285 132 2308 scunt.
175 2282 202 2307 ln
224 2281 362 2316 republica
387 2291 463 2313 vero,
487 2291 652 2318 quamquam
673 2285 780 2310 animus
802 2289 842 2310 est

0 2319 4 2323 ”
44 2325 179 2353 praesens,
189 2323 277 2345 tamen
290 2318 413 2346 voluntas
424 2320 503 2346 ctiam
515 2324 594 2355 atque
601 2321 680 2347 etiam
689 2321 746 2356 ipsa
754 2321 841 2348 medi-

0 2362 4 2366 ·
45 2355 132 2382 cinam
144 2355 247 2392 effugit,
265 2357 341 2388 Nam,
350 2361 414 2383 ntea
421 2357 546 2388 breviter,
559 2366 628 2392 quae
635 2359 842 2392 posttuumdis-

45 2399 151 2419 cessum
162 2398 218 2420 acta
230 2398 302 2425 sunt,
315 2394 450 2430 colligam,
465 2394 517 2420 iam
529 2394 664 2421 exclames
671 2404 779 2422 necesse
789 2401 838 2427 est.

46 2437 88 2456 res
107 2429 239 2457 Romanas
253 2431 359 2458 diutius
374 2437 444 2458 staro
461 2440 513 2458 non
529 2440 618 2466 posse.
659 2432 764 2459 Etenim
781 2438 841 2468 post

45 2465 235 2502 prosectionem
252 2472 325 2495 tuam
342 2469 461 2504 primus,
479 2473 508 2495 ut
523 2470 630 2503 opinor,
649 2469 774 2497 introitus
790 2470 841 2498 fuit

46 2503 75 2530 in
88 2511 212 2532 caussam
230 2505 336 2533 fabulae
351 2506 508 2539 Clodianae;
542 2507 569 2532 in
584 2515 637 2541 qua
653 2515 716 2542 ego,
734 2513 838 2539 nactus.

46 2544 77 2567 ut
90 2541 158 2568 mihi
174 2542 298 2574 videbar,
318 2543 405 2570 locum
422 2543 582 2570 resecandae
596 2544 719 2571 libidinis
730 2550 756 2572 et
766 2554 841 2571 coer-

4 2610 5 2614 *
47 2577 145 2605 cendae
165 2579 328 2612 iuventutis,
350 2581 497 2608 vehemens
514 2581 566 2612 lui.
583 2586 609 2607 et
623 2590 716 2608 omnes
732 2582 840 2617 profudi

47 2613 119 2642 vires
133 2617 217 2643 animi
229 2622 308 2653 atque
320 2618 423 2654 ingenii
435 2619 497 2650 mei,
511 2627 563 2645 non
574 2618 636 2645 odio
647 2618 780 2646 adductus
791 2619 841 2647 ali-

48 2652 140 2685 cuius,
165 2653 213 2680 sed
227 2663 275 2690 spe
290 2655 456 2690 reipublicae
471 2656 646 2692 corrigendae
665 2661 691 2684 et
706 2657 840 2684 sanandae

49 2688 173 2718 civitatis.
199 2692 224 2718 3.
243 2691 347 2720 Afssieta
362 2693 516 2729 respublica
532 2698 573 2721 est
583 2697 672 2730 empto
682 2700 841 2731 constupra-

740 632 834 663 Video,
857 646 858 650 =

175 746 214 771 ll.
240 745 387 771 Lucceium
404 746 470 772 seito
490 744 660 771 consulatum
686 745 784 771 habere
809 745 837 770 in
857 760 859 764 ι

869 2105 870 2124 1
892 2095 959 2122 dum
981 2095 1046 2121 locis
1066 2095 1204 2122 omnibus.

870 2165 871 2168 Ἴ
892 2133 1014 2168 germani
1026 2132 1197 2168 negotiatoris
1208 2138 1257 2159 est.
1279 2133 1366 2164 Quare
1377 2141 1450 2162 cura,
1465 2137 1493 2159 ut
1505 2137 1528 2159 te
1540 2141 1621 2167 quam
1637 2132 1692 2166 pri·

1630 156 1677 180 823

886 227 965 256 toque
986 221 1096 248 iudicio.
1140 222 1220 254 vide,
1251 232 1320 258 quae
1341 224 1395 250 sint
1415 228 1505 258 postea
1527 230 1679 251 consecuta.

887 259 985 285 Consul
1006 264 1046 286 est
1063 260 1205 294 impositus
1222 261 1244 286 is
1264 260 1356 291 nobis,
1374 269 1455 295 quem
1472 270 1559 291 nemo,
1577 267 1681 296 praeter

887 305 934 322 nos
964 296 1153 331 philosophos,
1184 298 1303 332 aspicere
1333 298 1392 324 sine
1417 299 1555 333 suspiratu
1579 304 1680 333 posset.

886 333 1021 365 Quantum
1039 334 1087 360 hoc
1103 334 1216 360 vulnus!
1240 335 1318 361 Facto
1329 340 1437 361 senatus
1448 336 1570 362 consulto
1581 336 1614 362 de
1625 345 1682 362 am-

887 371 958 402 bitu,
977 371 1010 397 de
1026 371 1149 402 iudiciis,
1168 371 1241 398 nulla
1261 372 1304 398 lex
1315 372 1428 407 perlata,
1442 374 1593 409 exagitatus
1605 382 1683 400 sena-

888 413 939 439 ωε,
953 408 1061 435 alienati
1072 410 1176 443 equites
1188 409 1309 435 Romani.
1332 410 1376 436 Sic
1388 409 1683 437 illeannusduofirma-

888 450 977 471 menta
992 446 1166 480 reipublicae,
1184 455 1231 481 per
1242 455 1284 472 me
1300 456 1385 473 unum
1401 449 1559 478 constituta,
1573 449 1681 475 evertit:

889 491 950 508 nam
966 488 992 509 et
1002 488 1111 509 senatus
1122 484 1306 510 auctoritatem
1318 484 1429 515 abiecit,
1446 491 1472 512 et
1482 485 1609 512 ordinum
1620 494 1684 512 con-

888 520 1007 546 cordiam
1023 520 1166 547 disiunxit.
1202 522 1284 548 Instat
1298 521 1342 547 hic
1358 531 1429 548 nunc
1445 522 1491 549 ille
1507 532 1593 549 annus
1608 531 1684 559 egre-

888 558 960 592 gius.
1003 558 1070 583 Eius
1092 558 1200 584 initium
1220 559 1354 585 eiusmodi
1374 559 1439 591 fuit,
1457 565 1486 587 ut
1501 561 1684 587 anniversaria

888 603 962 621 sacra
978 595 1124 621 luventatis
1143 604 1194 621 non
1213 597 1452 623 committerentur.
1491 598 1558 624 Nam
1575 598 1610 624 M.
1631 598 1676 624 Lu-

888 631 955 658 culli
970 641 1081 658 uxorem
1097 633 1241 659 Memmius
1257 634 1315 659 suis
1331 635 1414 660 saeris
1430 635 1557 661 initiavit.
1594 636 1685 661 Mene-

865 694 867 704 Ι
890 668 962 700 laus,
981 678 1059 705 aegre
1076 669 1104 695 id
1119 678 1230 704 passus,
1248 670 1395 697 divortium
1407 671 1479 698 fecit.
1514 672 1685 707 Quamquam

889 706 935 732 ille
946 711 1036 740 pastor
1046 706 1142 733 Idaeus
1149 707 1300 734 Menelaum
1312 708 1400 734 solum
1412 714 1621 744 contempserat:
1641 709 1685 736 hic

889 749 979 770 noster
994 744 1068 770 Paris
1079 749 1132 770 tam
1144 744 1305 776 Menelaum,
1319 754 1401 780 quam
1411 747 1641 781 Agamemnonem
1653 746 1683 772 li-

889 781 984 807 berum
1001 790 1053 807 non
1069 782 1182 816 putavit.
1218 783 1242 808 4.
1258 782 1305 808 Est
1316 788 1404 808 autern
1416 784 1445 810 C.
1462 785 1612 810 Herennius
1623 784 1686 819 qui-

889 818 951 844 dam
972 818 1098 844 tribunus
1118 819 1220 853 plebis,
1242 828 1323 854 quem
1336 824 1364 846 tu
1377 819 1487 847 sortasse
1498 830 1530 847 ne
1542 823 1611 848 nosti
1623 822 1686 856 qui-

866 858 867 867 *
889 855 964 882 dem:
984 855 1100 890 (tametsi
1111 861 1186 891 potes
1198 865 1289 889 nosse,
1312 857 1421 884 tribulis
1432 859 1504 884 enim
1517 863 1579 885 tuus
1590 864 1642 888 est,
1661 863 1687 884 et

890 893 1002 924 Sextus,
1020 898 1095 928 pater
1105 894 1177 924 eius,
1196 903 1322 920 nummos
1334 895 1411 921 vobis
1423 895 1546 922 dividere
1558 895 1659 922 solebat
1668 896 1686 929 2)

858 952 859 962 ,
889 931 912 956 is
928 930 961 957 ad
972 930 1080 965 plebem
1092 931 1120 957 P.
1138 931 1262 957 Clodium
1277 932 1404 964 traducit3
1433 933 1560 968 idemque
1577 932 1639 959 fert.
1658 937 1687 958 ut

890 968 1036 994 universus
1052 968 1170 1003 populus
1187 969 1213 995 in
1230 978 1325 1004 campo
1336 970 1429 996 Martio
1440 971 1601 1006 suffragium
1615 970 1648 996 de
1660 978 1686 996 re

889 1005 977 1032 Clodii
998 1005 1072 1032 serat.
1108 1006 1184 1032 Hunc
1204 1015 1253 1042 ego
1274 1007 1365 1041 accepi
1381 1007 1407 1033 in
1424 1013 1532 1038 senatu„
1556 1013 1585 1034 ut
1600 1007 1672 1034 soleo

889 1043 937 1069 sed
949 1043 1016 1070 nihil
1029 1048 1069 1070 est
1080 1043 1126 1070 illo
1138 1043 1247 1070 homine
1260 1044 1368 1071 lentius.
1400 1046 1424 1071 5.
1441 1045 1564 1072 Metellus
1575 1050 1615 1072 est
1624 1054 1688 1071 cou-

890 1080 932 1107 sul
948 1081 1088 1116 egregius,
1105 1085 1131 1107 et
1151 1089 1198 1108 nos
1214 1087 1297 1114 amat3
1325 1082 1372 1108 sed
1392 1082 1530 1109 imminuit
1546 1083 1686 1110 auctorita-

867 1118 869 1128 *
891 1124 942 1147 tem
958 1127 1049 1149 suam,
1067 1118 1140 1153 quod
1156 1119 1236 1147 habet
1251 1119 1320 1146 dicis
1336 1128 1430 1146 caussa
1441 1120 1642 1156 promulgatum
1656 1119 1688 1145 il-

892 1157 937 1184 lud
954 1157 1025 1184 idem
1041 1155 1074 1184 de
1090 1155 1193 1185 Clodio.
1229 1158 1292 1184 Auli
1303 1162 1394 1185 autem
1406 1157 1488 1191 filius,
1501 1167 1516 1185 o
1527 1158 1688 1185 diiimmor-

890 1195 969 1222 tales!
1007 1204 1090 1230 quam
1107 1196 1236 1230 ignavuS‚
1260 1205 1289 1222 ac
1305 1197 1363 1222 sine
1380 1198 1470 1224 animo
1487 1197 1578 1223 miles!
1605 1205 1686 1231 quam

890 1233 1006 1268 dignus,
1023 1234 1070 1267 qui
1086 1233 1224 1263 Palicano,
1241 1234 1312 1260 sicut
1324 1233 1395 1262 lacit.
1409 1243 1438 1260 os
1450 1234 1483 1261 ad
1495 1234 1564 1261 male
1574 1234 1687 1260 audien-

891 1270 956 1296 dum
972 1270 1094 1305 quotidie
1106 1270 1244 1305 praebeat!
1267 1273 1291 1297 6.
1307 1271 1419 1306 Agraria
1430 1276 1520 1298 autem
1532 1271 1688 1306 promulga—

891 1312 915 1334 ta
931 1312 972 1334 est
982 1317 996 1334 a
1008 1307 1114 1338 Flavio,
1133 1316 1197 1334 sane
1210 1308 1287 1339 levis,
1301 1309 1395 1335 eadem
1407 1308 1471 1340 sere,
1485 1318 1554 1344 quae
1567 1309 1617 1335 suit
1628 1309 1688 1335 Plo-

891 1346 936 1371 tia.
975 1345 1027 1371 Sed
1049 1346 1148 1371 interea
1162 1346 1292 1376 πολιτικὸς
1307 1345 1372 1381 ἀνὴρ
1389 1346 1444 1373 οὐδ’
1463 1347 1527 1382 ὄναρ
1542 1347 1687 1381 quisquam

891 1383 1008 1408 inveniri
1020 1387 1115 1417 potest.
1142 1382 1194 1414 Qui
1206 1387 1316 1417 poterat,
1333 1383 1474 1410 familiaris
1487 1389 1575 1410 noster
1589 1384 1638 1418 (sic
1649 1388 1689 1409 est

891 1420 977 1446 enim:
1005 1419 1066 1446 volo
1082 1424 1106 1446 te
1122 1419 1173 1446 hoc
1184 1420 1262 1455 scire)
1274 1421 1418 1455 Pompeius
1430 1421 1548 1457 togulam
1561 1421 1634 1447 illam
1646 1421 1689 1455 pi—

890 1462 960 1483 ctam
976 1457 1084 1483 silentio
1099 1462 1187 1483 tuetur
1201 1466 1288 1484 suam.
1323 1458 1436 1485 Crassus
1452 1459 1566 1485 verbum
1583 1457 1688 1485 nullum

891 1499 982 1521 contra
993 1495 1116 1530 gratiam.
1151 1494 1258 1521 Ceteros
1270 1496 1323 1521 iam
1335 1496 1418 1528 nosti;
1441 1497 1489 1531 qui
1501 1497 1536 1522 ita
1548 1501 1611 1522 sunt
1621 1494 1689 1522 stul-

891 1533 925 1563 ti,
943 1537 972 1559 ut
990 1533 1090 1558 amissa
1102 1531 1241 1566 republica
1252 1533 1371 1567 piscinas
1383 1541 1446 1559 suas
1458 1533 1513 1559 l'ore
1527 1533 1616 1560 salvas
1628 1540 1690 1568 spe-

892 1578 949 1596 rare
970 1569 1122 1597 videantur.
1166 1570 1190 1596 7.
1212 1570 1286 1596 Unus
1305 1575 1359 1601 est,
1377 1571 1425 1605 qui
1446 1575 1521 1597 curet
1540 1570 1689 1598 constantia

891 1608 978 1643 magis
990 1612 1016 1634 et
1027 1607 1177 1642 integritate
1186 1628 1192 1638 ,
1209 1616 1305 1642 quam,
1323 1613 1352 1634 ut
1366 1608 1434 1634 mihi
1446 1608 1563 1640 videtur,
1576 1607 1691 1635 consilio

891 1650 937 1672 aut
952 1645 1073 1681 ingenio.
1092 1644 1167 1672 Cato.
1190 1645 1237 1679 qui
1249 1646 1361 1671 miseros
1376 1645 1549 1680 publicanos,
1562 1654 1630 1680 quos
1643 1645 1690 1671 lia-

892 1683 952 1709 buit
972 1682 1173 1709 amantissimos
1188 1683 1245 1713 sui,
1265 1683 1370 1709 tertium
1392 1683 1445 1709 iam
1463 1692 1582 1709 mensem
1601 1687 1688 1709 vexat,

893 1728 980 1755 neque
1001 1721 1035 1746 iis
1051 1729 1064 1746 a
1081 1724 1175 1746 senatu
1192 1728 1352 1754 responsum
1369 1720 1427 1746 dari
1446 1722 1554 1755 patitur.
1590 1721 1626 1747 lta
1643 1728 1690 1746 nos

868 1758 870 1776 ²
891 1766 1015 1793 cogimur
1026 1757 1139 1792 reliquis
1151 1757 1183 1783 de
1196 1757 1276 1784 rebus
1289 1757 1356 1784 nihil
1369 1757 1511 1784 decernere
1526 1763 1594 1787 ante,
1608 1766 1690 1792 quam

892 1795 1046 1830 publicanis
1067 1803 1227 1829 responsum
1247 1796 1291 1822 sit.
1335 1795 1422 1827 Quare
1442 1796 1522 1822 etiam
1545 1795 1691 1830 legationes

892 1833 1021 1859 reiectum
1038 1833 1070 1859 iri
1086 1837 1160 1867 puto.
1199 1835 1224 1859 8.
1245 1834 1321 1859 Nunc
1338 1832 1428 1863 vides.
1447 1833 1548 1867 quibus
1564 1832 1691 1859 fluctibus

892 1871 1036 1897 iactemur:
1059 1875 1093 1901 et,
1107 1870 1130 1896 si
1142 1878 1176 1896 ex
1186 1871 1229 1901 iis,
1243 1879 1312 1905 quae
1323 1871 1494 1905 scripsimus,
1508 1871 1623 1905 (tantaes
1631 1878 1691 1904 per-

892 1908 1072 1943 spicacitate.)
1083 1908 1163 1934 etiam
1175 1917 1189 1934 a
1205 1916 1247 1934 me
1264 1917 1316 1934 non
1332 1908 1431 1942 scripta
1447 1908 1588 1942 perspicis,
1603 1908 1691 1934 revise

892 1954 940 1972 nos
956 1945 1115 1980 aliquando:
1152 1950 1190 1976 et,
1208 1954 1374 1980 quamquam
1390 1950 1454 1972 sunt
1470 1945 1534 1971 baec
1552 1944 1689 1979 fugienda.

891 1991 946 2017 quo
967 1988 991 2010 te
1003 1992 1082 2014 voco,
1100 1988 1188 2010 tamen
1201 1982 1254 2014 sac,
1268 1988 1297 2010 ut
1308 1991 1425 2009 amorem
1438 1988 1558 2009 nostrum
1571 1983 1636 2009 tanti
1647 1990 1692 2008 ae-

891 2021 995 2051 stimes
1008 2025 1038 2047 ut
1048 2029 1079 2047 co
1091 2020 1133 2047 vel
1144 2020 1394 2047 cumliismolestiis
1401 2019 1502 2055 perfrui
1511 2019 1588 2046 velis.
1613 2020 1689 2047 Nam.

893 2066 924 2084 ne
940 2058 1039 2085 absens
1054 2066 1193 2089 censeare,
1210 2058 1310 2085 curabo
1325 2057 1487 2084 edicendum
1504 2063 1529 2084 et
1541 2066 1689 2092 proponen-

1249 2095 1306 2121 Sub
1328 2095 1442 2122 lustrum
1466 2100 1555 2121 autem
1576 2095 1689 2121 censeri.

894 2179 968 2197 mum
981 2170 1132 2196 videamus.
1154 2179 1193 2196 M.
1207 2170 1266 2197 Kal.
1280 2170 1358 2196 Febr.
1380 2169 1412 2202 Q.
1425 2169 1530 2196 Metello
1541 2170 1602 2196 etL.
1615 2168 1691 2195 Afra-

895 2217 938 2234 nio
949 2216 1018 2234 eosS.

950 2277 1013 2297 ῚΙΧ.
1045 2279 1132 2300 (Romae.
1142 2278 1228 2297 Mrtrlln,
1238 2277 1316 2295 Λΐιιιιιω
1327 2284 1373 2295 ‹uu-
1389 2279 1445 2298 [ιθ-Ι.)

1079 2320 1248 2347 CICERO
1277 2320 1445 2347 ATTICO
1476 2321 1504 2347 S.

951 2360 972 2385 1,
995 2353 1058 2384 Non
1072 2357 1163 2387 modo.
1177 2358 1200 2383 si
1214 2357 1280 2383 milii
1294 2363 1395 2384 tantum
1408 2363 1478 2384 esset
1489 2357 1546 2387 otii.
1559 2361 1690 2391 quantum

893 2400 933 2422 cst
944 2395 1007 2426 tibi,
1027 2404 1121 2421 verum
1133 2395 1227 2424 etiam,
1245 2395 1268 2420 si
1281 2400 1334 2421 tam
1346 2395 1442 2421 breves
1453 2394 1580 2429 epistolas
1594 2393 1690 2419 vellem

893 2434 1008 2464 mittere,
1020 2441 1102 2467 quam
1115 2437 1142 2459 tu
1154 2431 1224 2458 soles
1237 2431 1330 2462 lacere,
1345 2437 1369 2459 te
1381 2441 1545 2467 superarem,
1559 2437 1583 2457 et
1592 2432 1617 2457 in
1625 2432 1692 2457 scri-

893 2470 981 2496 bendo
993 2470 1002 2482 ⁶
1016 2469 1101 2496 multo
1112 2478 1198 2497 esst-iu
1211 2469 1337 2499 crebrior.
1351 2478 1432 2504 (μιιιιιι
1445 2475 1486 2501 ιιι;
1512 2468 1560 2495 sed
1571 2468 1603 2495 ad
1616 2478 1691 2494 suni—

893 2516 950 2534 mas
978 2512 1058 2542 atque
1080 2507 1254 2534 incredibiles
1274 2507 1464 2541 occupationes
1484 2515 1557 2532 meas
1577 2506 1690 2534 accedit.

892 2545 964 2580 quod
981 2544 1082 2571 nullam
1098 2554 1112 2571 a
1128 2553 1170 2571 me
1185 2544 1326 2579 epistolum
1343 2544 1375 2570 ad
1392 2549 1415 2570 te
1425 2545 1485 2570 sino
1496 2544 1598 2578 absque
1610 2552 1691 2579 argu-

893 2587 982 2609 mento
1003 2591 1032 2608 ac
1052 2582 1182 2608 sententia
1204 2582 1355 2616 pervenire.
1399 2582 1431 2608 Et
1446 2582 1564 2616 primum
1581 2581 1643 2609 tibi.
1663 2586 1692 2607 ιιῑ

892 2628 1010 2654 aequum
1027 2624 1080 2650 est.
1091 2620 1146 2646 civi
1161 2620 1261 2645 amanti
1277 2620 1399 2654 patriam.
1412 2628 1481 2654 quae
1495 2624 1559 2645 sunt
1571 2619 1596 2645 in
1610 2626 1690 2653 repu-

893 2657 973 2687 blica,
987 2665 1133 2691 exponam:
1157 2656 1265 2687 deinde,
1278 2657 1407 2691 quoniam
1419 2657 1467 2683 tibi
1478 2665 1567 2683 amore
1575 2664 1691 2690 nospro-

894 2694 961 2722 ximi
971 2703 1068 2722 sumus
1077 2715 1083 2726 ,
1096 2694 1248 2722 scribemus
1259 2695 1339 2721 etiam
1351 2693 1384 2721 de
1395 2694 1473 2721 nobis
1484 2702 1524 2724 ea.
1540 2702 1610 2729 quae
1621 2693 1690 2719 scire
