1941 3052
268 126 643 154 TUSCULANARUM
672 125 1054 153 DISPUTATIONUM
1084 127 1164 152 LIB.
1195 127 1246 153 111.
1273 126 1365 153 CAP.
1389 128 1476 153 24—
1497 129 1539 153 31.

138 199 253 232 Namque
264 200 340 224 nimis
350 199 449 227 multos,
462 202 538 231 atque
548 200 616 224 omni
627 199 681 223 luce
692 197 826 224 cadentes*

138 238 277 267 cernimus,·
289 240 316 261 ut
327 243 398 261 nemo
407 238 487 268 possit
500 243 615 261 vmcrore
627 244 728 261 vacare.

138 273 193 305 Quo
204 275 285 306 maqis
296 277 331 298 est
341 281 451 305 aequum
461 274 565 298 tumulis
575 274 698 298 mandare
706 276 847 305 peremptos

136 313 209 344 firmo
219 312 313 340 animo,
325 314 348 335 et
359 311 454 335 luctum
466 311 589 335 lacrumis
599 311 674 342 finire
683 311 793 335 diurnis.

82 349 124 374 66.
145 347 216 383 Ergo
227 347 254 373 in
267 351 394 381 potestate
406 351 446 373 est
456 346 573 372 abiicere
584 346 716 376 dolorem,
733 354 819 381 quum
831 354 877 372 ve—

83 384 125 416 lis,
139 385 253 419 tempori
262 384 435 410 servientem.
470 384 510 410 An
522 388 563 410 est
573 383 658 410 ullum
672 388 787 418 tempus,
800 383 878 418 (quo-

82 423 155 449 niam
170 421 282 456 quidem
298 429 339 447 res
356 429 383 447 in
395 425 482 447 nostra
495 425 623 455 potestate
639 421 699 454 est,)
710 421 754 446 cui
765 429 817 446 non
829 429 878 454 po-

82 459 185 486 nendae
201 467 280 485 curae
294 463 319 485 et
330 457 508 493 aegritudinis
519 466 613 484 caussa
625 457 795 484 serviamus?
809 458 878 484 Con-

81 497 182 527 stabat,
195 504 254 526 eos,
270 496 319 530 qui
333 495 518 522 concidentem
533 494 693 521 vulneribus
704 495 752 521 Cn.
765 495 878 529 Pompe—

82 535 140 561 ium
152 533 293 564 vidissent,
307 541 392 568 quum
404 534 431 559 iu
444 532 490 559 illo
501 533 560 567 ipso
571 532 746 559 acerbissimo
757 532 878 558 miserri-

82 580 181 606 moque
197 570 349 605 spectaculo
364 570 418 596 sibi
434 570 570 600 timerent,
593 569 666 604 quod
683 578 711 595 se
727 569 812 596 classe
829 569 878 595 ho-

81 609 164 635 stium
181 608 359 634 circumfusos
375 606 510 638 viderent,
532 606 601 633 nihil
617 611 674 633 tum
688 606 762 633 aliud
778 607 876 642 egisse,

82 647 136 672 nisi
155 650 184 672 ut
200 646 315 681 remiges
332 644 513 674 hortarentur,
530 649 556 670 et
569 649 599 670 ut
614 644 728 670 salutem
744 643 878 678 adipisce-

82 688 174 710 rentur
185 682 260 718 t’uga:
278 687 453 717 posteaquam
464 682 564 717 Tyrum
576 682 726 712 venissent,
740 686 797 707 tum
809 680 878 707 affli-

81 721 147 747 ctari
164 719 357 754 lamentarique
372 720 504 753 coepisse.
546 719 637 745 Timor
647 719 731 754 igitur
744 718 777 744 ab
789 719 823 744 iis
833 726 878 744 ae-

81 757 247 794 gritudinem
270 757 357 792 potuit
374 755 516 791 repellere,
539 756 606 782 ratio
621 764 650 782 ac
665 756 798 790 sapientia
814 764 876 781 vera

81 804 133 822 non
146 793 260 829 poterit?
288 794 409 820 XXVIII.
426 793 498 826 Quid
509 797 549 819 est
559 797 658 823 autem,
671 792 744 827 quod
755 792 818 827 plus
830 802 877 819 va-

82 832 133 859 leat
144 832 177 858 ad
192 831 348 866 ponendum
362 830 495 861 dolorem,
517 839 599 865 quam
615 838 700 864 quum
716 834 756 856 est
771 829 878 856 intelle-

81 874 164 899 ctum,
177 869 246 895 nihil
258 868 360 903 profici,
376 872 401 894 et
413 867 509 894 frustra
519 876 578 893 esse
589 867 765 902 susceptum?
784 867 812 893 Si
824 868 877 903 igi—

81 911 125 933 tur
135 906 233 940 deponi
244 910 343 940 potest,
361 905 440 931 etiam
457 913 509 931 non
520 905 624 939 suscipi
635 909 730 939 potest.
774 904 877 931 Volun-

80 949 132 971 tate
148 944 231 979 igitur
245 948 271 969 et
286 942 388 969 iudicio
405 942 509 977 suscipi
529 941 728 977 aegritudinem
748 941 877 968 confiten-

80 981 146 1007 dum
157 985 206 1007 est.
241 980 283 1006 67.
303 979 387 1014 quue
403 979 537 1006 indicatur
552 988 644 1006 eorum
656 980 798 1014 patientia,
815 981 873 1014 qui,

79 1027 166 1053 quum
177 1017 260 1044 multa
269 1018 323 1044 sint
333 1026 413 1052 saepe
424 1017 555 1052 perpessi,
569 1016 677 1043 facilius
688 1016 786 1048 ferunt,
794 1017 877 1052 quid-

79 1055 147 1090 quid
157 1054 268 1082 accidit:
284 1054 502 1089 obduruisseque
513 1062 573 1081 sese
584 1058 674 1081 contra
689 1053 822 1082 fortunam
834 1064 877 1081 ar-

80 1093 225 1120 bitrantur:
243 1096 272 1118 ut
283 1092 328 1118 ille
338 1092 410 1127 apud
422 1091 591 1127 Euripidem,

133 1131 163 1157 Si
173 1132 313 1156 mihinam
325 1132 406 1156 tristis
415 1132 527 1163 primum
539 1131 666 1156 illuxisset
677 1131 739 1161 dies,

133 1176 179 1194 uec
190 1172 242 1193 tam
252 1170 403 1193 aerumnoso
414 1169 599 1200 neviyatvissem
611 1168 681 1192 salo:

135 1210 197 1231 esset
208 1206 310 1231 dolendi
324 1207 430 1237 caus-m,-
442 1209 468 1230 ul
481 1207 572 1231 iniecto
582 1206 682 1238 equulei

133 1244 205 1275 freno
215 1247 316 1275 repenle
327 1244 397 1268 ιάεια
408 1244 576 1274 exagitantur
588 1250 658 1267 noro.

133 1279 183 1306 Sed
195 1282 246 1305 ι’άιιι
256 1281 377 1306 subactus
387 1281 498 1305 miseriis
509 1280 633 1312 obtat-pai.

79 1315 237 1352 Del'atigatio
251 1317 334 1352 igitur
350 1316 520 1342 miseriarum
536 1316 720 1352 aegritudines
735 1324 821 1350 quum
837 1314 877 1342 fa-

78 1354 132 1380 ciat
151 1353 274 1384 leniores,
299 1353 414 1389 intelligi
435 1362 544 1380 necesse
565 1358 617 1384 est,
640 1362 693 1380 non
713 1362 768 1379 rem
789 1354 874 1388 ipsam

78 1399 202 1417 caussam
215 1396 294 1426 atquc
307 1390 406 1417 fontem
417 1399 476 1417 esse
487 1392 624 1417 maeroris.
665 1393 706 1417 68.
719 1390 875 1425 Philosophi

77 1429 194 1458 summi,
208 1428 363 1463 nequedum
374 1433 462 1455 tamen
474 1429 633 1463 sapientiam
644 1429 796 1458 consecuti,
810 1437 877 1454 non-

78 1474 112 1492 ne
123 1465 287 1501 intelligunt,
301 1467 327 1492 in
339 1475 446 1492 summo
457 1474 486 1492 se
498 1465 568 1492 malo
579 1465 655 1492 esse‘?
671 1466 739 1492 Sunt
750 1466 822 1492 enim
834 1466 878 1491 in·-

78 1503 222 1537 sipientes:
240 1512 328 1538 neque
343 1504 498 1538 insipientia
510 1503 597 1530 ullum
609 1504 697 1529 maius
709 1502 810 1529 malum
821 1507 874 1529 est:

78 1548 167 1575 neque
178 1545 266 1566 tamen
279 1540 382 1576 lugent.
419 1540 490 1573 Quid
502 1540 555 1567 ita‘?
565 1541 629 1576 quia
642 1540 705 1567 huic
716 1541 808 1576 generi
820 1549 877 1566 ma-

79 1577 166 1604 lorum
182 1586 235 1604 non
250 1577 389 1613 affingitur
403 1578 448 1604 illa
464 1578 568 1613 opinio,
591 1579 701 1604 Rectum
717 1586 776 1604 esse
792 1582 817 1604 et
832 1586 877 1604 ae-

78 1623 164 1649 quum
176 1620 202 1642 et
212 1615 245 1642 ad
256 1614 376 1642 osticium
390 1616 536 1650 pertinere,
554 1624 633 1651 aegre
650 1614 731 1646 ferre,
749 1615 822 1650 quod
833 1624 877 1641 sa-

78 1652 156 1686 piens
172 1661 224 1678 non
240 1653 288 1678 sis.
329 1652 406 1685 Quod
423 1653 493 1679 idem
510 1652 667 1688 affingimus
683 1653 747 1679 huic
758 1653 877 1688 aegritu-

77 1689 150 1720 dini,
168 1690 195 1716 in
211 1698 264 1725 qua
281 1689 370 1716 luctus
384 1690 465 1722 inest;
483 1699 552 1725 quae
561 1691 684 1716 omnium
695 1691 814 1717 maxima
825 1695 874 1716 est.

77 1728 120 1753 69.
142 1727 234 1762 Itaque
244 1727 414 1758 Aristoteles,
433 1733 536 1754 veteres
548 1727 724 1762 philosophos
735 1736 873 1758 accusanS,

77 1764 126 1799 qui
137 1765 380 1796 existimavissent,
398 1765 598 1800 philosophiam
615 1766 673 1792 suis
689 1766 805 1801 ingeniis
817 1773 876 1791 esse

76 1800 236 1836 perfectam,
254 1802 291 1829 ait
305 1811 351 1829 eos
362 1808 409 1829 aut
418 1802 594 1829 stultissimos
608 1808 655 1829 aut
664 1802 875 1839 gloriosissimos

77 1838 176 1866 fuisse:
190 1838 238 1866 sed
248 1847 277 1866 se
288 1839 389 1871 videre,
398 1840 471 1875 quod
482 1841 576 1875 paucis
588 1841 666 1867 annis
677 1849 773 1876 magna
785 1848 877 1866 acces-

77 1876 119 1902 sio
130 1875 198 1903 facta
208 1881 292 1908 esset,
306 1877 383 1903 brevi
394 1882 513 1912 tempore
524 1877 725 1912 philosophiam
738 1877 816 1913 plane
827 1877 876 1904 ab·

77 1911 193 1939 solutam
205 1913 269 1940 sore.
292 1914 493 1949 Theophrastus
504 1919 592 1941 autem
605 1916 722 1942 moriens
733 1923 875 1942 accusasse

78 1954 201 1977 naturam
212 1950 320 1982 dicitur,
332 1951 405 1986 quod
415 1952 504 1978 cervis
515 1957 542 1978 et
551 1952 706 1979 cornicibus
718 1953 801 1979 vitam
812 1952 876 1979 diu-

77 1991 194 2019 turnam,
207 1996 322 2023 quorum
335 1988 362 2014 id
375 1988 443 2015 nihil
455 1990 609 2020 interesset,
623 1989 791 2021 hominibus,
807 1998 876 2025 quo-

78 2033 138 2051 rum
154 2025 272 2052 maxime
285 2025 464 2056 interfuisset,
483 2030 537 2053 tam
547 2027 591 2053 exi
613 2035 675 2053 uam
688 2027 771 2053 vitam
782 2027 875 2054 dedis-

76 2066 130 2089 set:
143 2071 259 2097 quorum
271 2063 294 2089 si
306 2068 377 2089 aetas
388 2063 521 2097 potuisset
529 2071 589 2090 esse
609 2065 786 2099 onginquior,
800 2063 875 2091 sutu-

78 2107 138 2126 rum
151 2099 250 2131 fuisse,
268 2105 310 2131 ut,
325 2100 454 2127 omnibus
465 2100 591 2135 perfectis
602 2101 719 2132 artibus,
736 2102 810 2128 omni
826 2101 875 2128 do-

76 2137 162 2164 ctrina
179 2137 320 2164 hominum
334 2138 388 2164 vita
399 2137 561 2165 erudiretur.
601 2138 769 2171 Querebatur
780 2139 872 2177 igitur,

76 2182 106 2200 se
117 2178 184 2205 tum,
200 2183 285 2209 quum
297 2174 343 2201 illa
355 2174 446 2202 videre
457 2176 599 2210 coepisset,
612 2176 760 2212 exstingui.
785 2175 875 2208 Quid?

75 2219 111 2238 ex
123 2212 219 2238 ceteris
235 2211 406 2247 philosophis
421 2221 508 2239 nonno
522 2213 641 2247 optimus
656 2218 682 2240 et
693 2214 874 2250 gravissimus

76 2249 195 2284 quisquo
214 2249 356 2276 confitetur
373 2249 456 2276 multe
476 2258 505 2276 se
520 2251 655 2285 ignorare.
678 2255 704 2278 et
720 2250 803 2278 multa
819 2251 873 2277 sibi

76 2286 156 2313 etiam
168 2291 248 2321 atque
259 2287 339 2313 etiam
351 2295 410 2313 esse
421 2286 568 2313 discenda‘?
596 2288 639 2314 7⁰.
662 2288 756 2323 Neque
772 2293 870 2319 tamen,

75 2331 162 2359 quum
173 2332 202 2350 se
211 2324 236 2350 in
244 2323 332 2350 media
338 2323 461 2355 stultitia,
470 2333 524 2359 qua
536 2324 604 2351 nihil
616 2329 656 2352 est
667 2326 755 2360 peius,
764 2325 873 2353 haerere

75 2360 241 2396 intelligant.
257 2360 427 2397 aegritudine
439 2366 609 2396 premuntur.
650 2362 729 2389 Nulla
740 2363 813 2389 enim
825 2363 874 2390 ad-

76 2398 205 2425 miscetur
214 2399 307 2433 opinio
319 2398 433 2425 ol'liciosi
445 2398 555 2426 doloris.
595 2399 680 2431 Quid,
697 2400 745 2435 qui
757 2409 808 2427 non
821 2409 873 2435 pu-

76 2439 132 2462 tant
143 2435 291 2471 lugendum
304 2435 388 2462 viris‘?
398 2436 488 2471 qualis
500 2436 550 2463 luit
561 2435 746 2468 Q.Maximus,
758 2437 872 2464 efferens

75 2471 162 2499 filium
172 2473 355 2499 consularem:
372 2472 461 2508 qualis
473 2474 502 2500 L.
515 2473 640 2504 Paullus,
657 2473 764 2500 duobus
778 2476 872 2509 paucis

74 2508 173 2536 diebus
184 2511 291 2537 amissis
304 2510 381 2537 filiis:
395 2510 484 2545 qualis
492 2511 526 2537 M.
534 2511 606 2540 Cato,
614 2516 734 2545 praetore
745 2511 872 2548 designa-

74 2551 101 2573 to
116 2551 220 2574 mortuo
235 2547 304 2574 filio:
324 2547 419 2583 quales
436 2548 548 2583 reliqui,
566 2556 634 2583 quos
651 2549 677 2575 in
696 2549 872 2576 cumulatione

73 2582 245 2620 collegimus.
259 2585 301 2612 Ἠ,
314 2585 385 2617 Quid
398 2585 446 2611 hos
457 2585 530 2612 aliud
543 2585 668 2620 placavit,
681 2586 733 2612 nisi
745 2587 817 2621 quod
829 2586 870 2614 tu-

73 2625 147 2648 ctum
161 2626 187 2648 et
201 2630 348 2649 maerorem
363 2630 422 2649 esse
438 2632 490 2650 non
509 2622 638 2658 putabant
659 2622 728 2649 viri‘?
747 2624 817 2660 Ergo
832 2624 868 2655 id,

73 2657 147 2694 quod
162 2658 209 2686 alii
224 2664 327 2687 rectum
341 2660 483 2695 opinantes
498 2659 662 2696 aegritudini
678 2668 707 2687 so
722 2661 808 2689 solent
823 2661 871 2689 de-

905 1350 906 1362 ³
929 1353 1022 1385 serant,
1036 1363 1081 1380 eos
1093 1359 1187 1389 putant
1198 1355 1400 1389 vituperandos.

1660 130 1723 155 ⁴075

928 196 1004 228 dere,
1023 196 1049 223 id
1066 197 1095 223 hi
1110 202 1188 232 turpe
1203 202 1327 232 putantes
1343 197 1540 233 aegritudinem
1555 197 1723 233 repulerunt.

928 234 969 260 Ex
979 243 1033 268 quo
1044 234 1212 270 intelligitur,
1226 243 1278 261 non
1291 236 1317 261 in
1330 241 1433 266 natura,
1445 235 1532 262 sedin
1543 236 1669 270 opinione
1681 244 1724 262 es-

929 280 956 297 se
969 271 1175 306 aegritudinem.

984 308 1085 335 XXIX.
1099 309 1194 336 Contra
1205 309 1332 336 dicuntur
1342 309 1416 336 haec.
1456 309 1524 342 Quis
1534 314 1589 336 tam
1600 309 1722 340 demens,

929 350 958 372 ut
968 354 1017 372 sua
1028 346 1164 373 voluntate
1176 346 1308 373 maereat?
1318 347 1417 373 Natura
1429 346 1503 373 affert
1513 346 1643 373 dolorem.
1675 347 1725 373 Cui

929 383 1041 417 quidem
1056 384 1179 415 Crantor,
1204 384 1345 419 inquiunt,
1369 389 1457 410 vester
1471 384 1623 410 cedendum
1640 389 1724 419 putat.

930 420 1029 446 Premit
1042 421 1114 447 enim
1126 426 1205 456 atque
1217 422 1310 452 instat,
1328 430 1376 448 nec
1393 422 1480 448 resisti
1498 426 1593 456 potest.
1634 422 1725 456 Itaque

929 457 1022 483 Oileus
1035 458 1080 484 ille
1091 458 1163 493 apud
1178 458 1348 493 Sophoclem,
1362 460 1410 494 qui
1422 458 1592 485 Telamonem
1605 464 1681 485 antea
1692 459 1725 485 de

929 495 1018 521 Aiacis
1035 501 1118 522 morte
1133 495 1285 522 consolatus
1300 501 1383 527 esset,
1402 497 1438 527 is,
1456 505 1541 531 quum
1557 496 1677 523 audisset
1692 496 1726 522 de

929 541 990 563 sua,
1009 531 1109 559 fractus
1124 538 1173 559 est.
1213 534 1249 559 De
1263 534 1343 560 cuius
1358 538 1520 560 commutata
1535 538 1622 560 mente
1633 535 1673 560 sic
1683 533 1726 560 di-

929 575 1011 596 citur:

985 607 1037 633 Nec
1050 610 1109 633 ve'ro
1120 612 1192 633 tanea
1200 610 1334 641 praeditus
1344 611 1471 641 sapientia

985 647 1119 678 quisquam
1134 647 1183 675 e'sl,
1201 647 1258 678 qui,
1274 646 1386 671 aliorum
1400 648 1551 672 aerumnam
1566 648 1643 672 dictis
1660 647 1726 672 4110-

1339 691 1411 713 vans,

984 727 1033 744 non
1045 720 1110 744 idem
1122 727 1178 745 cum
1188 721 1293 752 [οι-ιιὶιια
1303 724 1401 746 mutata
1413 722 1533 753 impetum

983 759 1121 786 convertat,
1134 757 1206 782 clade
1216 761 1243 782 ul
1253 758 1338 783 subita
1348 760 1488 790 sranqattkr
1497 766 1554 788 sua,

982 797 1010 818 ut
1021 794 1067 819 illa
1079 795 1112 818 mi
1123 795 1189 819 alios
1199 796 1269 820 dicta
1280 798 1303 820 et
1312 799 1449 827 praecepta
1460 796 1591 821 excidant.

929 830 997 855 Haec
1012 838 1098 864 quum
1112 830 1264 865 disputant,
1286 830 1337 857 hoc
1352 831 1461 858 student
1474 830 1594 862 efficere,
1616 837 1725 858 naturae

928 866 1024 893 obsisti
1036 866 1111 893 nullo
1123 867 1201 894 modo
1213 876 1304 902 posse:
1324 869 1343 894 ii
1359 873 1447 895 tamen
1463 868 1579 895 fatentur
1588 870 1725 904 graviores

928 903 1111 939 aegritudines
1130 906 1248 940 suscipi,
1264 913 1346 940 quam
1363 910 1455 932 natura
1471 911 1557 941 cogat.
1597 906 1670 938 Quae
1687 912 1727 933 est

928 942 1012 977 igitur
1022 941 1156 968 amentia?
1170 947 1199 969 ut
1214 951 1262 969 nos
1278 951 1386 978 quoque
1402 943 1473 969 idem
1489 944 1522 970 ab
1535 943 1589 970 illis
1604 944 1726 978 requira-

928 988 1000 1005 mus.
1039 980 1082 1006 72.
1105 979 1159 1006 Sed
1173 979 1265 1014 plures
1276 985 1339 1006 sunt
1349 989 1460 1007 caussae
1472 981 1640 1016 suscipiendi
1651 981 1727 1007 dolo-

928 1017 975 1043 ris.
1009 1017 1131 1043 Primum
1143 1017 1188 1043 illa
1199 1018 1291 1052 opinio
1303 1017 1376 1048 mali,
1390 1027 1444 1053 quo
1455 1019 1513 1045 viso
1524 1024 1603 1053 atque
1614 1027 1727 1053 persua-

927 1063 957 1080 so
967 1054 1107 1090 aegritudo
1119 1055 1272 1089 insequitur
1283 1056 1447 1082 necessario:
1461 1056 1558 1083 deinde
1572 1056 1653 1082 etiam
1664 1064 1727 1091 gra-

928 1097 985 1118 tum
1001 1092 1114 1119 mortuis
1130 1100 1159 1118 se
1174 1091 1274 1123 facere,
1293 1093 1317 1118 si
1328 1094 1446 1128 graviter
1456 1101 1502 1120 eos
1515 1094 1636 1130 lugeant,
1653 1093 1727 1120 arbi-

928 1133 1040 1155 trantur.
1090 1129 1202 1156 Accedit
1224 1131 1381 1164 superstitio
1406 1130 1548 1157 muliebris
1577 1130 1724 1166 quaedam:

905 1176 906 1181 ¹
928 1167 1085 1193 existimant
1099 1167 1186 1198 enim,
1208 1166 1262 1193 diis
1277 1167 1476 1194 immortalibus
1490 1177 1519 1195 se
1535 1168 1642 1194 facilius
1661 1169 1726 1194 satis

928 1203 1044 1231 facturos
1052 1225 1058 1235 ,
1071 1204 1095 1230 si
1106 1213 1199 1231 eorum
1210 1204 1288 1240 plaga
1300 1205 1418 1240 perculsi
1433 1205 1544 1232 afflictos
1555 1215 1584 1232 se
1595 1211 1621 1232 et
1631 1211 1727 1232 stratos

928 1250 987 1268 esse
1004 1241 1145 1268 fateantur.
1186 1241 1239 1269 Sed
1255 1242 1321 1269 haec
1337 1243 1406 1269 inter
1421 1252 1449 1269 se
1468 1252 1549 1278 quam
1565 1248 1725 1279 repugnent.

928 1279 1051 1314 plerique
1065 1288 1117 1306 non
1134 1279 1236 1306 vident.
1278 1280 1400 1307 Laudant
1413 1281 1485 1307 enim
1500 1289 1558 1312 eos,
1577 1281 1625 1316 qui
1641 1288 1727 1316 aequo

929 1317 1018 1343 animo
1034 1318 1195 1344 moriantur:
1217 1318 1265 1352 qui
1281 1317 1392 1344 alterius
1408 1323 1521 1344 mortem
1535 1326 1622 1353 aequo
1637 1319 1727 1345 animo

1440 1354 1523 1388 Quasi
1535 1356 1592 1382 fieri
1605 1354 1658 1382 ullo
1670 1364 1727 1381 mo-

928 1391 962 1418 do
978 1393 1075 1426 possit,
1099 1391 1172 1426 quod
1188 1392 1215 1418 in
1237 1393 1365 1419 amatorio
1385 1401 1508 1419 sermone
1526 1392 1580 1420 dici
1595 1392 1675 1423 solet,
1699 1397 1727 1419 ut

927 1429 1073 1464 quisquam
1086 1428 1148 1464 plus
1159 1428 1271 1456 alterum
1283 1429 1392 1466 diligat,
1409 1439 1491 1462 quam
1503 1439 1542 1457 se.
1583 1431 1625 1457 73.
1649 1430 1728 1457 Prae-

928 1466 1030 1492 clarum
1045 1466 1114 1492 illud
1126 1471 1174 1497 est,
1188 1471 1221 1496 et,
1236 1468 1259 1493 si
1273 1468 1396 1502 quaeris,
1410 1472 1511 1494 rectum
1524 1476 1632 1503 quoque
1643 1472 1669 1494 et
1680 1476 1727 1494 ve-

929 1512 998 1534 rum,
1012 1508 1040 1530 ut
1051 1512 1109 1535 eos,
1125 1505 1174 1539 qui
1185 1504 1263 1530 nobis
1274 1505 1408 1531 carissimi
1420 1513 1478 1531 esse
1490 1505 1614 1535 debeant,
1630 1513 1723 1540 aeque,

928 1549 957 1567 ac
969 1541 1158 1576 nosmetipsos,
1172 1550 1308 1568 amemus:
1322 1547 1351 1568 ut
1363 1550 1425 1568 vero
1436 1542 1508 1577 plus,
1525 1542 1581 1569 [ieri
1594 1542 1668 1568 nullo
1680 1551 1727 1577 pa-

927 1583 969 1605 cto
980 1583 1076 1613 potest.
1117 1579 1154 1604 Ne
1170 1579 1318 1614 optandum
1334 1579 1445 1614 quidem
1457 1580 1536 1606 estin
1547 1580 1679 1610 amicitia,
1697 1584 1727 1606 ut

929 1624 972 1642 me
987 1615 1032 1642 ille
1049 1615 1124 1650 plus,
1147 1625 1228 1651 quam
1245 1626 1287 1647 se,
1311 1625 1360 1652 ego
1377 1616 1453 1643 illum
1470 1616 1545 1651 plus,
1568 1626 1650 1652 quam
1672 1625 1724 1643 me.

928 1653 1095 1680 Perturbatio
1108 1654 1190 1683 vitae,
1204 1654 1227 1680 si
1240 1655 1274 1680 ita
1286 1655 1333 1685 sit,
1350 1659 1430 1689 atque
1441 1654 1591 1681 officiorum
1603 1655 1725 1681 omnium

927 1696 1117 1726 consequatur.
1158 1691 1248 1718 XXX.
1270 1691 1323 1718 Sed
1343 1691 1377 1718 de
1399 1692 1448 1718 hoc
1466 1692 1546 1718 alias:
1571 1701 1641 1719 nunc
1658 1691 1726 1718 illud

927 1729 992 1755 satis
1003 1733 1052 1758 est,
1066 1736 1118 1755 non
1130 1729 1275 1756 attribuere
1286 1729 1318 1755 ad
1329 1729 1504 1756 amissionem
1515 1730 1662 1756 amicorum
1675 1730 1727 1756 mi—

927 1767 1024 1792 seriam
1032 1770 1158 1797 nostram,
1167 1774 1200 1793 ne
1212 1766 1272 1793 illos
1284 1766 1354 1801 plus,
1368 1776 1450 1802 quam
1463 1768 1515 1802 ipsi
1528 1767 1620 1797 velint,
1629 1768 1652 1793 si
1664 1775 1727 1793 sen-

927 1804 1006 1835 tiant;
1021 1803 1083 1838 plus
1093 1808 1264 1838 certe,quam
1276 1805 1465 1839 nosmetipsos,
1478 1804 1636 1840 diligamus.
1659 1805 1726 1831 Nam

927 1840 1000 1876 quod
1017 1841 1105 1872 aiunt,
1127 1841 1271 1876 plerosque
1291 1841 1522 1868 consolationibus
1541 1841 1609 1868 nihil
1631 1841 1724 1871 levari,

926 1878 1143 1914 adiunguntque,
1156 1878 1335 1906 consolatores
1346 1880 1420 1914 ipsos
1429 1879 1550 1906 confiteri
1561 1888 1590 1906 se
1602 1880 1724 1909 miseros.

926 1924 1012 1951 quum
1037 1916 1071 1942 ad
1098 1924 1143 1942 eos
1168 1917 1300 1951 impetum
1325 1926 1407 1943 suum
1429 1916 1533 1944 fortuna
1554 1918 1725 1946 converterit,

927 1958 1073 1988 utrumque
1085 1953 1258 1981 dissolvitur:
1276 1959 1340 1981 sunt
1351 1954 1424 1980 enim
1436 1955 1486 1981 ista
1498 1963 1550 1981 non
1563 1960 1672 1981 naturae
1685 1955 1726 1980 vi-

926 1991 976 2022 tia,
993 1991 1041 2017 sed
1055 1991 1161 2026 culpae.
1202 1991 1348 2018 Stultitiam
1360 1997 1450 2018 autem
1462 2000 1588 2019 accusare
1599 1993 1726 2027 quamvis

926 2029 1033 2063 copiose
1050 2028 1121 2055 licet.
1161 2029 1229 2055 Nam
1245 2034 1270 2056 et
1285 2029 1334 2064 qui
1350 2038 1402 2056 non
1420 2028 1555 2061 levantur,
1578 2030 1631 2065 ipsi
1646 2029 1679 2056 ad
1697 2037 1726 2055 se

927 2066 1065 2093 miseriam
1077 2067 1204 2093 invitant:
1221 2067 1304 2101 etqui
1316 2075 1380 2093 suos
1388 2075 1469 2093 casus
1480 2067 1558 2094 aliter
1569 2066 1670 2097 ferunt,
1686 2072 1726 2093 at-

926 2111 978 2138 que
993 2108 1115 2130 auctores
1129 2103 1191 2129 aliis
1207 2103 1260 2138 ipsi
1277 2103 1398 2134 fuerunt,
1415 2113 1468 2131 non
1483 2109 1547 2131 sunt
1563 2105 1723 2133 vitiosiores,

926 2148 1008 2175 quam
1021 2140 1074 2166 fere
1087 2139 1219 2175 plerique,
1233 2141 1281 2175 qui
1293 2142 1366 2167 avari
1379 2149 1484 2172 avaros,
1499 2141 1600 2177 gloriae
1611 2141 1725 2176 cupidos

925 2177 1036 2213 gloriosi
1048 2177 1258 2212 reprehendunt.
1291 2178 1339 2204 Est
1348 2179 1421 2204 euim
1433 2180 1572 2214 proprium
1584 2178 1722 2207 stultitiae,

926 2214 1040 2241 aliorum
1053 2215 1118 2241 vitia
1129 2223 1247 2245 cernere,
1260 2214 1386 2242 oblivisci
1397 2224 1520 2243 suorum.
1555 2217 1596 2243 Ἡ.
1619 2216 1669 2242 Sed
1683 2217 1724 2242 ni-

927 2252 1026 2279 mirum
1038 2251 1088 2278 hoc
1100 2252 1249 2278 maximum
1261 2257 1301 2278 est
1312 2253 1542 2287 experimentum,
1558 2262 1644 2288 quum
1660 2262 1724 2279 con-

925 2294 976 2316 stet
990 2288 1187 2325 aegritudinem
1204 2293 1335 2315 vetustate
1351 2289 1422 2320 tolli,
1441 2290 1508 2317 hauc
1525 2292 1580 2316 vim
1597 2299 1648 2317 non
1664 2298 1724 2317 esse

925 2327 952 2353 in
964 2326 1008 2352 die
1020 2327 1133 2361 positam
1143 2347 1149 2356 ,
1166 2325 1214 2352 scd
1230 2326 1255 2352 in
1267 2327 1427 2362 cogitatione
1439 2326 1577 2354 diuturna.
1619 2328 1686 2353 Nam
1700 2328 1723 2354 si

925 2369 950 2390 et
961 2363 1054 2390 eadem
1066 2372 1108 2390 res
1119 2368 1172 2393 est.
1190 2368 1216 2389 et
1232 2362 1303 2389 idem
1315 2369 1355 2390 est
1367 2363 1460 2390 homo:
1485 2365 1532 2400 qui
1545 2369 1630 2399 potest
1641 2364 1723 2399 quid-

924 2410 1006 2435 quam
1017 2400 1050 2427 de
1061 2400 1152 2427 dolore
1165 2401 1276 2431 mutari,
1289 2401 1312 2427 si
1327 2409 1415 2436 nequo
1427 2400 1459 2427 de
1470 2410 1514 2431 eo,
1532 2407 1639 2436 propter
1649 2402 1722 2437 quod

924 2438 1004 2468 dolet,
1018 2438 1169 2473 quidquam
1180 2443 1221 2464 est
1231 2442 1372 2467 mutuum,
1382 2447 1468 2473 neque
1481 2438 1514 2464 de
1525 2448 1564 2468 eo,
1573 2440 1621 2474 qui
1633 2438 1724 2466 dolet?

924 2476 1055 2511 Cogitatio
1066 2475 1150 2511 igitur
1159 2475 1301 2505 diuturna,
1318 2475 1386 2501 nihil
1398 2484 1456 2501 esse
1469 2476 1495 2502 in
1508 2485 1534 2502 re
1547 2476 1609 2502 mali
1618 2497 1624 2507 ,
1637 2476 1722 2503 dolori

925 2513 1060 2544 medetur,
1073 2521 1125 2539 non
1138 2513 1195 2547 ipsa
1207 2512 1380 2539 diuturnitas.
1422 2512 1522 2539 XXXI.
1546 2514 1592 2540 liic
1603 2513 1670 2540 mihi
1683 2513 1722 2540 al'-

924 2549 1013 2577 l'erunt
1032 2550 1239 2577 mediocritates.
1279 2550 1353 2582 Quae
1369 2550 1392 2576 si
1409 2550 1544 2577 naturales
1559 2556 1635 2579 sunt.
1653 2551 1720 2586 quid

923 2595 991 2622 opus
1007 2592 1047 2615 est
1061 2586 1260 2614 consolatione?
1280 2587 1377 2614 Natura
1398 2588 1470 2614 enim
1487 2589 1544 2623 ipsa
1566 2588 1722 2615 terminabit

924 2624 1048 2651 niodum:
1071 2626 1114 2652 sin
1129 2623 1295 2660 opinabiles.
1316 2626 1408 2659 opinio
1424 2630 1475 2652 tota
1492 2625 1607 2653 tollatur.
1648 2626 1720 2652 Satis

922 2661 1026 2689 dictum
1046 2671 1106 2690 esse
1121 2662 1248 2693 arbitror,
1271 2662 1468 2698 aegritudinem
1490 2671 1549 2690 esse
1564 2664 1718 2699 opinionem

1442 2712 1486 2736 1³5
1503 2711 1512 2720 “
