1941 3052
524 155 819 183 PHILIPPICA
851 156 937 183 XIII.

53 227 150 258 cendit,
163 226 196 253 ad
206 226 402 262 confligendum
414 226 537 262 impellit,
552 231 626 253 vocat
636 226 667 253 ad
683 227 848 262 periculum:

53 265 119 301 quid
130 264 278 300 sapientia?
297 265 460 291 cautioribus
472 265 556 291 utitur
567 264 700 295 consiliis,
718 265 745 291 in
762 269 850 299 poste-

53 311 112 330 rum
124 302 253 337 providet,
267 306 307 328 est
317 303 390 328 omni
402 302 501 328 ratione
512 302 661 336 protectior.
687 301 758 334 Quid
770 303 850 337 igitur

52 339 160 366 censet‘?
178 339 325 375 parendum
341 344 381 365 est
395 340 481 366 enim:
504 344 583 374 atque
597 339 624 365 id
635 340 766 373 optimum
779 339 851 365 iudi-

52 377 176 407 candum,
195 377 267 412 quod
279 378 314 403 sit
324 377 523 411 sapientissime
534 377 719 403 constitutum.
760 376 789 403 Si
801 376 850 402 hoc

52 414 190 450 praecipit,
204 423 236 440 ne
247 414 313 449 quid
325 415 378 440 vita
389 415 539 440 existimem
552 414 698 448 antiquius,
716 422 748 440 ne
759 414 850 440 decer-

53 460 112 478 nam
124 452 218 486 capitis
230 451 362 487 periculo,
381 451 482 487 fugiam
498 460 575 478 omne
587 451 744 477 discrimen:
767 459 850 486 quae-

52 498 107 516 ram
119 498 151 515 ex
163 498 201 520 ea,
210 490 324 516 etiamne
336 489 424 520 fuerit,
433 489 552 524 quumid
564 488 658 519 fecero,
667 489 848 514 serviendum.

52 526 81 553 Si
101 528 236 559 annuerit,
259 536 307 553 nae
322 536 370 563 ego
386 527 543 561 sapientiam
559 527 652 556 istam,
674 526 799 561 quamvis
815 526 850 551 sit

51 564 164 595 erudita,
178 573 229 591 non
242 564 360 591 audiam.
401 564 449 591 Sin
460 563 634 598 responderit,
648 567 676 589 tu
689 572 751 589 vero
762 564 796 589 ita
809 563 850 589 vi-

51 606 104 628 tam
119 610 272 637 corpusque
283 606 400 632 servato,
419 602 453 627 ita
470 601 601 631 fortunas,
619 601 654 626 ita
667 609 721 626 rem
735 600 849 626 familia·
878 603 880 635 J

878 637 880 645 ¹
901 638 967 664 Nam
978 643 1127 673 argentum,
1140 644 1255 670 vestem,
1269 639 1476 674 supellectilem,
1491 641 1584 666 vinum
1597 641 1698 666 amittet

51 647 120 670 rem.
139 645 168 666 ut
179 640 242 666 haec
255 639 374 666 libertate
386 640 528 674 posteriora
540 638 635 669 ducas,
654 638 744 672 itaque
756 638 798 663 his
811 638 849 663 uti

51 676 132 708 velis,
155 677 178 703 si
195 677 276 703 libera
293 676 429 711 republica
446 676 547 711 possis:
571 684 618 702 nec
629 683 676 710 pro
688 675 729 701 his
742 674 849 700 liberta—

50 719 113 745 tem.
127 714 174 740 sed
186 723 233 749 pro
245 714 364 740 libertate
376 714 439 740 haec
450 713 581 748 proiicias,
590 717 726 747 tamquam
739 713 849 747 pignora
871 722 872 726 ¹

50 752 178 778 iniuriae:
196 757 253 778 tum
269 752 415 786 sapientiae
430 759 520 776 vocem
534 750 625 776 audire
637 749 740 782 videar,
759 751 846 784 eique,

50 789 89 815 uti
101 789 163 820 deo,
182 797 297 824 paream.
337 789 363 814 7.
384 789 474 823 Itaque
486 788 522 818 si,
540 788 654 822 receptis
666 786 734 818 illis,
753 796 849 821 possu-

50 835 111 852 mus
123 835 182 852 esse
194 826 279 857 liberi,
289 827 427 852 vincamus
439 825 530 852 odium
542 833 689 860 pacemque
700 825 846 859 patiamur:

49 864 92 890 sin
102 864 195 894 otium,
209 863 390 890 incolumibus
403 863 454 894 his,
468 871 526 889 esse
538 862 643 888 nullum
655 866 753 897 potest.
769 862 849 888 laete-

51 909 111 927 mur
130 901 282 927 decertandi
304 900 418 927 oblatam
435 909 493 926 esse
511 899 654 926 fortunam.
696 899 749 926 Aut
764 900 846 930 enim,

49 938 127 964 victis
143 938 199 970 his,
222 938 343 965 fruemur
357 938 465 964 victrice
480 937 632 972 republica,
655 942 700 963 aut
713 937 845 971 oppressi,

48 975 130 1011 (quod
142 985 219 1002 omen
231 980 331 1002 avertat
341 976 460 1010 Iuppiter
469 975 486 1011 t)
501 976 524 1001 si
536 984 588 1002 non
599 975 710 1010 spiritu,
726 980 751 1001 at
763 975 848 1001 virtu—

47 1014 83 1040 tis
95 1013 173 1040 laude
185 1015 317 1040 vivemus.

103 1051 144 1077 IV.
167 1051 200 1078 At
220 1052 292 1077 enim
309 1059 356 1077 nos
372 1050 408 1076 M.
426 1049 556 1085 Lepidus,
579 1049 723 1084 imperator
738 1049 844 1081 iterum,

48 1088 168 1123 pontifex
184 1089 331 1120 maximus,
349 1088 449 1122 optime
463 1088 585 1122 proximo
597 1087 670 1113 civili
682 1087 752 1113 bello
763 1086 795 1112 de
806 1095 848 1113 re-

47 1125 155 1161 publica
166 1127 287 1157 meritus,
305 1126 337 1152 ad
348 1134 440 1160 pacem
452 1125 614 1151 adhortatur.
655 1124 764 1150 Nullius
775 1124 847 1159 apud

47 1172 103 1194 me,
122 1168 209 1198 patres
225 1164 382 1198 conscripti,
399 1163 541 1190 auctoritas
554 1163 636 1188 maior
647 1167 699 1193 est,
716 1171 797 1196 quam
809 1162 845 1188 M.

47 1201 150 1236 Lepidi,
160 1201 200 1227 vel
209 1206 316 1237 propter
326 1201 413 1236 ipsius
424 1202 549 1227 virtutem
563 1200 604 1226 vel
617 1205 723 1235 propter
730 1199 846 1225 familiae

46 1238 214 1274 dignitatem.
255 1240 392 1265 Accedunt
407 1238 499 1265 eodem
516 1238 600 1264 multa
616 1238 731 1272 privata,
751 1246 845 1272 magna

47 1276 106 1302 eius
119 1277 146 1302 in
159 1285 200 1302 me
211 1277 312 1307 merita,
326 1285 384 1302 mea
395 1275 526 1310 quaedam
537 1275 623 1302 officia
635 1275 662 1301 in
674 1274 761 1301 illum.
791 1275 846 1300 Ma-

47 1313 150 1340 ximum
164 1322 225 1340 vero
236 1314 295 1340 eius
305 1314 466 1340 beneficium
478 1322 598 1344 numero,
615 1312 687 1347 quod
698 1313 747 1339 1100
758 1312 846 1338 animo

47 1351 73 1377 in
91 1351 285 1386 rempublicam
300 1356 353 1378 est:
376 1359 444 1386 quae
461 1351 527 1377 mihi
545 1351 597 1376 vita
610 1358 667 1376 mea
679 1358 785 1384 semper
796 1349 846 1376 fuit

47 1389 141 1415 carior.
182 1390 207 1415 8.
228 1389 293 1415 Nam
306 1397 390 1424 quum
403 1389 530 1424 Magnum
542 1388 713 1422 Pompeium,
727 1387 846 1414 clarissi-

46 1435 121 1452 mum
133 1425 336 1457 adolescentem,
350 1426 573 1461 praestantissimi
585 1426 634 1452 viri
647 1424 742 1455 filium,
755 1429 846 1451 aucto-

46 1464 122 1490 ritate
133 1463 246 1490 adduxit
257 1463 289 1490 ad
301 1472 405 1499 pacem,
423 1472 533 1498 remque
545 1463 681 1498 publicam
694 1463 752 1489 sine
763 1463 844 1488 armis

46 1501 163 1527 maximo
178 1501 266 1527 civilis
282 1501 346 1528 belli
361 1501 480 1536 periculo
497 1501 631 1531 liberavit,
655 1505 711 1526 tum
729 1508 770 1526 me
786 1500 844 1526 eius

45 1538 174 1565 beneficio
189 1538 251 1573 plus
267 1548 348 1574 quam
365 1547 412 1574 pro
429 1538 500 1565 virili
516 1543 589 1573 parte
605 1538 752 1573 obligatum
769 1542 842 1572 puto.

44 1577 136 1612 Itaque
147 1581 173 1602 et
185 1576 297 1603 honores
308 1577 331 1603 ei
343 1576 462 1607 decrevi,
480 1585 548 1611 quos
564 1576 638 1610 potui
650 1574 841 1610 amplissimos,

45 1614 72 1640 in
84 1614 185 1648 quibus
198 1614 263 1639 milii
276 1622 322 1640 vos
334 1614 398 1640 estis
410 1614 527 1639 assensi:
550 1621 598 1639 nec
613 1621 742 1647 umquam
755 1613 788 1638 de
799 1612 844 1638 illo

45 1655 70 1677 et
85 1659 191 1686 sperare
205 1652 305 1685 optime
320 1656 346 1677 et
363 1651 435 1686 loqui
451 1650 551 1677 destiti.
592 1650 697 1685 Magnis
713 1655 738 1676 et
751 1649 844 1676 multis

44 1688 203 1724 pignoribus
224 1689 259 1715 M.
283 1689 414 1723 Lepidum
435 1688 587 1723 respublica
608 1688 742 1723 illigatum
763 1691 843 1713 tenet.

44 1725 154 1752 Summa
165 1726 290 1753 nobilitas
302 1731 342 1753 est
354 1726 479 1756 hominis,
488 1725 588 1751 summi
601 1724 844 1759 honores,a1nplis-

44 1764 144 1790 simum
155 1763 342 1796 sacerdotium,
356 1764 471 1798 plurima
479 1763 557 1790 Urbis
567 1767 731 1793 ornamenta,
744 1763 841 1797 ipsius,

44 1800 132 1828 fratris
149 1801 335 1836 maiorumque
351 1805 537 1828 monumenta:
560 1800 748 1835 probatissima
766 1809 841 1830 uxor,

43 1839 203 1873 optatissimi
215 1838 301 1869 liberi,
315 1847 357 1865 res
369 1838 508 1865 familiaris
520 1847 605 1873 quum
617 1838 714 1872 ampla,
732 1842 788 1864 tum
800 1846 844 1864 ca—

44 1880 84 1902 sta
99 1885 113 1902 a
129 1884 221 1902 cruore
236 1876 320 1902 civili.
360 1876 444 1903 Nemo
455 1876 488 1902 ab
499 1885 530 1902 eo
541 1876 609 1902 civis
620 1875 748 1906 violatus,
765 1875 842 1901 multi

43 1913 104 1940 eius
115 1913 243 1939 beneficio
255 1917 280 1940 et
292 1913 472 1940 misericordia
485 1913 599 1939 liberati.
625 1912 698 1939 Talis
710 1913 792 1948 igitur
804 1913 844 1939 vir

43 1955 69 1977 et
78 1951 146 1976 civis
157 1951 282 1984 opinione
294 1950 346 1976 labi
359 1955 453 1985 potest,
468 1950 602 1977 voluntate
613 1959 626 1976 a
638 1951 774 1984 republica
786 1950 844 1976 dis-

43 1987 130 2014 sidere
142 1987 216 2014 nullo
228 1992 304 2022 pacto
315 1992 410 2022 potest.
441 1990 466 2014 9.
489 1988 582 2014 Pacem
595 1987 653 2014 vult
664 1988 699 2014 M.
712 1987 841 2022 Lepidus.

8 2056 10 2058 v
43 2024 192 2051 Praeclare:
211 2026 232 2051 si
247 2025 324 2051 talem
338 2029 423 2059 potest
434 2025 551 2056 efficere,
564 2024 671 2059 qualem
685 2034 770 2059 nuper
781 2025 842 2051 0110-

43 2063 92 2089 cit:
114 2071 167 2097 qna
183 2070 247 2097 pace
262 2062 311 2089 Cn.
328 2063 447 2097 Pompeii
464 2062 549 2088 filium
566 2062 717 2096 respublica
732 2063 843 2097 aspiciet

42 2108 147 2135 suoque
162 2100 223 2126 sinu
240 2099 437 2134 complexuque
452 2100 575 2134 recipiet:
599 2107 685 2134 neque
701 2099 789 2126 solum
811 2099 844 2125 il-

44 2137 114 2168 lum,
137 2137 183 2163 sed
203 2146 264 2163 cum
287 2137 334 2163 illo
353 2138 470 2172 seipsam
492 2137 543 2163 sibi
561 2138 710 2163 restitutam
727 2137 840 2172 putabit.
866 2162 867 2171 ,

42 2174 111 2201 Haec
124 2183 217 2201 caussa
236 2174 298 2205 11111,
320 2183 368 2200 0111
383 2174 560 2201 decerneretis
576 2179 690 2200 statuam
706 2175 733 2201 in
750 2175 842 2201 rostris

42 2220 104 2239 cum
121 2213 295 2246 inscriptione
311 2211 456 2247 praeclara,
480 2220 527 2238 cur
542 2211 644 2238 absenti
662 2212 840 2246 triumphuni.

42 2248 210 2285 Quamquam
223 2249 294 2275 enim
306 2258 416 2285 magnas
423 2258 464 2275 res
471 2248 735 2283 bellicasgessoratet
747 2250 843 2275 trinin-

42 2287 97 2322 pho
111 2287 221 2323 dignas,
241 2296 292 2313 non
304 2292 359 2313 erat
371 2291 457 2313 tamen
469 2287 492 2312 01
506 2286 692 2317 1111)υο11(111111,
710 2287 781 2321 qnod
795 2295 842 2313 nec

43 2324 202 2355 L.Aemilio,
218 2333 265 2350 nec
272 2324 420 2351 Aemiliano
432 2324 560 2358 Scipioni.
575 2332 622 2350 nec
633 2324 843 2358 superioriAfri-

43 2369 116 2394 cano,
130 2371 178 2389 nec
189 2362 280 2393 Murio,
295 2370 342 2388 nec
354 2362 487 2396 Pompeio,
500 2362 547 2396 qui
561 2361 658 2387 maiora
670 2361 738 2387 bella
750 2370 843 2397 gesse-

43 2399 263 2434 runt2sed,quod
275 2399 382 2425 silentio
393 2399 493 2425 bellum
506 2398 584 2424 civile
591 2398 747 2429 confecerat,
755 2407 841 2433 quum

43 2437 160 2471 primum
176 2437 263 2468 licuit,
288 2437 401 2463 honores
417 2437 443 2463 in
460 2445 521 2462 011111
535 2436 666 2462 maximos
677 2436 839 2462 contulistis.
864 2467 865 2472 1

43 2473 75 2500 V.
98 2475 137 2501 ⁴0.
159 2474 340 2501 Existimasne
353 2474 447 2509 igitur,
464 2474 499 2499 M.
514 2473 625 2508 Lepide,
643 2473 749 2507 qualem
764 2473 842 2499 Pom-

45 2511 135 2546 peium
151 2511 302 2546 respublica
319 2511 440 2538 habitura
457 2511 492 2537 sit
503 2511 605 2541 civem,
621 2510 687 2536 tales
700 2510 802 2536 futuros
814 2511 840 2537 in

44 2548 180 2583 republica
195 2549 343 2576 Antonios?
363 2550 390 2575 In
402 2548 482 2575 altero
495 2548 593 2583 pudor,
610 2548 736 2583 gravitas,
751 2547 842 2574 mode-

43 2585 116 2618 ratio,
129 2586 281 2622 integritas:
304 2587 330 2613 in
343 2586 397 2613 illis
409 2587 444 2621 (et
454 2594 539 2620 quum
553 2585 600 2611 lios
611 2585 750 2619 compello,
766 2593 842 2619 prae-

43 2626 113 2650 tereo
132 2624 221 2650 animo
236 2632 269 2650 ex
284 2632 365 2660 grege
383 2623 511 2650 latrocinii
529 2622 685 2657 neminem.)
702 2622 838 2653 libidines,

43 2659 154 2691 scelera,
172 2661 205 2687 ad
219 2669 298 2688 omne
316 2661 418 2687 facinus
435 2660 561 2686 immanis
575 2659 695 2686 audacia.
740 2659 840 2686 Deinde

43 2696 151 2724 obsecro
166 2706 226 2729 νος,
244 2703 332 2733 patres
343 2698 502 2732 conscripti,
520 2698 583 2733 quis
596 2697 644 2724 hoc
656 2701 774 2724 vestrum
788 2706 839 2724 non

976 156 1074 183 CAP.
1111 159 1226 184 4—6.
1648 160 1694 185 65⁴

902 226 987 258 videt,
1005 228 1077 262 quod
1094 228 1207 254 Fortuna
1224 229 1295 263 ipsa,
1313 237 1381 263 quae
1396 227 1494 254 dicitur
1504 237 1594 260 caeca,
1613 229 1698 255 vidit?

901 264 988 290 Salvis
1000 265 1069 291 enim
1083 266 1148 292 actis
1159 266 1287 296 Caesaris,
1301 275 1369 301 quae
1380 265 1534 292 concordiae
1545 275 1640 292 caussa
1651 266 1698 293 de-

902 301 1051 333 fendimus,
1070 303 1195 337 Pompeio
1210 312 1258 329 sua
1274 303 1370 330 domus
1386 303 1499 338 patebit:
1521 312 1634 338 eamque
1646 312 1697 330 non

879 361 880 364 ,
902 340 1026 370 minoris,
1044 349 1125 374 quam
1137 341 1355 371 emitAntonius‚
1369 340 1496 367 redimet:
1518 341 1642 371 redimet,
1657 342 1698 367 in-

902 385 996 410 quam,
1015 377 1062 403 Cn.
1075 377 1195 412 Pompeii
1212 378 1322 404 domum
1338 378 1420 404 filius.
1460 377 1482 404 O
1493 387 1548 404 rem
1560 379 1695 404 acerbam!

902 413 954 439 Sed
970 414 1034 440 haec
1045 415 1109 440 satis
1121 415 1165 441 diu
1179 415 1349 450 multumque
1361 415 1453 442 defleta
1465 420 1535 442 sunt.
1575 416 1699 442 Decrevi-

901 451 950 476 stis
962 455 1059 477 tantam
1072 453 1213 486 pecuniam
1225 453 1363 487 Pompeio,
1381 458 1507 488 quantam
1519 462 1551 479 ex
1563 453 1640 479 bonis
1652 462 1698 488 pa-

902 489 959 514 triis
980 489 1007 514 in
1024 489 1135 523 praedae
1151 490 1325 524 dissipatione
1341 490 1467 516 inimicus
1482 491 1565 517 victor
1580 490 1698 526 redegis-

901 529 949 552 set.
993 528 1032 553 tt.
1055 526 1108 552 Sed
1125 527 1192 553 hanc
1207 527 1274 553 mihi
1289 528 1515 562 dispensationem
1533 537 1580 563 pro
1591 533 1697 563 paterna

902 563 1099 590 necessitudine
1109 568 1134 590 et
1145 565 1330 591 coniunctione
1341 565 1464 600 deposco.
1504 565 1625 591 Redimet
1637 566 1698 592 hor-

901 604 954 631 tos,
969 601 1061 632 aedes,
1075 601 1174 627 urbana
1185 602 1332 636 quaedam,
1346 611 1414 637 qnae
1427 603 1544 637 possidet
1555 603 1695 629 Antonius.

901 684 985 710 aequo
1001 676 1103 706 animo,
1120 685 1189 710 quae
1205 676 1249 702 ille
1265 677 1345 703 heluo
1359 676 1510 712 dissipavit.
1551 677 1695 707 Albanum,

901 713 1072 739 Formianum
1090 721 1104 739 a
1120 713 1254 740 Dolabella
1269 714 1449 749 recuperabit:
1473 716 1551 740 etiam
1568 715 1600 741 ab
1615 716 1697 741 Anto-

901 751 944 776 nio
960 750 1154 776 Tusculanum.
1194 751 1294 785 Hique,
1316 752 1363 786 qui
1380 760 1450 778 nunc
1466 753 1594 778 Mutinam
1611 761 1697 786 oppu—

899 792 991 822 gnant,
1004 788 1034 813 D.
1048 788 1159 814 Brutum
1171 788 1302 819 obsident,
1317 789 1349 814 de
1360 789 1470 815 Falerno
1480 789 1594 815 Anseres
1605 789 1697 824 depel-

901 824 996 850 lentur.
1038 825 1106 851 Sunt
1121 825 1166 851 alii
1182 825 1274 860 plures
1291 825 1415 852 fortasse:
1438 826 1486 852 sed
1502 835 1559 852 mea
1571 827 1697 853 memoria

900 861 1064 888 dilabuntur.
1104 863 1160 898 Ego
1172 864 1250 889 etiam
1261 872 1305 889 eos
1317 863 1384 894 dico,
1398 864 1445 898 qui
1458 864 1574 890 hostium
1587 873 1697 890 numeru

900 908 951 925 non
967 906 1044 931 sunt.
1062 900 1237 935 Pompeianas
1254 902 1452 935 possessiones,
1468 903 1562 936 quanti
1574 902 1695 928 emerint.

900 936 955 963 filio
970 937 1130 964 reddituros.
1174 940 1213 964 ⁴2.
1237 938 1307 964 Satis
1323 938 1512 965 inconsiderati
1528 938 1592 968 fuit,
1612 947 1644 965 ne
1656 938 1698 964 di-

899 983 957 1000 cam
973 975 1095 1006 audacis,
1119 984 1173 1002 rem
1190 975 1274 1002 ullam
1286 976 1384 1002 exillis
1396 977 1534 1012 attingere.
1576 977 1697 1002 Retinere

899 1020 962 1039 vero
976 1014 1038 1047 quis
1055 1013 1163 1047 poterit,
1181 1013 1330 1039 clarissimo
1343 1013 1451 1040 domino
1463 1013 1603 1040 restituto?
1622 1014 1662 1039 An
1675 1014 1697 1039 is

899 1058 951 1076 non
971 1050 1075 1077 reddet,
1098 1050 1259 1085 quidomini
1276 1051 1465 1085 patrimonium
1485 1050 1694 1086 circumplexus,

898 1088 977 1122 quasi
988 1088 1143 1114 thesaurum
1155 1088 1246 1119 draco,
1260 1089 1380 1123 Pompeii
1391 1097 1494 1119 servus,
1510 1088 1621 1114 libertus
1633 1088 1697 1114 Cae-

899 1125 979 1156 saris,
997 1126 1053 1161 agri
1070 1126 1169 1152 Lucani
1185 1126 1370 1160 possessiones
1385 1126 1543 1161 occupavit‘?
1562 1126 1649 1160 Atque
1666 1126 1697 1152 il-

899 1162 945 1188 lud
961 1164 1061 1198 septies
1076 1163 1188 1194 millies,
1210 1164 1283 1198 quod
1300 1164 1569 1197 adolescenti,patres
1581 1164 1697 1189 conscri—

898 1200 949 1234 pti,
963 1201 1159 1235 spopondistis,
1177 1202 1212 1227 ita
1224 1202 1404 1232 describetur,
1423 1206 1452 1227 ut
1462 1201 1584 1227 videatur
1595 1210 1608 1226 a
1621 1201 1696 1227 vobis

898 1238 946 1264 Cn.
973 1238 1091 1273 Pompeii
1123 1238 1195 1264 filius
1223 1240 1251 1265 in
1281 1239 1439 1274 patrimonio
1468 1247 1518 1265 suo
1542 1238 1695 1265 collocatus.

898 1276 966 1302 Haec
987 1281 1106 1302 senatus.
1147 1276 1259 1311 Reliqua
1280 1276 1398 1311 populus
1413 1277 1549 1302 Romanus
1569 1277 1596 1302 in
1613 1284 1642 1302 ea
1659 1275 1697 1301 fa-

898 1313 985 1344 milia,
999 1322 1080 1348 quam
1093 1313 1160 1340 vidit
1171 1313 1377 1348 amplissimam,
1391 1319 1581 1348 persequetur:
1604 1314 1630 1339 in
1642 1313 1697 1348 pri-

898 1351 949 1376 mis
966 1355 1105 1385 paternum
1120 1356 1267 1386 auguratus
1290 1351 1390 1381 locum,
1414 1351 1441 1377 in
1462 1360 1542 1386 quem
1560 1359 1608 1385 ego
1623 1359 1694 1377 eum,

898 1392 935 1419 ut,
953 1388 1024 1423 quod
1041 1397 1055 1414 a
1072 1393 1144 1423 patre
1155 1389 1253 1423 accepi,
1271 1388 1325 1415 filio
1336 1388 1455 1419 reddam,
1469 1397 1526 1414 mea
1539 1388 1697 1414 nominatio·

898 1434 930 1451 ne
952 1426 1090 1461 cooptabo.
1141 1426 1234 1452 Utrum
1258 1426 1341 1461 igitur
1361 1434 1490 1461 augurem
1513 1426 1581 1451 Iovis
1602 1425 1695 1459 optimi

897 1463 1021 1494 maximi,
1048 1463 1126 1489 cuius
1150 1465 1308 1498 interpretes
1328 1464 1539 1498 internuntiique
1559 1463 1695 1489 constituti

896 1509 1006 1532 sumus,
1029 1505 1119 1527 utrum
1142 1501 1259 1535 populns
1281 1501 1415 1527 Romanus
1437 1500 1564 1526 libentius
1585 1501 1694 1527 sanciet,

896 1538 1054 1573 Pompeium
1070 1547 1103 1564 an
1118 1538 1284 1564 Antonium?
1307 1539 1373 1564 Mihi
1385 1538 1495 1573 quidem
1512 1538 1622 1564 numine
1633 1537 1696 1563 deo-

897 1585 956 1602 rum
979 1575 1170 1602 immortalium
1192 1575 1298 1602 videtur
1320 1576 1368 1602 hoc
1384 1575 1487 1602 fortuna
1505 1575 1636 1605 voluisse,
1657 1580 1693 1604 111,

896 1614 961 1639 actis
977 1614 1097 1639 Caesaris
1114 1613 1198 1639 firmis
1214 1622 1243 1639 ac
1255 1614 1327 1643 ratis,
1346 1614 1393 1639 Cn.
1413 1613 1531 1647 Pompeii
1548 1612 1619 1638 filius
1635 1620 1696 1646 pos—

896 1655 937 1677 set
948 1655 973 1677 et
984 1651 1141 1686 dignitatem
1154 1656 1179 1677 01
1192 1650 1310 1677 fortunas
1322 1651 1420 1685 patrias
1433 1659 1598 1685 recuperare.

953 1689 995 1715 Vl.
1011 1691 1050 1715 13.
1063 1689 1100 1715 Ac
1113 1698 1145 1714 ne
1156 1688 1224 1714 illud
1236 1688 1346 1723 quidem
1359 1688 1474 1717 silentio,
1485 1693 1572 1722 patres
1579 1687 1696 1713 conscri-

896 1726 943 1760 pti,
966 1725 1189 1761 praetereundum
1208 1730 1281 1760 puto,
1300 1726 1372 1760 quod
1386 1725 1529 1751 clarissimi
1543 1725 1592 1750 viri
1606 1724 1694 1759 legati,

896 1764 925 1790 L.
939 1763 1058 1794 Paullus,
1077 1763 1109 1796 Q.
1122 1763 1265 1794 Thermus,
1279 1764 1308 1789 C.
1323 1764 1449 1793 Fannius,
1464 1771 1579 1797 quorum
1593 1762 1695 1787 habetis

894 1801 1028 1836 cognitam
1050 1801 1212 1827 voluntatem
1233 1801 1259 1827 in
1280 1800 1487 1835 rempublicam,
1505 1808 1618 1834 eamque
1637 1807 1696 1833 per—

895 1843 1002 1874 petuam
1025 1843 1105 1873 atque
1120 1843 1294 1867 constantem.
1313 1839 1437 1864 nuntiant
1455 1846 1483 1864 se
1499 1837 1618 1871 Pompeii
1633 1845 1696 1862 eon-

896 1876 1020 1903 veniendi
1033 1885 1127 1902 caussa
1139 1876 1287 1902 devertisse
1299 1875 1455 1905 Massiliam,
1471 1884 1588 1909 eumque
1599 1882 1696 1909 eogno-

897 1915 967 1940 visse
988 1914 1158 1948 paratissimo
1178 1915 1280 1943 animo,
1305 1918 1333 1939 ut
1348 1922 1410 1939 eum
1426 1913 1484 1939 suis
1499 1913 1584 1947 copiis
1600 1913 1648 1937 11οῑ
1664 1911 1695 1937 ad

895 1952 1035 1982 Mutinam,
1050 1951 1076 1977 ni
1090 1956 1225 1977 vereretur
1242 1956 1426 1978 veteranorum
1438 1952 1541 1976 animos
1553 1949 1694 1975 otl'endere.

895 1989 943 2015 Est
963 1997 1026 2015 vcro
1041 1989 1099 2015 eius
1116 1989 1198 2023 patris
1214 1988 1295 2019 filius,
1313 1987 1694 2023 (101511111011101[110101111111011

895 2027 986 2052 minus
1006 2026 1104 2057 multa,
1129 2035 1211 2061 quam
1235 2026 1344 2053 fortiter.
1388 2027 1479 2060 ltaque
1501 2024 1650 2059 intelligitis
1671 2028 1696 2049 et

894 2064 1016 2090 animum
1041 2064 1066 2090 ei
1093 2069 1197 2098 praesto
1224 2063 1308 2090 fuisse
1330 2072 1378 2089 nec
1399 2062 1542 2089 consilium
1565 2061 1693 2088 defuisse.

894 2101 981 2136 Atque
997 2102 1077 2127 etiam
1094 2101 1142 2127 hoc
1154 2102 1187 2127 M.
1200 2101 1301 2135 Lepido
1312 2100 1507 2135 providendum
1520 2104 1568 2129 est,
1587 2107 1618 2125 110
1629 2098 1694 2133 quid

894 2139 1070 2174 arrogantius,
1093 2147 1175 2173 quam
1195 2139 1254 2164 eius
1275 2147 1361 2164 mores
1384 2137 1485 2167 serunt,
1504 2136 1588 2163 fuvere
1606 2136 1694 2161 viden-

895 2180 946 2202 tur.
980 2177 1020 2202 tt.
1046 2176 1074 2201 Si
1095 2177 1167 2201 enim
1189 2185 1236 2202 nos
1251 2176 1368 2202 exercitu
1390 2179 1481 2203 101101,
1506 2183 1556 2200 non
1573 2174 1695 2199 meminit

895 2212 972 2239 illum
984 2213 1130 2239 exercitum
1142 2218 1250 2239 senatus
1263 2212 1410 2247 populique
1422 2212 1531 2238 Romani
1543 2216 1622 2245 utque
1635 2211 1695 2236 uni-

896 2259 986 2276 versae
1003 2250 1167 2284 reipublicae
1179 2258 1246 2279 esse,
1262 2259 1312 2276 non
1324 2258 1415 2275 suum.
1457 2249 1489 2275 At
1501 2249 1538 2275 uti
1552 2253 1635 2282 potest
1649 2256 1695 2281 pro

894 2296 952 2313 suo.
991 2287 1062 2319 Quid
1084 2287 1160 2313 tum?
1178 2288 1303 2313 omniane
1325 2287 1389 2312 viris
1406 2286 1496 2315 bonis,
1519 2295 1588 2320 quae
1611 2284 1695 2309 facero

895 2329 1016 2359 possunt,
1040 2324 1158 2350 facienda
1174 2324 1255 2350 sunt‘?
1275 2324 1398 2353 etiamne,
1415 2325 1438 2349 si
1456 2323 1551 2356 turpia.
1569 2323 1591 2347 si
1606 2322 1694 2355 perni-

893 2363 964 2388 eiosa
976 2366 1064 2391 erunt,
1078 2362 1100 2387 si
1114 2361 1198 2387 fucere
1213 2361 1322 2387 omnino
1334 2370 1384 2387 non
1401 2360 1508 2387 licebit?
1527 2359 1593 2393 quid
1605 2365 1692 2384 autem

895 2400 1001 2433 turpius
1026 2403 1072 2424 aut
1099 2398 1203 2424 foedius
1224 2403 1269 2424 aut
1289 2398 1355 2432 qnid
1377 2399 1468 2424 minus
1487 2397 1590 2425 11000111,
1611 2404 1692 2430 qumn

893 2441 981 2462 eontra
998 2441 1133 2465 senatum.
1151 2441 1239 2461 contra
1255 2436 1342 2465 cives.
1359 2440 1447 2461 comm
1465 2435 1575 2469 patrium
1593 2434 1693 2459 exerei-

894 2478 949 2499 tum
966 2473 1082 2499 ducere?
1110 2473 1179 2504 Quid
1196 2481 1257 2498 vcro
1273 2474 1359 2507 inagis
1377 2471 1593 2506 vituperandum.
1611 2479 1692 2505 quain

893 2511 919 2537 id
937 2510 1030 2540 facere.
1047 2510 1119 2545 quod
1132 2519 1183 2536 non
1197 2510 1290 2536 lii-vat?
1311 2511 1382 2536 Licet
1392 2514 1479 2535 mitem
1492 2509 1591 2535 nemini
1603 2513 1692 2534 eontra

893 2549 1003 2582 patriam
1020 2548 1117 2574 ducere
1129 2548 1290 2573 exereitum:
1313 2548 1335 2573 si
1348 2546 1457 2582 quidem
1471 2546 1549 2572 110010
1563 2546 1689 2575 dicimus,

892 2585 964 2620 qumi
987 2585 1103 2620 legibus,
1121 2585 1193 2619 quod
1207 2593 1278 2610 mure
1291 2585 1421 2610 maiorum
1435 2584 1618 2618 institutisque
1628 2591 1691 2609 con-

891 2622 1004 2648 ceditur.
1028 2623 1120 2657 Neque
1131 2621 1292 2656 cnim,quod
1304 2622 1420 2656 quisque
1433 2626 1526 2656 potest.
1541 2620 1566 2646 id
1578 2621 1601 2646 ei
1616 2620 1688 2646 licet:

893 2668 949 2689 nec.
962 2660 985 2686 si
998 2668 1049 2686 non
1060 2660 1190 2689 obstntnr,
1205 2664 1341 2694 propterea
1353 2660 1430 2685 etiam
1440 2659 1608 2693 permittitur.
1631 2658 1689 2683 Tibi

891 2698 962 2724 euim
985 2698 1146 2728 exercitum,
1171 2696 1283 2732 Lepide.
1302 2701 1438 2731 tamquam
1460 2695 1606 2722 maioribus
1626 2696 1688 2723 tuis.

1422 2743 1481 2768 82⁸
