1941 3052
240 113 286 138 Tm
809 114 850 137 ⁸2.
886 110 920 136 M.

241 183 406 209 nuntiantur.
449 180 581 207 Dolabella
599 179 675 206 valde
688 181 889 214 vituperabatur
899 180 932 206 ab
945 180 1032 206 borni-

241 220 321 246 uibus
343 228 392 244 nnn
417 218 540 247 insulsis,
563 217 634 251 quod
656 217 704 243 tibi
726 222 778 243 tam
794 218 846 243 cito
864 217 1029 248 succederet,

239 266 324 292 (μιιιιιι
342 261 367 281 tu
387 256 497 281 vinium
516 255 622 289 triginta
637 254 695 279 ‹tivs
708 255 733 280 in
745 255 819 290 Syria
833 254 940 280 fuisses.
982 255 1032 280 lta-

239 303 292 328 (μιν
313 293 462 320 constabat,
485 300 547 317 eum
569 291 650 325 recipi
673 292 698 317 in
715 292 818 326 Syriam
835 300 885 317 non
899 296 1030 326 oportere.
1059 298 1061 306 ¹

238 332 348 356 Summa
362 330 418 354 laus
430 333 455 354 ct
466 333 509 354 tua
521 333 546 354 ct
558 329 630 354 Bruti
643 333 695 359 cst,
713 328 783 363 quod
796 329 942 355 exercitum
956 337 1032 363 prac-
1052 340 1054 351 ι

802 366 952 392 scriberem
970 366 1031 400 plu·
1052 384 1054 403 5

240 373 278 394 tor
289 376 363 401 spem
376 366 569 392 existimamini
581 374 761 400 comparasse.

239 414 279 433 ra.
299 405 320 429 si
338 411 392 429 rem
408 411 586 437 caussamque
603 412 718 429 nossem.
760 404 836 429 Nunc
851 412 920 438 quae
931 403 1029 433 scribo.

238 441 327 467 scribo
338 449 370 466 ex
382 441 508 475 opinione
521 440 660 466 bominum
672 445 751 476 utque
763 440 843 467 fama.
878 441 949 467 Tuas
962 440 1031 467 litte-

239 488 280 505 ras
292 478 370 504 avide
382 482 518 512 exspecto.
559 477 632 504 Vale.

291 548 318 568 V.
335 547 412 567 ARG.
429 546 508 567 Canio
523 547 552 568 Μ.
568 546 631 566 timii
647 546 769 574 exemplum
780 546 909 568 init-mlum
919 547 1031 574 proponit.

238 583 265 603 ιΙο
274 581 395 604 Μυῑὶηοιιιί
407 581 464 602 bello
476 581 535 602 addit
547 584 569 602 et
578 582 605 602 tle
615 588 660 608 rep.

422 619 510 640 (Rom-e,
522 618 612 639 Antonio,
622 618 721 636 notueru-
732 624 779 637 τοι..
791 620 846 639 71⁰.)

378 662 413 688 M.
435 663 465 689 T.
487 661 516 688 C.
538 661 565 688 S.
588 662 616 688 P.
638 662 668 688 D.
690 661 720 689 C.
742 661 888 689 CASSIO.

296 701 318 726 l.
340 695 470 726 Hiemem
481 698 560 726 credo
571 699 660 725 adhuc
671 699 844 734 prohibuisse
852 720 858 730 ,
875 707 929 734 quo
941 699 1031 725 minus

237 737 270 763 de
283 742 307 764 te
317 742 419 763 certum
433 737 677 771 haberemus‚quid
688 745 790 772 ageres,
799 738 971 771 maximeque
984 736 1030 762 ubi

236 783 320 801 esses.
363 774 552 809 Loquebantur
562 783 655 800 omnes
667 779 768 805 tamen,
785 774 888 809 (credo,
901 774 972 809 quod
985 782 1031 800 vo-

238 811 348 846 lebant.)
360 812 387 838 in
399 811 476 847 Syria
488 816 511 838 te
523 819 595 843 esse,
610 811 707 838 babere
719 811 819 846 copias.
860 811 888 837 ld
900 815 988 837 autem
1000 820 1031 837 co

238 849 344 875 facilius
355 849 522 879 credebatur,
535 849 600 884 quia
611 848 700 875 simile
713 857 775 875 vcro
787 848 938 875 videbatur.
964 849 1031 874 Bru-

237 892 281 913 tus
296 886 407 921 quidem
424 891 514 913 noster
528 887 664 921 egregiam
680 886 787 912 laudem
804 891 844 912 est
858 891 1028 912 consecutus.

236 924 288 950 Res
295 924 458 950 enimtantas
464 924 549 959 gessit
559 928 668 958 tamque
680 923 839 958 inopinatas.
849 928 878 950 ut
888 931 933 949 eae
945 931 1030 957 quum
1059 955 1060 960 1

1058 961 1059 966 ’
1082 961 1261 995 reipublicae,
1281 962 1325 987 cui
1341 970 1448 996 semper
1463 961 1531 992 favi,
1547 967 1574 988 et
1588 962 1712 997 dignitati
1728 970 1758 988 ac
1772 962 1873 997 gloriae

1058 1012 1061 1020 ι
1082 1003 1153 1024 tuae.
1192 1000 1218 1025 2.
1239 998 1316 1031 Quod
1337 1004 1425 1025 autem
1445 1000 1513 1025 etin
1533 1004 1626 1025 senatu
1643 999 1768 1033 pluribus
1783 999 1874 1025 verbis

212 963 216 969 ¹
237 970 285 996 per
298 969 326 987 se
340 965 429 994 gratae
444 965 547 991 essent,
565 966 621 987 tum
637 961 782 987 ornatiores
793 965 900 995 propter
910 959 1031 987 celerita-

236 1004 300 1025 tem.
340 989 417 1030 Ouod
432 999 456 1024 si
471 1003 499 1024 tu
512 1006 543 1024 ea
559 1002 646 1029 tenes,
671 1007 740 1033 quae
762 1003 903 1033 putamus,
924 998 1031 1032 magnis

236 1035 369 1062 subsidiis
382 1035 446 1062 fulta
458 1034 611 1070 respublica
625 1040 678 1062 est:
692 1044 706 1062 a
717 1036 803 1070 prima
814 1033 886 1061 enim
896 1043 940 1061 ora
948 1035 1032 1061 Grae—

235 1074 292 1099 ciae
303 1081 391 1108 usque
401 1072 434 1099 ad
446 1072 598 1108 Aegyptum
613 1074 775 1108 optimorum
792 1073 894 1099 civium
909 1072 1031 1107 imperiis

235 1111 334 1137 muniti
345 1111 447 1136 crimus
457 1114 483 1136 et
493 1111 589 1144 copiis.
620 1112 646 1137 2.
662 1110 845 1145 Quamquam,
864 1110 916 1136 nisi
929 1118 970 1136 me
981 1109 1031 1136 fal—

236 1147 321 1178 lebat,
339 1157 381 1173 res
397 1156 425 1173 se
439 1148 479 1173 sic
491 1147 620 1178 babebat,
638 1152 668 1174 ut
678 1148 759 1174 totius
770 1147 835 1174 belli
845 1156 923 1174 omne
933 1147 1031 1173 discri-

235 1193 297 1211 men
309 1185 336 1211 in
347 1185 377 1211 D.
390 1185 469 1211 Bruto
480 1185 598 1219 positum
611 1184 761 1211 videretur:
783 1185 831 1220 qui
843 1185 881 1215 si,
898 1190 928 1211 ut
938 1193 1031 1219 spera-

235 1222 341 1253 bamus,
355 1222 605 1256 erupissetMutina,
619 1222 686 1248 nihil
699 1222 763 1248 belli
775 1222 911 1258 reliquum
924 1221 978 1248 fore
988 1222 1031 1248 vi-

234 1259 358 1285 debatur.
409 1259 501 1285 Parvis
524 1260 634 1286 omnino
657 1260 710 1285 iam
735 1260 821 1294 copiis
844 1259 1028 1290 obsidebatur,

235 1296 308 1331 quod
328 1304 425 1332 magno
446 1296 580 1331 praesidio
596 1297 741 1323 Bononiam
762 1296 868 1323 tenebat
886 1297 1028 1323 Antonius.

233 1334 297 1360 Erat
307 1339 397 1360 autem
407 1333 545 1360 Claternae
556 1339 645 1360 noster
651 1334 761 1365 Hirtius,
778 1334 810 1360 ad
822 1334 919 1360 Forum
931 1334 1031 1361 Corne-

236 1370 302 1397 lium
313 1370 418 1402 Cacsar,
430 1375 544 1405 uterque
555 1379 617 1398 cum
630 1371 705 1397 firmo
716 1372 849 1404 exercitu3
864 1379 1030 1408 magnasque

234 1408 333 1434 Romae
352 1409 437 1435 Pansa
456 1409 548 1443 copias
569 1417 603 1435 ex
622 1408 727 1435 delectu
743 1408 834 1435 ltaliae
853 1413 1028 1444 compararat.

233 1446 325 1472 Hiems
346 1445 435 1471 adhuc
455 1453 511 1471 rem
531 1446 590 1481 geri
611 1446 795 1480 prohibuerat.
836 1446 937 1473 Hirtius
960 1445 1029 1472 nibil

233 1483 287 1509 nisi
302 1483 482 1513 considerate,
505 1488 535 1509 ut
555 1483 623 1509 mihi
643 1483 745 1510 crebris
767 1483 862 1510 litteris
883 1484 1027 1519 significat,

233 1525 342 1547 acturus
353 1520 506 1546 videbatur.
539 1521 645 1546 Praeter
655 1521 810 1553 Bononiam,
823 1522 938 1557 Regium
949 1521 1030 1555 Lepi—

233 1557 276 1588 di,
293 1558 430 1588 Parmam,
447 1562 528 1584 totam
539 1557 655 1584 Galliam
669 1558 842 1589 tenebamus,
859 1558 1029 1585 studiosissi-

234 1603 305 1620 mam
317 1594 492 1630 reipublicae.
526 1595 598 1622 Tuos
609 1596 689 1622 etiam
700 1595 812 1622 clientes
824 1595 1028 1631 Transpadanos

233 1632 346 1658 mirifice
367 1633 524 1659 coniunctos
543 1641 606 1658 cum
627 1641 723 1659 caussa
743 1633 921 1659 habebamus.
965 1633 1029 1659 Erat

234 1669 407 1695 firmissimus
421 1674 544 1700 senatus,
561 1670 682 1704 exceptis
697 1670 900 1697 consularibus:
917 1678 952 1696 ex
965 1670 1028 1705 qui-

234 1706 286 1733 bus
297 1715 369 1732 unus
380 1707 410 1732 1..
422 1706 521 1733 Caesar
530 1707 625 1733 firmus
636 1711 713 1734 estet
724 1712 821 1734 rectus.
852 1709 878 1734 3.
895 1707 951 1734 Ser.
964 1707 1028 1733 Sul-

233 1744 299 1778 picii
313 1748 397 1770 morte
408 1752 537 1779 magnum
548 1744 715 1778 praesidium
727 1745 879 1771 amisimus.
919 1744 1027 1779 Reliqui

233 1781 331 1816 partim
342 1781 451 1812 inertes,
463 1781 560 1816 partim
571 1781 701 1816 improbi:
715 1781 838 1808 nonnulli
849 1781 973 1808 invident
982 1790 1028 1808 eo·

234 1827 294 1844 rum
305 1818 388 1848 laudi,
402 1826 469 1853 quos
481 1818 508 1844 in
520 1818 658 1853 republica
672 1819 781 1853 probari
791 1819 893 1846 vident.

234 1864 297 1881 vero
317 1855 428 1881 Romani
449 1855 586 1890 totiusque
610 1855 701 1882 Italiae
726 1857 793 1882 mira
813 1857 955 1883 consensio
975 1860 1025 1882 est.

234 1893 302 1918 llaec
312 1897 386 1918 erant
398 1891 462 1923 fere,
474 1900 544 1927 quae
555 1892 605 1919 tibi
616 1897 676 1919 nota
687 1901 746 1919 esse
757 1892 865 1919 vellem.
887 1894 964 1920 Nunc
978 1902 1027 1919 au-

233 1934 287 1955 tem
297 1934 367 1964 opto,
379 1933 410 1955 ut
420 1929 453 1955 ab
464 1929 524 1955 istis
530 1929 647 1956 Orientis
657 1930 780 1965 partibus
791 1930 900 1957 virtutis
912 1935 972 1957 tuae
985 1930 1027 1957 lu-

233 1975 294 1993 men
306 1966 419 1993 eluceat.
458 1965 532 1993 Vale.

285 2035 324 2056 Vl.
340 2035 416 2056 ARG.
433 2034 561 2056 Strabonem
572 2035 658 2056 laudnt:
674 2036 697 2056 in
708 2035 786 2057 Cassio
795 2039 817 2056 et
826 2036 856 2057 Μ.
869 2036 948 2061 Brun»,
959 2036 980 2057 ιί
990 2043 1025 2057 res

232 2070 258 2090 nd
269 2070 376 2092 Mutinam
386 2069 442 2090 male
452 2073 547 2095 gei-stin,
558 2077 618 2097 spem
628 2077 712 2091 omnem
722 2071 777 2098 reip.
789 2071 854 2091 uitam
865 2078 914 2092 enne
923 2071 986 2093 dicit.

415 2107 503 2129 (Romae,
512 2106 603 2128 Antonio,
612 2107 713 2125 Dolabella
723 2114 770 2126 coss.
782 2107 839 2132 710.)

369 2150 406 2176 M.
427 2150 458 2176 T.
478 2150 508 2177 C.
529 2149 557 2176 S.
577 2150 607 2177 P.
629 2150 659 2176 D.
685 2149 715 2176 C.
736 2149 882 2179 CASSIO.

289 2193 312 2218 ⁴.
327 2185 386 2223 Qui
397 2196 481 2218 status
493 2200 582 2218 rerum
593 2191 674 2218 fuerit
684 2196 741 2218 tum
749 2212 755 2223 ,
767 2200 853 2227 quum
864 2192 913 2219 has
924 2192 1024 2220 litteras

231 2229 304 2259 dedi,
317 2229 386 2255 scire
396 2230 497 2263 poteris
508 2237 542 2256 ex
552 2229 583 2256 C.
594 2229 663 2255 Titio
672 2228 687 2243 ³*
697 2229 835 2260 Strabone,
849 2230 907 2257 viro
918 2230 988 2257 bono
998 2236 1025 2257 et

231 2267 331 2301 optime
345 2265 379 2292 de
393 2266 531 2301 republica
543 2267 687 2293 sentiente:
705 2275 767 2292 nam
777 2267 845 2301 quid
855 2267 958 2299 dicam,
975 2276 1024 2294 cu-

231 2303 376 2338 pidissimo
385 2304 435 2334 tui,
447 2304 505 2338 qui,
517 2303 596 2330 domo
606 2308 632 2330 et
643 2303 756 2330 fortunis
768 2304 883 2335 relictis,
895 2305 929 2331 ad
939 2309 964 2331 te
974 2314 1024 2340 po—

231 2341 367 2367 tissimum
383 2340 517 2375 profectus
531 2340 584 2368 sit‘?
603 2342 694 2375 ltaque
707 2349 770 2367 eum
782 2341 876 2368 tibine
886 2350 1024 2369 commen-

231 2377 265 2403 do
277 2378 402 2412 quidem:
415 2378 547 2405 adventus
557 2379 644 2413 ipsius
656 2378 689 2404 ad
700 2383 725 2404 te
736 2378 801 2404 satis
812 2387 874 2405 eum
884 2387 1023 2406 commen·
1050 2397 1052 2410 ,.

1050 2429 1052 2437 ν
1073 2416 1185 2451 perferri
1195 2416 1230 2443 ad
1240 2422 1266 2444 te
1275 2421 1346 2444 certo
1354 2417 1423 2449 scio,
1436 2421 1496 2443 tuas
1505 2421 1593 2443 autem
1604 2416 1770 2451 ignoramus.
1785 2416 1867 2442 Tam-

232 2413 316 2440 dabit.
347 2417 373 2441 2.
390 2415 429 2441 Tu
440 2415 522 2441 velim
532 2417 572 2442 sic
583 2416 722 2442 existimes
733 2415 836 2450 tibique
848 2417 1021 2450 persuadeas,

231 2459 308 2476 omne
320 2451 475 2487 perfugium
486 2453 617 2479 bonorum
627 2453 655 2478 in
666 2457 691 2479 te
701 2457 727 2478 et
732 2452 812 2479 Bruto
822 2461 881 2479 esse
891 2455 1020 2489 positum,

232 2487 269 2517 si.
287 2488 360 2522 quod
375 2489 473 2521 nolim,
489 2490 597 2516 adversi
607 2489 674 2524 quid
685 2490 814 2516 evenerit.
853 2491 919 2522 Res,
936 2500 1022 2526 quum

233 2523 297 2549 haec
307 2525 467 2557 scribebam,
475 2531 530 2553 erat
541 2527 568 2553 in
579 2532 729 2553 extremum
740 2526 854 2553 adducta
864 2527 1021 2556 discrimen.

232 2560 329 2587 Brutus
340 2562 412 2588 enim
423 2563 539 2590 Mutinae
550 2564 598 2590 vix
608 2564 661 2590 iam
671 2563 831 2590 sustinebat.
861 2564 914 2596 Qui
923 2566 947 2591 si
958 2574 1022 2592 con-

231 2602 354 2624 servatus
365 2599 424 2629 erit,
437 2600 566 2627 vicimus:
580 2601 632 2631 sin,
644 2600 727 2635 (quod
737 2600 777 2626 dii
786 2609 864 2627 omen
876 2602 1022 2638 avertantl)

232 2635 320 2661 omnis
334 2635 456 2662 omnium
470 2644 565 2664 cursus
581 2642 623 2665 est
636 2637 670 2664 ad
685 2646 744 2665 vos.
782 2638 895 2665 Proinde
911 2639 953 2666 fac
962 2640 1022 2666 ani-

931 1818 1026 1854 Populi
1047 1845 1048 1848 ,

954 111 984 136 Τ.
1018 111 1292 137 (ΙΗΖΕΗΗΝΙΒ

1060 184 1061 188 ’
1085 190 1158 207 mum
1175 186 1276 208 tantum
1294 181 1392 208 babeas
1412 188 1568 218 tantumque
1583 190 1752 218 apparatum.
1775 190 1875 220 quanto

1060 223 1061 227 ¹
1083 228 1150 252 opu-⁴
1167 224 1206 244 est
1221 219 1253 245 ad
1271 220 1424 245 universam
1446 221 1640 255 rempublicam
1662 222 1873 257 reciperandam.

1085 255 1155 282 Vale.

1135 324 1182 345 Vll.
1199 325 1275 345 AttG.
1292 325 1427 345 Sementiu-
1443 332 1456 345 ι
1471 333 1494 345 ιε
1508 326 1530 346 in
1546 331 1623 347 mnu
1639 334 1666 348 ει
1681 327 1789 352 din—item
1800 327 1874 348 cunii

1083 359 1162 380 dictam
1174 363 1194 380 et
1205 359 1227 380 ίιι
1239 360 1344 380 ‹runi-inne
1353 360 1473 383 defen-am,
1485 360 1570 380 neritii.

1265 397 1352 416 (κω-ιη,
1361 397 1451 417 Anium,
1462 397 1560 414 nul-tat·
1572 405 1617 415 ω...
1631 399 1684 419 rim,

1223 439 1258 465 M.
1280 440 1310 466 T.
1331 439 1360 465 C.
1382 439 1409 465 S.
1432 439 1460 465 P.
1483 440 1511 465 D.
1533 440 1562 466 C.
1585 440 1729 467 CASSIO.

1139 478 1161 502 ⁴.
1182 471 1293 507 Quanto
1308 476 1398 502 studio
1412 476 1570 511 dignitatem
1587 482 1658 503 tuam
1670 479 1732 504 etin
1745 484 1837 504 senatu
1850 484 1875 504 et

1083 513 1115 539 ad
1127 514 1257 548 populum
1269 513 1444 543 defenderim,
1458 523 1491 540 cx
1503 515 1555 540 tuis
1567 519 1590 540 tr·
1603 515 1681 544 malo.
1694 524 1774 549 quarn
1787 525 1819 542 ex
1831 524 1874 541 me

1082 559 1252 584 cognoscere.
1292 552 1366 582 Quae
1381 560 1438 577 mea
1453 553 1583 577 sententia
1597 553 1622 578 in
1635 558 1726 578 senatu
1740 552 1816 578 facilc
1829 562 1874 578 va-

1084 587 1191 618 luisset,
1209 589 1261 614 nisi
1278 589 1361 614 Pansa
1377 589 1550 615 vehementer
1563 589 1720 616 obstitisset.
1761 590 1796 616 Ea
1813 598 1875 616 sen-

1083 626 1163 651 tentia
1179 625 1263 655 dicta,
1286 625 1432 660 productus
1447 635 1508 652 sum
1525 627 1551 652 in
1567 627 1721 652 concionem
1737 635 1751 651 a
1765 627 1874 654 tribuno

1083 662 1171 697 plebis
1183 663 1217 689 M.
1228 663 1352 689 Servilio.
1388 663 1447 689 Dixi
1459 663 1491 689 de
1504 668 1537 693 te,
1550 672 1619 698 (quae
1631 665 1714 698 potui.
1728 669 1797 690 tanta
1809 673 1874 690 con-

1082 701 1208 730 tentione,
1221 705 1352 735 quantum
1365 699 1451 726 forum
1462 706 1512 730 est,
1520 705 1591 727 tanto
1601 701 1716 727 clamore
1727 710 1875 728 consensu-

1081 745 1134 771 que
1146 737 1248 772 populi,
1263 742 1291 763 ut
1301 737 1369 763 nibil
1382 746 1510 772 umquam
1522 738 1611 764 simile
1624 738 1748 764 viderim.
1788 738 1815 764 ld
1828 747 1874 764 ve-

1083 774 1129 800 lim
1146 775 1212 800 mibi
1234 776 1370 807 ignoscas,
1392 775 1464 810 quod
1486 776 1568 801 invita
1589 784 1666 802 socru
1687 781 1730 802 tua
1753 775 1872 802 fecerim.

1082 811 1178 838 Mulier
1189 812 1282 838 timida
1295 812 1445 842 verebatur,
1459 821 1490 839 ne
1499 813 1598 839 Pansae
1609 814 1716 839 animus
1727 813 1874 839 offendere·

1082 853 1134 875 tur.
1169 850 1197 875 ln
1209 849 1335 876 concione
1347 850 1456 884 quidem
1469 850 1552 876 Pansa
1563 850 1632 876 dixit
1643 855 1753 876 matrem
1765 858 1874 885 quoque

1082 891 1154 912 tuam
1170 892 1197 913 et
1212 886 1318 913 fratrem
1334 887 1406 913 illam
1423 896 1436 913 a
1453 896 1494 913 me
1507 888 1664 913 sententiam
1677 887 1796 913 noluisse
1807 888 1872 914 dici.

1082 923 1134 949 Sed
1147 924 1211 950 baec
1223 933 1274 950 non
1287 924 1441 950 movebant:
1457 924 1508 950 alia
1520 925 1663 951 malebam.
1704 925 1837 951 Fas-eham
1848 929 1874 951 et

1081 1035 1208 1066 disserui,
1224 1041 1250 1062 et
1260 1036 1318 1062 dixi
1330 1037 1357 1062 in
1368 1037 1504 1066 concione,
1521 1037 1547 1062 in
1559 1044 1590 1062 eo
1602 1036 1683 1062 velim
1695 1036 1773 1062 tidem
1787 1045 1873 1062 meam

1083 1072 1191 1099 liberes.
1231 1073 1345 1099 Promisi
1361 1074 1432 1099 enirn
1448 1078 1474 1099 et
1490 1081 1571 1108 prope
1586 1073 1757 1103 confirmavi.
1780 1079 1805 1100 te
1822 1082 1874 1100 non

1081 1115 1250 1144 exspectasse
1263 1119 1311 1137 nec
1321 1115 1538 1145 exspectaturum
1549 1110 1654 1137 decreta
1670 1115 1771 1141 nostra,
1789 1111 1835 1137 sed
1849 1116 1874 1138 te

1081 1148 1172 1182 ipsum
1184 1152 1230 1174 tuo
1241 1156 1312 1174 more
1323 1147 1518 1182 rempublicam
1532 1147 1722 1174 defensurum:
1737 1153 1764 1174 et
1777 1156 1874 1183 quarn-

1081 1193 1162 1220 quam
1175 1185 1310 1211 nihildum
1321 1185 1506 1216 audieramus,
1524 1194 1572 1211 nec
1584 1185 1631 1212 ubi
1643 1194 1729 1216 esses,
1747 1194 1795 1212 nec
1805 1193 1874 1221 quas

1081 1223 1172 1257 copias
1182 1222 1308 1255 haberes,
1323 1227 1410 1249 tamen
1422 1224 1461 1249 sic
1471 1223 1630 1253 statuebam,
1642 1231 1749 1253 omnes,
1765 1231 1834 1258 quae
1845 1224 1873 1250 in

1080 1260 1140 1286 istis
1150 1260 1272 1294 partibus
1282 1265 1373 1286 essent
1383 1268 1447 1295 opes
1457 1261 1612 1295 copiaeque,
1621 1265 1680 1286 tuas
1691 1268 1762 1291 esse3
1777 1269 1824 1295 per
1835 1265 1875 1287 te-

1050 1294 1053 1303 '
1080 1305 1134 1332 que
1153 1298 1245 1323 Asiam
1265 1298 1431 1333 provinciam
1451 1297 1618 1324 confidebam
1639 1298 1692 1324 iam
1708 1297 1873 1332 reipublicae

1081 1335 1265 1369 reciperatam.
1294 1335 1333 1361 Tu
1346 1335 1386 1361 fac
1397 1336 1424 1362 in
1435 1334 1556 1371 augenda
1568 1335 1652 1371 gloria
1663 1340 1688 1362 te
1700 1335 1758 1370 ipse
1769 1336 1872 1362 vincas.

1050 1359 1053 1399 ἓ
1080 1372 1155 1399 Vale.

1134 1441 1195 1462 vm.
1214 1441 1292 1462 ΑΒΘ.
1312 1441 1448 1461 Reum-tum
1471 1448 1484 1461 ι
1502 1441 1586 1468 Lepido
1604 1440 1685 1462 bellum
1709 1447 1759 1462 ene
1781 1445 1872 1468 que-tm

1081 1476 1183 1498 Cassium
1193 1476 1219 1497 ad
1230 1476 1366 1497 liberm-iun
1376 1483 1443 1503 remp.
1451 1476 1559 1497 hortatur.

1256 1514 1343 1536 (nomae,
1353 1513 1418 1531 octin-
1427 1513 1485 1531 Pam:
1492 1527 1498 1535 ,
1507 1513 1570 1531 Ηίηἱο
1579 1519 1626 1532 ems.
1639 1515 1694 1534 711.)

1220 1557 1256 1583 Μ.
1277 1557 1308 1583 Τ.
1329 1556 1359 1583 C.
1381 1556 1409 1583 S.
1431 1557 1460 1583 P.
1484 1558 1512 1584 D.
1533 1556 1563 1583 C.
1585 1556 1735 1583 CASSIO.

1137 1595 1160 1620 t.
1173 1589 1272 1620 Scelus
1283 1593 1373 1620 affinis
1384 1594 1525 1629 tuiLepidi
1535 1602 1724 1629 summamque
1736 1593 1870 1620 levitatem

1079 1635 1105 1657 et
1115 1631 1320 1657 inconstantiam
1332 1639 1365 1657 ex
1375 1631 1441 1657 actis
1449 1651 1455 1661 ‚
1472 1639 1541 1666 quae
1556 1631 1590 1657 ad
1606 1636 1630 1657 te
1642 1631 1711 1657 mitti
1721 1635 1793 1657 certo
1804 1632 1870 1662 scio,

1078 1676 1208 1703 cognosse
1222 1673 1247 1695 te
1262 1668 1385 1694 arbitror.
1425 1669 1517 1703 Itaque
1532 1676 1593 1698 nos,
1611 1667 1731 1694 confecto
1742 1667 1826 1698 bello,
1842 1673 1872 1694 ut

1078 1705 1288 1736 arbitrabamur,
1306 1709 1462 1731 renovatum
1475 1705 1577 1731 bellum
1587 1705 1721 1740 gerimus3
1739 1713 1872 1740 spemque

1077 1751 1184 1769 omnem
1205 1743 1233 1769 in
1251 1743 1282 1769 D.
1303 1743 1383 1769 Bruto
1403 1747 1429 1768 et
1449 1742 1546 1768 Planco
1566 1742 1712 1768 habemus:
1737 1743 1761 1768 si
1775 1750 1871 1769 verum

1047 1783 1055 1799 ι’
1077 1780 1185 1815 quaeris
1193 1800 1199 1811 ‚
1212 1780 1239 1806 in
1251 1784 1276 1806 te
1286 1780 1350 1806 etin
1362 1787 1421 1806 meo
1431 1780 1524 1809 Bruto,
1537 1788 1589 1806 non
1600 1779 1689 1806 solum
1700 1778 1733 1805 ad
1743 1787 1871 1814 praesens

1077 1817 1242 1853 perfugium,
1255 1817 1288 1847 si,
1300 1816 1373 1851 quod
1384 1816 1477 1847 nolim,
1485 1817 1592 1843 adversi
1602 1816 1670 1851 quid
1679 1816 1814 1848 acciderit,
1822 1816 1872 1843 sed

1077 1855 1157 1881 etiam
1169 1854 1202 1880 ad
1213 1853 1442 1881 confirmationem
1452 1859 1597 1889 perpetuae
1609 1854 1751 1880 libertatis.
1775 1855 1801 1880 2.
1816 1854 1871 1880 Nos

1077 1891 1122 1918 hic
1133 1891 1308 1918 deDolabella
1319 1891 1506 1922 audiebamus,
1514 1899 1584 1926 quae
1594 1890 1741 1917 vellemus:
1753 1890 1802 1917 sed
1811 1899 1872 1918 cer·

1077 1934 1117 1955 tos
1132 1934 1254 1956 auctores
1268 1937 1321 1956 non
1337 1928 1514 1955 habebamus.
1554 1929 1591 1955 Te
1608 1928 1721 1963 quidem
1740 1936 1870 1964 magnum

1078 1966 1215 1992 hominem
1230 1971 1256 1992 et
1269 1966 1405 2001 praesenti
1420 1966 1523 1992 iudicio
1533 1970 1560 1992 et
1573 1965 1672 2000 reliqui
1682 1967 1811 2001 temporis
1821 1974 1870 1992 ex·

1076 2005 1240 2038 spectatione
1255 2004 1321 2030 scito
1336 2011 1406 2030 esse.
1445 2004 1499 2030 Hoc
1514 2002 1564 2030 tibi
1577 2003 1725 2038 proposito,
1742 2002 1784 2029 fac
1797 2007 1828 2030 ut
1836 2002 1869 2029 ad

1076 2049 1182 2067 summa
1197 2041 1352 2067 contendas.

1076 2077 1158 2112 pulus
1169 2079 1304 2105 Romanus
1315 2087 1330 2105 a
1345 2082 1370 2104 te
1384 2077 1477 2113 perfici
1487 2082 1569 2113 atque
1577 2077 1694 2104 obtineri
1707 2085 1786 2113 posse
1796 2077 1870 2104 iudi·

1075 2120 1126 2142 cet.
1166 2115 1241 2142 Vale.

1129 2184 1170 2204 [X.
1188 2184 1265 2204 ΑΒΕ.
1285 2184 1391 2208 Quen-itur
1403 2184 1483 2205 iterum
1495 2185 1522 2204 de
1534 2183 1629 2211 Lepido.
1644 2182 1747 2204 Cmiun
1756 2186 1828 2204 aute·
1840 2183 1868 2204 nd

1074 2226 1141 2247 remp.
1152 2218 1287 2239 liber-naum
1299 2218 1406 2240 hortauit.
1434 2221 1522 2243 (Romu,
1532 2221 1597 2238 occisis
1605 2221 1672 2241 Pmu,
1681 2219 1744 2238 Hirtio
1754 2226 1801 2238 cons.
1812 2219 1868 2244 τυ.)

1217 2264 1253 2290 Μ.
1275 2264 1306 2291 T.
1327 2264 1357 2291 C.
1378 2263 1406 2291 S.
1426 2264 1457 2290 P.
1477 2264 1508 2290 D.
1529 2264 1560 2291 C.
1580 2262 1728 2290 CASSIO.

1131 2308 1156 2332 ⁴.
1171 2299 1298 2332 Brevitas
1308 2310 1415 2332 tuarum
1427 2305 1574 2332 litterarum
1584 2313 1627 2331 me
1640 2312 1749 2339 quoque
1759 2303 1868 2331 brevio-

1050 2343 1053 2350 *
1074 2350 1130 2369 rem
1146 2343 1174 2369 in
1189 2342 1332 2369 scribendo
1348 2342 1424 2376 facit;
1447 2347 1486 2374 et,
1502 2350 1565 2368 vere
1576 2346 1606 2368 ut
1615 2341 1718 2372 dicam,
1735 2350 1789 2368 non
1799 2342 1867 2368 satis

1073 2380 1202 2410 occurrit,
1224 2379 1291 2415 quid
1311 2380 1438 2406 scribam.
1478 2380 1587 2405 Nostras
1606 2379 1679 2405 enim
1699 2386 1742 2405 res
1757 2379 1785 2405 in
1799 2378 1866 2405 actis

1073 2462 1155 2489 quam
1169 2454 1241 2480 enim
1255 2453 1346 2480 clausa
1356 2455 1391 2480 sit
1401 2454 1478 2484 Asia,
1495 2453 1534 2480 sic
1549 2452 1618 2479 nibil
1629 2452 1763 2487 perfertur
1772 2452 1806 2479 ad
1816 2460 1865 2479 nos

1072 2496 1178 2526 praeter
1186 2499 1306 2518 rumores
1317 2491 1350 2517 de
1360 2498 1490 2526 oppresso
1496 2489 1642 2519 Dolabella.
1654 2490 1720 2516 satis
1730 2489 1791 2516 illos
1799 2489 1865 2525 qui-

1072 2528 1135 2554 dem
1153 2532 1304 2555 constantes
1312 2549 1318 2559 ,
1343 2528 1391 2555 sed
1410 2527 1499 2554 adhuc
1517 2527 1576 2553 sine
1595 2531 1712 2553 auctore.
1752 2528 1777 2554 2.
1798 2527 1862 2558 Nos,

1072 2565 1223 2592 confectum
1234 2565 1337 2592 bellum
1348 2573 1433 2600 quum
1443 2568 1609 2599 putaremus,
1622 2568 1731 2598 repente
1741 2563 1864 2599 aLepido

1072 2607 1118 2628 tuo
1127 2603 1156 2629 in
1167 2611 1301 2629 summam
1317 2601 1527 2629 sollicitudinem
1541 2601 1650 2628 adducti
1665 2609 1772 2628 sumus.
1811 2601 1864 2627 lta-

1071 2647 1125 2674 que
1138 2639 1272 2675 persuade
1286 2640 1350 2671 tibi,
1373 2639 1518 2666 maximam
1533 2638 1700 2674 reipublicae
1709 2646 1787 2674 spem
1797 2638 1827 2665 in
1836 2642 1864 2666 te

1391 2040 1467 2067 Nihil
1481 2045 1523 2067 est
1536 2045 1654 2071 tannim,
1670 2040 1744 2075 quod
1756 2048 1809 2067 non
1821 2048 1871 2075 po-
1912 2058 1914 2060 -
