1941 3052
233 104 282 128 750
813 103 854 127 81.

230 173 348 199 »erun—re
361 181 411 198 non
428 170 567 206 prudentia
585 179 641 196 mea
660 170 791 201 hortatur,
809 170 856 197 sed
872 179 946 197 amor
962 171 987 197 in
1000 176 1024 197 te
1045 179 1047 206 3

230 215 256 236 vt
271 210 404 244 cupiditas
420 209 480 237 otii,
498 209 569 242 quod
586 209 644 233 aine
660 214 683 234 te
699 209 844 234 consistere
861 217 912 234 non
927 213 1023 242 potest.

232 248 294 280 ligo,
310 248 361 273 nisi
375 246 451 272 vuldo
464 254 571 271 necesse
584 245 676 274 suerit.
690 254 723 271 ex
735 245 807 271 ltalia
820 254 871 271 non
883 246 1023 272 excedam.
1046 244 1054 283 Ἰ

232 286 362 318 Legiones
374 292 455 312 nrum,
465 291 540 316 paro:
554 291 632 316 spero
644 291 685 307 mc
697 291 747 308 non
761 283 910 316 pessimum
921 283 1025 308 exerci-

231 327 286 347 tum
301 321 455 346 lmliiturnm
467 319 499 344 ad
513 327 606 344 omnes
616 328 695 345 casus
707 324 731 345 vt
744 320 860 353 impetus
873 320 1023 346 bominum.

229 404 335 420 sarnum
349 394 467 419 remittit.

231 432 262 457 be
275 436 436 465 tuorumque
447 430 564 464 aliquem
578 431 660 461 mitte,
675 431 776 466 siquid
789 431 955 457 reconditum
968 440 1024 457 ma-

230 469 272 503 gis
287 470 336 494 crit
354 476 450 502 meque
465 469 534 494 scire
549 477 618 503 opus
633 469 746 503 putaris.
788 468 861 495 Vale.
888 477 943 495 un.
963 468 1022 495 Kal.

231 507 289 532 lun.
303 505 443 540 Eporedia.

284 597 349 617 XM.
365 597 382 617 Α
391 597 441 616 RG.
461 596 587 623 Respondet
598 596 624 617 nd
635 596 770 623 nuperiurem
782 595 907 624 epistulam.

522 634 573 651 ..ε-ι.
584 634 844 654 mamni-numu.71¹.)

272 685 308 712 Μ.
323 685 354 712 Τ.
370 685 399 712 C.
415 684 444 711 S.
459 685 489 711 D.
505 685 534 711 D.
551 684 661 712 BRUTO
675 685 742 711 lMP.
758 685 831 712 COS.
847 684 980 711 DESlGN.

289 734 311 758 l.
335 728 384 758 Dii
400 731 444 757 isti
456 730 566 766 Segulio
578 730 755 761 malefaciant,
774 730 876 757 homini
889 731 1025 765 nequissi-

231 778 274 796 mo
284 770 419 799 omnium,
437 768 572 803 quisunt,
590 769 638 803 qui
650 768 770 799 fuerunt,
789 769 836 803 qui
853 767 935 794 futuri
947 768 1021 794 sunt!

229 806 319 839 Quid?
339 810 366 832 tu
384 805 460 832 illum
477 810 564 832 tecum
579 806 666 832 solum
687 810 732 832 aut
751 814 813 831 cum
829 804 958 832 Caesare?
977 805 1024 839 qui

231 844 366 870 neminem
379 843 600 878 praetermiserit,
618 844 729 878 quicum
747 842 820 877 loqui
835 843 962 877 potuerit,
980 843 1024 868 cui

232 890 282 908 non
295 880 388 907 eadem
400 881 449 907 ista
459 879 578 907 dixerit?
589 881 623 906 Te
636 885 733 911 tamen,
748 881 784 906 mi
796 881 887 910 Brute,
904 881 944 906 sic
954 888 1022 910 amn,

231 923 261 945 ut
271 918 369 949 debeo,
387 917 459 952 quod
475 917 561 948 istud,
579 917 714 952 quidquid
731 922 814 948 esset,
833 926 966 953 nugarum
983 925 1025 942 me

213 961 217 967 ¹
231 956 300 981 scire
315 955 435 982 voluisti.
476 955 590 990 Signum
606 956 678 981 enim
695 963 823 990 magnum
839 955 937 981 amoris
948 954 1026 980 dedi-

231 994 275 1019 sti.
316 994 341 1019 2.
364 993 431 1018 Nam
447 992 519 1027 quod
535 992 607 1018 idem
623 992 764 1027 SeguliuS,
782 997 921 1018 veteranos
936 992 1023 1026 queri,

231 1030 303 1065 quod
319 1034 347 1056 tu
362 1034 388 1056 et
398 1029 494 1055 Caesar
508 1030 535 1055 in
551 1029 712 1055 decemviris
728 1038 779 1055 non
796 1030 904 1055 essetis:
923 1030 1025 1055 utinam

232 1076 264 1093 ne
276 1075 325 1103 ego
336 1066 447 1101 quidem
459 1067 558 1093 esseml
582 1067 653 1099 Quid
664 1067 735 1093 enim
748 1066 905 1093 molestius?
922 1066 975 1093 Sed
988 1071 1026 1092 ta-

231 1113 302 1135 men,
316 1112 401 1139 quum
413 1112 462 1139 ego
473 1104 628 1135 sensissem,
642 1104 675 1130 de
687 1104 729 1135 iis,
738 1104 786 1138 qui
797 1104 931 1130 exercitus
943 1103 1027 1129 habe—

232 1146 303 1172 rent,
316 1142 476 1168 sententiam
489 1141 550 1167 ferri
562 1146 694 1176 oportere,
709 1141 790 1167 iidem
803 1141 856 1172 illi,
869 1141 918 1176 qui
929 1140 1024 1171 solent,

232 1178 420 1205 reclamarunt.
460 1179 552 1213 Itaque
568 1179 672 1213 excepti
690 1179 770 1204 etiam
786 1179 865 1209 estis,
886 1186 928 1204 me
944 1177 1027 1204 vehe-

233 1221 334 1242 menter
345 1220 521 1250 repugnante.
550 1215 679 1248 Quocirca
691 1215 832 1251 Segulium
844 1215 1024 1251 negligamuS,

232 1254 279 1288 qui
295 1261 336 1279 res
352 1261 434 1279 novas
450 1253 568 1287 quaerit:
591 1262 643 1279 non
664 1261 717 1288 quo
733 1257 850 1279 veterem
865 1252 1024 1279 comederit:

232 1290 334 1316 nullam
346 1290 418 1315 enim
431 1290 538 1316 babuit:
551 1289 599 1316 sed
613 1290 680 1316 hanc
693 1290 779 1324 ipsam
789 1295 923 1316 recentem
930 1298 1026 1316 novam

232 1327 381 1353 devoravit.
421 1329 446 1353 3.
468 1326 545 1359 Quod
566 1332 655 1353 autem
671 1327 768 1353 scribis
784 1331 823 1358 te,
846 1327 918 1362 quod
939 1335 987 1361 pro
1003 1331 1026 1352 te

233 1365 291 1398 ipso
306 1372 358 1390 non
373 1363 468 1395 facias,
485 1363 513 1390 id
530 1373 577 1399 pro
588 1373 644 1395 me,
662 1369 692 1390 ut
701 1364 734 1390 de
746 1373 788 1390 me
801 1365 896 1391 timeas
907 1364 1024 1399 aliquid:

232 1402 305 1427 omni
317 1406 354 1431 te,
371 1402 413 1427 vir
423 1402 522 1436 optime
538 1402 660 1437 mihique
676 1402 815 1428 carissime
826 1402 919 1433 Brute,
937 1401 970 1427 de
985 1409 1027 1427 me

233 1443 305 1465 metu
327 1438 420 1465 libero.
460 1439 518 1475 Ego
537 1439 623 1470 enim,
646 1447 715 1474 quae
736 1439 872 1474 provideri
892 1443 1024 1474 poterunt,

233 1485 284 1502 non
297 1475 374 1502 fallar
384 1476 411 1502 in
424 1476 471 1502 iis:
487 1485 556 1511 quae
567 1477 718 1503 cautionem
730 1485 781 1503 non
794 1476 982 1507 habebunt‚de
994 1477 1027 1502 iis

233 1522 284 1539 non
300 1514 336 1539 ita
352 1512 430 1539 valde
446 1512 546 1540 laboro.
587 1514 645 1540 Sim
660 1515 733 1540 enim
750 1513 908 1549 impudens,
925 1514 949 1539 si
965 1513 1027 1548 plus

232 1550 379 1585 postulem,
395 1559 476 1585 quam
489 1551 592 1577 homini
603 1560 617 1578 a
628 1560 718 1577 rerum
730 1555 823 1578 natura
835 1551 917 1577 tribui
929 1555 1025 1585 potest.

232 1589 258 1615 4.
272 1587 349 1619 Quod
360 1588 428 1614 mihi
439 1589 582 1623 praecipis,
596 1593 625 1615 ut
634 1597 753 1619 caveam,
766 1597 799 1614 ne
811 1588 930 1615 timendo
940 1588 1027 1623 magis

232 1625 326 1651 timere
341 1633 433 1660 cogar,
456 1629 482 1651 et
499 1626 634 1660 sapienter
653 1630 679 1652 et
696 1625 861 1652 amicissime
882 1626 1025 1660 praecipis.

231 1661 286 1688 Sed
297 1661 379 1688 velim
390 1662 440 1689 tibi
451 1663 628 1697 persuadeas,
646 1671 731 1698 quum
747 1668 771 1689 te
782 1667 885 1689 constet
896 1662 1026 1689 excellere

233 1699 283 1726 hoc
294 1707 390 1734 genere
406 1700 528 1730 virtutis,
547 1705 576 1726 ut
591 1709 740 1735 numquam
755 1700 929 1731 extimescas,
946 1708 1027 1726 num-

232 1744 314 1771 quam
325 1736 480 1771 perturbere
488 1757 494 1767 .
510 1746 553 1763 me
564 1737 628 1763 huic
639 1742 700 1764 tuae
714 1738 807 1763 virtuti
818 1737 940 1771 proxime
951 1745 1027 1763 acce-

232 1773 306 1799 dere.
345 1772 525 1805 Quamobrem
541 1783 628 1809 neque
644 1779 762 1800 metuam
776 1774 927 1809 quidquam
942 1779 968 1801 et
981 1782 1027 1800 ca—

233 1810 301 1837 vebo
312 1811 412 1837 omnia.
453 1811 506 1837 Sed
518 1811 593 1842 vide,
607 1820 640 1837 ne
652 1816 697 1838 tua
708 1812 774 1842 iam,
788 1812 826 1837 mi
836 1811 928 1842 Brute,
946 1811 1026 1846 culpa

232 1847 322 1874 futura
333 1848 376 1877 sit,
387 1849 411 1874 si
422 1856 472 1883 ego
481 1848 632 1883 quidquam
644 1850 765 1880 timeam;
779 1849 833 1875 tuis
844 1849 916 1875 enim
927 1849 1026 1884 opibus

232 1889 258 1911 et
281 1884 422 1911 consulatu
446 1890 505 1916 tuo,
531 1886 637 1912 etiamsi
660 1886 750 1912 timidi
774 1894 911 1917 essemus,
937 1891 1025 1913 tamen

231 1929 339 1948 omnem
351 1922 474 1948 timorem
485 1922 679 1949 abiiceremus:
697 1923 853 1958 praesertim
868 1932 953 1958 quum
965 1932 1026 1958 per—

230 1967 341 1985 suasum
353 1959 480 1985 omnibus
489 1965 560 1986 esset
571 1960 694 1995 mihique
705 1961 832 1991 maxime,
844 1969 858 1986 a
869 1965 894 1986 te
904 1969 952 1988 nos
964 1961 1026 1987 uni-

230 2004 260 2022 ce
270 1995 360 2031 diligi.
400 1998 425 2023 5.
447 1996 573 2023 Consiliis
585 1998 652 2028 tuiS,
667 2006 736 2032 quae
747 1997 846 2024 scribis
856 1997 889 2023 de
900 2003 1026 2033 quattuor

230 2032 384 2069 legionibus
399 2033 487 2068 deque
503 2035 576 2070 agris
589 2035 762 2070 assignandis
782 2035 816 2061 ab
835 2035 957 2070 utrisque
978 2044 1026 2062 ve-

229 2075 329 2101 strum,
347 2070 520 2097 vehementer
533 2073 673 2098 assentior.
713 2073 805 2106 Itaque
816 2080 901 2107 quum
913 2072 1025 2108 quidam

229 2107 263 2134 de
286 2107 397 2143 collegis
418 2109 516 2135 nostris
535 2110 667 2144 agrariam
687 2110 852 2135 curationem
873 2109 1022 2146 ligurirent,

229 2144 382 2171 disturbavi
393 2153 449 2171 rem
461 2150 596 2181 totamque
608 2147 685 2173 vobis
697 2147 829 2182 integram
836 2148 983 2174 reservavi.
995 2147 1024 2174 Si

230 2182 298 2217 quid
313 2183 364 2208 erit
378 2182 509 2209 occultius
525 2188 563 2214 et,
581 2189 611 2210 ut
623 2183 735 2214 scribis,
752 2183 934 2217 reconditum,
952 2194 1026 2212 meo-

412 634 498 653 *ltu-nur,
509 641 519 649 u

231 2227 291 2245 rum
302 2219 421 2254 aliquem
433 2220 545 2251 mittam,
561 2229 615 2256 quo
625 2220 733 2248 fidelius
744 2221 778 2248 ad
789 2225 814 2248 te
825 2220 927 2249 litterae
937 2222 1026 2258 perfe—

230 2260 332 2283 rantur.
371 2256 461 2283 Pridie
472 2258 561 2284 Nouas
572 2259 652 2285 Iunii.

284 2326 360 2347 xxn.
372 2326 449 2346 ΑΚΘ.
462 2328 602 2348 Cunnuendat
608 2328 702 2355 Appium
710 2327 834 2353 claudium,
846 2328 942 2349 hostium
952 2335 1026 2350 nume-

231 2366 254 2380 ru
265 2360 411 2381 eximendum.
444 2364 531 2386 (Romae,
541 2364 606 2382 occisis
615 2365 681 2386 Pansa,
692 2365 754 2382 Hirtio
765 2372 812 2383 coss.
823 2367 879 2387 711.)

332 2406 368 2432 M.
390 2406 420 2432 T.
441 2407 471 2434 C.
493 2407 522 2434 S.
544 2408 573 2434 P.
594 2409 625 2435 D.
646 2409 678 2435 D.
698 2408 827 2435 BRUTO
846 2409 923 2435 lMP.

249 2477 253 2482 ι
290 2443 313 2468 l.
334 2438 408 2469 Cum
418 2443 506 2479 Appio
516 2444 637 2476 Claudio,
650 2445 680 2472 C.
692 2445 722 2472 F.
734 2454 841 2472 summa
851 2446 921 2472 mihi
932 2454 1027 2472 neces-

231 2477 322 2504 situdo
337 2484 389 2510 est,
406 2481 499 2508 multis
515 2483 576 2509 eius
588 2482 686 2509 officiis
696 2487 723 2509 et
733 2483 801 2509 meis
812 2483 914 2509 mutuis
925 2483 1026 2509 consti-

232 2518 298 2540 tuta.
338 2515 400 2542 Peto
409 2522 458 2544 ate
469 2520 598 2546 maiorem
608 2520 636 2546 in
648 2519 758 2546 modum
766 2540 772 2551 ,
790 2519 833 2546 vel
849 2520 1025 2546 humanitatis

233 2554 293 2592 tuae
305 2550 347 2577 vel
359 2561 417 2579 mea
427 2563 531 2587 caussa,
539 2561 569 2583 ut
578 2565 641 2584 eum
651 2557 805 2583 auctoritate
817 2561 870 2587 tua,
883 2565 952 2592 quae
962 2557 1026 2592 plu-

233 2595 333 2629 rimum
344 2588 422 2631 valet,
435 2598 622 2620 conservatum
633 2594 712 2620 velis.
750 2593 816 2620 Volo
827 2598 860 2623 te.
873 2602 960 2629 quum
970 2593 1025 2621 for-

233 2628 355 2651 tissimus
366 2634 408 2652 vir
418 2630 541 2664 cognitus
551 2632 603 2662 sis,
621 2632 701 2658 etiam
711 2630 955 2658 clementissimum
966 2631 1024 2659 exi·

1052 315 1054 348 Ι,
1076 322 1226 347 coniunxit.
1267 324 1290 346 2.

232 359 265 383 De
277 358 409 386 exercitu,
423 365 503 390 qutun
517 357 599 382 l’ansu
612 357 718 386 habuit,
737 356 867 392 legionem
880 357 947 383 mibi
959 358 1025 383 Cae·
1053 360 1055 389 ’Ἰ

508 393 548 419 Ad
565 393 612 419 bas
630 393 729 420 litteras
744 395 833 420 statim
847 394 913 420 milii
929 395 1024 420 rescri-
1053 393 1055 400 Ἰ

886 101 1289 128 M.T.‹„·1CER()N18

1075 173 1188 198 humari.
1230 172 1324 204 Manno
1340 172 1387 198 tibi
1407 174 1456 199 erit
1475 179 1642 202 ornamento.
1666 173 1867 201 nobilissimum

1076 209 1270 235 adolescentem
1287 209 1419 236 beneficio
1429 215 1473 236 tuo
1484 219 1542 236 esse
1554 211 1670 237 salvum.
1710 212 1794 237 Cuius
1805 213 1868 246 qui-

1076 247 1136 272 dem
1148 255 1242 272 caussa
1255 246 1303 272 hoc
1316 247 1409 272 melior
1419 247 1498 274 debet
1509 257 1576 278 esne.
1590 249 1661 283 quod
1674 250 1770 283 pietate
1782 249 1869 274 addu-

1075 289 1148 313 ctus,
1172 288 1278 318 propter
1295 285 1376 318 patris
1393 285 1600 315 restitutionem,
1623 295 1651 311 se
1671 295 1732 312 cum
1754 287 1868 312 Antonio

1313 323 1400 352 Quare
1416 323 1465 347 etsi
1482 323 1571 348 minus
1584 332 1672 349 veram
1684 332 1806 349 caussam
1820 324 1868 349 ba-

1077 358 1167 387 bebis,
1184 363 1271 384 tamen
1285 358 1326 383 vel
1339 359 1504 392 probabilem
1516 359 1633 394 aliquam
1646 362 1744 395 poteris
1757 360 1867 386 induce-

1077 404 1113 421 re.
1139 396 1543 429 Nutustuus1u21estliominem
1553 417 1558 426 ,
1576 405 1682 423 summo
1697 397 1753 423 loco
1764 403 1865 423 natum.

1075 441 1182 458 summo
1194 433 1309 465 ingenio,
1319 441 1423 459 summa
1436 433 1778 463 virtute,ossiciosissimum
1792 443 1869 469 prae-

1053 482 1054 485 *
1077 474 1144 495 terea
1157 475 1182 495 et
1193 470 1391 503 gratissimum,
1409 470 1570 497 incolumem
1586 472 1612 497 in
1627 472 1733 497 civitate
1744 473 1866 498 retinere.

1076 507 1152 538 Quod
1166 511 1193 532 ut
1205 507 1296 537 facias,
1310 508 1342 533 ita
1353 516 1367 533 a
1379 513 1403 534 te
1415 514 1484 542 peto,
1498 514 1526 534 ut
1538 509 1636 534 maiore
1648 509 1737 535 studio
1748 509 1868 544 magisve

1076 553 1109 570 ex
1122 545 1211 570 animo
1223 549 1311 579 petere
1323 554 1374 571 non
1389 547 1501 579 possim.

1130 622 1217 643 xxm.
1234 622 1252 642 Δ
1261 622 1310 642 itu.
1327 622 1453 642 Ciceronem
1465 624 1519 643 bene
1528 623 1555 642 ‹te
1565 629 1611 650 rep.
1622 630 1710 650 sperare
1721 623 1789 644 iube«.

1429 660 1494 679 Ριηιι,
1505 660 1566 677 nunu
1576 667 1622 678 ων.
1635 662 1643 677 7
1651 664 1656 677 Ι
1664 662 1688 679 Ι.)

1214 702 1243 728 D.
1267 702 1417 728 BRUTUS
1439 702 1466 729 S.
1489 703 1518 729 P.
1541 703 1570 729 D.
1592 703 1627 729 M.
1649 703 1679 729 T.
1701 703 1731 729 Γ..

1134 741 1156 765 l.
1178 734 1238 765 Nos
1255 739 1298 765 liic
1315 739 1435 765 valemus
1455 746 1524 766 recte
1540 745 1577 770 et,
1598 749 1652 775 quo
1668 740 1765 766 melius
1782 740 1871 766 valea-

1077 785 1151 807 mus,
1168 785 1275 811 operam
1289 777 1425 803 dabimus.
1467 777 1585 812 Lepidus
1596 777 1735 803 commode
1746 777 1780 803 de
1792 777 1870 804 nobis

1076 815 1174 840 sentire
1187 814 1302 840 videtur.
1344 815 1422 840 Omni
1435 815 1527 841 timore
1541 814 1675 849 deposito,
1693 814 1824 840 debemus
1837 814 1870 841 li-

1077 851 1139 877 bere
1161 851 1325 885 reipublicae
1344 852 1493 878 consulere.
1534 852 1610 884 Quod
1631 853 1654 878 si
1673 853 1762 878 omnia
1781 857 1871 878 essent

1076 888 1176 918 aliena,
1195 894 1282 914 tamen
1295 889 1380 914 tribus
1396 890 1475 915 tantis
1491 889 1667 919 exercitibus,
1687 890 1802 924 propriis
1818 889 1870 915 rei-

1256 659 1334 679 (llomnt
1341 672 1345 679 .
1356 666 1419 676 oton-

1054 938 1055 942 =
1077 926 1211 960 publicae,
1226 926 1387 956 valentibus,
1405 935 1533 959 magnum
1545 927 1665 952 animum
1679 926 1775 952 babere
1787 926 1870 952 debe-

1077 963 1138 994 bas,
1155 971 1237 998 quem
1249 968 1273 989 et
1284 972 1391 998 semper
1402 960 1535 993 habuisti,
1553 969 1578 990 et
1594 972 1663 989 nunc
1676 963 1780 989 fortuna
1792 963 1871 989 adiu-

1078 1005 1155 1026 vante
1167 1009 1264 1036 augere
1276 1006 1360 1035 potes.
1395 1002 1419 1026 Ξ.
1433 1001 1505 1033 Quae
1517 1001 1565 1027 tibi
1577 1001 1764 1035 superioribus
1776 1001 1870 1026 litteris

1077 1046 1135 1064 mea
1150 1046 1231 1064 manu
1252 1038 1362 1072 scripsi,
1386 1038 1501 1064 terrendi
1523 1038 1561 1064 tui
1582 1046 1676 1063 caussa
1693 1037 1816 1064 homines
1832 1037 1871 1064 lo-

1077 1081 1206 1110 quuntur.
1223 1075 1251 1101 Si
1264 1074 1368 1101 frenum
1381 1075 1565 1105 momorderis,
1575 1083 1691 1109 peream,
1700 1075 1755 1100 site
1765 1083 1869 1104 omnes,

1077 1117 1142 1147 quot
1152 1117 1228 1142 sunt,
1247 1117 1386 1138 conantem
1404 1112 1476 1147 loqui
1489 1111 1556 1138 ferre
1568 1117 1702 1147 poterunt.
1742 1112 1807 1147 Ego,
1821 1112 1871 1138 tibi

1077 1154 1107 1176 ut
1117 1154 1192 1176 antea
1204 1150 1311 1184 scripsi,
1320 1149 1384 1175 dum
1397 1150 1464 1175 mihi
1475 1158 1489 1175 a
1501 1155 1525 1176 te
1538 1149 1639 1176 litterae
1650 1149 1767 1180 veniant,
1782 1150 1809 1176 in
1820 1149 1871 1176 lta-

1078 1186 1113 1213 lia
1124 1187 1256 1214 morabor.
1288 1194 1344 1213 vm.
1361 1186 1419 1213 Kal.
1435 1188 1494 1213 lun.
1506 1186 1648 1222 Eporedia.

1131 1264 1218 1285 xxw.
1238 1264 1257 1284 A
1264 1264 1315 1285 Ro.
1334 1264 1429 1288 Scribit,
1453 1264 1569 1291 superiore
1587 1263 1683 1291 epi-toln
1707 1263 1807 1284 timoren
1826 1262 1871 1284 nihi

1078 1303 1215 1327 exemptum;
1226 1302 1278 1323 turn,
1290 1299 1342 1326 quid
1353 1300 1459 1325 agendum
1470 1299 1491 1320 ei
1501 1299 1539 1324 sit,
1551 1303 1572 1320 et
1582 1299 1608 1320 de
1618 1298 1712 1327 pecunia
1721 1299 1815 1319 decreta.

1295 1336 1378 1359 (Occisis
1388 1336 1455 1357 Pnnn,
1464 1337 1528 1354 Hirtio
1537 1342 1583 1353 cun.
1595 1336 1650 1358 711.)

1097 1380 1132 1406 Μ.
1155 1379 1297 1406 CICERO
1318 1378 1346 1406 S.
1368 1379 1398 1406 D.
1420 1379 1548 1406 BRUTO
1567 1379 1644 1406 nss‘.
1666 1378 1748 1406 COS.
1769 1378 1851 1406 DES.

1136 1427 1159 1451 ⁴.
1181 1419 1270 1451 Narro
1293 1424 1357 1451 tibi:
1377 1429 1453 1451 antea
1469 1424 1657 1451 subirascebar
1671 1424 1796 1451 brevitati
1812 1429 1872 1451 tua-

1078 1471 1138 1488 rum
1159 1462 1320 1488 litterarum:
1343 1470 1415 1488 nunc
1434 1462 1502 1488 mihi
1519 1461 1619 1497 loquax
1637 1470 1697 1488 esse
1717 1461 1823 1494 videor,
1846 1466 1872 1488 te

1078 1500 1162 1535 igitur
1173 1499 1307 1526 imitabor.
1347 1499 1432 1532 Quan'i
1444 1499 1528 1526 multa
1542 1507 1623 1534 quam
1639 1499 1746 1534 paucis!
1762 1504 1787 1526 te
1802 1503 1872 1525 recte

1078 1536 1175 1567 valere,
1188 1545 1351 1571 operamque
1362 1536 1434 1567 dare,
1443 1541 1472 1563 ut
1482 1535 1603 1572 quotidie
1614 1536 1726 1569 melius3
1739 1535 1873 1571 Lepidum

1077 1573 1217 1601 commode
1241 1574 1354 1604 sentire:
1386 1574 1474 1600 tribus
1498 1573 1663 1600 exercitibus
1687 1573 1799 1609 quidvis
1823 1581 1872 1600 nos

1077 1615 1198 1646 oportere
1209 1610 1353 1637 confidere.
1379 1610 1408 1637 Si
1420 1610 1532 1637 timidus
1541 1619 1638 1642 essem,
1652 1615 1740 1637 tamen
1751 1611 1801 1637 ista
1813 1610 1872 1645 epi-

1077 1647 1144 1675 stola
1155 1648 1224 1674 mihi
1234 1656 1341 1674 omnem
1353 1652 1455 1674 metum
1466 1647 1650 1674 abstersisses.
1690 1647 1743 1674 Sed
1751 1668 1757 1679 ,
1774 1651 1804 1674 ut
1814 1655 1873 1674 mo-

1078 1694 1134 1716 nes,
1148 1684 1254 1711 frenum
1266 1684 1410 1711 momordi:
1423 1685 1521 1712 etenim
1532 1686 1589 1720 qui,
1603 1689 1627 1711 te
1638 1684 1752 1716 incluso,
1764 1692 1873 1711 omnem

1077 1731 1154 1758 spem
1165 1722 1307 1748 habuerim
1319 1723 1346 1748 in
1358 1727 1391 1752 te,
1399 1721 1467 1757 quid
1478 1730 1550 1748 nunc
1560 1721 1658 1757 putas?
1667 1721 1753 1757 Cupio
1765 1722 1818 1748 iam
1830 1722 1873 1748 vi-

1076 1760 1170 1796 giliam
1182 1768 1278 1790 meam,
1291 1760 1380 1790 Brute,
1394 1759 1443 1785 tibi
1455 1758 1570 1791 tradere;
1584 1758 1631 1785 sed
1644 1759 1688 1789 ita,
1701 1764 1731 1785 ut
1740 1767 1773 1786 ne
1784 1758 1872 1785 desim

1076 1797 1241 1824 constantiae
1251 1805 1337 1823 meae.
1372 1798 1398 1823 2.
1413 1795 1490 1829 Quod
1501 1796 1608 1827 scribis,
1622 1797 1650 1823 in
1661 1796 1735 1823 Italia
1749 1801 1873 1834 tehmora-

1077 1839 1176 1865 turum,
1190 1834 1256 1860 dum
1268 1833 1317 1860 tibi
1331 1833 1433 1860 litterae
1444 1842 1518 1860 meae
1529 1834 1652 1860 veniant:
1675 1834 1698 1860 si
1709 1842 1757 1868 per
1768 1833 1872 1860 bostem

1077 1871 1146 1902 licet,
1155 1880 1208 1898 non
1219 1872 1330 1897 erraris:
1344 1870 1428 1897 multa
1439 1871 1512 1897 enim
1521 1871 1633 1897 Romae:
1646 1871 1688 1897 sin
1699 1870 1816 1897 adventu
1826 1876 1873 1898 tuo

1075 1908 1179 1936 bellum
1194 1908 1290 1935 confici
1304 1913 1404 1944 potest,
1426 1908 1496 1934 nihil
1511 1908 1547 1934 sit
1566 1908 1716 1943 antiquius.
1754 1908 1873 1935 Pecunia

1076 1946 1281 1981 expeditissima
1301 1954 1371 1981 quae
1390 1950 1458 1977 erat,
1485 1945 1536 1972 tibi
1560 1944 1665 1972 decreta
1685 1949 1734 1971 est.
1783 1944 1872 1972 nabes

1076 1983 1293 2010 amantissimum
1314 1982 1454 2016 Servium3
1489 1991 1537 2010 nos
1561 1991 1614 2009 non
1638 1981 1778 2009 desumus.
1813 1990 1870 2009 vm.

1076 2021 1139 2048 Idus
1153 2021 1254 2048 Iunias.

1130 2098 1205 2119 XXV.
1221 2098 1298 2118 Atto.
1313 2097 1399 2119 Scribit
1408 2104 1491 2118 omnen
1501 2104 1562 2125 spen
1572 2103 1622 2118 ene
1630 2096 1745 2118 inm-neo
1754 2096 1872 2117 etnam.

1076 2136 1107 2154 to.
1131 2134 1165 2154 De
1174 2134 1204 2154 M.
1215 2132 1280 2153 Bruti
1288 2134 1354 2153 reliu-
1364 2132 1446 2153 certior
1455 2131 1504 2153 fieri
1514 2131 1583 2159 eupit.

1255 2170 1343 2191 (Romae.
1352 2169 1417 2187 occisis
1426 2169 1494 2190 Panse,
1503 2168 1566 2187 Hirtio
1576 2174 1623 2186 euu-
1633 2170 1689 2187 711.)

1224 2213 1261 2240 M.
1282 2212 1313 2239 T.
1334 2211 1364 2240 C.
1386 2212 1415 2239 S.
1435 2212 1466 2239 P.
1485 2212 1518 2239 D.
1538 2212 1569 2239 D.
1590 2209 1728 2238 BRUTO.

1135 2260 1159 2285 t.
1180 2254 1358 2293 Exspectanti
1372 2258 1442 2284 mihi
1456 2262 1516 2284 tuas
1529 2256 1650 2292 quotidie
1666 2256 1767 2283 litteras
1777 2256 1871 2292 Lupus

1077 2300 1167 2323 noster
1177 2295 1267 2322 subito
1277 2295 1448 2322 denuntiavit
1455 2315 1461 2326 ,
1476 2299 1507 2322 ut
1516 2294 1550 2320 ad
1560 2299 1585 2321 te
1595 2293 1742 2320 scriberem
1750 2313 1756 2325 ,
1768 2294 1793 2320 si
1803 2293 1871 2329 quid

1077 2333 1186 2360 vellem.
1225 2333 1282 2369 Ego
1293 2337 1392 2363 autem,
1404 2332 1464 2363 etsi,
1476 2331 1544 2367 quid
1553 2331 1710 2362 scriberem,
1723 2339 1776 2358 non
1786 2330 1872 2357 habe·

1077 2371 1154 2402 bam,
1170 2370 1238 2406 (acta
1252 2370 1326 2396 enim
1341 2369 1375 2396 ad
1389 2374 1413 2396 te
1429 2369 1499 2396 mitti
1509 2368 1641 2399 sciebam,
1657 2368 1766 2394 inanem
1780 2372 1870 2394 autem

1077 2416 1229 2434 sermonem
1249 2407 1399 2434 litterarum
1418 2407 1468 2434 tibi
1487 2404 1668 2432 iniucundum
1691 2413 1751 2431 esse
1774 2405 1871 2432 audie-

1077 2444 1161 2480 bam,)
1170 2445 1329 2471 brevitatem
1340 2448 1450 2470 secutus
1459 2451 1522 2469 sum
1532 2447 1557 2469 te
1567 2442 1705 2478 magistro.
1734 2441 1806 2469 Scito
1816 2441 1870 2478 igi-

1076 2487 1128 2513 tur,
1142 2482 1171 2509 in
1181 2486 1207 2509 te
1217 2486 1243 2508 et
1253 2482 1280 2508 in
1291 2481 1394 2517 collega
1403 2489 1481 2516 spem
1490 2488 1598 2506 omnem
1608 2488 1678 2506 esse.
1707 2480 1734 2506 2.
1754 2479 1791 2506 De
1800 2479 1870 2506 Bru-

1076 2524 1102 2546 to
1113 2524 1202 2554 autem
1213 2519 1282 2546 nihil
1294 2518 1383 2545 adbuc
1393 2518 1472 2545 certi:
1484 2525 1565 2552 quem
1571 2525 1630 2552 ego,
1637 2515 1868 2552 quemadmodum

1074 2557 1218 2591 praecipis,
1232 2556 1346 2591 privatis
1357 2555 1452 2582 litteris
1462 2554 1496 2581 ad
1507 2553 1609 2580 bellum
1619 2562 1762 2581 commune
1772 2561 1869 2580 vocare

1075 2602 1128 2620 nou
1148 2593 1253 2620 desino.
1291 2592 1345 2626 Qui
1364 2592 1467 2619 utinam
1490 2592 1544 2618 iam
1564 2591 1682 2618 adesset!
1709 2590 1867 2617 intestinum

1074 2631 1155 2658 Urbis
1165 2629 1282 2662 malum,
1297 2629 1372 2666 quod
1385 2634 1488 2657 estnon
1501 2628 1644 2661 mediocre,
1657 2628 1749 2655 minus
1759 2628 1868 2655 timere-
