1941 3052
627 141 833 169 ORATOR.
869 141 967 168 CAP.
1001 143 1150 168 59—66.

73 214 155 249 igitur
169 221 309 239 numerosa
323 214 416 244 oratio,
434 214 455 239 si
471 218 515 240 aut
530 212 693 239 laudandum
708 217 747 238 est
761 211 863 246 aliquid

73 251 204 281 ornatius,
221 255 250 276 ut
269 258 315 276 nos
333 251 361 276 in
379 251 554 277 accusationis
573 250 689 276 secundo
708 250 740 276 de
758 249 864 275 Siciliae

75 288 152 314 laude
169 288 302 317 diximus,
322 291 352 313 ut
369 288 396 313 in
415 292 509 314 senatu
527 288 559 313 de
577 287 717 313 consulatu
736 295 802 317 meo,
820 291 864 312 aut

73 325 228 360 exponenda
251 325 375 355 narratio,
395 334 464 360 quae
482 325 544 360 plus
563 325 700 360 dignitatis
721 324 861 354 desiderat,

73 372 154 398 quam
168 361 279 392 doloris,
300 366 329 388 ut
343 362 370 388 in
384 367 477 397 quarto
495 362 669 388 accusationis
683 361 716 388 de
730 361 863 387 Hennensi

74 400 174 430 Cerere,
191 399 223 425 de
238 399 380 434 Segestana
394 400 483 431 Diana,
503 399 535 425 de
550 399 741 435 Syracusarum
756 398 809 424 situ
823 398 864 424 di-

74 438 173 464 ximus.
214 436 298 470 Saepe
320 437 399 463 etiam
421 438 449 463 in
472 437 657 471 amplificanda
684 445 710 462 re
736 444 864 462 concessu

73 475 193 501 omnium
208 473 330 500 funditur
343 483 483 501 numerose
497 479 522 500 et
535 473 688 500 volubiliter
705 474 796 499 oratio.
836 472 865 498 Id

73 520 121 538 nos
136 511 245 538 fortasse
260 520 311 537 non
326 511 499 545 perfecimus,
515 512 600 538 conati
614 510 724 545 quidem
739 510 866 544 saepissi-

74 557 116 575 me
130 557 239 575 sumus:
262 549 334 583 quod
348 548 472 584 plurimis
488 549 551 575 locis
565 548 743 583 perorationes
762 551 865 573 nostrae

74 586 192 612 voluisse
207 594 254 612 uos
269 590 347 621 atque
362 587 450 613 animo
468 586 635 612 contendisse
653 584 796 611 declarant.
836 584 865 610 Id

74 628 162 650 autem
176 628 233 650 tum
248 623 325 655 valet,
342 632 427 658 quum
442 624 473 654 is,
490 623 537 658 qui
552 622 634 653 audit,
651 622 684 648 ab
698 626 798 648 oratore
813 621 864 647 iam

73 661 200 687 obsessus
219 665 258 687 est
275 669 304 686 ac
323 665 434 687 tenetur.
476 661 533 686 Non
551 660 622 686 enim
636 659 663 685 id
678 659 740 694 agit,
756 663 786 684 ut
799 659 866 684 insi-

73 699 161 724 dietur
175 703 200 724 et
213 698 344 728 observet,
361 698 409 723 sed
422 698 474 724 iam
489 697 560 723 favet
574 704 782 731 processumque
797 695 863 726 vult,

73 736 233 770 dicendique
252 736 306 761 vim
325 735 458 761 admirans
477 743 529 761 non
547 734 676 769 anquirit,
697 733 763 768 quid
778 742 867 768 repre-

74 773 180 799 hendat.
220 774 278 799 211.
298 772 366 798 Haec
384 776 472 798 autem
490 772 573 798 forma
591 771 726 797 retinenda
745 779 796 797 non
819 771 866 796 diu

73 814 120 842 est,
137 818 185 836 nec
198 809 257 836 dico
270 810 297 836 in
311 810 483 844 peroratione,
496 818 577 844 quam
588 809 672 843 ipsam
685 808 806 838 includit,
819 808 866 834 sed

73 848 100 874 in
113 847 238 874 orationis
253 847 364 882 reliquis
378 847 508 881 partibus.
549 847 615 872 Nam
629 855 715 881 quum
729 846 766 872 sis
780 846 813 872 iis
828 845 866 871 lo—

72 885 110 911 cis
124 893 205 916 usuS,
226 884 326 919 quibus
340 884 444 911 ostendi
459 884 546 915 licere,
563 883 744 910 transferenda
759 887 810 909 tota
825 883 866 909 di-

73 922 124 949 ctio
141 926 182 948 est
199 921 232 948 ad
249 921 308 953 illa,
329 930 397 956 quae
411 922 500 948 nescio
513 930 573 952 cur,
594 930 679 956 quum
695 921 787 947 Graeci
802 920 865 955 κόμ-

72 970 142 995 ματα
155 963 181 986 et
193 960 263 986 κῶλα
276 960 422 990 nominent,
439 968 487 986 nos
500 968 553 985 non
566 963 636 985 recte
649 959 732 985 incisa
747 963 771 985 et
781 966 867 984 mem-

73 997 119 1023 bra
132 996 264 1023 dicamus.
305 997 397 1032 Neque
411 997 482 1023 enim
497 1005 555 1023 esse
569 1001 683 1031 possunt
697 996 778 1022 rebus
790 996 866 1031 igno-

73 1035 107 1061 tis
121 1038 180 1061 nota
194 1034 314 1060 nomina:
336 1034 383 1060 sed
401 1043 486 1069 quum
506 1034 586 1060 verba
605 1038 650 1060 aut
668 1034 807 1060 suavitatis
821 1037 866 1059 aut

72 1072 177 1106 inopiae
190 1080 284 1098 caussa
302 1071 442 1098 transferre
460 1071 607 1102 soleamus,
627 1072 655 1098 in
673 1071 799 1098 omnibus
817 1071 867 1097 hoc

73 1109 101 1136 tit
123 1109 233 1140 artibus,
253 1113 291 1140 ut,
307 1118 391 1144 quum
411 1109 438 1135 id
452 1109 642 1144 appellandum
661 1109 703 1139 sit,
719 1108 792 1144 quod
806 1117 867 1142 pro—

73 1151 130 1181 pter
148 1155 236 1173 rerum
254 1147 446 1182 ignorationem
470 1148 590 1182 ipsarum
612 1146 718 1172 nullum
743 1146 867 1172 habuerit

72 1188 132 1210 ante
150 1192 259 1215 nomen,
280 1185 423 1210 necessitas
441 1189 516 1220 cogat
533 1188 579 1210 aut
593 1192 692 1210 novum
707 1183 792 1210 facere
806 1192 867 1210 ver-
888 1215 889 1220 ¹

73 1222 137 1248 bum
152 1226 197 1247 aut
210 1230 224 1247 a
238 1221 320 1248 simili
334 1222 461 1248 mutuari.

128 1259 219 1285 LXIII.
235 1260 294 1286 2⁴2.
309 1258 368 1291 Quo
381 1263 469 1285 autem
488 1263 564 1294 pacto
582 1259 673 1285 deceat
686 1258 768 1285 incise
781 1266 867 1284 mem-

73 1296 203 1322 bratimve
224 1296 290 1327 dici,
314 1297 368 1323 iarn
391 1296 556 1329 videbimus3
584 1305 667 1327 nunc,
692 1299 757 1331 quot
780 1295 866 1322 modis

73 1337 209 1359 mutentur
226 1334 476 1368 comprehensiones
499 1333 750 1368 conclusionesque,
775 1333 867 1359 dicen-

72 1370 137 1396 dum
152 1375 201 1396 est.
242 1371 314 1397 Fluit
330 1372 439 1398 omnino
457 1379 585 1397 numerus
600 1380 614 1397 a
628 1371 715 1405 primo
729 1375 785 1397 tum
799 1371 867 1397 inci-

72 1408 152 1434 tatius
167 1408 295 1434 brevitate
309 1409 417 1443 pedum,
435 1413 491 1435 tum
506 1409 660 1443 proceritate
672 1408 783 1434 tardius.
800 1408 867 1434 Cur-

72 1454 133 1471 sum
148 1446 328 1472 contentiones
347 1447 433 1481 magis
451 1446 605 1481 requirunt,
626 1446 806 1480 expositiones
825 1454 866 1471 re—

72 1491 132 1509 rum
151 1483 310 1509 tarditatem.
350 1484 451 1510 Insistit
469 1487 557 1509 autem
572 1483 689 1509 ambitus
703 1482 790 1509 modis
804 1482 866 1517 plu-

72 1520 160 1551 ribus,
181 1529 195 1546 e
213 1521 313 1555 quibus
332 1529 417 1547 unum
436 1525 475 1546 est
493 1525 583 1546 secuta
596 1520 658 1546 Asia
676 1520 801 1551 maxime,
818 1520 865 1555 qui

71 1557 213 1584 dichoreus
233 1562 353 1588 vocatur,
378 1566 463 1592 quum
482 1558 536 1584 duo
553 1558 664 1584 extremi
683 1557 771 1583 chorei
791 1562 862 1589 sunt,

71 1595 99 1622 id
121 1599 161 1621 est
178 1603 192 1621 e
210 1594 325 1630 singulis
341 1595 427 1630 longis
441 1600 466 1621 et
479 1595 617 1621 brevibus.
659 1594 864 1629 Explanandum

72 1637 112 1659 est
125 1633 206 1663 enim,
222 1632 294 1667 quod
309 1632 341 1658 ab
355 1632 414 1659 aliis
429 1633 510 1659 iidem
525 1632 606 1667 pedes
620 1631 680 1658 aliis
695 1633 866 1658 nominantur

72 1668 220 1696 vocabulis.
261 1671 318 1696 213.
334 1670 479 1696 Dichoreus
497 1678 549 1696 non
568 1674 607 1696 est
625 1669 670 1695 ille
688 1669 798 1704 quidem
818 1678 865 1695 sua

72 1711 166 1742 sponte
179 1707 292 1733 vitiosus
305 1708 332 1733 in
346 1707 489 1738 clausulis,
513 1707 560 1733 sed
574 1708 601 1733 in
616 1707 741 1733 orationis
756 1716 867 1733 numero

73 1744 139 1771 nihil
163 1749 203 1770 est
224 1749 277 1770 tam
295 1744 435 1776 vitiosum,
461 1753 542 1780 quam
560 1745 583 1770 si
602 1753 708 1779 semper
725 1749 765 1770 est
783 1744 864 1770 idem.

72 1782 148 1809 Cadit
162 1786 250 1808 autem
266 1790 312 1816 per
325 1791 354 1808 se
367 1783 425 1817 ipse
438 1781 484 1808 ille
502 1782 646 1817 praeclare,
663 1790 717 1816 quo
731 1782 809 1808 etiam
824 1791 867 1808 sa—

73 1821 147 1846 tietas
171 1818 335 1846 formidanda
353 1824 393 1846 est
407 1820 502 1855 magis.
542 1820 583 1846 Me
597 1823 682 1846 stante
696 1819 725 1846 C.
737 1819 821 1845 Carbo
835 1820 864 1845 C.

73 1858 102 1883 F.
118 1857 243 1883 tribunus
261 1856 349 1891 plebis
368 1858 395 1883 in
413 1857 538 1883 concione
561 1857 628 1883 dixit
652 1857 694 1883 his
714 1857 815 1883 verbis.-
845 1858 866 1883 Ο

71 1895 160 1921 Marce
184 1895 280 1925 Druse,
310 1899 411 1927 patrem
437 1896 543 1927 appello.
583 1895 652 1920 Haec
678 1894 788 1929 quidem
812 1894 866 1921 duo

72 1931 142 1958 binis
166 1931 280 1966 pedibus
292 1931 407 1958 incisim.
440 1932 505 1958 Dein
523 1931 706 1958 membratim:
732 1933 768 1957 Τιι
782 1934 866 1958 elicere

71 1970 181 1999 solebas,
205 1977 308 1995 sacrum
331 1978 383 1995 csse
404 1971 593 2002 rempublicam.
624 1970 682 1996 214.
706 1969 775 1995 Haec
802 1970 865 1995 item

72 2006 191 2032 membra
204 2007 295 2032 ternis.
337 2007 398 2033 Post
412 2007 542 2032 ambitus:
567 2007 725 2040 Quicumque
742 2015 797 2032 eam
810 2009 866 2032 vio-

73 2045 200 2073 lavissent,
216 2045 248 2069 nb
261 2046 375 2069 omnibus
389 2053 441 2069 esse
454 2046 477 2069 ei
487 2052 583 2076 poenas
594 2045 752 2076 persolutus:
773 2043 866 2070 dicho-

73 2089 143 2107 reus.
185 2080 257 2106 Nihil
272 2081 343 2106 enim
358 2081 391 2106 ad
405 2090 473 2112 rein,
490 2085 607 2107 extrema
621 2080 666 2107 illa
682 2080 759 2116 longa
773 2081 816 2112 sit,
833 2090 865 2107 an

71 2117 171 2144 brevis.
211 2117 324 2144 Deinde:
345 2118 430 2144 Patris
447 2120 542 2144 dictum
559 2121 661 2151 sapiens
678 2121 805 2144 temeritas
819 2120 867 2152 tilii

73 2157 250 2188 comprobavit.
292 2155 344 2181 lloc
363 2155 486 2181 dichoreo
505 2160 593 2182 tantus
611 2155 710 2181 clamor
731 2156 866 2181 concionis

72 2193 202 2219 excitatus
216 2197 264 2223 est,
281 2197 310 2218 ut
324 2192 480 2218 admirabile
494 2197 573 2218 esset.
613 2192 724 2224 Quaero,
738 2201 824 2219 nonne
839 2193 865 2219 id

72 2238 200 2256 numerus
219 2229 350 2256 effecerit?
370 2230 515 2256 Verborum
534 2230 653 2256 ordinem
676 2231 801 2261 immuta,
826 2230 866 2256 fac

71 2267 123 2293 sio:
149 2266 325 2300 Comprobavit
343 2269 390 2301 filii
409 2270 549 2298 temeritas,
575 2268 626 2293 iam
647 2267 712 2293 nihil
732 2268 794 2298 erit,
816 2268 864 2294 etsi

73 2307 201 2330 temeritas
213 2313 246 2330 ex
261 2305 346 2330 tribus
361 2305 489 2330 brevibus
507 2309 532 2330 et
552 2304 628 2339 longa
643 2309 694 2335 est,
711 2313 791 2339 quem
807 2305 866 2331 Ari—

71 2341 179 2368 stoteles
195 2346 223 2368 ut
241 2343 371 2376 optimum
388 2342 488 2376 probat,
506 2350 519 2367 a
534 2350 588 2376 quo
601 2342 738 2368 dissentio.
754 2357 791 2362 —-
804 2344 862 2369 2¹5.

71 2378 105 2405 At
122 2378 214 2405 eadem
237 2379 330 2410 verba,
355 2379 446 2405 eadem
470 2380 608 2405 sententia.
628 2394 664 2398 ——
679 2380 774 2405 Animo
796 2380 865 2406 istuc

73 2416 136 2442 satis
150 2420 198 2447 est,
214 2416 324 2442 auribus
340 2425 390 2443 non
405 2417 478 2442 satis.
501 2415 553 2442 Sed
567 2416 594 2442 id
608 2416 727 2442 crebrius
742 2416 797 2442 ficri
814 2426 863 2443 non

71 2457 179 2488 oportet.
219 2454 338 2480 Primum
357 2455 428 2480 enim
451 2462 578 2480 numerus
592 2454 752 2489 agnoscitur,
769 2454 865 2480 deinde

73 2491 158 2520 satiat,
175 2495 263 2525 postea
277 2491 380 2526 cognita
397 2490 519 2517 facilitate
533 2491 720 2517 contemnitur.

128 2527 218 2554 LXIV.
235 2528 286 2554 Sed
300 2533 363 2554 sunt
376 2528 511 2554 clausulae
526 2528 625 2562 plures,
641 2536 709 2562 quae
724 2536 865 2554 numerose
888 2529 889 2532 ’

72 2568 97 2591 et
110 2564 227 2591 iucunde
241 2565 343 2591 cadant.
385 2566 449 2591 Nam
464 2570 489 2592 et
502 2566 628 2595 creticus,
645 2565 691 2599 qui
706 2569 745 2591 cst
759 2574 772 2591 o
789 2565 864 2600 longa

72 2605 98 2628 et
110 2602 185 2629 brevi
199 2607 225 2629 et
239 2602 329 2638 longa,
345 2607 371 2629 et
384 2603 442 2629 eius
460 2603 579 2638 aequalis
594 2611 689 2637 paean,
713 2603 759 2637 qni
779 2603 865 2637 spatio

73 2647 119 2673 par
132 2644 180 2670 est,
196 2639 297 2676 syllaba
315 2639 424 2675 longior,
440 2649 521 2675 quam
531 2639 746 2666 commodissime
758 2644 865 2674 putatur

73 2677 99 2702 in
114 2677 228 2704 solutam
242 2677 384 2703 orationem
400 2677 506 2713 illigari,
522 2686 608 2712 quum
623 2677 656 2703 sit
670 2676 780 2711 duplex.
798 2677 862 2702 Nam

1659 146 1706 171 ⁴79

916 217 961 238 aut
978 221 992 238 e
1011 212 1087 248 longa
1105 217 1144 238 est
1162 217 1187 238 et
1205 212 1290 238 tribus
1309 212 1450 243 brevibus,
1471 213 1517 247 qui
1537 222 1665 240 numerus
1680 216 1707 241 in

916 250 1002 284 primo
1016 250 1096 285 viget,
1110 250 1175 275 iacet
1189 250 1215 275 in
1230 254 1355 280 extremo,
1372 254 1417 275 aut
1430 258 1443 275 e
1458 250 1564 276 totidem
1580 251 1707 278 brevibus

917 291 941 313 et
956 286 1041 322 longa,
1058 288 1084 313 in
1099 296 1179 321 quem
1194 288 1292 321 optime
1306 286 1397 312 cadere
1411 292 1518 313 censent
1529 292 1643 321 veteresg
1660 298 1708 324 ego

917 333 968 350 non
983 325 1060 359 plane
1075 325 1172 355 reiicio,
1189 324 1236 350 sed
1250 324 1314 350 alios
1329 329 1468 358 antepono.
1502 326 1559 351 ⁶216.
1576 326 1614 351 Ne
1628 335 1709 360 spon-

917 361 983 387 deus
1002 361 1111 396 quidem
1126 361 1248 387 funditus
1262 365 1302 387 est
1319 361 1510 396 repudiandus.
1550 362 1620 393 Etsi,
1636 363 1708 398 quod

917 403 956 424 est
970 407 983 424 e
998 399 1084 434 longis
1098 399 1217 429 duabus,
1238 398 1356 425 hebetior
1370 399 1475 425 videtur
1493 403 1517 425 et
1531 400 1640 431 tardior,
1662 401 1709 426 ha-

917 436 961 462 bet
975 441 1061 462 tamen
1076 436 1199 462 stabilem
1213 436 1356 470 quemdam
1371 441 1395 462 et
1409 445 1461 462 non
1475 441 1609 471 expertem
1621 437 1709 472 digni-

918 473 977 499 tatis
991 473 1118 508 gradum,
1134 473 1161 499 in
1175 473 1352 499 incisionibus
1372 482 1433 499 vero
1447 473 1530 500 multo
1544 475 1629 509 magis
1643 479 1667 501 et
1682 476 1709 501 in

917 511 1059 543 membris3
1082 511 1242 545 paucitatem
1265 511 1335 536 enim
1360 511 1459 545 pedum
1481 512 1618 546 gravitatis
1645 521 1708 538 suae

917 547 1038 573 tarditate
1051 552 1213 582 compensat.
1255 547 1307 574 Sed
1322 548 1369 574 hos
1383 557 1467 583 quum
1478 549 1505 574 in
1520 548 1648 576 clausulis
1663 558 1710 584 pe·-

917 585 964 611 des
983 585 1103 615 nomino,
1124 593 1175 610 non
1196 584 1288 619 loquor
1306 585 1338 611 de
1356 594 1409 611 uno
1428 585 1494 620 pede
1512 590 1641 612 extremo:
1663 587 1710 613 ad-

917 623 1000 657 iungo
1026 622 1108 657 (quod
1130 622 1273 648 minimum
1291 622 1334 657 sit)
1359 624 1510 656 proximum
1534 624 1706 658 superiorem,

919 668 997 694 saepe
1015 660 1094 685 etiam
1115 659 1232 685 tertium.
1273 661 1330 686 217.
1347 660 1384 685 Ne
1403 660 1508 686 iambus
1527 660 1645 695 quidem.
1662 663 1709 697 qui

918 701 957 722 est
975 705 988 722 e
1006 696 1081 722 brevi
1099 701 1124 722 et
1142 696 1228 732 longa,
1246 701 1290 723 aut
1309 706 1355 731 par
1373 697 1480 728 choreo,
1500 699 1546 732 qui
1565 698 1643 725 habet
1658 704 1709 725 tres

918 734 1025 764 breves,
1042 733 1194 764 trochaeus,
1211 733 1257 770 sed
1272 735 1357 768 spatio
1370 743 1429 768 par,
1451 744 1501 760 non
1521 735 1644 770 syllabis,
1665 741 1710 762 aut

918 771 996 797 etiam
1011 770 1146 806 dactylus,
1167 772 1215 805 qui
1232 776 1271 797 est
1285 780 1298 797 e
1314 771 1390 807 longa
1409 776 1433 797 et
1452 772 1557 798 duabus
1572 773 1707 804 brevibus,

919 809 941 834 si
956 812 995 834 est
1010 809 1148 842 proximus
1167 817 1180 834 a
1198 813 1344 843 postremo,
1366 818 1459 843 parum
1478 809 1631 835 volubiliter
1650 820 1710 845 per-

918 846 991 871 venit
1004 845 1036 872 ad
1050 850 1208 877 extremum,
1221 846 1243 872 si
1257 850 1297 872 est
1310 851 1444 872 extremus
1454 847 1565 872 choreus
1576 852 1620 873 aut
1630 856 1710 882 spou-

917 883 994 909 deus.
1035 883 1189 918 Numquam
1208 883 1279 909 enim
1298 884 1419 915 interest,
1445 889 1503 910 uter
1521 885 1554 910 sit
1573 893 1664 910 eorum
1682 886 1710 911 in

918 920 984 955 pede
999 925 1125 947 extremo.
1156 920 1208 946 Sed
1223 920 1303 947 iidem
1318 921 1345 947 hi
1361 926 1412 947 tres
1426 921 1507 956 pedes
1521 921 1589 947 male
1603 922 1711 948 conclu-

918 958 994 989 dunt,
1011 959 1033 984 si
1047 959 1109 993 quis
1121 966 1212 984 eorum
1223 959 1250 984 in
1262 963 1379 984 extremo
1390 959 1489 985 locatus
1500 964 1547 989 est,
1562 960 1613 985 nisi
1625 968 1709 994 quum

918 1005 965 1030 pro
978 996 1073 1022 cretico
1088 1000 1237 1030 postremus
1256 1001 1295 1022 est
1313 996 1444 1032 dactylus.
1485 996 1556 1022 Nihil
1579 997 1649 1022 euim
1671 998 1711 1023 in-

919 1038 1006 1064 terest,
1018 1033 1140 1069 dactylus
1151 1033 1185 1059 sit
1195 1038 1338 1063 extremus,
1352 1042 1384 1059 an
1395 1034 1515 1064 creticus,
1532 1034 1595 1068 quia
1610 1039 1711 1068 postre-

919 1079 961 1097 ma
975 1070 1091 1106 syllaba,
1107 1070 1197 1097 brevis
1212 1079 1244 1096 an
1260 1070 1337 1106 longa
1351 1072 1398 1101 sit,
1420 1080 1452 1097 ne
1466 1071 1492 1097 in
1508 1080 1586 1097 versu
1601 1072 1710 1106 quidem

919 1108 1007 1134 refert.
1048 1109 1106 1135 218.
1123 1107 1209 1140 Quare
1223 1108 1301 1134 etiam
1317 1117 1415 1143 paeana
1428 1109 1475 1143 qui
1490 1108 1558 1134 dixit
1572 1110 1707 1143 aptiorem.

918 1146 945 1172 in
959 1154 1013 1180 quo
1031 1150 1101 1171 esset
1119 1145 1197 1181 longa
1216 1151 1361 1180 postrema,
1386 1146 1452 1172 vidit
1466 1155 1568 1180 parum,
1584 1147 1710 1181 quoniam

919 1183 985 1209 nihil
1002 1183 1034 1209 ad
1048 1192 1104 1209 rem
1119 1187 1166 1213 est,
1183 1188 1315 1217 postrema
1329 1192 1361 1209 an
1377 1183 1454 1219 longa
1468 1184 1511 1210 sit.
1551 1184 1604 1209 Iam
1617 1192 1708 1218 paean,

918 1220 990 1256 quod
1008 1220 1100 1255 plures
1118 1220 1213 1246 babeat
1231 1220 1360 1256 syllabas,
1377 1230 1457 1256 quam
1477 1225 1537 1251 tres,
1555 1230 1682 1247 numerus
1697 1230 1709 1247 a

918 1258 1094 1293 quibusdam,
1117 1267 1168 1284 non
1182 1266 1229 1292 pes
1244 1258 1365 1284 habetur.
1405 1259 1452 1284 Est
1466 1258 1584 1293 quidem,
1602 1263 1629 1284 ut
1644 1259 1711 1285 inter

918 1304 1010 1322 omnes
1023 1299 1124 1322 constat
1138 1296 1273 1330 antiquos,
1290 1296 1466 1327 Aristotelem,
1488 1296 1708 1330 Theophrastum,

918 1333 1102 1364 Theodectem,
1119 1333 1265 1367 Ephorum,
1282 1342 1353 1359 unus
1372 1333 1528 1368 aptissimus
1545 1333 1652 1360 orationi
1670 1334 1710 1359 vel

918 1371 1012 1396 orienti
1027 1370 1068 1396 vel
1084 1370 1200 1403 mediae3
1222 1375 1317 1405 putant
1330 1370 1369 1396 illi
1384 1371 1463 1397 etiam
1477 1370 1588 1401 cadenti,
1605 1380 1658 1405 quo
1673 1370 1711 1397 lo-

918 1416 947 1433 co
962 1408 1027 1433 mihi
1042 1407 1148 1433 videtur
1162 1408 1246 1442 aptior
1259 1408 1381 1434 creticus.
1422 1408 1566 1434 Dochmius
1584 1413 1680 1438 autem.
1697 1417 1711 1434 e

918 1445 1038 1480 quinque
1052 1444 1172 1480 syllabis,
1189 1445 1273 1476 brevi,
1289 1445 1395 1471 duabus
1411 1445 1505 1479 longis,
1522 1445 1604 1475 brevi,
1623 1445 1707 1479 long-va,

918 1487 947 1508 ut
961 1486 1001 1508 est
1015 1482 1077 1508 hoc:
1099 1484 1199 1508 Amicos
1214 1487 1292 1512 lenes,
1308 1483 1404 1517 quovis
1421 1482 1475 1508 loco
1489 1487 1567 1517 aptus
1581 1487 1628 1513 est,
1645 1483 1709 1508 dum

918 1519 999 1545 semel
1020 1523 1144 1554 ponatur:
1168 1520 1278 1545 iteratus
1297 1524 1341 1546 aut
1359 1521 1543 1548 continuatus,
1568 1529 1710 1546 numerum

918 1561 1038 1591 apertum
1053 1561 1078 1583 et
1092 1557 1172 1583 nimis
1186 1557 1318 1592 insignem
1335 1557 1404 1583 facit.
1432 1558 1510 1583 LXV.
1526 1558 1583 1583 219.
1600 1558 1645 1583 llis
1661 1558 1711 1591 igi-

895 1610 896 1616 ι
919 1599 960 1620 tur
983 1599 1020 1620 tot
1042 1595 1295 1620 commutationibus
1323 1599 1429 1629 tamque
1450 1595 1528 1620 variis
1548 1595 1568 1620 si
1589 1599 1708 1620 utemur:

918 1641 965 1658 nec
983 1631 1196 1666 deprehendetur
1215 1632 1367 1658 manifesto.
1387 1632 1452 1666 quid
1467 1641 1480 1657 a
1496 1632 1571 1658 nobis
1585 1632 1617 1657 ‹le
1632 1632 1711 1658 intlu-

917 1670 980 1695 stria
996 1670 1047 1700 fiat,
1065 1673 1089 1695 et
1103 1673 1256 1695 occurretur
1270 1670 1392 1695 satietati.
1427 1670 1458 1695 Et
1472 1670 1535 1704 quia
1551 1678 1600 1695 non
1617 1678 1710 1695 niune-

918 1715 946 1733 ro
960 1706 1047 1733 solum
1063 1715 1203 1732 numerosa
1217 1707 1312 1737 oratio,
1333 1706 1379 1732 scd
1394 1711 1418 1732 et
1432 1707 1622 1741 compositione
1642 1707 1669 1732 tit
1686 1712 1711 1733 ct

917 1752 1012 1779 genere
1026 1744 1108 1779 (quod
1126 1749 1185 1770 ante
1204 1744 1305 1770 dictum
1324 1744 1372 1779 est)
1391 1745 1583 1773 concinnitatis,
1604 1753 1711 1778 compo-

917 1782 1013 1808 sitione
1027 1786 1112 1816 potest
1126 1781 1256 1817 intelligi,
1277 1790 1362 1816 quum
1377 1782 1412 1807 ita
1427 1786 1525 1807 structa
1545 1781 1622 1808 verba
1637 1787 1707 1810 sunt,

918 1824 947 1845 ut
961 1827 1090 1845 numerus
1109 1827 1160 1845 non
1179 1820 1326 1853 quaesitus,
1343 1819 1389 1845 sed
1405 1820 1462 1853 ipse
1476 1823 1583 1845 secutus
1598 1828 1656 1845 esse
1672 1820 1711 1845 vi-

917 1857 1018 1887 deatur,
1035 1861 1064 1882 ut
1077 1856 1148 1891 apud
1155 1856 1294 1882 Crassum:
1321 1857 1386 1882 Nam
1400 1859 1443 1882 ubi
1457 1858 1542 1882 lubido
1555 1859 1709 1883 dormiuntur.

918 1897 1076 1920 innocentiae
1090 1895 1141 1919 leve
1152 1896 1310 1927 praesidium
1324 1898 1369 1920 cst.
1400 1893 1470 1920 Ordo
1483 1894 1553 1919 enini
1569 1894 1710 1919 verborum

918 1931 999 1957 efficit
1022 1940 1163 1957 numerum
1184 1931 1241 1957 sine
1260 1931 1314 1957 ulla
1333 1936 1421 1965 aperta
1439 1932 1549 1957 oratoris
1569 1931 1708 1958 industria.

919 1970 1009 2003 ltaque
1029 1969 1050 1994 si
1069 1977 1138 2003 quac
1157 1974 1259 1994 veteres
1279 1968 1317 1994 illi
1332 1968 1502 2003 (Herodotum
1521 1968 1580 1994 dico
1598 1973 1622 1994 et
1638 1969 1711 1994 Thu-

895 2018 896 2024 *
917 2006 1055 2042 cyditlem,
1076 2010 1211 2041 totamque
1230 2015 1287 2031 eam
1307 2006 1427 2041 aetatem)
1442 2010 1501 2040 apte
1517 2014 1710 2040 numeroseque

917 2044 1055 2075 ‹lixerunt3
1078 2052 1107 2069 ea
1131 2052 1181 2069 non
1207 2052 1317 2069 numero
1341 2044 1474 2078 quaesito,
1500 2043 1546 2069 sed
1571 2043 1709 2069 verborum

917 2081 1087 2107 collocatione
1101 2080 1262 2106 ceciderunt.
1304 2082 1361 2107 220.
1379 2081 1487 2106 Formae
1506 2089 1566 2106 vero
1580 2081 1709 2115 quaedam

917 2123 980 2144 sunt
993 2118 1127 2149 orationis,
1154 2118 1180 2144 in
1195 2118 1296 2153 quibus
1314 2127 1343 2143 ea
1361 2119 1524 2144 concinnitas
1543 2122 1595 2148 est,
1623 2123 1649 2143 nt
1669 2126 1711 2143 se-

917 2160 1015 2190 quatur
1029 2164 1157 2181 numerus
1173 2156 1330 2181 necessario.
1359 2156 1423 2181 Nam
1437 2164 1522 2189 quum
1537 2160 1581 2180 aut
1597 2164 1642 2189 par
1655 2156 1709 2189 pari

918 2193 1030 2219 refertur
1048 2197 1093 2218 aut
1111 2193 1271 2219 contrarium
1283 2193 1413 2218 contrario
1423 2193 1566 2226 opponitur
1576 2197 1628 2220 aut,
1642 2201 1710 2226 quae

917 2230 1040 2256 similiter
1062 2230 1161 2256 cadunt
1180 2230 1273 2260 verba,
1295 2230 1384 2255 verbis
1406 2235 1604 2264 comparantur,
1630 2229 1710 2263 qnid-

916 2268 982 2302 quid
998 2268 1032 2293 ita
1046 2267 1227 2297 concluditur,
1249 2267 1408 2301 plerumque
1429 2268 1455 2292 lit
1470 2272 1497 2292 ut
1514 2276 1652 2292 numerose
1667 2275 1710 2291 ca-

916 2305 969 2330 dat.
1010 2305 1068 2336 Quo
1086 2304 1118 2330 de
1137 2313 1234 2339 genere
1253 2313 1313 2330 cum
1333 2304 1462 2338 exemplis
1481 2313 1560 2338 supra
1579 2304 1707 2333 diximus,

894 2357 896 2363 ι
917 2347 945 2368 ut
961 2342 1023 2367 haec
1036 2350 1144 2376 quoque
1158 2342 1232 2375 copia
1253 2341 1402 2367 facultatem
1423 2341 1523 2369 atl'erat.
1541 2350 1590 2367 non
1605 2350 1710 2375 semper

894 2365 896 2375 l

894 2378 895 2388 l

894 2393 896 2412 ;
916 2379 1007 2404 codem
1024 2378 1101 2404 modo
1119 2378 1267 2404 desinendi.

1296 2379 1347 2404 Nec
1363 2384 1447 2404 tamen
1464 2378 1526 2403 hacc
1545 2379 1578 2404 ita
1593 2383 1654 2403 sunt
1669 2387 1710 2403 ar-

894 2418 896 2427 *
916 2421 955 2441 cta
978 2420 1003 2441 ct
1026 2416 1143 2445 astricta,
1175 2420 1202 2441 ut
1225 2424 1267 2446 ca,
1296 2424 1380 2450 quum
1401 2415 1529 2443 velimus.
1559 2415 1645 2441 laxare
1665 2424 1710 2441 nt·-

887 2434 896 2483 ‘l

916 2461 1056 2488 queamus.
1099 2452 1212 2478 Multum
1228 2453 1344 2483 interest,
1367 2458 1455 2478 utrum
1471 2462 1610 2478 numerosa
1625 2454 1666 2479 sit.
1683 2453 1709 2478 id

915 2495 956 2516 est
973 2489 1070 2516 similis
1089 2498 1274 2520 numerorum,
1304 2499 1335 2515 an
1356 2490 1432 2524 plane
1446 2498 1459 2515 e
1474 2490 1591 2515 muneris
1609 2495 1710 2516 constet

916 2528 1006 2553 oratio.
1047 2526 1166 2553 Alterum
1181 2528 1203 2552 si
1219 2527 1259 2556 tit,
1281 2527 1445 2553 intolerabile
1461 2527 1554 2553 vitium
1569 2532 1622 2554 est:
1645 2527 1709 2552 altc-

916 2573 974 2590 rum
991 2565 1042 2590 nisi
1058 2565 1093 2594 tit,
1110 2564 1237 2598 dissipata
1252 2569 1276 2590 ct
1292 2565 1389 2590 inculta
1404 2570 1429 2590 ct
1444 2563 1527 2590 fluens
1542 2569 1580 2590 est
1594 2565 1684 2590 oratio.

973 2602 1062 2628 vat.
1078 2603 1137 2627 ⁶221.
1151 2601 1202 2627 Sed
1217 2602 1343 2636 quoniam
1360 2610 1409 2627 non
1426 2601 1503 2627 modo
1517 2611 1568 2628 non
1584 2602 1709 2637 frequen-

917 2644 962 2669 ter.
980 2647 1072 2665 verum
1087 2638 1166 2664 etiam
1182 2647 1239 2664 raro
1253 2639 1279 2664 in
1296 2639 1364 2664 veris
1378 2640 1482 2664 caussis
1496 2645 1539 2665 ant
1559 2639 1707 2665 forensibus

893 2698 894 2701 ,
915 2676 1114 2710 circumscripte
1134 2684 1327 2710 numeroseque
1346 2676 1487 2702 dicendum
1508 2681 1559 2704 cst.
1577 2677 1652 2712 sequi
1669 2678 1708 2702 vi—

1445 2723 1501 2747 23·
