1941 3052
222 141 270 165 5υῦ
798 138 835 163 55.
870 136 904 162 M.

221 214 275 236 crat
291 218 332 236 res
349 209 414 238 ulla,
437 217 517 243 qutun
535 207 599 233 mihi
617 207 700 239 iring-'ia
716 206 857 241 optandam
871 206 1010 240 putnrem‘?
1030 208 1032 227 i

221 252 265 273 arnt
280 257 329 280 «¹54¹»
345 246 403 272 illas
420 255 460 271 res
477 251 560 271 tant-n·
573 245 598 270 in
611 249 679 269 tauta
693 244 873 277 impmtmrum
887 243 1009 269 multitu·
1030 243 1031 256 ¹

221 284 283 310 dinev
295 292 377 317 qutun
390 283 527 316 gerebam,
542 291 592 307 non
605 281 669 306 mihi
683 290 762 310 mors.
776 290 825 306 uon
839 280 963 306 exsilium
975 280 1009 306 ob
1030 306 1032 321 ³

220 321 311 347 oculos
325 321 495 345 versabatur?
515 328 565 344 non
579 318 641 343 haec
652 317 768 351 deniqne
780 326 792 343 a
806 327 847 343 mc
861 322 925 346 tuin,
943 322 1010 343 tain-

220 367 300 392 (μυ-ιιι
315 357 373 386 sata,
389 358 412 382 in
426 357 481 390 ipsa
494 365 520 380 rc
530 355 644 387 gerenda
656 355 836 380 cametmntur‘?
849 364 881 380 an
893 359 947 380 crat
959 355 1009 380 tui-
1030 376 1031 381 .

221 395 246 420 hi
265 396 289 420 in
307 399 377 419 tanto
393 393 463 418 luctu
482 401 614 422 meorum,
638 396 706 417 tanta
723 392 915 422 disiunctione,
939 396 1008 417 tauta

220 432 369 459 acerbitate,
385 435 452 455 tanta
464 429 620 463 spoliatione
632 429 751 454 oninium
765 437 863 458 reruni,
880 437 946 462 qusu)
959 429 1009 454 mi-
1030 450 1032 457 .

221 469 246 494 hi
259 473 304 493 nul.
316 472 406 493 natura
417 471 461 492 aut
474 466 576 492 fortuna
588 466 709 495 dederat,
725 466 775 492 vita
788 466 941 492 retinenda?
957 471 1007 491 tam
1030 498 1033 502 ‚

219 514 289 531 eram
303 505 394 530 rudis?
415 508 466 529 tam
479 504 586 537 ignarus
599 502 705 528 reruni‘?
725 507 776 529 tani
794 512 890 537 expers
905 503 1008 529 consilii

219 547 263 567 aut
276 542 393 574 ingenii?
405 540 470 566 nihil
483 540 637 566 audieram?
649 539 714 566 nihil
729 540 845 566 videram
852 541 864 565 ‘3
875 539 940 567 nihil
952 539 1009 574 ipsc

220 578 332 613 legendo
342 577 548 612 quaerendoque.
560 576 755 610 cognoveram?
774 578 924 603 nesciebam
941 578 1008 603 vitae

219 616 325 641 hrcvcm
337 624 395 641 esse
407 624 524 645 cursum,
537 614 637 650 gloriae
648 614 861 649 sempiternum?
871 623 955 649 quum
967 623 1010 640 es-

217 658 257 678 set
271 652 397 678 omnibus
413 652 519 679 delinita
536 661 620 681 mors.
642 651 787 686 optandum
805 660 877 682 csse,
900 656 929 678 ut
946 652 1006 681 vita,

217 699 285 724 qnam
310 690 460 716 necessitati
483 690 639 720 deberetur,
668 689 767 724 patriae
791 690 879 723 potius
902 688 1006 717 donata.

217 736 297 761 quam
314 731 443 753 reservata
461 731 568 753 naturae
584 726 736 752 videretur?
756 727 918 756 nesciebam,
943 727 1009 752 inter

217 764 429 798 sapientissimos
441 764 562 790 homines
574 764 640 789 hanc
654 764 847 790 contentionem
865 763 962 794 fuisse,
981 767 1008 788 ut

216 801 260 828 alii
277 801 395 828 dicerent
410 802 512 828 animos
533 801 672 827 hominnm
692 809 843 835 sensusque
865 805 947 827 morte
968 809 1009 827 re-

216 839 333 873 stingui,
355 838 399 864 alii
413 843 502 865 autem
519 844 575 864 tum
594 839 708 864 maxime
725 843 826 864 mentes
846 838 1007 872 sapientium

216 884 246 902 ac
257 875 364 902 fortium
378 876 596 910 virorum,quum
609 884 623 901 e
633 883 741 910 corpore
753 875 1008 906 excessiss(·nt,seu—

217 914 264 940 tire
279 922 308 939 ac
325 913 432 948 vigere?
447 922 560 947 quornm
577 913 688 938 alterum
705 912 862 947 fugiendum
875 922 926 939 non
938 921 1005 942 esse,

209 959 304 977 -carere
315 959 410 977 sensu:
432 950 544 976 ulterum
557 951 635 976 etiam
647 951 806 984 optandum.
825 949 933 976 meliore
948 958 1007 975 esse
1036 963 1038 978 ι

1036 1001 1038 1013 1.
1059 997 1205 1023 eorumque
1217 988 1396 1023 periculorum
1411 990 1488 1015 estin
1501 988 1635 1023 republica
1648 988 1784 1015 retinenda
1797 997 1854 1015 mo-

215 996 307 1014 sensu.
340 989 380 1013 48.
394 988 521 1022 Denique,
534 996 619 1022 quum
631 988 719 1013 omnia
732 996 838 1021 semper
849 987 880 1013 ad
892 987 1008 1022 dignita—

216 1029 268 1051 tem
281 1024 440 1055 retulissem,
450 1034 497 1051 nec
508 1025 565 1051 siue
576 1033 605 1050 ea
616 1024 764 1059 quidquam
776 1024 954 1058 expetendum
965 1033 1008 1050 es-
1036 1054 1037 1060 1

215 1071 244 1088 se
256 1062 357 1088 homini
369 1063 395 1088 in
408 1063 459 1088 vita
472 1067 622 1097 putassem:
636 1067 756 1091 mortem,
769 1070 849 1096 quam
862 1062 940 1088 etiam
954 1062 1008 1087 vir-

214 1099 291 1135 gines
301 1099 422 1130 Athenis,
436 1100 520 1135 regis,
532 1100 638 1134 opinor,
652 1099 792 1125 Erechthei
805 1098 886 1128 tiliae,
903 1107 950 1133 pro
961 1107 1008 1133 pa-

215 1137 263 1162 tria
275 1137 468 1171 contempsisse
479 1137 618 1167 dicuutur,
642 1145 690 1171 ego
702 1136 742 1162 vir
751 1136 914 1166 consularis,
928 1137 1007 1162 tantis

215 1174 296 1200 rebus
310 1174 406 1209 gestiS,
425 1174 564 1200 timerem?
583 1174 738 1208 pracsertim
753 1182 838 1208 quum
851 1174 908 1199 eius
919 1181 1005 1199 essem

214 1211 344 1242 civitatis,
367 1220 399 1238 ex
414 1220 466 1245 qua
482 1212 513 1243 Q.
532 1212 636 1237 Mucius
651 1210 724 1237 solus
738 1211 764 1236 in
780 1215 863 1236 castra
878 1211 1006 1236 Porsenae

214 1249 340 1279 venisset,
353 1257 469 1283 eumque
481 1249 635 1279 interficere,
650 1248 782 1282 proposita
794 1248 846 1274 sibi
859 1253 950 1278 morte,
964 1256 1007 1273 co-

214 1290 292 1312 natus
304 1284 391 1311 csset'?
409 1294 442 1312 ex
453 1294 504 1320 qua
518 1286 544 1311 1‘.
557 1286 652 1312 Decius
663 1286 780 1320 primum
794 1289 875 1319 pater,
889 1289 948 1320 post
957 1284 1007 1311 ali—

215 1327 281 1357 quot
291 1331 374 1349 annos
386 1324 469 1357 patria
485 1323 583 1349 virtute
597 1323 733 1357 praeditus
749 1322 820 1348 lilius
836 1331 864 1348 se
880 1331 909 1348 ac
924 1322 1006 1348 vitam

213 1368 303 1391 suam,
318 1361 445 1386 instructa
456 1360 524 1391 acie,
541 1369 589 1395 pro
600 1360 685 1386 salute
697 1359 788 1394 populi
801 1360 911 1386 Romani
924 1360 1007 1386 victo-

214 1398 305 1431 riaque
321 1396 493 1423 devovisset?
513 1406 547 1424 ex
561 1406 613 1432 qua
631 1396 840 1423 innumerabiles
852 1397 896 1423 alii
909 1397 1005 1431 partim

212 1434 398 1468 adipiscendae
424 1434 524 1465 laudis,
557 1435 654 1469 partim
677 1434 801 1460 vitandae
831 1434 1006 1469 turpitudinis

212 1480 306 1498 caussa
323 1476 434 1498 mortem
445 1472 473 1498 in
486 1472 566 1498 variis
577 1471 656 1498 bellis
667 1471 840 1506 aequissimis
850 1472 947 1498 animis
958 1480 1007 1506 op-

212 1508 358 1543 petissent?
377 1509 405 1535 in
420 1518 473 1544 qua
489 1509 594 1535 civitate
610 1510 668 1543 ipse
683 1509 881 1539 meminissem,
904 1514 1004 1543 patrem

211 1546 294 1572 huius
305 1547 340 1573 M.
353 1546 450 1577 Crassi,
465 1545 642 1573 fortissimum
654 1547 751 1576 virum,
765 1554 798 1572 ne
810 1545 912 1572 videret
923 1546 1006 1572 victo-

211 1592 266 1609 rem
280 1584 358 1610 vivus
370 1584 522 1614 inimicum,
542 1584 633 1610 eadem
648 1584 701 1610 sibi
717 1592 798 1609 manu
810 1583 892 1610 vitam
904 1583 1006 1610 exhau-

211 1621 289 1651 sisse,
302 1629 354 1655 qua
366 1625 477 1647 mortem
489 1630 568 1656 saepe
580 1621 704 1647 hostibus
714 1619 876 1647 obtulisset?

267 1658 352 1684 xxu.
366 1659 407 1684 49.
426 1658 493 1684 Haec
503 1666 552 1693 ego
563 1662 588 1684 et
599 1658 683 1684 multa
694 1657 744 1684 alia
754 1657 872 1692 cogitans
880 1677 886 1688 ‚
902 1657 952 1684 hoe
964 1658 1005 1684 vi-

211 1695 320 1726 debam,
343 1695 366 1721 si
381 1703 503 1721 caussam
520 1695 655 1729 publicam
671 1703 729 1721 mea
750 1703 821 1721 mors
836 1695 1002 1729 peremisset,

211 1733 345 1759 neminem
358 1741 486 1767 umquam
499 1732 566 1763 fore,
583 1733 630 1767 qui
645 1732 755 1759 auderet
767 1732 904 1766 suscipere
915 1737 1004 1759 contra

211 1769 346 1803 improbos
357 1770 430 1795 cives
442 1769 604 1803 reipublicae
614 1769 739 1796 salutem.
760 1769 851 1803 ltaque
858 1778 908 1796 non
915 1769 1004 1796 solum

210 1806 234 1832 si
247 1807 272 1832 vi
285 1806 445 1837 interissem,
459 1806 504 1832 sed
517 1807 595 1833 etiam
607 1807 630 1832 si
643 1807 734 1833 morbo
745 1806 893 1832 exstinctus
905 1815 1001 1838 essem,

211 1842 266 1870 fore
278 1843 412 1877 putabam,
426 1848 454 1869 ut
468 1843 621 1878 exemplum
634 1843 796 1878 reipublicae
807 1844 1003 1870 conservandae

210 1888 316 1907 mecum
332 1880 413 1906 simul
430 1881 558 1906 interiret.
598 1880 665 1913 Quis
682 1881 754 1907 enim
771 1889 913 1915 umquam,
931 1890 974 1911 me
989 1890 1002 1907 a

209 1922 303 1944 senatu
323 1917 474 1952 populoque
494 1918 624 1946 Romano.
646 1922 717 1944 tanto
736 1918 856 1944 omnium
872 1917 1002 1944 bonorum

210 1954 308 1985 studio,
322 1963 373 1981 non
385 1955 514 1985 restituto,
523 1954 604 1989 (quod
615 1960 693 1985 certe,
702 1955 725 1981 si
736 1963 823 1981 essem
836 1955 1000 1987 interfectus,

209 1991 328 2018 accidere
340 2000 390 2018 non
403 1991 642 2026 potuisset‚)ullam
655 1992 816 2026 reipublicae
828 1997 929 2026 partem
939 2001 1002 2019 cum

210 2037 259 2055 sua
275 2029 384 2054 minima
401 2029 501 2055 invidia
513 2029 621 2055 auderet
631 2029 778 2064 attingere?
798 2029 908 2056 Servavi
920 2031 1002 2065 igitur

209 2065 403 2100 rempublicam
419 2066 540 2092 discessu
557 2074 628 2096 meo,
642 2066 758 2093 iudices:
781 2066 887 2093 caedem
899 2075 913 2092 a
926 2068 1001 2093 vobis

210 2102 356 2137 liberisque
369 2104 477 2134 vestris3
501 2104 659 2134 vastitatem,
673 2103 929 2138 incendia,rapinas,
944 2113 1002 2131 meo

209 2139 299 2166 dolore
311 2140 438 2175 luctuque
449 2140 556 2174 depuli:
578 2145 603 2167 et
615 2149 686 2167 unus
697 2140 739 2167 bis
746 2141 939 2176 rempublicam
946 2150 1003 2168 ser-

209 2177 280 2208 vavi,
293 2177 374 2204 semel
386 2177 478 2213 gloria,
493 2178 588 2204 iterum
600 2186 725 2204 aerumna
738 2187 805 2204 mea.
828 2179 919 2213 Neque
930 2180 1000 2205 enim

208 2215 236 2241 in
258 2215 307 2241 hoc
327 2223 369 2240 me
385 2215 520 2241 hominem
535 2223 595 2241 esse
610 2215 743 2242 infitiabor
759 2224 901 2250 umquam.
920 2221 949 2242 ut
960 2225 1002 2242 me

208 2253 309 2286 optimo
325 2251 416 2282 fratre,
429 2253 575 2278 carissimis
591 2252 696 2283 liberis,
710 2252 865 2279 fidelissima
876 2253 999 2289 coniuge,

209 2293 297 2315 vestro
307 2293 459 2323 conspectu.
467 2289 559 2324 patria,
568 2289 616 2315 hoc
631 2290 737 2316 honoris
747 2290 1002 2325 gradu,sinedolore

208 2326 327 2352 caruisse
336 2326 443 2361 glorier.
479 2326 555 2358 Quod
565 2327 588 2352 si
601 2326 738 2354 fecissem:
760 2327 832 2362 quod
842 2336 856 2354 a
867 2336 910 2354 me
920 2327 1002 2354 bene-

209 2363 298 2389 ficium
311 2363 452 2394 haberetis.
465 2372 550 2398 quum
562 2372 609 2398 pro
621 2364 697 2390 vobis
707 2372 823 2399 ea‚quae
834 2365 900 2391 mihi
911 2369 1002 2391 essent

208 2400 285 2430 vilia,
304 2400 492 2435 reliquissem?
515 2401 581 2432 Hoc,
599 2409 658 2427 meo
669 2401 778 2436 quidem
790 2402 887 2432 animo,
900 2403 1001 2428 summi

209 2437 236 2462 in
250 2438 359 2470 patriam
370 2438 467 2464 amoris
479 2439 531 2464 mei
542 2438 650 2474 signum
661 2438 998 2470 essedebetcertissimum,

209 2473 289 2507 quod,
302 2483 387 2508 quum
398 2475 490 2501 abesse
501 2475 533 2501 ab
544 2483 574 2501 ea
586 2484 637 2501 non
649 2483 754 2509 possem
766 2476 825 2501 sine
835 2484 943 2502 summo
953 2476 1001 2502 do-

211 2509 276 2539 lore,
296 2511 366 2536 hunc
378 2520 419 2537 me
432 2513 548 2546 perpeti,
561 2520 643 2547 quam
656 2511 730 2538 illam
743 2512 893 2539 labefactari
904 2513 938 2539 ab
948 2513 1001 2539 im-

209 2546 313 2580 probis,
336 2547 427 2574 malui.
468 2550 510 2575 50.
536 2549 709 2575 Memineram
718 2569 724 2580 ‚
741 2549 858 2581 iudices,
875 2549 1000 2576 divinum

208 2583 287 2609 illum
303 2584 403 2613 virum,
419 2589 498 2620 atque
509 2594 542 2612 ex
553 2586 663 2618 iisdem,
679 2586 780 2621 quibus
792 2595 852 2617 nos,
864 2586 1000 2613 radicibus

209 2624 301 2646 natum
316 2620 348 2646 ad
363 2621 474 2647 salutem
491 2622 572 2649 huins
587 2623 702 2657 imperii,
715 2623 744 2650 C.
758 2623 880 2654 Marium,
893 2632 999 2650 summa

208 2661 352 2687 senectute,
364 2666 448 2692 quum
460 2659 514 2685 vim
526 2667 607 2694 prope
620 2660 752 2687 iustorum
763 2668 896 2687 armorum
907 2660 1001 2696 profu-

939 136 968 162 T.
999 136 1272 163 (zttzt-:ttors'ts

1060 207 1157 240 nisset,
1175 207 1261 241 primo
1275 206 1359 233 senile
1373 216 1470 242 corpus
1485 208 1630 242 paludibus
1643 208 1791 234 occultasse
1805 208 1853 235 do-

1062 253 1193 270 menum:
1216 244 1312 270 deinde
1327 244 1359 270 ad
1371 246 1522 272 intimorum
1535 255 1564 271 uc
1575 247 1792 272 tenuissimorum
1806 246 1853 272 ho-

1061 282 1164 307 minum
1191 281 1333 307 Minturnis
1359 282 1566 309 misericordiam
1591 283 1758 317 confugisse:
1791 283 1854 310 indo

1062 319 1168 350 tunimo
1179 327 1316 353 perparvo,
1330 327 1415 353 quum
1425 328 1517 345 omnes
1528 324 1619 354 porws
1630 325 1765 355 terra-que
1777 320 1854 352 iugc>

1061 360 1112 385 ret,
1131 356 1156 381 in
1173 364 1232 381 urm*
1247 355 1349 382 Africae
1364 355 1561 382 desertissimas
1572 358 1735 391 pervenisse
1766 358 1854 391 Atque

1062 392 1106 419 ille
1127 393 1207 418 vitam
1224 402 1314 422 suam,
1333 401 1365 418 ne
1382 393 1484 419 inultus
1499 398 1582 423 esset,
1599 394 1632 420 ad
1648 395 1852 421 incertissimum

1061 438 1136 463 spem
1160 435 1186 455 ct
1206 430 1238 455 ad
1260 430 1423 464 reipublicae
1443 430 1526 456 [atum
1547 432 1705 457 reservavit:
1727 441 1791 463 ego,
1805 431 1852 466 qui

1060 467 1298 501 (quemadmodum
1311 467 1387 493 multi
1400 468 1426 493 in
1441 473 1534 493 senatu
1546 476 1587 493 mc
1599 468 1707 494 absente
1717 468 1854 502 dixerunt)

1062 504 1180 538 periculo
1191 504 1352 538 reipublicae
1365 505 1497 534 vivebam,
1505 506 1608 539 quique
1617 505 1652 531 ob
1663 513 1720 531 eam
1731 514 1853 532 caussam

1060 541 1247 567 consularibus
1260 541 1353 567 litteris
1365 541 1397 567 de
1403 547 1512 568 senatus
1523 543 1651 568 sententia
1662 543 1758 568 exteris
1769 543 1854 570 natio-

1061 579 1141 604 nibus
1156 579 1373 609 commcndahar,
1387 587 1481 609 nonne,
1494 579 1518 605 si
1530 588 1615 605 meam
1628 580 1707 605 vitam
1718 579 1855 606 deseruis-

1061 625 1127 645 sem,
1136 616 1328 650 rempublicam
1341 616 1538 650 prodidissem?
1558 617 1584 642 in
1595 616 1764 651 quoquidem
1772 625 1851 647 nunc,

1038 670 1039 691 3
1062 662 1103 679 me
1119 654 1252 683 restituto,
1272 654 1337 679 vivit
1353 662 1458 679 mecum
1470 653 1552 679 simul
1563 653 1716 688 exemplum
1729 654 1790 680 fidei
1803 662 1855 688 pu-

1061 690 1157 720 blicae,
1180 690 1333 724 exemplum
1350 690 1512 725 reipublicae
1527 690 1721 722 detendendae,
1743 691 1815 725 quod
1830 691 1854 718 ni

1038 739 1039 742 ¹
1061 727 1208 754 immortale
1225 729 1364 758 retinetur,
1381 729 1443 762 quis
1460 737 1510 754 non
1527 728 1664 763 intelligit,
1678 727 1853 754 immortalem

1061 765 1128 791 hanc
1139 765 1271 791 civitatem
1280 765 1416 791 suturam?
1430 765 1526 791 xxm.
1542 766 1584 791 51.
1593 766 1658 791 Nam
1665 770 1773 792 externa
1784 765 1853 792 betta

1037 803 1039 808 ’
1061 811 1168 837 regum,
1185 803 1321 837 gentium,
1338 803 1490 833 nationum,
1508 802 1666 836 iampridem
1678 803 1713 828 ita
1724 803 1853 829 exstincta

1060 844 1135 870 sunt,
1154 844 1183 865 ut
1199 840 1330 874 praeclare
1345 848 1406 866 cum
1423 841 1455 866 iis
1466 848 1586 875 agamus,
1598 848 1667 874 quos
1679 845 1784 874 pacatos
1794 847 1854 866 esse

1037 885 1038 890 ¹
1061 877 1201 911 patiamur.
1231 877 1350 911 Denique
1362 886 1394 903 ex
1405 877 1499 903 bellica
1511 878 1618 903 victoria
1630 886 1681 903 non
1695 877 1748 903 sere
1757 885 1854 912 quem-

1037 930 1038 935 =
1059 922 1139 948 quam
1152 918 1192 940 est
1203 914 1304 940 invidia
1315 915 1416 940 civium
1430 919 1580 940 consecuta.
1607 914 1764 941 Domesticis
1775 914 1853 941 malis

1059 956 1084 977 et
1103 951 1245 977 audacium
1265 951 1366 977 civium
1386 952 1507 978 consiliis
1522 960 1601 985 saepe
1612 956 1651 978 est
1662 951 1852 982 resistendum,

1059 1026 1160 1052 dicina:
1182 1034 1264 1060 quam
1280 1034 1400 1056 omnem.
1415 1026 1530 1056 iudices,
1548 1026 1745 1060 perdidissetis,
1759 1026 1854 1052 simeo

1059 1063 1167 1089 interitu
1183 1064 1287 1089 senatui
1304 1063 1456 1097 populoque
1472 1063 1588 1090 Romano
1603 1062 1702 1089 doloris
1712 1064 1755 1089 sui
1766 1063 1799 1089 de
1811 1070 1853 1090 me

1059 1100 1209 1126 declarandi
1230 1104 1346 1134 potestas
1361 1105 1431 1126 esset
1446 1105 1545 1134 erepta.
1585 1100 1672 1132 Quare
1689 1109 1784 1126 moneo
1794 1108 1850 1131 vos,

1059 1137 1247 1167 adolescentes,
1261 1142 1340 1172 atque
1353 1137 1401 1163 hoc
1412 1146 1471 1164 meo
1481 1138 1539 1164 iure
1551 1137 1692 1171 praecipio,
1705 1137 1752 1172 qui
1763 1137 1854 1173 ‹tigni-

1060 1179 1148 1205 tatem,
1160 1175 1208 1209 qui
1220 1174 1478 1210 rempublicam,qui
1489 1175 1601 1210 gloriam
1612 1176 1752 1208 spectatis:
1775 1183 1816 1203 ne.
1828 1175 1852 1201 si

1058 1220 1112 1247 qua
1127 1220 1174 1238 vos
1190 1211 1334 1246 aliquando
1350 1213 1493 1238 necessitas
1507 1211 1541 1238 ad
1555 1211 1748 1246 rempublicam
1762 1216 1852 1238 contra

1059 1249 1194 1284 improbos
1210 1249 1282 1275 cives
1298 1248 1492 1275 defendendam
1505 1249 1622 1278 vocabit,
1639 1249 1777 1283 segniores
1791 1249 1852 1275 sitis

1059 1291 1084 1312 et
1099 1286 1278 1312 recordatione
1293 1286 1344 1312 mei
1360 1295 1438 1312 casus
1454 1294 1468 1312 a
1482 1286 1602 1312 consiliis
1613 1285 1726 1312 fortibus
1736 1285 1854 1322 refugia-

1059 1324 1102 1350 tis.
1133 1325 1175 1350 52.
1191 1323 1311 1349 Primum
1329 1332 1380 1349 non
1396 1327 1435 1349 est
1447 1322 1608 1358 periculum,
1621 1323 1711 1358 nequi
1723 1331 1852 1357 umquam

1058 1361 1112 1387 siut
1127 1361 1155 1387 in
1170 1361 1276 1387 civitate
1291 1360 1424 1387 eiusmodi
1439 1360 1577 1391 consules,
1595 1361 1749 1394 praesertim
1764 1361 1787 1386 si
1803 1360 1853 1387 erit

1059 1398 1100 1424 his
1112 1398 1148 1428 id,
1161 1397 1234 1433 quod
1245 1397 1367 1428 debetur.
1380 1397 1558 1432 persolutum.
1591 1397 1692 1424 Deinde
1704 1405 1852 1432 numquam

1058 1436 1120 1466 iam,
1135 1440 1164 1462 ut
1173 1443 1260 1470 spero,
1273 1435 1418 1470 quisquam
1431 1435 1579 1469 improbus.
1593 1434 1705 1462 consilio
1715 1439 1740 1461 et
1750 1434 1853 1462 auxilio

1058 1473 1188 1499 bonorum
1199 1481 1228 1499 se
1239 1481 1395 1508 oppugnare
1406 1471 1600 1507 rempublicam
1611 1471 1689 1507 dicet.
1698 1471 1753 1498 illis
1764 1476 1853 1499 tacen—

1058 1510 1144 1542 tibus,
1162 1518 1210 1536 nec
1225 1511 1317 1536 armati
1333 1511 1466 1536 exercitus
1478 1514 1602 1536 terrorem
1614 1514 1728 1544 opponet
1741 1509 1850 1545 togatis:

1057 1556 1144 1582 neque
1159 1548 1210 1574 erit
1224 1547 1293 1573 iusta
1309 1555 1402 1574 caussa
1417 1547 1451 1573 ad
1466 1552 1554 1582 portas
1569 1546 1673 1573 sedenti
1688 1546 1849 1581 imperatori,

1056 1593 1139 1619 quare
1154 1589 1279 1611 terrorem
1290 1593 1372 1610 suum
1384 1584 1450 1611 salso
1461 1584 1550 1610 iactari
1561 1584 1715 1618 opponique
1726 1584 1850 1618 patiatur.

1056 1622 1210 1656 Numquam
1226 1622 1296 1647 enim
1313 1622 1362 1648 erit
1377 1626 1430 1648 tam
1445 1629 1590 1656 oppressus
1605 1625 1726 1651 senatuS,
1744 1625 1773 1647 ut
1783 1621 1808 1647 ei
1818 1628 1852 1647 ne

1056 1658 1228 1693 supplicandi
1238 1658 1350 1693 quidem
1360 1667 1390 1684 ac
1398 1658 1507 1693 lugendi
1518 1658 1684 1692 sitpotestas,
1693 1662 1745 1684 tam
1756 1661 1851 1692 captus

1056 1700 1180 1730 equester
1189 1695 1262 1725 ordo,
1277 1700 1306 1721 ut
1316 1696 1420 1730 equites
1427 1696 1536 1721 Romani
1547 1694 1678 1721 aconsule
1687 1694 1848 1730 relegentur.

1055 1732 1128 1765 Quae
1138 1741 1223 1767 quum
1235 1733 1333 1763 omnia,
1341 1733 1504 1767 atqueetiam
1516 1731 1600 1758 multo
1609 1731 1659 1758 alia
1666 1732 1773 1762 maiora,
1781 1740 1851 1767 quae

1055 1770 1178 1797 consulto
1196 1774 1343 1804 praetereo,
1361 1769 1532 1799 accidissent,
1551 1768 1646 1795 videtis
1662 1777 1704 1795 me
1720 1773 1807 1795 tamen
1822 1769 1850 1796 in

1056 1807 1195 1842 pristinam
1208 1815 1293 1833 meam
1305 1806 1471 1842 dignitatem,
1485 1806 1560 1832 brevi
1571 1811 1689 1840 tempore
1698 1805 1798 1833 doloris
1807 1807 1851 1833 in-

1056 1845 1171 1874 teriecto,
1186 1843 1348 1878 reipublicae
1360 1852 1423 1870 voce
1434 1852 1494 1870 esse
1505 1847 1667 1870 revocatum.

1109 1881 1207 1907 XXIV.
1228 1883 1269 1908 53.
1285 1880 1346 1911 Sed,
1359 1886 1388 1907 ut
1400 1885 1516 1907 revertar
1525 1880 1558 1907 ad
1569 1880 1648 1911 illud,
1659 1878 1732 1914 quod
1743 1879 1808 1906 mihi
1819 1879 1849 1907 in

1055 1918 1104 1945 bac
1114 1919 1186 1945 omui
1202 1923 1242 1945 est
1252 1919 1369 1944 oratione
1380 1918 1546 1953 propositum
1554 1938 1560 1948 ‚
1577 1917 1704 1944 omuibus
1714 1915 1793 1943 malis
1803 1916 1850 1944 illo

1054 1965 1131 1987 anuo,
1145 1955 1243 1982 scelere
1253 1955 1404 1985 consulum,
1413 1955 1605 1989 rempublicam
1617 1963 1677 1981 esse
1687 1953 1848 1981 consectam:

1055 1994 1172 2027 primum
1184 1993 1230 2019 illo
1240 1993 1300 2027 ipso
1310 1992 1362 2023 die,
1375 1993 1422 2027 qui
1437 1992 1504 2019 mihi
1516 1991 1639 2019 funestus
1649 1991 1710 2021 suit.
1722 1991 1850 2018 omnibus

1054 2031 1131 2057 bonis
1152 2030 1304 2061 luctuosus,
1326 2038 1412 2064 quum
1433 2037 1482 2065 ego
1495 2038 1538 2056 me
1553 2038 1567 2056 e
1581 2029 1723 2064 complexu
1739 2029 1847 2063 patriae,

1053 2072 1253 2102 conspectuque
1269 2072 1357 2094 vestro
1371 2067 1543 2101 eripuissem,
1557 2070 1583 2093 et
1597 2071 1670 2093 metu
1686 2066 1767 2092 vestri
1777 2065 1850 2100 peri-

1054 2105 1121 2136 culi,
1135 2113 1186 2131 non
1199 2105 1264 2134 mei,
1277 2104 1360 2131 furori
1372 2104 1497 2135 hominis,
1510 2103 1613 2134 sceleri,
1628 2103 1763 2138 perfidiae.
1775 2102 1846 2134 telis,

1054 2143 1190 2177 minisque
1201 2142 1352 2172 cessissem,
1361 2142 1536 2176 patriamque,
1544 2149 1612 2175 quae
1623 2140 1691 2167 mihi
1700 2144 1755 2167 erat
1765 2139 1849 2167 caris-

1053 2181 1130 2210 sima,
1154 2184 1261 2214 propter
1280 2179 1367 2213 ipsius
1388 2179 1486 2213 patriae
1505 2179 1640 2205 caritatem
1659 2177 1845 2212 reliquissem:

1053 2225 1139 2252 quum
1151 2225 1241 2243 meum
1253 2215 1330 2242 illum
1336 2224 1428 2242 casum
1435 2220 1488 2242 tam
1495 2214 1659 2245 horribilem,
1667 2219 1844 2249 tamgravem,

1054 2259 1106 2280 tam
1122 2254 1306 2288 repentinum,
1323 2261 1374 2280 non
1385 2252 1472 2279 solum
1485 2252 1619 2283 homines,
1632 2251 1680 2278 sed
1691 2255 1757 2278 tecta
1767 2250 1847 2278 Urbis

1053 2299 1083 2317 ac
1108 2290 1206 2325 templa
1232 2290 1366 2326 lugerent:
1398 2298 1476 2316 nemo
1499 2294 1619 2316 vestrum
1642 2288 1744 2319 forum,
1768 2296 1848 2315 nemo

1053 2328 1167 2359 curiam.
1185 2336 1263 2354 nemo
1279 2327 1365 2354 lucem
1384 2328 1504 2362 aspicere
1527 2326 1620 2353 vellet:
1645 2325 1705 2355 ino.
1723 2325 1844 2360 inquam,

1052 2366 1112 2400 ipso
1131 2365 1187 2396 die,
1208 2365 1252 2391 die
1271 2363 1349 2391 dico?
1368 2365 1450 2390 immo
1466 2364 1542 2395 hora,
1559 2367 1637 2398 atque
1652 2362 1731 2389 etiam
1746 2367 1846 2397 puncto

1053 2403 1180 2436 temporis
1206 2401 1313 2433 eodem,
1342 2402 1409 2428 mihi
1433 2401 1526 2435 reique
1549 2399 1673 2435 publicae
1697 2400 1843 2433 perniciem

1052 2439 1166 2466 Gabinio
1186 2444 1213 2465 et
1227 2439 1317 2465 Pisoni
1331 2439 1468 2474 provincia
1483 2442 1571 2473 rogata
1585 2441 1636 2463 est.
1675 2436 1726 2463 Pro
1739 2436 1778 2463 dii
1792 2437 1846 2463 im-

1052 2476 1175 2503 mortales
1183 2497 1189 2508 ,
1201 2475 1325 2502 custodes
1339 2480 1365 2502 et
1374 2479 1570 2502 conservatores
1581 2473 1663 2500 buius
1678 2473 1754 2500 urbis
1764 2478 1846 2508 atque

1051 2514 1171 2548 imperii!
1196 2521 1328 2547 quaenam
1352 2512 1398 2538 illa
1417 2513 1446 2538 in
1466 2510 1602 2546 republica
1622 2515 1752 2541 monstra,
1773 2518 1844 2545 quae

1051 2550 1150 2577 scelera
1170 2550 1291 2576 vidistis!
1312 2549 1386 2576 Civis
1401 2553 1455 2575 erat
1469 2547 1601 2583 expulsus
1616 2548 1654 2578 is,
1670 2548 1719 2582 qui
1733 2555 1840 2582 rempu-

1051 2587 1147 2614 blicam
1162 2596 1196 2614 ex
1210 2591 1318 2613 senatus
1332 2586 1484 2612 auctoritate
1499 2593 1561 2611 cum
1571 2585 1698 2611 omnibus
1709 2584 1786 2611 bonis
1795 2583 1844 2610 de-

1051 2624 1182 2655 fenderat,
1199 2629 1225 2651 et
1241 2623 1372 2658 expulsus
1383 2631 1434 2649 non
1445 2621 1497 2649 alio
1507 2622 1610 2657 aliquo,
1623 2621 1670 2648 sed
1681 2630 1712 2648 eo
1721 2622 1782 2656 ipso
1790 2621 1844 2648 cri-

1050 2663 1132 2688 mine.
1153 2662 1215 2688 Erat
1225 2665 1314 2688 autem
1324 2659 1454 2696 expulsus
1464 2660 1523 2686 sine
1533 2659 1642 2690 iudicio,
1651 2659 1686 2690 vi,
1695 2658 1840 2694 lapidibus,
