1941 3052
201 97 406 126 EPISTOL.
438 97 490 123 AD
510 95 688 123 DIVERS.
720 95 800 121 LIB.
816 95 851 120 11.

40 172 173 201 neminem
189 170 296 196 honoris
307 168 392 204 gradu
407 168 582 202 superiorem.
622 166 669 193 Ille
680 170 781 196 autem,
799 170 829 191 ut

37 210 157 238 omittam
168 207 340 237 nobilitatem,
353 206 403 232 hoc
413 206 472 240 ipso
482 205 565 231 vincit
576 204 646 230 viros
656 204 770 238 optimos
782 203 830 229 ho-

38 248 178 281 minesque
189 244 430 274 innocentissimos,
445 242 543 277 legatos
554 247 622 272 tuos,
630 241 702 276 quod
713 245 738 267 et
748 248 830 275 quae-

39 289 94 312 stor
108 288 159 314 est,
178 287 203 309 et
218 285 342 317 quaestor
353 285 426 306 tuus.
467 280 565 306 Nocere
576 279 625 305 tibi
636 279 733 304 iratum
745 277 831 304 nemi-

39 330 100 349 nem
114 329 193 356 posse
208 319 353 354 perspicio:
371 317 419 344 sed
433 321 521 343 tamen
536 317 584 342 tris
600 315 707 346 fratres,
725 323 831 341 summo

41 359 96 386 loco
111 362 198 388 natos,
217 360 367 391 promptos,
385 364 436 381 non
452 354 607 384 indisertos⁷
625 358 649 379 te
664 353 723 379 nolo
735 352 831 378 habere

40 397 133 427 iratos,
146 395 204 421 iure
216 393 384 428 praesertim3
407 400 474 427 quos
486 392 564 417 video
574 391 699 425 deinceps
710 390 832 416 tribunos

40 433 127 469 plebis
139 441 185 467 per
196 431 340 458 triennium
352 429 416 456 fore.
457 431 481 455 3.
503 429 631 463 Tempora
643 432 730 454 autem
743 427 833 461 reipu-

40 470 125 498 blicae
136 469 225 504 qualia
238 468 326 494 futura
338 468 404 498 sint,
419 467 480 501 quis
493 465 560 492 scit‘?
579 465 645 491 Mihi
656 465 765 500 quidem
777 469 834 490 tur-

40 507 149 535 bulenta
165 506 290 532 videntur
306 505 370 531 fore.
410 504 464 530 Cur
479 512 528 539 ego
542 507 567 529 te
582 502 663 529 velim
678 501 795 528 incidere
806 501 833 527 in

40 549 152 573 terrores
164 543 330 573 tribunicios,
343 541 497 577 praesertim
508 549 593 575 quum
604 540 662 565 sine
673 540 833 573 cuiusquam

41 581 247 617 reprehensione
267 579 425 615 quaestoriis
447 578 539 614 legatis
559 581 726 612 quaestorem
747 576 834 611 possis

0 640 1 644 ,
42 618 190 647 anteferre?
209 618 261 650 Qui
277 618 299 643 si
315 617 428 652 dignum
439 624 467 641 se
478 615 624 641 maioribus
636 614 693 640 suis
704 613 835 648 praebue-

0 654 1 685 ]
41 658 89 688 rit,
107 656 146 692 (ut
157 664 233 690 spero
245 659 270 681 et
280 654 362 689 opto,)
377 658 421 679 tua
437 652 494 678 laus
510 661 543 678 ex
557 651 646 686 aliqua
660 655 733 686 parte
744 650 832 676 fuerit.

43 694 91 721 Sin
107 693 173 729 quid
187 692 336 719 offenderit:
360 691 412 717 sibi
427 694 525 721 totum,
544 689 611 715 nihil
626 689 675 715 tibi
686 687 833 714 offenderit.

43 731 116 764 Quae
128 730 195 757 mihi
206 729 348 755 veniebant
358 729 386 754 in
402 731 531 757 mentem,
545 734 614 761 quae
624 726 657 752 ad
668 730 692 752 te
704 725 836 760 pertinere

43 768 202 798 arbitrabar,
215 766 287 801 quod
297 767 324 792 in
337 765 455 792 Ciliciam
468 763 666 798 proficiscebar,
683 762 836 789 existimavi

43 814 87 833 me
97 805 130 831 ad
141 809 166 831 te
176 807 295 838 oportere
306 802 430 829 scribere.
462 802 511 832 Tu,
524 800 596 836 quod
607 800 703 836 egeris,
715 800 743 826 id
754 799 836 825 velim

44 843 81 870 dii
93 841 248 878 approbent.
289 840 349 871 Sed,
363 840 440 866 sime
451 838 557 869 audies,
574 838 670 865 vitabis
682 837 836 864 inimicitias

45 885 70 908 et
80 878 241 915 posteritatis
251 878 304 905 otio
314 876 448 904 consules.
490 874 584 913 [Vale.]

98 1019 162 1040 XIX.
180 1019 222 1039 AR
229 1019 256 1040 G.
272 1019 296 1039 C.
309 1017 408 1039 caelium
418 1019 556 1044 quaestorem
566 1019 643 1037 nactus
654 1016 766 1040 hortatur,
776 1017 802 1036 ut
812 1015 838 1036 ad

46 1062 71 1076 se
79 1055 160 1079 veniat,
172 1057 288 1081 antequam
297 1053 346 1080 ipse
356 1053 453 1073 decedat.

181 1109 210 1130 (Iu
220 1107 285 1126 Cilicia
296 1108 314 1125 iu
323 1107 393 1128 esuris,
403 1106 478 1127 Paullo,
488 1106 579 1124 Marcello
589 1113 635 1124 coss.
648 1105 703 1129 70⁴.)

63 1169 99 1197 M.
114 1169 145 1196 T.
160 1169 189 1196 C.
205 1168 280 1195 IMP.
296 1167 324 1194 S.
339 1168 369 1194 D.
385 1167 413 1194 C.
430 1166 587 1198 CAELIO,
603 1167 633 1193 L.
649 1167 679 1193 F.
695 1164 822 1193 CALDO

279 1220 504 1255 QUAESTORI
524 1221 606 1248 DES.

103 1297 127 1321 ⁴.
150 1289 247 1326 Quum
262 1293 460 1328 optatissimum
477 1293 602 1319 nuntium
617 1292 793 1327 accepissem,
816 1295 841 1318 te

47 1332 116 1361 mihi
125 1335 293 1368 quaestorem
306 1331 446 1366 obtigisse,
465 1339 495 1356 eo
505 1330 690 1356 iucundiorem
701 1329 768 1356 mihi
783 1337 840 1355 eam

48 1374 145 1398 sortem
155 1369 294 1404 sperabam
306 1368 368 1399 fore.
377 1377 430 1403 quo
437 1368 539 1394 diutius
550 1368 577 1394 in
589 1367 724 1402 provincia
737 1374 841 1393 mecum

48 1407 157 1435 fuisses.
198 1407 287 1442 Magni
302 1406 373 1432 enim
390 1405 530 1431 videbatur
544 1405 672 1431 interesse
683 1404 716 1430 ad
726 1413 783 1430 eam
796 1412 842 1429 ne-

48 1444 248 1475 cessitudinem,
262 1452 343 1478 quam
354 1443 432 1469 nobis
443 1451 500 1469 sors
512 1442 657 1473 tribuisset,
670 1441 843 1468 consuetudi-

48 1491 110 1510 nem
120 1490 228 1517 quoque
239 1481 372 1507 accedere.
398 1480 490 1506 Postea
501 1488 587 1514 quum
598 1480 666 1506 mihi
677 1479 744 1506 nihil
756 1486 843 1513 neque

49 1529 63 1547 a
77 1524 102 1547 te
117 1521 189 1555 ipso,
211 1526 297 1553 neque
312 1518 344 1544 ab
362 1517 417 1544 ullo
427 1517 478 1544 alio
488 1517 521 1543 de
532 1517 648 1543 adventu
660 1521 705 1543 tuo
714 1516 843 1543 scribere-

49 1562 105 1585 tur:
123 1556 245 1587 verebar,
262 1564 294 1582 ne
306 1556 340 1582 ita
351 1555 467 1586 caderet⁷
484 1554 557 1590 quod
568 1555 647 1581 etiam
659 1563 730 1581 nunc
741 1562 840 1584 vereor,

49 1603 82 1622 ne
92 1598 165 1626 ante,
181 1601 262 1628 quam
273 1597 301 1619 tu
313 1593 340 1619 in
351 1593 516 1627 provinciam
528 1592 661 1623 venisses,
679 1600 728 1627 ego
738 1591 771 1617 de
783 1599 843 1626 pro-

50 1633 137 1659 vincia
148 1630 312 1658 decederem.
352 1630 450 1665 Accepi
465 1634 553 1656 autem
568 1638 582 1655 a
599 1633 624 1656 te
635 1629 731 1655 missas
744 1629 843 1655 litteras

51 1669 185 1700 inCilicia,
199 1676 285 1703 quum
297 1675 383 1694 essem
394 1667 422 1693 in
433 1667 535 1698 castris,
549 1675 573 1693 a.
585 1667 612 1693 d.
626 1675 652 1693 x.
665 1666 724 1692 Kal.
737 1665 844 1698 Quinti-

51 1706 98 1739 les,
111 1707 222 1741 scriptas
236 1705 444 1732 humanissime:
466 1705 567 1739 quibus
577 1704 654 1730 facile
664 1703 811 1731 etot‘licium
820 1707 845 1729 et

50 1744 188 1780 ingenium
200 1748 276 1769 tuum
288 1742 403 1777 perspici
414 1746 513 1777 posset.
542 1741 595 1768 Sed
606 1750 693 1776 neque
704 1741 784 1772 unde,
799 1749 845 1768 ne-

51 1789 104 1817 que
114 1789 168 1817 quo
177 1780 221 1807 die
231 1780 306 1806 datae
317 1783 414 1811 essent.
423 1783 468 1806 aut
478 1787 532 1814 quo
543 1783 661 1814 tempore
672 1784 696 1806 te
707 1783 845 1814 exspecta-

51 1827 121 1851 rem,
135 1817 333 1854 significabant:
356 1825 404 1843 nec
414 1817 450 1848 is,
464 1817 511 1852 qui
523 1816 658 1847 attulerat,
676 1825 690 1842 a
701 1820 726 1842 te
737 1824 846 1851 accepe-

51 1860 104 1888 rat,
120 1859 151 1882 ut
165 1863 198 1881 ex
208 1863 238 1881 eo
248 1854 344 1880 scirem
352 1874 358 1885 ,
374 1862 428 1889 quo
444 1862 477 1880 ex
488 1853 544 1880 loco
555 1858 601 1880 aut
610 1862 664 1889 quo
675 1858 792 1888 tempore
803 1861 846 1880 es-

52 1896 111 1920 sent
119 1892 204 1919 datae.
243 1893 269 1919 2.
290 1890 363 1923 Quae
374 1899 459 1926 quum
470 1895 559 1918 essent
568 1891 680 1922 incerta,
693 1891 845 1918 existimavi

51 1935 141 1959 tamen
152 1937 210 1956 esse
222 1928 376 1955 faciundum
384 1949 390 1959 ‚
408 1933 438 1954 ut
451 1928 484 1954 ad
494 1932 518 1955 te
529 1932 639 1955 statores
651 1937 724 1955 meos
735 1933 760 1955 et
771 1928 846 1955 licto-

52 1976 95 1996 res
105 1975 168 1994 cum
180 1966 273 1993 litteris
285 1965 431 1992 mitterem:
446 1974 514 2000 quas
525 1966 847 2000 sisatisopportunotem-

53 2013 116 2041 pore
131 2004 269 2039 accepisti,
285 2003 467 2038 gratissimum
482 2002 549 2029 mihi
562 2002 669 2035 feceris,
687 2004 710 2029 si
722 2003 754 2029 ad
766 2011 807 2029 me
819 2003 845 2029 in

54 2042 173 2070 Ciliciam
193 2049 275 2076 quam
297 2040 414 2075 primum
432 2040 547 2066 veneris.
588 2041 654 2066 Nam
669 2040 741 2075 quod
756 2040 788 2066 ad
804 2048 847 2066 me

55 2079 164 2110 Curius,
181 2078 357 2105 consobrinus
372 2082 449 2108 tuus,
468 2077 534 2103 mihi
545 2076 585 2112 (ut
595 2077 658 2113 seis)
669 2078 785 2104 maxime
801 2086 848 2104 ne-

54 2117 200 2149 cessarius3
216 2115 287 2150 quod
302 2115 366 2141 item
381 2114 411 2141 C.
427 2114 570 2150 Virgilius.
588 2116 755 2150 propinquus
772 2119 844 2145 tuus,

55 2153 281 2182 familiarissimus
297 2156 398 2183 noster,
419 2152 452 2178 de
471 2156 496 2178 te
511 2153 708 2178 accuratissime
723 2152 845 2187 scripsit:

55 2191 124 2219 valet
135 2191 162 2218 id
173 2190 282 2226 quidem
294 2189 365 2224 apud
377 2198 420 2215 me
431 2189 560 2220 multum.
583 2189 662 2216 sicuti
673 2189 750 2216 debet
761 2189 849 2216 homi-

56 2237 120 2256 num
136 2228 359 2255 amicissimorum
375 2226 490 2262 diligens
501 2226 708 2253 commendatio:
731 2227 778 2253 sed
788 2231 848 2253 tuae

57 2265 169 2297 litterae,
186 2265 219 2292 de
234 2269 278 2291 tua
295 2265 449 2299 praesertim
466 2263 596 2299 dignitate
609 2268 634 2290 et
644 2264 677 2290 de
689 2269 775 2290 nostra
786 2272 849 2290 con-

55 2303 190 2330 iunctione
200 2302 311 2329 maximi
323 2306 386 2328 sunt
396 2301 467 2336 apud
480 2309 522 2328 me
533 2301 667 2335 ponderis.
690 2302 755 2328 Mihi
767 2309 849 2336 quae-

58 2344 111 2368 stor
130 2341 242 2376 optatior
261 2339 397 2375 obtingere
423 2347 500 2365 nemo
525 2339 620 2373 potuit.
669 2338 848 2370 Quamobrem

58 2385 243 2413 quaecumque
254 2386 268 2403 a
280 2385 321 2403 me
332 2380 484 2403 ornamenta
494 2375 527 2402 ad
538 2380 563 2402 te
570 2375 783 2411 proficiscentur;
800 2396 805 2401 .
821 2396 826 2401 .
842 2396 847 2401 .

58 2419 89 2442 ut
102 2423 193 2442 omnes
208 2414 359 2450 intelligant
372 2422 386 2440 a
398 2421 440 2440 me
451 2413 568 2439 habitam
580 2421 638 2439 esse
650 2413 777 2439 rationem
789 2417 849 2439 tuae

59 2452 243 2488 maiorumque
258 2456 364 2478 tuorum
379 2451 528 2486 dignitatis.
569 2450 622 2477 Sed
633 2450 660 2477 id
673 2450 777 2476 facilius
787 2458 851 2476 eon-

59 2496 167 2525 eequar,
188 2490 211 2516 si
230 2489 262 2516 ad
282 2497 325 2515 me
344 2489 372 2515 in
388 2488 508 2515 Ciliciam
528 2488 647 2515 veneris:
669 2487 740 2523 quod
761 2495 810 2523 ego
825 2491 851 2513 ct

61 2534 118 2553 mea
132 2530 158 2554 et
173 2526 334 2563 reipublicae
349 2530 375 2553 et
389 2526 506 2553 maxime
522 2530 565 2552 tua
585 2526 712 2553 interesse
728 2525 848 2552 arbitror.

62 2561 154 2601 [vno-1

352 2629 556 2646 *000*-

882 94 943 119 EP.
969 94 997 118 Π
1017 107 1052 112 —-
1076 93 1113 118 ⁴9.
1136 107 1171 111 —-—
1193 91 1509 118 LIB.111.EP.1—2.

1254 163 1296 188 73.

1044 227 1213 255 LIBER
1245 225 1511 255 TERTIUS.

936 395 953 415 1.
972 395 1049 415 ARG.
1065 395 1150 422 Appio,
1161 394 1257 416 Ciliciae
1266 402 1361 422 procos..
1373 394 1458 419 scribit,
1469 393 1577 415 Phaniam
1587 393 1614 412 de
1624 399 1647 412 se
1657 397 1679 412 et

884 430 910 449 ‹le
929 436 973 456 rep.
989 434 1133 450 narraturum.
1163 430 1258 457 Appium
1274 430 1392 450 collaudat.
1417 429 1508 450 Cilicem
1531 432 1552 449 et
1564 431 1679 454 utrumque

885 465 933 485 eius
944 464 1054 488 libertum,
1066 464 1174 485 Phaniam
1186 468 1206 485 et
1216 463 1330 485 Valerium
1341 465 1423 487 ictum,
1434 464 1576 484 commendat.

942 501 1029 523 (Romae,
1039 501 1128 525 Pompeio
1138 502 1172 518 ΠΙ.
1183 505 1201 519 et
1210 501 1254 519 inde
1265 508 1274 518 a
1284 501 1328 518 Kal.
1340 501 1407 518 Sextii.
1419 501 1497 519 Bith-llo
1508 508 1554 517 run.
1567 501 1622 519 702.)

942 545 977 571 M.
999 545 1029 571 T.
1052 544 1080 571 C.
1103 545 1130 571 S.
1152 545 1182 570 D.
1204 544 1319 571 APPIO
1340 544 1521 570 PULCllRO
1542 543 1617 569 [MP.

943 592 966 616 l.
983 587 1015 616 Si
1026 590 1083 624 ipsa
1095 589 1246 624 respublica
1258 590 1306 616 tibi
1318 597 1422 615 narrare
1434 593 1531 623 posset,
1545 587 1681 623 quomodo

887 636 945 654 sese
965 627 1086 657 haberet,
1110 636 1161 653 non
1182 626 1288 653 facilius
1309 635 1341 652 ex
1357 635 1386 652 ea
1402 634 1560 661 cognoscere
1576 634 1677 660 posseS.

887 673 968 700 quam
984 673 1018 690 ex
1033 664 1126 690 liberto
1143 669 1188 690 tuo
1204 664 1317 690 Phania:
1339 664 1374 689 ita
1390 668 1431 689 est
1447 664 1526 689 homo
1539 672 1591 688 non
1603 662 1682 688 modo

888 702 1017 737 prudens,
1041 710 1134 727 verum
1149 702 1227 727 etiam
1244 701 1324 736 (quod
1339 701 1423 734 iuvet)
1438 701 1570 726 curiosus.
1611 700 1684 731 Qua-

889 744 993 774 propter
1004 738 1048 764 ille
1061 739 1108 764 tibi
1118 739 1206 764 omnia
1218 738 1381 773 explanabit.
1404 738 1431 763 Id
1444 737 1512 763 etad
1524 737 1680 763 brevitatem

888 781 927 803 est
942 777 1043 811 aptius,
1061 780 1086 802 et
1101 776 1133 801 ad
1149 775 1266 810 reliquas
1281 784 1322 801 res
1339 774 1534 810 providentius.
1574 775 1610 799 De
1625 782 1682 799 mea

888 818 977 840 autem
988 813 1172 839 benevolentia
1183 822 1245 848 erga
1257 818 1281 839 te
1292 813 1342 839 etsi
1354 816 1427 847 potes
1440 821 1474 838 ex
1484 811 1576 838 eodem
1583 811 1682 836 Phania

888 859 1060 887 cognoscere:
1083 855 1172 877 tamen
1186 850 1312 877 videntur
1327 850 1406 876 etiam
1422 849 1527 884 aliquae
1539 857 1612 874 meae
1624 857 1686 882 par-

889 894 938 916 tes.
979 888 1023 915 Sic
1034 889 1106 915 enim
1117 888 1165 914 tibi
1176 887 1316 923 persuade,
1329 887 1498 913 carissimum
1511 891 1535 912 te
1547 886 1614 912 mihi
1626 893 1685 911 esse

889 935 974 962 quum
986 931 1092 961 propter
1102 925 1199 952 multas
1211 926 1354 952 suavitates
1366 925 1476 960 ingenii,
1485 923 1575 954 oflicii,
1589 923 1686 948 huma-

890 965 980 990 nitatis
991 968 1064 995 tuae,
1086 968 1143 989 tum
1158 963 1231 998 quod
1241 972 1274 989 ex
1284 963 1337 989 tuis
1351 962 1443 988 litteris
1458 966 1483 988 et
1494 970 1527 987 ex
1539 960 1684 987 multorum

890 1001 1058 1028 sermonibus
1070 1000 1203 1036 intelligo,
1221 1001 1310 1027 omnia
1321 1022 1324 1030 ,
1337 1008 1406 1034 quae
1418 1008 1432 1025 a
1444 1008 1486 1025 me
1497 998 1611 1033 profecta
1623 1002 1687 1024 sunt

890 1040 917 1065 in
933 1043 970 1070 te,
986 1038 1035 1065 tibi
1051 1038 1180 1064 accidisse
1195 1038 1358 1073 gratissima.
1398 1036 1475 1068 Quod
1490 1044 1575 1071 quum
1592 1036 1626 1061 ila
1641 1035 1684 1065 sit,

890 1076 1024 1112 perficiam
1036 1075 1165 1110 profecto,
1179 1080 1208 1102 ut
1220 1075 1291 1111 longi
1305 1075 1431 1109 temporis
1443 1082 1551 1100 usuram
1560 1094 1566 1103 ,
1579 1081 1632 1107 qua
1644 1081 1688 1098 ca-

890 1114 1008 1145 ruimus,
1025 1114 1176 1140 intermissa
1192 1117 1280 1139 nostra
1295 1112 1490 1138 consuetudine
1505 1116 1530 1137 et
1544 1111 1642 1146 gratia.
1663 1114 1688 1135 et

890 1151 1028 1178 crebritate
1040 1155 1065 1177 et
1075 1149 1414 1186 magnitudineofliciorum
1428 1157 1546 1175 meorum
1559 1148 1686 1174 sarciam:

892 1189 972 1224 idque
985 1196 1027 1214 me
1037 1188 1174 1223 (quoniam
1186 1193 1215 1214 tu
1226 1188 1261 1214 ita
1273 1187 1324 1222 vis)
1335 1192 1399 1222 puto
1410 1195 1462 1213 non
1474 1187 1557 1212 invita
1569 1185 1687 1211 Minerva

891 1235 950 1252 esse
973 1225 1118 1252 facturum:
1141 1234 1223 1260 quam
1244 1225 1354 1260 quidem
1375 1233 1437 1259 ego,
1459 1224 1482 1249 si
1505 1223 1570 1249 sorte
1585 1222 1618 1248 de
1635 1222 1688 1248 tuis

891 1272 1044 1298 sumpsero,
1060 1272 1112 1289 non
1123 1263 1210 1289 solum
1223 1262 1343 1292 Pallada,
1361 1262 1408 1287 sed
1419 1261 1498 1287 etiam
1510 1259 1630 1294 Appiaria
1642 1267 1690 1285 no-

892 1301 1008 1328 minabo.
1048 1302 1073 1328 2.
1096 1300 1178 1331 Cilix,
1198 1300 1309 1326 libertus
1325 1304 1402 1329 tuuS‚
1425 1303 1500 1324 antea
1517 1297 1582 1323 milii
1599 1297 1689 1322 minus

893 1338 943 1365 fuit
954 1342 1046 1364 notus:
1069 1338 1116 1364 sed
1128 1342 1157 1364 ut
1168 1337 1235 1363 mihi
1246 1336 1362 1363 reddidit
1372 1345 1386 1362 a
1397 1341 1421 1362 te
1435 1336 1546 1365 litteras,
1561 1334 1653 1369 plenas
1665 1338 1690 1359 et

892 1376 989 1402 amoris
1000 1380 1026 1402 et
1036 1374 1125 1406 officii,
1142 1375 1253 1401 mirifice
1266 1375 1323 1409 ipse
1334 1382 1384 1400 suo
1394 1381 1515 1399 sermone
1528 1372 1690 1398 subsecutus

893 1418 933 1440 est
947 1413 1140 1439 humanitatem
1160 1412 1307 1438 litterarum
1327 1416 1444 1437 tuarum.
1485 1409 1602 1436 Iucunda
1623 1408 1690 1434 mihi

893 1452 951 1477 eius
962 1451 1044 1477 oratio
1056 1450 1119 1481 fuit.
1139 1458 1224 1484 quum
1236 1449 1269 1475 de
1280 1449 1370 1475 animo
1383 1453 1442 1478 tuo,
1460 1447 1493 1473 de
1509 1446 1689 1476 sermonibus,

893 1497 961 1523 quos
976 1488 1009 1514 de
1025 1496 1067 1513 me
1082 1487 1193 1513 haberes
1213 1486 1347 1522 quotidie,
1370 1485 1437 1511 mihi
1454 1488 1578 1511 narraret.
1620 1482 1692 1515 Quid

894 1524 1019 1561 quaeris?
1032 1525 1117 1551 Biduo
1133 1524 1217 1550 sactus
1233 1529 1273 1550 est
1289 1523 1355 1549 mihi
1368 1522 1522 1549 familiaris:
1544 1522 1580 1547 ita
1592 1526 1689 1551 tamen.

894 1568 924 1590 ut
934 1563 1062 1589 Phaniam
1075 1562 1150 1588 valde
1160 1562 1211 1588 sim
1223 1561 1437 1587 desideraturus:
1451 1568 1532 1594 quem
1543 1567 1629 1593 quum
1641 1558 1693 1584 Ro-

895 1609 966 1627 mam
976 1601 1108 1630 remittes,
1125 1599 1197 1634 quod
1212 1598 1252 1634 (ut
1268 1596 1439 1633 putabamus)
1453 1596 1573 1623 celeriter
1584 1604 1641 1622 eras
1654 1594 1693 1620 sa-

895 1643 1000 1668 cturus,
1018 1637 1144 1664 omnibus
1155 1637 1179 1662 ei
1190 1636 1223 1662 de
1234 1636 1328 1667 rebus,
1346 1644 1414 1670 quas
1426 1635 1482 1670 agi.
1500 1642 1567 1669 quas
1581 1633 1667 1659 curari
1679 1640 1692 1658 a

896 1684 938 1702 me
950 1675 1032 1706 voles,
1046 1674 1168 1701 mandata
1179 1674 1227 1700 des
1239 1673 1330 1700 velim.
1373 1674 1396 1699 3.
1413 1672 1442 1698 L.
1459 1671 1608 1702 Valerium,
1621 1671 1693 1696 iure-

895 1712 1057 1743 consultum,
1066 1711 1143 1738 valde
1155 1711 1203 1738 tibi
1214 1710 1385 1737 commendo:
1399 1709 1446 1735 sed
1458 1709 1492 1735 ita
1504 1709 1592 1739 etiam,
1606 1708 1629 1733 si
1642 1716 1693 1733 non

896 1755 936 1777 est
946 1749 1155 1777 iureconsultus.
1196 1748 1292 1775 Melius
1303 1748 1375 1774 enim
1386 1747 1410 1773 ei
1421 1754 1514 1773 cavere
1527 1745 1595 1776 volo,
1611 1753 1693 1780 quam

896 1788 954 1823 ipse
972 1787 1031 1814 aliis
1047 1786 1122 1814 solet.
1162 1786 1245 1813 Valde
1261 1786 1396 1812 hominem
1407 1784 1502 1820 diligo:
1531 1787 1615 1809 estex
1627 1783 1694 1808 meis

896 1825 1049 1852 domesticis
1065 1829 1144 1859 atque
1164 1824 1267 1850 intimis
1283 1822 1472 1849 familiaribus.
1513 1819 1629 1847 Omnino
1645 1819 1694 1845 tibi

897 1863 951 1899 agit
960 1862 1071 1898 gratias:
1093 1861 1140 1888 sed
1152 1861 1223 1887 idem
1235 1860 1336 1891 scribit,
1350 1868 1422 1886 meas
1435 1858 1533 1885 litteras
1545 1857 1694 1884 maximum

897 1900 969 1935 apud
981 1905 1005 1926 to
1016 1899 1121 1935 pondus
1133 1899 1280 1925 habituras.

897 1942 977 1973 atque
987 1937 1066 1964 etiam
1077 1945 1150 1973 rogo.
1174 1934 1268 1973 [Vale]

1322 1897 1350 1924 ld
1364 1906 1426 1924 eum
1438 1904 1470 1923 ne
1482 1895 1564 1927 sallat,
1579 1900 1602 1922 te
1615 1895 1694 1921 ctiam

941 2033 968 2053 ΙΙ.
993 2032 1070 2052 ARG.
1089 2031 1184 2058 Appium
1200 2038 1211 2051 e
1221 2030 1305 2051 (tilii-in
1314 2030 1454 2050 uectum-um
1465 2033 1580 2048 nicoeno!
1590 2030 1659 2052 rogat,
1670 2029 1695 2046 ιιι

899 2068 953 2088 bene
963 2067 1086 2087 ordinatam
1097 2066 1141 2086 sibi
1152 2066 1223 2086 tradat
1234 2064 1377 2092 provinciam.

1103 2104 1190 2125 (numne.
1201 2102 1258 2123 Rus-1,
1269 2102 1359 2120 Marcu-llo
1370 2107 1416 2117 vnn.
1429 2101 1483 2119 703)

900 2152 934 2177 Μ.
947 2151 977 2177 T.
989 2150 1018 2177 C.
1032 2150 1059 2176 S.
1073 2150 1102 2176 D.
1120 2147 1281 2176 I‘ROCOS.
1295 2146 1409 2174 At‘l‘lo
1423 2143 1692 2172 PULCllROlMP.

957 2189 980 2213 l.
1003 2183 1099 2219 Quum
1121 2192 1146 2212 et
1161 2191 1250 2212 contra
1267 2184 1429 2211 voluntatem
1446 2191 1532 2210 meam
1549 2187 1573 2207 ct
1594 2186 1695 2215 praeter

899 2226 1051 2260 opinionem
1069 2224 1217 2253 accidisset,
1231 2227 1261 2249 ut
1272 2222 1339 2248 mihi
1350 2229 1411 2247 cum
1424 2220 1536 2255 imperio
1548 2220 1573 2244 iu
1587 2218 1696 2252 proxin-

900 2264 967 2289 ciam
984 2261 1115 2296 prolicisci
1128 2268 1236 2287 necesse
1247 2264 1325 2289 esset,
1339 2259 1366 2284 in
1378 2257 1471 2284 multis
1483 2262 1507 2283 et
1520 2256 1600 2281 variis
1613 2254 1695 2280 mole-

900 2300 958 2326 stiis
969 2298 1230 2334 cogitationibusque
1242 2297 1309 2322 meis
1324 2293 1696 2322 haecunaconsolatiooccur-

901 2337 982 2367 rebat,
999 2336 1072 2371 quod
1089 2344 1177 2370 nequo
1194 2334 1242 2360 tibi
1254 2333 1371 2363 amicior,
1384 2341 1465 2367 quam
1477 2340 1526 2364 ego
1536 2339 1606 2359 suun,
1619 2330 1696 2363 quis-

900 2383 980 2409 quam
998 2377 1086 2408 posset
1101 2372 1252 2401 succedere,
1266 2379 1353 2405 neque
1362 2378 1410 2404 ego
1421 2369 1454 2395 ab
1465 2367 1520 2395 ullo
1533 2367 1696 2402 provinciam

901 2412 1028 2446 accipere,
1049 2411 1097 2445 qui
1114 2409 1204 2436 mallet
1220 2417 1277 2435 eam
1295 2408 1360 2434 milii
1376 2415 1457 2442 qumu
1474 2406 1590 2432 maximo
1607 2409 1696 2438 aptam

901 2449 1114 2483 explicatamque
1128 2447 1237 2473 tradere.
1259 2445 1364 2478 Quodsi
1377 2449 1404 2470 tu
1415 2451 1524 2479 quoque
1535 2441 1696 2468 enuidemde

902 2495 959 2512 men
972 2485 1107 2511 voluntate
1116 2493 1177 2519 erga
1189 2488 1213 2510 te
1223 2492 1299 2518 spem
1312 2482 1403 2512 hahes,
1417 2490 1446 2507 en
1459 2486 1482 2507 te
1494 2480 1696 2515 prosectonum-

901 2532 982 2558 quam
999 2522 1081 2549 fallet.
1107 2522 1127 2548 A
1144 2527 1171 2548 te
1185 2522 1302 2547 maximo
1318 2528 1406 2554 opere,
1424 2527 1471 2553 pro
1486 2522 1574 2544 nostra
1589 2524 1696 2543 summa

902 2560 1089 2587 coniunctione
1109 2564 1208 2594 tuaque
1223 2557 1354 2593 singulari
1371 2557 1544 2586 humanitate,
1562 2555 1640 2581 etiam
1658 2558 1697 2579 at-

901 2607 955 2633 que
965 2598 1044 2624 etiam
1055 2605 1155 2633 quaeso
1165 2601 1190 2623 et
1202 2601 1269 2631 peto.
1283 2600 1320 2625 ut,
1333 2594 1552 2630 quibuscumque
1563 2591 1643 2618 rebus
1650 2599 1697 2626 po-

903 2636 975 2668 teris,
992 2635 1099 2671 (poteris
1114 2639 1202 2662 autem
1219 2631 1366 2669 plurimis,)
1379 2632 1527 2668 prospicias
1537 2628 1700 2657 etconsulas
