1941 3052
156 144 203 166 ium
727 140 768 165 96.
800 139 834 164 M.

157 213 235 239 alum:
266 221 346 247 quem
368 210 477 246 quidem
501 210 614 242 ιἰιμιιονί
629 217 714 243 (pium
730 209 851 238 ‹lm-tuni.
874 207 946 242 quod

158 250 224 276 mihi
249 251 298 275 iani
315 254 373 274 unte
389 253 443 273 erut
461 252 566 275 ιιιιιιιιιι,
585 251 640 271 ιιιιιι
657 255 720 272 sane
732 245 841 280 pli-nuni
854 244 945 274 oflicii.
968 254 970 259 ⁸

157 287 309 313 studiosum
325 286 403 311 etiaun
417 293 489 309 inem·
504 283 599 312 laudis.
619 283 689 317 frugi
704 283 849 311 lunninem,
863 291 901 311 ae.
916 290 948 307 ne

160 324 314 349 lilwrtinuni
345 321 451 347 laudare
479 320 584 349 videar,
617 320 695 354 plane
722 321 809 345 virum
836 319 947 345 bonurn.

158 363 183 387 2.
197 361 351 394 l'ompeium
366 358 420 383 vidi
434 366 468 383 ιι,
483 357 519 382 ld.
536 357 707 382 Decembres:
725 356 826 382 luimus
839 365 890 381 una
903 355 949 381 lu»-

159 407 200 424 rais
222 397 288 422 duas
306 396 424 421 sortasse.

159 435 201 460 lii-i
215 443 272 459 ineo
283 432 413 457 adventu:
431 430 464 456 dc
476 431 612 465 triumpho
625 431 877 464 liortari,sus‹.·ipere
891 439 951 464 pur-

160 476 198 498 tes
219 479 294 501 sunm

159 517 239 542 quain
261 516 315 533 ιϊιιι
337 505 526 536 conl'ecisseim
555 513 586 531 ne
606 505 729 531 dicendis
745 505 886 531 sententiis
902 503 951 529 ali-

159 554 239 579 quem
263 544 400 569 tribunum
417 542 570 568 alienarem.
611 542 681 574 Quid
703 541 830 576 quaeris?
861 542 886 567 in
903 541 951 567 lioc

159 581 247 608 ollii-io
260 581 390 606 sermonis
403 579 470 606 nihil
483 580 569 614 potuit
580 588 638 605 esse
650 579 793 614 prolixius.
825 580 859 605 De
872 586 952 612 repu-

162 619 229 645 burn
242 623 330 644 autem
344 618 377 644 ita
391 626 495 643 mecum
509 616 613 643 locutus
624 617 758 651 est,quasi
773 625 823 642 non
835 615 950 642 dubium

162 656 262 682 lwllum
275 655 444 681 haberemus.
469 653 541 680 Nihil
553 654 586 680 ad
598 662 673 689 spem
685 653 856 685 concordiam
875 652 951 687 plane

161 693 237 719 illum
259 693 292 718 al)
306 702 334 718 se
350 692 507 722 alienatum,
525 700 610 726 quum
627 696 686 718 ante
703 691 877 726 intelligeret,
896 695 951 716 tum

163 740 223 756 vcro
243 730 364 765 proxime
381 729 527 755 iudicasse:
554 729 660 755 venisse
676 729 789 755 Hirtium
805 737 818 753 a
830 729 950 757 Caesare.
973 735 975 741 ’

161 769 207 802 qui
220 772 291 794 esset
303 767 342 793 illi
354 766 592 796 familiarissimus,
602 766 634 792 ad
645 775 673 792 se
686 774 736 792 non
744 766 902 796 accessisse3
917 769 950 794 et.

161 814 246 839 quum
268 804 312 831 ille
327 813 351 831 a.
369 803 396 830 d.
415 812 469 829 vui.
487 803 549 829 ldus
565 803 689 830 Decemb.
707 804 811 837 vesperi
825 802 951 831 venisset.

162 842 260 868 Balbus
275 841 309 868 de
321 846 372 868 totu
387 850 414 867 re
425 841 609 867 constituisset
619 849 643 867 a.
656 840 683 867 d.
697 849 742 866 vu.
756 840 788 866 ad
800 840 953 874 Scipionem

162 884 221 906 ante
243 879 330 905 lucem
352 879 457 909 venire,
489 877 571 904 multa
587 877 620 904 de
637 882 712 904 nocte
728 886 790 903 eunt
806 877 953 912 profectum
974 878 976 899 ’τ

162 926 221 943 esse
242 916 274 943 ad
295 916 444 943 Caesarem.
489 916 542 941 lloc
564 915 603 941 illi
624 915 793 950 τεκμηριώδες
814 914 955 940 videbatur

162 963 221 980 esse
233 954 412 980 alienationis.
433 955 458 979 3.
470 952 540 984 Quid
552 951 652 978 multa‘?
667 951 739 978 Nihil
753 960 794 978 mc
806 951 878 977 aliud
891 960 955 977 con-

162 987 276 1022 sdtatur,
300 991 351 1017 nisi
368 990 439 1025 quod
456 989 547 1021 illum,
565 990 609 1015 cui
625 990 704 1016 etiam
723 989 825 1015 inimici
842 988 954 1014 alterum

163 1028 346 1058 consulatum,
376 1027 479 1053 fortuna
503 1035 638 1053 summam
664 1027 809 1061 potentiam
834 1025 952 1055 dederat.

164 1075 215 1092 non
237 1066 350 1092 arbitror
362 1064 415 1091 sore
428 1069 480 1091 tam
492 1069 634 1094 amentem.
653 1069 682 1090 ut
693 1064 758 1089 haec
771 1064 796 1089 in
808 1063 954 1089 discrimen

164 1103 288 1129 adducat.
329 1101 405 1134 Quod
421 1102 444 1127 si
457 1110 533 1128 ruere
548 1102 677 1136 coeperit;
702 1109 750 1127 nae
766 1109 814 1136 ego
826 1099 910 1126 multa
923 1100 956 1126 ti-

164 1149 236 1171 meo,
258 1148 326 1175 quae
348 1148 398 1165 non
421 1139 505 1164 audeo
525 1139 652 1165 scribere.
692 1137 758 1169 Sed,
776 1142 805 1164 ut
820 1146 890 1164 nunc
905 1141 954 1168 est,

165 1186 188 1204 a.
205 1177 231 1204 d.
245 1186 282 1204 ιιι.
296 1178 384 1203 Nonas
395 1177 450 1202 Ian.
463 1176 495 1202 ad
508 1176 604 1202 Urbem
616 1176 713 1211 cogito.

218 1248 244 1267 v.
269 1249 349 1266 (nuni...
361 1247 452 1265 xlm-111„
463 1255 510 1266 um.
522 1249 576 1268 τινι)

351 1277 517 1304 CICERO
547 1277 714 1305 ATTiCO
743 1277 769 1304 S.

223 1317 244 1341 l.
269 1310 371 1341 Multas
383 1324 436 1341 uno
448 1319 565 1350 tempore
573 1315 874 1350 acce1)iepistolastuas;
889 1321 957 1349 quae

165 1353 242 1383 mihi,
260 1361 424 1387 quamquam
436 1353 581 1378 recentiora
592 1352 735 1378 audiebam
751 1361 784 1378 ex
801 1353 848 1382 iis,
866 1351 913 1386 qui
925 1350 958 1377 ad

165 1399 207 1416 me
218 1390 371 1420 veniebant,
384 1394 472 1416 tamen
484 1394 557 1415 erant
569 1389 711 1416 iucundae.
747 1389 873 1416 Studium
886 1389 958 1414 enim

164 1432 190 1454 et
201 1426 415 1453 benevolentiam
428 1426 607 1453 declarabant.
639 1428 668 1453 In
681 1426 834 1453 valetudine
846 1431 890 1452 tua
902 1434 959 1452 mo-

165 1473 240 1491 veor:
263 1469 288 1490 et
304 1464 412 1494 Piliam,
426 1465 453 1490 in
466 1464 537 1490 idem
553 1472 640 1499 genus
651 1464 737 1490 morbi
749 1464 897 1498 delapsam,
911 1471 959 1489 cu-

164 1511 220 1528 ram
237 1502 285 1527 tibi
298 1501 389 1527 afferre
401 1502 528 1528 maiorem
540 1503 636 1528 sentio.
670 1502 732 1528 Date
747 1502 829 1537 igitur
838 1509 957 1536 operam,

164 1544 193 1565 ut
214 1539 334 1565 valeatis.
387 1540 412 1565 2.
434 1539 470 1565 De
491 1539 586 1565 Tirone
611 1538 691 1565 video
712 1538 761 1565 tibi
781 1547 861 1564 curae
884 1546 956 1570 esse;

165 1585 245 1610 quem
257 1575 368 1610 quidem
379 1584 437 1611 ego,
451 1576 500 1602 etsi
513 1576 651 1602 mirabiles
663 1575 791 1602 utilitates
803 1575 871 1601 mihi
883 1583 960 1610 prae-

166 1613 218 1644 bet,
241 1622 325 1648 quum
342 1613 421 1645 valet,
439 1614 465 1639 in
482 1614 556 1640 omni
571 1622 669 1649 genere
684 1613 726 1639 vel
739 1613 905 1648 negotiorum
917 1611 958 1638 vel

166 1650 317 1676 studiorum
339 1659 474 1681 meorum,
497 1655 584 1677 tamen
601 1654 709 1685 propter
725 1650 919 1676 humanitatem
935 1654 960 1675 et

166 1688 324 1714 modestiam
341 1687 410 1714 malo
425 1687 540 1717 salvum,
554 1696 635 1722 quam
646 1693 753 1722 propter
764 1695 845 1713 usum
857 1695 958 1713 meum.

166 1727 190 1751 3.
213 1724 373 1760 Philogenes
389 1733 494 1751 mecum
512 1724 579 1751 nihil
592 1733 722 1760 umquam
733 1724 766 1750 de
777 1725 910 1750 Luscieno
922 1723 961 1750 lo-

165 1767 244 1788 cutus
256 1767 308 1788 est:
331 1762 364 1788 de
375 1763 470 1788 ceteris
485 1762 566 1788 rebus
577 1762 660 1788 habes
671 1762 840 1797 Dionysium.
881 1760 961 1787 Soro-

167 1807 222 1825 rem
232 1804 304 1825 tuam
316 1807 368 1825 non
380 1800 487 1825 venisse
498 1800 525 1825 in
537 1799 681 1829 Arcanum,
695 1799 786 1825 miror.
827 1799 862 1824 De
874 1798 961 1833 Chry—

166 1837 245 1871 sippo
260 1845 350 1862 meum
360 1836 504 1862 consilium
516 1836 622 1870 probari
635 1836 693 1865 tibi,
707 1844 759 1862 non
772 1835 882 1862 moleste
895 1834 958 1861 fero.

166 1874 222 1909 Ego
234 1874 261 1899 in
272 1873 455 1899 Tusculanum
468 1872 536 1899 nihil
548 1882 612 1899 sane
624 1873 673 1899 lioc
684 1878 812 1907 tempore.
846 1872 959 1898 Devium

167 1915 207 1937 est
226 1912 280 1940 τοῖς
299 1910 458 1940 ἀπαιτῶσιν,
473 1915 499 1936 et
515 1910 594 1936 habet
609 1909 660 1935 alia
673 1909 825 1945 δύςχρησῐα.
865 1909 916 1935 Sed
927 1908 960 1934 de

168 1947 308 1974 Formiano
324 1948 492 1973 Tarracinam
505 1947 591 1981 pridie
603 1946 662 1974 Kal.
676 1947 745 1977 lan.;
769 1946 831 1972 inde
842 1947 962 1980 Pompti-

168 1993 228 2011 nam
240 1993 387 2016 summam3
403 1984 464 2010 inde
477 1984 610 2010 Albanum
623 1984 756 2018 Pompeii:
771 1984 806 2009 ita
817 1983 850 2010 ad
862 1983 960 2009 Urbem

168 2031 206 2048 ιιι.
219 2023 317 2052 Nonas,
332 2021 413 2047 natali
425 2029 493 2047 mco.
535 2022 558 2047 4.
577 2022 612 2047 De
623 2021 761 2055 republica
772 2021 892 2055 quotidie
905 2029 962 2046 ma-

167 2060 210 2094 gis
229 2059 320 2085 timeo.
360 2059 418 2084 Non
434 2059 506 2084 enim
523 2058 595 2089 boni,
613 2063 642 2085 ut
658 2063 760 2093 putant,
779 2059 960 2084 consentiunt.

167 2096 239 2128 Quos
255 2104 304 2131 ego
320 2096 424 2130 equites
437 2096 577 2126 Romanos,
593 2104 661 2130 quos
673 2100 808 2121 senatores
820 2095 890 2126 vidi,
913 2095 962 2129 qui

167 2133 295 2160 acerrime
311 2141 396 2167 quum
412 2137 507 2164 cetera,
526 2138 582 2159 tum
599 2133 648 2159 hoc
660 2133 708 2159 iter
719 2133 839 2167 Pompeii
855 2133 962 2166 vitupe-

168 2171 268 2197 rarent!
290 2171 357 2196 Pace
368 2179 436 2205 opus
447 2175 497 2196 est.
518 2170 560 2197 Ex
571 2170 681 2196 victoria
693 2178 778 2205 quum
791 2169 874 2196 multa
882 2169 960 2199 mala,

168 2213 225 2234 tum
245 2212 314 2234 certe
337 2212 465 2242 tyrannus
485 2208 605 2234 exsistet.
646 2207 698 2233 Sed
721 2207 786 2233 hacc
805 2206 962 2242 propediem

168 2254 267 2272 coram.
308 2246 363 2271 Iam
374 2244 452 2279 plane
474 2245 542 2271 mihi
562 2245 646 2276 deest,
669 2244 741 2279 quod
753 2244 786 2271 ad
797 2249 821 2270 te
833 2244 960 2270 scribam.

169 2283 222 2309 Nec
245 2282 317 2308 enim
333 2282 366 2308 de
386 2282 538 2316 republica,
560 2281 633 2317 quod
647 2287 760 2316 uterque
776 2286 897 2309 nostrum
912 2282 964 2307 scit

169 2319 275 2352 cadem;
309 2323 335 2345 et
349 2319 495 2346 domestica
510 2324 571 2346 nota
586 2324 650 2346 sunt
664 2319 806 2345 ambobus.
847 2320 872 2345 5.
890 2318 963 2345 Reli-

169 2365 254 2391 quum
272 2361 312 2383 est
327 2357 417 2387 iocari,
435 2357 458 2382 si
469 2356 514 2383 hic
527 2357 606 2383 sinat.
646 2357 713 2382 Nam
725 2365 774 2392 ego
785 2356 808 2382 is
819 2365 890 2387 sum,
903 2356 960 2390 qui,

169 2393 209 2419 illi
224 2393 344 2424 concedi,
361 2398 452 2428 putem
470 2393 564 2420 utilius
574 2402 643 2424 esse,
655 2393 728 2428 quod
739 2393 864 2428 postulat,
881 2401 963 2427 quam

170 2431 247 2465 signa
267 2430 392 2457 conferri.
433 2430 497 2457 Sero
513 2431 585 2457 enim
599 2431 752 2456 resistimus
767 2431 801 2461 ei,
819 2439 901 2465 quem
915 2438 964 2464 per

171 2476 253 2493 annos
264 2467 358 2494 decem
369 2467 488 2494 aluimus
499 2472 589 2494 contra
600 2476 659 2494 nos.
684 2467 756 2499 Quid
768 2468 852 2493 sentis
863 2466 964 2502 igitur?

171 2504 271 2537 inquis.
312 2505 386 2530 Nihil
407 2505 523 2535 scilicet,
546 2505 600 2530 nisi
619 2504 652 2530 de
673 2505 803 2530 sententia
823 2509 881 2536 tua3
915 2512 964 2529 nec

170 2541 246 2574 prius
262 2541 382 2575 quidem,
399 2550 480 2576 quam
497 2547 618 2568 nostrum
633 2541 771 2576 negotium
787 2546 832 2567 aut
841 2540 964 2567 confece-

172 2577 256 2603 rimus
281 2582 326 2603 aut
348 2578 564 2612 deposuerimus.
604 2578 673 2605 Cura
694 2579 789 2613 igitur,
812 2583 841 2604 ut
862 2577 961 2604 valeas.

171 2613 323 2655 Aliquando
356 2614 502 2651 ἀπότριψαι
525 2620 683 2650 quartanam
708 2616 787 2641 istam
811 2615 961 2650 diligentia,

171 2659 240 2685 quae
253 2655 314 2677 inte
325 2659 431 2678 summa
443 2657 491 2678 est.

329 477 448 498 monere,
471 477 503 494 ne
524 473 583 494 ante
605 469 630 494 in
647 473 768 494 senatum
785 467 948 496 accederem.
970 482 972 486 ι

969 273 977 290 ι,

969 295 978 316 ll

866 138 896 163 Τ.
927 137 1202 163 (ἶΙίζΙΞΙιΟΝΙὲ

1049 205 1084 225 Vl,
1118 205 1342 225 1¹...u·..nanuum..
1363 209 1417 227 τινι,

1183 250 1604 276 ‹2112131t‹›ATTi‹:0S.

1060 288 1080 312 l.
1104 282 1186 312 l'lmw
1206 286 1289 315 ‹li-ent,
1307 286 1378 320 quod
1394 286 1425 312 ad
1443 293 1466 312 ιι·
1478 288 1607 313 ιατιιιιιηις
1631 292 1690 313 nota
1702 287 1791 312 omniu

1002 324 1050 350 tibi
1062 329 1137 349 sunt:
1162 332 1209 349 nec
1223 324 1278 357 ipse
1290 323 1383 353 butu-0,
1399 333 1412 349 a
1425 329 1449 349 te
1459 324 1525 358 qun]
1537 329 1700 358 exspectem.
1723 324 1792 349 Tan-

977 380 978 383 .
1002 367 1057 387 tum
1081 361 1162 393 igitur
1183 365 1302 386 nostruin
1320 360 1386 385 illud
1402 360 1531 386 sollemne
1547 369 1699 389 servemus.
1718 366 1746 386 ut
1761 369 1793 386 ne

465 394 558 426 Magna
576 393 673 420 laetitia
690 394 757 420 milii
770 394 845 419 visus
856 397 896 419 cst
910 392 950 418 us·
977 400 979 402 ·

1001 407 1081 432 quein
1096 398 1163 423 istuc
1174 402 1281 422 euntein
1296 397 1354 423 sine
1367 397 1460 422 litteris
1471 398 1647 423 dimittamus.
1668 400 1692 423 2.
1707 398 1741 423 u<-
1753 407 1793 422 re-

1003 434 1110 469 publicu
1134 434 1210 459 valde
1231 435 1320 463 timeo,
1340 443 1387 459 nee
1403 434 1491 459 adliuc
1504 434 1556 460 [ere
1569 435 1669 464 inveni,
1682 436 1728 468 qui
1742 443 1793 460 nun

1002 471 1203 498 concedendum
1221 471 1455 505 putari-tilaenari,
1476 471 1548 505 quod
1567 471 1725 505 postuinet.
1747 480 1794 505 po-

1003 510 1065 539 tius,
1088 517 1169 543 (luam
1190 508 1411 542 depugnandum.
1453 508 1498 534 Est
1519 508 1562 534 illa
1576 508 1686 542 quidem
1703 514 1795 542 postn-

1004 546 1066 572 latio
1086 546 1211 580 opinione
1230 545 1368 571 valentior.
1411 545 1465 571 Cur
1479 550 1568 571 auten·
1585 554 1655 571 nunc
1677 546 1794 579 primun·

1003 584 1026 609 ei
1039 582 1215 609 resistamus?

1062 622 1099 647 Οὐ
1110 621 1162 656 γὰρ
1173 620 1202 653 ὀὴ
1215 619 1273 645 τάδε
1283 621 1371 654 pezium
1382 619 1423 646 ἴπι
1434 620 1521 649 κακόν,

1003 658 1400 692 quamqnumquinquennium
1409 657 1630 691 prorogabamus,
1645 661 1794 690 autquum,

1005 700 1032 721 ut
1053 695 1171 720 absentis
1193 695 1258 720 ratio
1279 694 1434 724 haberetur,
1458 693 1623 724 serel)ssn1us;
1659 693 1711 719 nisi
1732 692 1797 719 sorte

1005 732 1070 758 haec
1087 732 1125 757 illi
1142 737 1198 757 tum
1213 741 1285 757 arina
1297 731 1432 761 dedimus,
1447 737 1474 757 ut
1486 740 1556 757 nunc
1567 739 1628 756 cum
1641 730 1708 756 bene
1720 738 1798 764 para-

1005 774 1030 796 to
1046 778 1239 804 pugnaremus.
1281 769 1365 798 Dices,
1382 768 1448 803 quid
1467 774 1492 794 ιιι
1511 769 1594 803 igitur
1609 776 1739 793 sensurus
1750 766 1798 793 ee?

1006 807 1062 833 Non
1080 806 1161 836 idem,
1177 805 1248 840 quod
1263 806 1395 832 dicturus.
1435 806 1553 831 §entiam
1571 805 1643 831 enirn
1658 805 1748 830 omnia
1759 803 1798 830 fa-

1005 844 1151 874 ciendn,ne
1163 844 1245 869 armis
1255 842 1418 874 decertetur;
1441 842 1528 868 dicam
1543 842 1622 872 idem,
1636 841 1708 876 quod
1721 842 1798 867 l'om-

1006 882 1096 915 peius;
1129 889 1214 915 neque
1235 880 1260 906 id
1277 880 1371 906 faciam
1389 880 1484 906 humili
1501 880 1599 905 animo.
1640 878 1692 904 Sed
1705 887 1799 904 nirsus

1008 919 1056 944 hoc
1077 926 1253 952 permagnum
1271 917 1435 952 reipublicae
1452 917 1552 943 malum
1569 921 1622 942 est:
1645 915 1798 950 atquodam

1007 955 1086 981 modo
1107 955 1174 981 milii
1195 960 1298 989 praeter
1312 960 1412 981 ceteros
1429 963 1480 980 non
1496 959 1607 983 rectum,
1626 953 1706 979 mein
1719 953 1798 979 tantis

1007 993 1088 1019 rebus
1097 1001 1111 1018 a
1123 993 1249 1027 Pompeio
1259 991 1401 1018 dissidere.

1054 1062 1104 1083 vu.
1133 1063 1215 1086 (muno,
1224 1064 1317 1082 Mucella
1327 1070 1371 1080 ‹un-
1383 1064 1438 1084 70⁴.)

1189 1103 1357 1132 CICERO
1385 1103 1554 1130 ATTICO
1584 1102 1612 1129 S.

1066 1144 1089 1169 ⁴.
1112 1137 1267 1175 Dionysius,
1283 1144 1324 1168 cir
1339 1145 1459 1174 optimus,
1473 1146 1499 1166 ιιι
1515 1142 1684 1174 mihiquoque
1696 1145 1800 1173 euper—

1008 1185 1115 1213 spectus,
1130 1184 1153 1205 et
1163 1182 1324 1205 doctissimus
1335 1181 1421 1212 tuique
1430 1180 1629 1206 amantissimus,
1646 1177 1748 1203 Romam
1759 1186 1800 1202 re-

1010 1220 1046 1243 ni!
1057 1225 1104 1243 xv.
1119 1217 1179 1243 Kal.
1193 1217 1248 1242 Ian.
1260 1221 1282 1242 et
1294 1218 1394 1242 litteras
1403 1225 1419 1241 α
1432 1220 1454 1241 {e
1465 1217 1525 1240 mihi
1535 1217 1660 1241 reddidit:
1682 1219 1718 1241 tot
1727 1214 1800 1240 enim

1010 1254 1091 1280 verba
1107 1258 1171 1280 sunt
1185 1253 1218 1280 de
1233 1254 1360 1289 Dionysio
1377 1253 1404 1278 in
1415 1251 1527 1287 epistola
1540 1257 1593 1278 tua.
1634 1250 1712 1281 Illud,
1725 1255 1799 1285 puto,

1010 1300 1062 1318 non
1074 1291 1196 1321 ascribis,
1209 1296 1231 1317 ee
1246 1293 1291 1317 libi
1301 1293 1400 1324 aralius
1411 1293 1469 1323 eyil.
1500 1290 1581 1324 Atqui
1593 1293 1663 1314 certe
1673 1288 1717 1315 ille
1724 1296 1802 1323 agere

1010 1329 1118 1361 debuit;
1151 1333 1185 1359 et,
1203 1329 1227 1354 si
1242 1333 1312 1354 esset
1328 1327 1437 1358 factum,
1450 1335 1519 1362 quae
1531 1331 1574 1352 tua
1585 1331 1626 1352 est
1637 1325 1800 1355 humanitas,

1010 1367 1193 1401 ascripsisses.
1243 1365 1309 1391 Mihi
1339 1370 1428 1391 autem
1459 1363 1532 1390 nulla
1553 1363 1586 1390 de
1607 1371 1638 1389 eo
1660 1362 1802 1397 παλινῳδία

1010 1403 1088 1430 datur
1103 1408 1211 1438 propter
1225 1403 1373 1437 superioris
1388 1401 1515 1436 epistolae
1530 1400 1723 1427 testimonium.
1763 1399 1804 1425 Sit

1011 1442 1094 1477 igitur
1114 1449 1177 1467 sane
1193 1440 1280 1466 bonus
1296 1440 1347 1466 vir.
1387 1439 1441 1465 noc
1456 1439 1528 1464 enim
1545 1439 1635 1472 ipsum
1651 1436 1801 1466 benefecit,

1010 1478 1083 1513 quod
1095 1478 1163 1504 mihi
1174 1478 1218 1504 sui
1229 1476 1408 1513 cognoscendi
1419 1477 1527 1510 penitus
1536 1476 1616 1501 etiam
1629 1475 1705 1501 istam
1719 1473 1804 1500 sacul-

1011 1520 1092 1542 tatem
1107 1515 1191 1542 dedit.
1231 1517 1256 1541 2.
1278 1514 1437 1549 Philogenes
1449 1517 1517 1539 recte
1529 1512 1562 1538 ad
1576 1517 1600 1538 te
1611 1512 1733 1546 scripsit:
1755 1519 1805 1537 cu-

1011 1553 1080 1579 ravit
1100 1553 1187 1583 enim.
1209 1552 1283 1587 quod
1301 1551 1405 1578 debuit.
1445 1551 1514 1577 Eum
1529 1558 1578 1585 ego
1595 1550 1634 1576 uti
1649 1558 1679 1575 ea
1690 1548 1803 1584 pecunia

1011 1589 1100 1620 volui,
1123 1589 1211 1624 quoad
1233 1589 1337 1615 liceret:
1369 1589 1459 1623 itaque
1480 1596 1546 1613 usus
1566 1592 1606 1613 est
1621 1595 1727 1612 menses
1746 1593 1802 1611 xlv.

1011 1629 1036 1654 3.
1049 1627 1233 1661 Pomptinium
1244 1627 1325 1661 cupio
1336 1625 1434 1655 valere,
1447 1629 1480 1655 et,
1489 1624 1561 1659 quod
1571 1624 1702 1650 scribisin
1709 1622 1803 1649 urbem

1011 1665 1146 1691 introisse.
1155 1672 1248 1690 vereor
1258 1662 1325 1698 quid
1336 1663 1384 1694 sin
1407 1670 1468 1688 narn
1480 1661 1507 1687 id
1519 1661 1654 1696 nisigravi
1665 1660 1698 1686 de
1709 1667 1804 1686 caussa

1012 1710 1063 1727 non
1076 1701 1193 1727 fecisset.
1223 1701 1290 1735 Ego,
1303 1700 1431 1735 quoniam
1444 1707 1479 1724 iv.
1491 1698 1580 1724 Nonas
1591 1699 1694 1724 Ianuar.
1725 1696 1804 1723 Com-

1011 1738 1148 1773 pitalicius
1164 1737 1222 1764 dies
1233 1742 1282 1767 est,
1301 1736 1361 1763 nolo
1373 1745 1403 1763 eo
1413 1736 1458 1762 die
1473 1736 1499 1761 in
1510 1735 1645 1761 Albanum
1657 1735 1757 1764 venire,
1772 1742 1804 1760 ne

1012 1775 1141 1802 molestus
1162 1776 1214 1801 sim
1235 1774 1363 1800 familiae.
1403 1773 1514 1799 Veniam
1536 1781 1574 1798 ιιι.
1595 1773 1683 1798 Nonas
1707 1771 1802 1806 igitur:

1012 1813 1075 1839 inde
1096 1812 1129 1839 ad
1149 1812 1247 1839 Urbem
1268 1811 1355 1846 pridie
1376 1811 1474 1836 Nonas.
1515 1810 1570 1835 Tua
1591 1810 1666 1842 λῆψις
1680 1809 1804 1843 quentin

1012 1850 1085 1876 diem
1101 1851 1228 1880 incurrat,
1246 1849 1350 1880 nescim
1373 1847 1420 1874 sed
1432 1855 1541 1882 prorsus
1553 1851 1577 1872 te
1587 1846 1751 1872 commoveri
1763 1845 1806 1872 in-

1012 1887 1153 1913 commodo
1168 1885 1332 1912 valetudinis
1348 1890 1408 1911 tuae
1419 1884 1489 1911 nolo.
1513 1885 1536 1911 4.
1548 1884 1584 1910 De
1596 1883 1695 1909 honore
1706 1887 1803 1913 nostro.

1012 1925 1066 1950 nisi
1086 1923 1153 1959 quid
1176 1923 1279 1950 occulte
1295 1923 1391 1949 Caesar
1413 1930 1460 1956 per
1475 1930 1538 1948 suos
1559 1921 1680 1947 tribunos
1697 1919 1806 1946 molitus

1012 1963 1071 1993 erit,
1094 1966 1181 1987 cetera
1196 1960 1323 1987 videntur
1336 1968 1395 1986 esse
1407 1958 1561 1993 tranquilla.
1602 1956 1806 1992 Tranquillissi-

1013 2008 1074 2025 mus
1090 2003 1180 2025 autem
1195 1998 1302 2024 animus
1316 2005 1403 2027 meus,
1415 1997 1464 2031 qui
1476 2001 1559 2022 totum
1572 1995 1641 2021 istuc
1651 1994 1731 2029 aequi
1742 1993 1806 2020 boni

1013 2036 1089 2068 facit3
1122 2041 1147 2062 et
1161 2044 1192 2061 eo
1208 2035 1304 2070 magis,
1321 2033 1395 2069 quod
1410 2034 1464 2059 iam
1479 2042 1493 2059 a
1509 2032 1602 2059 multis
1617 2031 1697 2058 audio
1707 2031 1807 2057 consti-

1014 2078 1102 2100 tutum
1123 2081 1182 2099 esse
1198 2073 1325 2106 Pompeio
1340 2076 1366 2098 et
1379 2071 1438 2097 eius
1453 2069 1574 2100 consilio,
1592 2070 1620 2095 in
1631 2068 1752 2095 Siciliam
1763 2075 1806 2094 me

1014 2111 1127 2141 mittere,
1141 2109 1213 2144 quod
1225 2110 1369 2144 imperium
1382 2108 1505 2134 habeam.
1540 2106 1570 2133 Id
1581 2111 1621 2132 est
1629 2104 1805 2140 Ἀβδη-ψυῶν,

1014 2149 1067 2174 Nec
1088 2148 1160 2173 enim
1181 2152 1290 2173 senatus
1305 2146 1438 2176 decrevit,
1455 2153 1504 2171 nec
1519 2143 1638 2179 populus
1654 2143 1746 2172 iussit,
1763 2149 1806 2167 me

1015 2185 1160 2220 imperium
1181 2185 1208 2210 in
1224 2183 1316 2210 Sicilia
1332 2182 1440 2209 habere.
1481 2181 1528 2207 Sin
1544 2181 1593 2207 hoc
1609 2178 1761 2215 respublica
1772 2178 1806 2204 ad

1013 2222 1172 2257 Pompeium
1192 2220 1291 2247 desert:
1323 2222 1371 2255 qul
1395 2228 1437 2246 me
1457 2218 1558 2254 magis,
1574 2225 1656 2252 quam
1671 2217 1805 2251 privatum

1014 2259 1147 2294 aliquem,
1165 2257 1270 2284 mittat‘?
1290 2259 1390 2292 ltaque,
1407 2257 1431 2282 si
1447 2256 1496 2282 hoc
1511 2255 1656 2289 imperium
1669 2253 1737 2279 mihi
1748 2261 1806 2279 mo-

1015 2296 1112 2323 lestum
1132 2296 1195 2327 erit,
1219 2300 1278 2322 utar
1297 2303 1328 2321 ea
1348 2299 1436 2329 porta,
1459 2301 1542 2328 quam
1561 2292 1676 2326 primam
1701 2289 1804 2316 videro.

1014 2335 1039 2360 5.
1063 2335 1130 2360 Nam
1145 2332 1219 2368 quod
1234 2332 1341 2362 scribis,
1358 2331 1500 2357 mirificam
1511 2328 1735 2363 exspectationem
1747 2335 1806 2353 esse

1014 2372 1076 2402 mei,
1085 2379 1172 2405 neque
1183 2375 1272 2396 tamen
1283 2376 1449 2404 quemquam
1459 2367 1590 2393 bonorum
1601 2365 1717 2390 autsatis
1723 2364 1807 2390 bono-

1014 2417 1074 2434 rum
1084 2408 1217 2438 dubitare,
1229 2406 1296 2442 quid
1307 2414 1437 2432 sensurus
1450 2405 1516 2430 sim:
1532 2411 1590 2438 ego,
1603 2410 1671 2436 quos
1682 2406 1711 2427 tu
1722 2401 1807 2427 bonos

1014 2454 1074 2471 esse
1092 2445 1181 2475 dicas,
1202 2453 1254 2471 non
1270 2443 1405 2478 intelligo:
1428 2442 1487 2476 ipse
1501 2440 1589 2467 nullos
1601 2439 1678 2465 novi:
1700 2438 1748 2464 sed
1759 2438 1804 2468 ita,

1015 2483 1038 2508 si
1048 2482 1157 2509 ordines
1168 2482 1299 2508 bonorum
1310 2480 1476 2515 quaerimus.
1504 2478 1570 2503 Nam
1581 2475 1733 2511 singulares
1743 2479 1808 2501 sunt

1015 2520 1079 2546 boni
1090 2519 1156 2545 viri:
1183 2527 1279 2544 verum
1290 2518 1318 2544 in
1328 2514 1545 2543 dissensionibus
1555 2512 1663 2539 ordines
1675 2513 1806 2539 bonorum

1015 2561 1041 2583 et
1060 2564 1157 2592 genera
1173 2554 1327 2590 quaerenda
1341 2557 1414 2580 sunt.
1455 2551 1582 2578 Senatum
1598 2550 1699 2576 bonum
1715 2554 1805 2584 putas,

1014 2602 1063 2628 per
1081 2602 1162 2628 quem
1177 2593 1236 2618 sine
1252 2591 1365 2626 imperio
1379 2589 1533 2624 provinciae
1548 2586 1630 2613 sunt‘?
1651 2587 1805 2621 Numquam

1015 2631 1087 2656 enim
1100 2630 1181 2656 Curio
1192 2629 1374 2657 sustinuisset,
1387 2626 1484 2652 sicum
1496 2633 1526 2651 eo
1536 2625 1581 2660 agi
1591 2629 1715 2659 coeptum
1721 2627 1804 2649 esset:

985 2683 987 2690 ι
1015 2676 1097 2702 quam
1107 2666 1266 2693 sententiam
1277 2669 1385 2691 senatus
1396 2663 1474 2698 sequi
1486 2661 1584 2694 noluit3
1598 2669 1632 2688 ex
1642 2669 1696 2696 quo
1706 2660 1806 2687 iactum
