1941 3052
259 110 308 135 750
835 109 876 133 80.
909 107 942 133 Nl.

260 178 406 209 riculo-«us,
424 179 495 205 hune
510 187 600 204 (vietum
620 178 704 210 coegit
720 177 821 203 subire.
863 178 943 207 Nam,
961 178 984 203 si
997 187 1049 204 uno

261 217 316 242 Ιυιύ
328 225 427 246 esim-tn,
448 215 569 245 veri-bur,
589 224 619 240 ne
631 216 674 240 eui
685 215 890 240 obires-tutorum
905 214 1009 240 viderer
1024 220 1049 241 et

260 254 373 279 ninnium
387 254 555 287 pertinaciter
571 252 670 285 l.epido
680 252 797 277 oll‘ensus
811 257 837 277 et
853 261 910 277 ini-a
922 252 1048 286 patientia

258 291 338 315 etiam
354 289 423 314 aler«-
441 289 551 314 belluni.
592 291 615 314 2.
639 289 728 323 ltaque
744 290 834 323 copias
850 298 930 323 prope
944 289 968 315 in
985 298 1049 315 cou-

258 332 379 360 ›epi-rtum
397 325 488 359 Lepidi
506 326 666 359 Antuniique
683 325 797 356 adduxi,
818 325 1048 360 quadragintaque

259 363 374 389 millium
387 372 457 396 pass.
471 363 556 396 spatio
568 362 658 388 relicto
669 362 776 388 ‹onst-di
792 372 822 388 eo
833 363 953 393 musitio,
967 368 994 389 ut
1008 363 1047 389 vel

257 400 378 425 celeriter
389 399 523 429 ειμι-νᾶμα,
534 399 574 424 vel
586 399 737 425 salutariter
749 401 865 434 recipere
877 410 918 426 me
930 410 1046 435 possa-m.

257 437 375 463 Adiunxi
394 437 457 461 lutee
475 437 499 462 in
517 436 572 462 loco
587 436 723 470 eligendo,
742 436 839 463 flumen
856 439 1007 472 oppositum
1021 443 1048 464 ut

259 474 397 503 baberent,
417 474 442 499 in
459 482 512 507 quo
529 482 600 499 mora
616 475 742 500 transitus
759 480 841 500 esst-t:
861 475 979 500 Vocontii
995 475 1047 500 sub

258 520 336 536 manu
351 515 377 536 nt
389 515 490 540 essent,
508 519 555 544 per
570 520 685 545 quorum
703 510 757 537 loca
770 511 883 538 fideliter
895 512 961 538 mibi
974 517 1047 546 pate-

257 552 295 574 ret
308 548 365 573 iter.
403 547 527 581 Lepidus,
542 547 681 582 desperato
692 548 808 575 adventu
822 558 888 579 meo,
902 558 982 583 quem
995 559 1045 575 non

257 585 425 610 mediocriter
436 585 571 619 captabat,
589 594 617 611 se
632 594 694 611 euni
707 586 819 612 Antonio
830 587 969 612 coniunxit
981 596 1004 612 a.
1017 586 1044 612 d.

257 631 291 648 iv.
306 622 362 647 Kal.
373 622 470 651 lunias,
483 622 685 657 eodemquedie
697 622 729 648 ad
743 632 783 649 nie
793 628 877 649 castra
891 628 1043 650 moverunt:
1074 625 1076 654 ζ

257 659 353 693 viginti
366 659 449 684 millia
463 668 533 693 pass.
546 668 630 694 quum
643 660 780 691 abessent,
795 670 836 686 res
849 661 914 687 mibi
927 662 1045 687 nuntiata
1074 684 1075 690 ,

345 698 369 722 3.
391 696 573 731 Dedioperam
586 697 666 723 deum
679 697 855 733 benignitate,
873 703 901 724 ut
916 703 940 724 et
951 698 1046 724 celeri·
1067 709 1069 717 ι

256 738 293 759 ter
304 742 346 760 me
358 734 518 768 reciperem,
535 738 561 760 et
577 734 619 760 liic
635 734 771 761 discessus
788 735 854 761 nihil
868 735 945 771 fugae
957 735 1045 761 simile
1067 736 1075 752 ’Ὗ

255 701 304 722 est.

255 770 376 801 liaberet,
396 780 446 797 non
464 771 540 797 miles
553 771 638 803 ullus,
655 781 706 798 non
717 781 813 807 eques,
832 782 882 799 non
894 773 1043 807 quidquam

254 808 507 842 impedintentorum
524 809 689 835 amitteretur
704 814 749 837 aut
763 810 796 836 ab
813 810 866 836 illis
879 810 1043 836 ferventibus

255 845 402 872 latronibus
414 846 625 880 interciperetur.
657 847 746 881 ltaque
759 848 844 882 pridie
856 849 943 874 Nonas
955 849 1044 874 lunias

253 892 346 909 omnes
360 883 450 917 copias
467 884 562 909 {saram
580 885 683 914 traieci,
707 890 867 919 pontesque,
891 894 958 920 quos
975 885 1044 911 feee-

254 929 318 950 ram,
329 921 468 954 interrupi,
479 926 505 947 ut
517 922 633 955 spatium
646 921 677 947 ad
689 921 869 957 colligendum
882 932 911 948 se
923 922 1044 949 homines

213 958 218 965 ’
254 957 393 988 baberent,
417 962 442 984 et
461 967 510 991 ego
531 968 572 984 me
590 959 687 984 interea
703 968 765 985 euni
781 959 880 991 collega
896 960 1044 993 coniunge-

253 1003 322 1020 rem:
341 1003 421 1029 quem
433 996 534 1026 triduo,
549 1004 632 1030 quum
646 996 692 1022 has
704 996 800 1022 dabam
819 996 930 1026 litteras,
947 994 1044 1031 exspe—

252 1031 366 1058 ctabam.
412 1033 435 1058 4.
460 1033 609 1059 Laterensis
630 1034 711 1060 nostri
731 1039 756 1060 et
777 1034 856 1060 tidem
877 1039 901 1060 et
922 1035 1042 1060 animum

252 1069 417 1104 singularem
440 1070 464 1095 in
488 1070 681 1104 rempublicam
702 1080 808 1105 semper
833 1071 942 1098 fatebor.
991 1071 1042 1097 Sed

251 1111 320 1133 certe
334 1107 415 1132 nimia
427 1107 486 1133 eins
500 1107 665 1142 indulgentia
682 1109 707 1134 in
721 1108 853 1143 Lepidum
868 1108 900 1135 ad
917 1109 981 1135 haec
996 1117 1043 1142 pe-

252 1143 334 1170 ricula
351 1144 536 1178 perspicienda
553 1144 614 1170 feeit
629 1154 690 1171 eum
707 1146 796 1172 minus
817 1154 950 1181 sagacem.
990 1146 1042 1178 Qui
1071 1171 1072 1177 ,

251 1181 361 1216 quidem
374 1190 459 1216 quum
472 1182 497 1207 in
511 1181 630 1208 fraudem
646 1192 674 1209 se
689 1183 835 1209 deductum
853 1183 967 1210 videret.
986 1192 1043 1210 ma—

251 1227 315 1249 nus,
332 1228 399 1253 quas
416 1219 513 1245 iustius
527 1219 551 1244 in
565 1219 659 1253 Lepidi
671 1221 817 1255 perniciem
829 1226 970 1251 armasset.
988 1221 1041 1247 sibi

250 1256 341 1281 afferre
356 1261 466 1282 conatus
481 1260 529 1282 est.
571 1257 599 1282 ln
615 1266 668 1291 quo
683 1266 746 1283 casu
759 1263 845 1284 tamen
859 1258 1042 1293 interpellatus

249 1298 274 1319 et
285 1293 373 1319 adhuc
386 1294 453 1320 vivit
464 1298 489 1320 et
499 1293 599 1320 dieitur
609 1295 741 1321 victurus.
782 1295 834 1321 Sed
847 1300 934 1322 tamen
947 1296 980 1322 de
992 1297 1041 1323 hoc

249 1330 317 1356 milii
332 1339 427 1364 parum
443 1336 545 1357 certum
560 1336 608 1358 est.
648 1333 673 1358 5.
696 1333 791 1367 Magno
806 1342 867 1358 eum
879 1333 968 1360 dolore
981 1343 1042 1368 par-

249 1367 394 1393 ricidarum
406 1367 514 1403 elapsus
526 1377 586 1394 sum
599 1369 642 1395 iis.
683 1370 928 1401 Veniebantenim,
947 1371 1040 1397 eodem

249 1404 335 1430 furore
352 1405 378 1431 in
395 1414 449 1436 mc,
471 1414 525 1440 quo
541 1406 567 1431 in
583 1407 709 1440 patriam,
733 1407 845 1434 incitati.
886 1409 1040 1435 iracundias

247 1446 336 1468 autem
353 1442 447 1468 barum
465 1452 552 1469 rerum
570 1449 688 1470 recentes
704 1444 851 1471 habebant:
873 1446 945 1481 quod
961 1447 1041 1481 Lepi——

247 1479 312 1505 dum
328 1480 458 1515 castigare
475 1489 525 1506 non
545 1480 712 1512 destiteram,
736 1486 765 1508 ut
778 1483 963 1519 exstingueret
983 1483 1041 1509 bel-

248 1516 316 1547 lum,
338 1517 411 1551 quod
426 1517 559 1552 colloquia
576 1517 640 1544 facta
658 1519 857 1554 improbabamg
876 1520 949 1555 quod
968 1520 1041 1557 lega—

247 1559 286 1579 tos
305 1553 356 1579 tide
376 1554 471 1589 Lepidi
493 1556 589 1581 missos
607 1555 641 1582 ad
657 1564 699 1582 me
715 1557 742 1582 in
757 1562 931 1592 conspectum
948 1559 1039 1585 venire

247 1595 396 1624 vetueram3
410 1591 483 1626 quod
496 1592 525 1618 C.
538 1592 643 1619 Catium
650 1593 800 1626 Vestinum,
815 1595 954 1621 tribunum
967 1595 1040 1622 mili-

246 1633 316 1659 tum,
331 1629 444 1654 missum
456 1629 489 1655 ab
500 1630 613 1656 Antonio
625 1629 657 1656 ad
668 1639 730 1657 eum
741 1640 803 1657 cuni
816 1631 910 1658 litteris
925 1640 1040 1667 excepe-

246 1673 312 1691 ram.
353 1666 381 1691 ln
393 1674 446 1700 quo
458 1666 525 1693 hanc
535 1668 612 1702 capio
624 1667 796 1702 voluptatem,
810 1669 882 1703 quod
893 1674 971 1701 certe,
985 1679 1039 1704 quo

246 1702 332 1737 magis
344 1711 386 1728 me
397 1703 558 1737 petiverunt,
568 1709 638 1731 tanto
650 1706 777 1732 maiorem
789 1705 832 1732 his
844 1705 980 1733 frustratio
990 1707 1039 1733 do-

246 1738 327 1765 lorem
339 1740 436 1766 attulit.
477 1742 501 1767 6.
541 1741 594 1772 Tu,
613 1742 651 1768 mi
663 1742 767 1774 Cicero,
785 1743 857 1777 quod
872 1743 961 1770 adhuc
972 1743 1039 1770 feci-

244 1776 291 1806 sti,
312 1776 382 1802 idem
394 1782 510 1811 praesta;
530 1782 559 1804 ut
571 1779 713 1814 vigilanter
729 1788 894 1815 nervoseque
910 1790 971 1811 nos,
989 1782 1037 1816 qui

244 1817 347 1839 stamus
359 1814 385 1840 in
397 1815 462 1845 acie,
478 1815 620 1842 subornes.
656 1816 749 1843 Veniat
760 1817 855 1843 Caesar
866 1826 927 1844 eum
939 1819 1034 1853 copiis,

243 1859 310 1885 quas
323 1850 403 1877 habet
414 1851 596 1879 firmissimas:
619 1857 676 1883 aut,
692 1855 716 1879 si
729 1854 818 1888 ipsum
830 1854 920 1889 aliqua
932 1864 974 1881 res
986 1856 1038 1881 im-

244 1887 326 1922 pedit,
343 1889 476 1914 exercitus
489 1889 620 1917 mittatur:
637 1890 715 1916 cuius
728 1891 814 1925 ipsius
826 1900 953 1927 magnum
965 1893 1038 1927 peri-

243 1924 336 1950 culum
351 1925 449 1960 agitur.
490 1926 629 1961 Quidquid
645 1927 789 1962 aliquando
806 1927 926 1955 futurum
943 1929 993 1956 fuit
1009 1931 1036 1956 in

243 1962 337 1987 castris
348 1962 513 1996 perditorum
524 1968 613 1990 eontra
624 1965 746 1998 patriam,
760 1965 808 1991 hoe
818 1975 897 1992 omne
909 1967 960 1993 iam
972 1976 1037 1994 con-

244 1999 326 2025 venit.
368 1999 417 2026 Pro
428 2000 508 2026 Urbis
520 2009 582 2027 vero
593 2001 678 2028 salute
689 2011 736 2028 cur
748 2011 798 2029 non
810 2003 938 2030 omnibus
951 2004 1036 2030 facul-

242 2035 427 2071 tatibus,quas
439 2037 578 2069 babemus,
593 2039 717 2065 utamur?
730 2038 806 2071 Quod
817 2041 840 2066 si
853 2050 900 2067 vos
912 2042 971 2068 istic
983 2051 1035 2068 non

242 2072 397 2103 defueritis,
411 2074 540 2108 profecto,
554 2076 626 2110 quod
638 2076 671 2102 ad
683 2085 725 2102 me
736 2077 841 2108 attinet,
855 2079 982 2105 omnibus
994 2088 1036 2105 re-
1064 2102 1065 2108 ,

241 2110 294 2136 bus
305 2110 412 2136 abunde
424 2112 588 2146 reipublicae
603 2113 776 2140 satisfaciam.
817 2115 842 2140 7.
865 2115 899 2141 Te
911 2116 1031 2150 quidem,

242 2147 279 2173 mi
291 2147 391 2178 Cicero⁷
405 2148 431 2174 in
443 2148 514 2179 dies,
528 2149 708 2182 mehercules,
723 2151 808 2178 habeo
819 2153 962 2179 cariorem:
980 2153 1035 2179 sol-

242 2183 451 2220 licitudinesque
467 2194 539 2212 meas
554 2188 673 2221 quotidie
690 2189 776 2224 magis
797 2194 841 2215 tua
857 2190 950 2217 merita
970 2199 1034 2217 exa-

240 2226 337 2253 cuunt,
355 2231 387 2248 ne
403 2223 469 2257 quid
483 2228 529 2249 aut
543 2232 576 2250 ex
590 2233 678 2251 amore
694 2230 739 2252 aut
754 2234 788 2252 ex
803 2226 904 2253 iudicio
916 2231 961 2254 tuo
970 2236 1034 2262 per-

240 2258 313 2285 dam.
346 2258 422 2293 Opto,
437 2264 465 2286 ut
477 2261 543 2286 mihi
556 2260 632 2288 liceat
644 2263 696 2288 iam
708 2264 841 2297 praesenti
851 2264 948 2298 pietate
960 2273 1034 2291 meo-

240 2304 300 2322 rum
316 2295 466 2323 officiorum
483 2303 526 2324 tua
542 2298 671 2326 beneficia
688 2300 738 2326 tibi
755 2299 841 2326 facere
862 2301 1031 2329 iucundiora.

240 2332 338 2360 Octavo
349 2333 412 2360 Idus
422 2334 480 2361 tun.
494 2335 624 2362 Cularone
636 2336 647 2349 *
658 2346 692 2363 ex
703 2337 804 2363 finibus
813 2337 999 2374 Allobrogum.

293 2403 380 2424 XXIV.
396 2403 472 2424 ARG.
488 2405 604 2425 Memorem
619 2412 642 2426 se
659 2406 811 2427 beneficiorum
830 2406 962 2433 pollicet-ur,
979 2414 1031 2428 suas

241 2437 316 2464 copias
327 2441 409 2463 narrat,
420 2438 543 2460 subsidium
554 2440 665 2461 exercitus
675 2441 759 2467 puscit,
770 2442 912 2463 Octavianum
922 2442 1000 2470 carpit..

458 2476 539 2496 (Occisis
549 2476 619 2497 Pansa,
630 2476 692 2494 Hirti-1
703 2484 748 2494 ross.
760 2479 815 2499 711.)

292 2516 469 2544 PLANCUS
488 2519 565 2545 IMP.
587 2518 697 2546 CONS.
718 2520 874 2548 DESIGN.
895 2522 923 2549 S.
944 2523 974 2550 D.

534 2555 730 2584 CICERONI.

299 2590 321 2614 t.
336 2585 436 2615 Facere
447 2600 497 2618 non
508 2601 628 2626 possum,
645 2595 710 2628 quin
723 2594 750 2620 in
761 2594 883 2630 singulas
894 2604 936 2622 res
948 2597 1030 2623 meri—

242 2630 320 2660 taque
340 2630 384 2652 tua
405 2627 455 2653 tibi
469 2626 567 2663 gratias
589 2639 676 2665 agam.
716 2631 769 2658 Sed
789 2631 942 2660 mehercule
960 2633 1029 2661 facio

975 107 1005 132 T.
1036 107 1307 135 ClCEltUNlS

1077 181 1079 211 ξ
1099 187 1160 204 euin
1177 178 1288 212 pudore.

1077 234 1079 246 ,
1101 221 1152 242 tam
1170 221 1196 241 tu
1213 215 1280 241 milii
1298 221 1384 242 terum
1400 225 1459 242 esse
1476 217 1598 246 voluisti.
1619 219 1770 246 desiderare
1786 220 1892 247 videtur

1100 253 1245 287 gratiarum
1258 254 1397 282 actionem.
1414 262 1500 288 neque
1512 263 1561 289 ego
1573 254 1694 282 lubenter
1705 265 1752 291 pro
1764 257 1891 283 niaximin
1913 285 1927 290 ..

1077 288 1079 292 ⁴
1101 291 1154 316 tuis
1166 290 1304 315 beneficii»
1317 295 1368 316 tam
1383 290 1429 316 vili
1442 300 1551 317 munere
1562 292 1695 326 defungor
1707 295 1846 320 orationis:
1865 299 1892 321 et

1077 318 1079 342 Ι
1101 326 1170 353 malo
1187 336 1313 361 praesens
1327 327 1510 358 observantia,
1538 328 1716 363 indulgentia.
1735 331 1891 357 assiduitate

1076 361 1079 398 ξ
1101 373 1244 390 memorem
1257 373 1299 389 me
1311 364 1359 390 tibi
1371 365 1493 399 probare.
1533 366 1608 397 Quod
1624 367 1645 392 si
1662 367 1727 393 milii
1741 368 1793 393 vita
1804 368 1890 394 conti-

1076 402 1078 436 ξ
1099 402 1277 436 gerit,onines
1289 406 1376 434 gratas
1388 403 1520 428 amicitias
1531 408 1610 437 atque
1620 404 1700 430 etiam
1711 405 1769 439 pias
1781 405 1890 439 propin-

1070 436 1077 455 *
1099 439 1214 473 quitatcs
1231 438 1256 464 in
1274 443 1317 464 tua
1332 438 1515 470 observantia,
1534 439 1713 473 indulgentia,
1734 441 1891 468 assiduitate

1101 476 1216 501 vim-am.
1257 476 1338 501 Amor
1353 476 1424 502 enim
1442 481 1504 502 tuus
1515 486 1544 502 ac
1558 474 1689 504 indii-inm
1701 478 1733 504 de
1746 488 1787 504 nie
1800 484 1890 505 utrum

1100 513 1165 538 mibi
1180 512 1241 547 plus
1252 512 1391 547 dignitatis
1404 514 1429 539 in
1443 519 1610 548 perpetuum,
1623 524 1655 541 an
1667 515 1811 550 voluptatis
1821 524 1890 551 quo-

1099 550 1162 575 tidie
1174 551 1208 575 sit
1219 549 1358 579 allaturus,
1373 559 1423 576 non
1437 550 1513 576 facile
1524 551 1650 578 dixerim.
1683 554 1707 578 Ξ.
1724 553 1759 578 De
1772 552 1888 579 militum

1097 587 1244 613 commodis
1266 586 1316 613 fuit
1338 587 1385 613 tibi
1410 596 1502 620 curae;
1525 597 1593 623 quos
1614 598 1663 624 ego
1684 598 1735 616 non
1757 590 1889 624 potentiae

1098 633 1170 650 meae
1191 633 1283 649 caussa
1300 624 1377 657 (nihil
1398 625 1470 651 enim
1487 634 1528 651 me
1544 634 1594 652 non
1609 626 1760 653 salutariter
1773 628 1889 662 cogitare

1097 699 1160 725 ritos
1177 698 1343 725 iudicabam:
1362 699 1472 729 deinde,
1490 700 1562 734 quod
1579 700 1612 726 ad
1627 710 1720 727 ornnes
1735 710 1813 727 casus
1824 710 1889 728 con-

1098 736 1240 762 iunctiores
1252 736 1416 770 reipublicae
1427 746 1486 762 esse
1499 737 1634 769 volebam;
1651 739 1807 769 novissime,
1816 743 1845 765 ut
1854 738 1888 765 ab

1095 773 1168 799 omni
1187 773 1308 799 omnium
1325 773 1510 800 sollicitatione
1531 783 1638 801 aversos
1660 784 1705 801 eos
1726 775 1791 802 tales
1811 775 1888 802 vobis

1074 807 1075 810 ¹
1097 816 1229 845 praestare
1241 819 1356 845 possem,
1370 811 1464 845 quales
1475 811 1563 837 adhuc
1575 811 1692 839 fuerunt.
1733 815 1758 839 3.
1776 813 1829 839 Nos
1840 812 1888 839 ad-

1097 849 1148 874 liuc
1161 848 1204 874 bie
1215 848 1304 873 omnia
1318 849 1417 881 integra
1430 849 1621 876 sustinuimus.
1656 850 1732 881 Quod
1742 850 1886 876 consilium

1096 890 1224 914 nostrum,
1238 886 1300 915 etsi,
1315 891 1412 920 quanta
1425 886 1458 911 sit
1470 886 1584 912 aviditas
1597 887 1749 917 hominum,
1767 896 1817 914 non
1828 888 1888 914 sine

1072 943 1073 946 .
1095 931 1188 948 caussa
1201 922 1260 948 talis
1274 923 1398 949 victuriae
1409 924 1472 953 scio,
1490 928 1576 949 tamen
1590 924 1666 950 vobis
1681 924 1786 958 probari
1798 933 1885 959 spero.

1072 966 1073 972 ¹
1096 961 1151 986 Non
1164 960 1245 986 enim.
1255 960 1277 985 si
1289 960 1355 994 quid
1369 961 1394 986 in
1409 960 1450 986 liis
1461 961 1625 986 exercitibus
1636 962 1669 987 sit
1680 961 1820 991 offensum,
1831 971 1887 988 ma-

1072 1003 1073 1006 ’
1094 1006 1146 1032 gna
1158 996 1280 1023 subsidia
1294 997 1444 1031 respublica
1457 997 1536 1023 babet
1547 998 1679 1032 expedita.
1689 999 1887 1033 quibussubito

1072 1034 1073 1038 ¹
1096 1036 1197 1069 inipetu
1217 1043 1247 1060 ac
1264 1034 1401 1060 latrocinio
1422 1034 1617 1069 parricidarum
1636 1036 1750 1061 resistat.
1790 1036 1886 1070 Copias

1095 1081 1157 1098 vero
1173 1076 1275 1097 nostras
1292 1076 1365 1097 notas
1380 1071 1429 1098 tibi
1440 1081 1499 1097 esse
1511 1072 1633 1098 arbitror.
1674 1073 1701 1098 [n
1713 1073 1807 1099 eastris
1819 1074 1887 1100 meis

1096 1109 1214 1144 legiones
1228 1113 1290 1134 sunt
1306 1114 1444 1134 veteranae
1459 1114 1523 1139 tres,
1543 1110 1657 1135 tironum
1674 1109 1715 1136 vel
1728 1109 1887 1137 luculentis-

1094 1147 1162 1172 sima
1178 1154 1211 1172 ex
1221 1145 1349 1172 omnibus
1366 1155 1431 1177 una,
1456 1146 1482 1172 in
1497 1147 1591 1173 castris
1606 1147 1679 1173 Bruti
1695 1155 1746 1173 una
1763 1152 1886 1174 veterana

1095 1183 1173 1219 legio,
1187 1183 1267 1209 altera
1280 1183 1361 1213 bima,
1374 1188 1432 1209 octo
1445 1183 1572 1210 tironum.
1606 1184 1642 1210 lta
1655 1185 1798 1211 universus
1808 1193 1886 1212 exer-

1093 1222 1162 1247 citus
1184 1229 1295 1247 numero
1319 1220 1506 1255 amplissimus
1529 1226 1581 1251 est,
1610 1220 1733 1248 firmitate
1757 1223 1883 1258 exiguus.

1093 1258 1229 1290 Quantum
1245 1262 1332 1284 autem
1349 1258 1375 1284 in
1387 1258 1443 1284 acie
1455 1258 1533 1284 tironi
1545 1259 1579 1284 sit
1589 1258 1824 1290 committendum,
1842 1260 1885 1286 ni—

1094 1296 1179 1322 mium
1190 1304 1270 1330 saepe
1281 1299 1421 1330 expertum
1434 1295 1576 1321 habemus.
1598 1297 1623 1322 4.
1635 1295 1675 1322 Ad
1685 1296 1734 1322 hoc
1746 1296 1827 1323 robur
1837 1305 1885 1324 no—

1093 1338 1208 1360 strorum
1221 1333 1389 1359 exercituum
1399 1333 1457 1358 sive
1469 1332 1611 1359 Africanus
1621 1333 1768 1364 exercitus.
1785 1334 1833 1369 qui
1844 1339 1886 1361 est

1093 1376 1248 1401 veteranus,
1271 1371 1329 1396 sive
1348 1369 1470 1396 Caesaris
1493 1371 1662 1401 accessisset,
1689 1379 1775 1405 aequo
1794 1371 1884 1398 animo

1091 1417 1226 1434 summam
1247 1407 1442 1442 rempublicam
1465 1408 1491 1433 in
1511 1407 1656 1434 discrimen
1677 1407 1882 1435 deduceremus.

1091 1445 1236 1481 Aliquanto
1247 1450 1335 1471 autem
1346 1445 1457 1479 propius
1469 1453 1536 1475 esse,
1549 1445 1622 1480 quod
1633 1444 1665 1471 ad
1671 1445 1811 1472 Caesarem
1822 1446 1884 1472 atti-

1092 1488 1144 1514 net,
1159 1483 1333 1514 videbamus3
1347 1482 1415 1508 nihil
1427 1481 1517 1508 destiti
1528 1491 1590 1508 eum
1603 1482 1698 1508 litteris
1710 1482 1822 1515 hortari;
1836 1491 1884 1510 ne-

1091 1528 1143 1555 que
1164 1520 1209 1546 ille
1231 1520 1375 1546 intermisit
1395 1519 1540 1550 affirmare,
1563 1528 1592 1546 se
1612 1520 1671 1546 sine
1687 1528 1759 1546 mora
1775 1520 1880 1552 venire;

1091 1566 1176 1592 quum
1198 1558 1304 1583 interim
1325 1565 1450 1583 aversum
1467 1556 1544 1582 illum
1562 1556 1596 1583 ab
1612 1557 1661 1583 hac
1674 1557 1834 1593 cogitatione
1849 1557 1882 1584 ad

1090 1595 1142 1621 alia
1153 1594 1264 1620 consilia
1279 1594 1358 1620 video
1371 1602 1400 1620 se
1411 1593 1568 1620 contulisse.
1606 1594 1664 1629 Ego
1675 1599 1762 1620 tamen
1774 1594 1808 1621 ad
1819 1602 1883 1621 eum

1090 1632 1221 1659 Furnium
1238 1636 1358 1657 nostrum
1373 1639 1436 1657 cum
1452 1631 1584 1657 mandatis
1601 1630 1750 1666 litterisque
1765 1632 1841 1662 misi,
1857 1632 1882 1658 si

1066 1676 1068 1706 g
1089 1669 1156 1704 quid
1176 1668 1240 1695 forte
1256 1668 1382 1703 proficere
1398 1673 1496 1703 posset.
1536 1669 1561 1694 5.
1583 1667 1643 1694 Scis
1661 1673 1703 1699 tu,
1725 1669 1763 1694 mi
1779 1668 1880 1699 Cicero,

1066 1713 1068 1724 ·’
1089 1706 1162 1741 quod
1173 1706 1206 1732 ad
1216 1706 1336 1732 Caesaris
1348 1714 1464 1732 amorem
1476 1705 1581 1735 attinet,
1595 1706 1748 1731 societatem
1759 1705 1827 1732 mihi
1839 1714 1882 1732 es-

1089 1752 1117 1769 se
1129 1748 1230 1769 tecum:
1245 1743 1287 1769 vel
1298 1742 1370 1777 quod
1383 1743 1410 1769 in
1420 1742 1736 1773 familiaritateCaesaris‚
1749 1743 1812 1769 vivo
1824 1742 1880 1774 illo,

1090 1782 1142 1807 iam
1154 1781 1223 1806 tueri
1233 1789 1295 1806 eum
1306 1785 1331 1806 et
1342 1779 1455 1815 diligere
1467 1779 1518 1806 fuit
1529 1780 1597 1805 milii
1608 1788 1730 1811 necesse;
1749 1779 1792 1806 vel
1807 1780 1881 1815 quod

1088 1819 1156 1852 ipse,
1170 1817 1258 1852 quoad
1268 1826 1318 1853 ego
1328 1826 1406 1843 nosse
1417 1817 1501 1852 potui,
1519 1817 1726 1843 moderatissimi
1738 1822 1817 1852 atque
1829 1817 1881 1844 hu-

1089 1855 1240 1881 manissimi
1257 1854 1307 1880 fuit
1321 1863 1430 1886 sensus3
1449 1853 1492 1880 vel
1507 1854 1579 1889 quod
1590 1862 1625 1880 ex
1635 1859 1688 1880 tam
1700 1854 1801 1889 insigni
1811 1855 1881 1881 ami-

1087 1893 1149 1919 citia
1168 1901 1227 1918 mea
1242 1897 1322 1926 atque
1337 1892 1459 1918 Caesaris
1480 1891 1566 1922 hunc,
1590 1891 1638 1917 filii
1655 1891 1711 1918 loco
1727 1896 1752 1918 et
1766 1891 1841 1918 illius
1854 1897 1881 1918 et

1087 1934 1176 1956 vestro
1188 1929 1288 1955 indicio
1299 1929 1485 1959 substitutum,
1500 1937 1552 1955 non
1564 1928 1676 1963 proinde
1691 1928 1804 1960 habere,
1822 1933 1880 1955 tur-

1087 1975 1120 2001 pe
1132 1967 1198 1992 mihi
1211 1966 1327 1992 videtur.
1367 1968 1394 1992 6.
1415 1965 1481 1996 Sed,
1498 1965 1696 2001 quidquidtibi
1710 1965 1813 1997 scribo,
1830 1965 1880 1993 do-

1087 2004 1171 2030 lenter
1183 2003 1335 2030 mehercule
1347 2004 1447 2039 magis,
1469 2012 1552 2038 quam
1564 2003 1673 2029 inimice
1684 2002 1762 2029 facio.
1801 2002 1879 2035 Quod

1086 2078 1220 2104 exercitus
1241 2078 1340 2104 habent
1360 2086 1413 2104 non
1428 2077 1650 2108 contemnend0S‚
1672 2076 1745 2112 quod
1758 2082 1876 2112 sperant,

1063 2113 1065 2126 ²
1085 2115 1158 2150 quod
1168 2115 1276 2146 audent,
1289 2123 1369 2141 omne
1379 2115 1485 2142 Caesari
1495 2120 1634 2149 acceptum
1646 2114 1744 2140 referre
1753 2119 1875 2149 possunt.

1085 2153 1178 2187 Neque
1189 2161 1238 2188 ego
1251 2153 1389 2187 superiora
1400 2156 1530 2186 repetam;
1544 2151 1593 2178 sed
1603 2161 1638 2179 ex
1647 2160 1678 2178 eo
1689 2156 1815 2186 tempore,
1823 2159 1878 2186 quo

1085 2190 1142 2224 ipse
1154 2190 1222 2216 mihi
1233 2189 1370 2224 professus
1381 2194 1421 2216 est
1432 2198 1460 2215 se
1472 2189 1563 2215 venire
1571 2209 1577 2220 ‚
1594 2189 1618 2215 si
1633 2189 1725 2215 venire
1735 2187 1874 2220 voluisset,

1084 2232 1129 2253 aut
1139 2235 1300 2261 oppressum
1312 2227 1365 2253 iam
1376 2226 1479 2252 bellum
1490 2231 1568 2257 esset,
1581 2226 1664 2252 autin
1675 2226 1876 2252 aversissimam

1084 2263 1139 2290 illis
1145 2264 1302 2298 Rispaniam
1308 2272 1371 2290 cum
1382 2263 1541 2290 detrimento
1552 2271 1644 2289 eorum
1655 2263 1773 2289 maximo
1783 2267 1876 2289 extru-

1083 2309 1155 2327 sum.
1195 2301 1268 2333 Quae
1284 2310 1360 2327 mens
1375 2309 1451 2331 eum,
1469 2305 1514 2327 aut
1525 2308 1640 2335 quorum
1650 2299 1763 2326 consilia
1777 2308 1792 2326 a
1804 2304 1876 2327 tanta

1083 2337 1167 2373 gloria
1175 2359 1181 2369 ,
1202 2338 1256 2364 sibi
1272 2346 1335 2364 vero
1345 2338 1426 2364 etiam
1438 2337 1587 2364 necessaria
1596 2345 1626 2363 ac
1637 2336 1761 2368 salutari,
1778 2345 1875 2364 avoca-

1083 2375 1149 2406 rint,
1167 2380 1193 2402 et
1207 2375 1240 2401 ad
1255 2375 1442 2410 cogitationem
1454 2374 1608 2401 consulatus
1619 2374 1756 2400 bimestris
1766 2382 1874 2401 summo

1082 2421 1144 2438 eum
1164 2417 1262 2439 terrore
1282 2412 1424 2438 hominum
1441 2416 1467 2438 et
1486 2411 1588 2438 insulsa
1606 2420 1668 2437 cum
1683 2410 1874 2447 efflagitatione

1082 2449 1245 2480 tratulerint,
1258 2454 1386 2484 exputare
1397 2457 1448 2475 non
1459 2457 1580 2483 possum.
1617 2449 1642 2474 7.
1657 2447 1771 2474 Multum
1783 2448 1811 2474 in
1822 2447 1874 2475 hac

1082 2495 1109 2512 re
1138 2486 1206 2512 mihi
1227 2486 1353 2512 videntur
1380 2486 1525 2512 necessarii
1544 2486 1604 2512 eius
1623 2490 1649 2512 et
1670 2485 1835 2520 reipublicae
1845 2489 1873 2512 et

1082 2524 1170 2558 ipsius
1180 2532 1275 2550 caussa
1284 2523 1412 2558 proficere
1422 2530 1513 2557 posse3
1531 2522 1695 2557 plurimum,
1709 2526 1827 2557 utputo,
1840 2526 1871 2549 tu

1081 2569 1204 2595 qnoque,
1220 2561 1299 2587 cuius
1315 2560 1360 2586 ille
1375 2565 1445 2587 tanta
1461 2560 1554 2586 merita
1570 2559 1663 2590 habet,
1680 2565 1779 2594 quanta
1791 2566 1870 2586 nemo

1080 2602 1185 2631 praeter
1204 2606 1260 2624 me:
1283 2605 1431 2632 numquam
1445 2597 1517 2623 enim
1540 2597 1687 2623 obtiviscar
1705 2596 1823 2623 maxima
1837 2603 1869 2622 ac

1079 2634 1196 2669 plurima
1217 2643 1259 2661 me
1280 2634 1330 2661 tibi
1344 2634 1452 2661 debere.
1491 2634 1528 2661 De
1542 2634 1586 2662 his
1602 2633 1697 2665 rebus,
1709 2638 1740 2661 ut
1749 2633 1870 2670 exigeret

1096 662 1159 695 scio,
1174 662 1260 687 ornari
1275 662 1346 687 volui
1358 671 1371 687 a
1384 667 1491 694 senatu3
1505 663 1551 688 sed
1564 663 1691 697 primurn,
1704 664 1775 699 quod
1787 665 1820 690 ita
1833 673 1889 691 me-
1924 680 1928 683 -

1330 179 1421 214 Neque
1437 180 1508 206 enim
1525 186 1593 207 tanta
1605 182 1786 211 necessitudo.
1804 191 1891 218 quan·
1931 180 1934 188 '

1087 2042 1155 2067 vivit
1169 2041 1302 2067 Antonius
1318 2040 1411 2071 hodie,
1432 2040 1504 2075 quod
1519 2039 1638 2075 Lepidus
1659 2049 1711 2066 una
1731 2044 1784 2071 est,
1805 2039 1879 2075 quod
1903 2063 1907 2067 .
