1941 3052
345 128 672 156 EPISTOLARUM
703 130 756 156 AD
788 129 995 156 ATTICUM
1026 130 1105 156 LIB.
1132 130 1197 156 XII.

74 209 156 236 quam
176 209 225 226 sua
242 199 376 226 libertate:
399 200 446 226 sed
462 205 548 227 tamen
561 201 682 235 permisi.

74 238 259 265 intellexeram
275 245 327 263 non
342 238 424 263 nimis
435 238 589 272 displicere.
629 239 686 273 Ego
697 239 777 265 etiam
790 243 868 273 atque

73 277 154 303 etiam
165 274 302 310 cogitabo,
320 279 408 309 teque,
430 280 459 302 ut
471 275 540 301 idem
554 275 644 307 facias,
659 285 732 312 rogo.
774 277 868 311 Magna

74 313 129 339 res!
156 311 274 347 simplex
288 316 329 337 cst
344 321 463 343 manere,
487 312 555 339 illud
567 322 676 348 anceps.
716 314 815 340 Verum
828 314 870 339 vi-

73 350 210 377 debimus.
236 351 262 376 2.
274 349 309 375 De
321 349 415 380 Balbo,
429 350 492 376 etin
506 350 640 376 codicillis
651 351 826 385 scripseram,
843 356 870 377 et

75 389 110 414 ita
120 387 217 422 cogito,
230 386 312 412 simul
325 395 355 413 ac
367 387 486 414 redierit.
526 387 575 414 Sin
588 387 632 414 ille
644 388 757 419 tardius,
769 397 818 423 ego
830 393 868 415 ta-

74 433 136 451 men
159 424 290 451 triduum.
330 424 377 456 Et,
394 425 467 460 quod
483 426 623 460 praeterii,
640 425 776 452 Dolabella
788 427 868 453 etiam

74 470 192 488 mecum.

128 531 188 551 VIII.
213 532 309 553 (Asturae,
319 532 397 550 Caesare
408 532 439 549 IV.
451 539 488 549 cus.
498 539 512 549 s.
524 534 566 550 coll.
578 534 633 555 709.)

261 575 429 602 CICERO
458 575 625 603 ATTICO
654 576 681 602 S.

132 608 177 639 De
187 612 324 644 Cicerone,
332 612 426 639 multis
437 621 478 639 res
489 613 588 647 placet:
601 622 691 640 comes
697 614 868 640 estidoneus.

75 650 128 676 Sed
144 650 177 676 de
192 650 280 685 prima
296 651 424 684 pensione
436 655 496 676 ante
508 651 659 677 videamus.
699 651 782 677 Adest
795 652 868 677 enim

74 687 133 714 dies
141 708 147 719 ,
169 692 196 714 et
218 687 264 713 ille
284 688 377 714 currit.
419 687 513 714 Scribe
522 708 528 719 ,
550 696 664 722 quaeso,
685 688 754 722 quid
774 688 870 715 referat

74 724 151 752 Celer
161 725 250 760 egisse
257 724 397 751 Caesarem
407 733 469 750 cum
480 725 643 758 candidatis,
668 730 758 752 utrum
771 726 829 760 ipse
841 727 868 752 in

75 762 308 793 Foenicularium,
331 762 404 788 auin
414 762 540 788 Martium
552 771 678 797 campum
689 763 796 797 cogitet.
836 763 870 790 Et
890 778 891 786 ι

73 808 139 826 sane
159 800 228 826 scire
244 799 340 830 velim,
359 799 492 834 numquid
509 808 617 825 necesse
633 800 669 826 sit
679 801 796 826 comitiis
809 809 868 826 esse

74 837 184 863 Romae.
224 837 291 862 Nam
307 841 333 863 et
343 836 426 862 Piliae
437 836 658 863 satisfaciendum
671 842 724 869 est,
737 842 762 864 et
774 839 868 872 utique

74 875 185 901 Atticae.

126 943 169 964 IX.
193 945 221 967 (In
232 944 313 964 Antiati.
323 944 402 962 caesare
412 945 445 962 IV.
456 951 494 962 cos.

256 987 426 1014 CICERO
454 987 624 1015 ATTICO
654 988 681 1015 S.

130 1019 191 1051 Nae
203 1033 252 1060 ego
263 1033 351 1051 essem
366 1025 410 1051 hic
423 1024 545 1057 libenter,
559 1030 639 1061 atque
650 1026 677 1052 id
684 1026 805 1061 quotidie
812 1035 870 1053 ma-

73 1063 130 1099 gis,
153 1063 181 1088 ni
197 1066 267 1088 esset
277 1070 307 1088 ea
318 1070 427 1094 caussa,
444 1071 526 1097 quam
538 1063 587 1090 tibi
599 1064 786 1098 superioribus
799 1064 870 1091 litte-

74 1101 111 1126 ris
125 1100 232 1134 scripsi.
254 1099 328 1125 Nihil
341 1100 391 1126 hac
402 1100 547 1127 solitudine
559 1101 716 1133 iucundius,
730 1102 783 1128 nisi
791 1101 869 1136 paul—

75 1137 131 1164 lum
143 1136 340 1172 interpellasset
352 1138 484 1174 Amyntae
494 1138 578 1165 filius.
600 1138 633 1164 Ὢ
645 1138 870 1176 ἀπεραντολογίας

73 1174 183 1209 ἀηδοῦςέ
225 1174 317 1201 Cetera
342 1174 396 1201 noli
417 1180 511 1210 putare
532 1175 689 1203 amabiliora
711 1176 768 1203 fieri
789 1185 868 1211 posse

74 1211 149 1243 villa,
163 1211 259 1243 littore,
272 1217 415 1247 prospectu
427 1214 518 1244 maris,
527 1217 584 1240 tum
593 1213 635 1240 his
642 1214 866 1241 rebusomnibus.

74 1249 128 1276 Sed
140 1257 228 1284 neque
239 1249 305 1275 haec
317 1249 400 1285 digna
412 1249 581 1286 longioribus
597 1250 706 1284 litteris3
742 1260 791 1278 nec
802 1256 866 1283 erat,

73 1286 146 1322 quod
157 1286 316 1319 scriberem;
339 1291 365 1314 et
375 1296 486 1314 somnus
498 1288 619 1324 urgebat.

504 952 519 963 s.
531 945 575 962 coll.
587 947 642 967 2‘09.)

125 1356 157 1377 X.
181 1358 210 1381 (In
218 1357 300 1379 Antiati,
311 1358 387 1376 Caesare
397 1359 430 1376 lv.
441 1365 478 1376 cos.
490 1366 505 1377 s.
519 1359 563 1377 coll.
574 1360 629 1383 709.)

255 1399 424 1426 CICERO
453 1400 622 1428 ATTICO
653 1400 681 1428 S.

128 1430 205 1462 Male
216 1436 371 1463 mehercule
381 1436 415 1463 de
425 1437 594 1464 Athamante.
635 1439 709 1465 Tuus
721 1443 809 1465 autem
821 1438 870 1466 do-

74 1473 113 1499 lor
123 1473 260 1500 humanus
271 1475 294 1500 is
301 1474 422 1509 quidem,
431 1475 478 1501 sed
485 1484 582 1511 magno
588 1484 668 1510 opere
676 1475 867 1503 moderandus.

72 1510 291 1537 Consolationum
313 1516 403 1538 autem
419 1512 518 1539 multae
535 1513 607 1544 viae,
624 1513 672 1540 sed
688 1513 734 1540 illa
750 1514 870 1540 rectissi-

73 1556 126 1574 ma.
167 1549 293 1583 Impetret
304 1550 378 1580 ratio,
391 1550 464 1584 quod
475 1550 534 1576 dies
546 1551 720 1585 impetratura
732 1556 780 1578 est.
806 1551 870 1578 Ale-

73 1586 130 1611 xim
142 1593 205 1612 vero
215 1594 351 1618 curemus,
365 1587 511 1623 imaginem
523 1588 641 1620 Tironis;
664 1597 746 1623 quem
758 1597 868 1625 aegrum

74 1623 184 1649 Romam
200 1624 307 1650 remisi:
329 1628 369 1655 et,
382 1625 406 1650 si
417 1624 485 1659 quid
497 1624 578 1652 habet
588 1624 665 1652 collis
680 1626 821 1661 ἐπιδήμιον,
835 1626 868 1653 ad

73 1668 115 1686 me
135 1668 198 1686 cum
219 1661 364 1688 Tisameno
383 1661 588 1689 transferamus.
630 1663 694 1690 Tota
707 1663 805 1690 domus
821 1673 869 1691 su-

71 1697 162 1732 perior
182 1703 271 1729 vacat,
294 1703 324 1726 ut
338 1699 403 1726 scis.
443 1699 498 1726 Hoc
512 1704 579 1735 puto
594 1699 673 1727 valde
688 1700 721 1728 ad
735 1709 791 1728 rem
806 1710 869 1737 per-

73 1735 167 1762 tinere.

124 1804 167 1825 XI.
190 1806 278 1829 (emere
288 1806 320 1824 lv.
341 1813 383 1825 cos.
396 1814 412 1825 s.
422 1807 466 1825 coll.
478 1809 533 1829 709.)

257 1841 426 1869 CICERO
454 1842 622 1871 ATTICO
652 1843 681 1871 S.

127 1872 205 1904 Male
216 1877 249 1905 de
260 1878 330 1906 Seio.
357 1879 411 1906 Sed
424 1881 514 1907 omnia
527 1881 644 1907 humana
656 1881 805 1909 tolerabilia
816 1881 869 1909 du-

71 1913 167 1940 cenda.
207 1915 262 1949 Ipsi
282 1917 354 1942 enim
369 1917 435 1951 quid
447 1917 561 1944 sumus?
592 1923 638 1945 aut
648 1927 730 1953 quam
742 1918 790 1945 diu
803 1919 868 1946 haec

72 1952 191 1978 curaturi
213 1952 327 1979 sumus?
355 1954 391 1980 Ea
408 1954 563 1986 videamus,
582 1964 651 1990 quae
667 1955 699 1982 ad
716 1964 764 1982 nos
780 1957 868 1992 magis

73 1989 216 2023 pertinent,
230 1998 278 2016 nec
290 1994 378 2017 tamen
394 1991 491 2018 multo:
514 1991 581 2027 quid
593 2000 705 2027 agamus
716 1993 749 2019 (le
761 1999 866 2020 senatu.

73 2026 118 2056 Et,
142 2030 170 2052 ut
191 2034 223 2052 ne
239 2026 305 2061 quid
321 2029 547 2062 praetermittam,
565 2029 712 2056 Caesonius
724 2030 756 2056 ad
769 2039 811 2057 mo
824 2031 868 2058 lit-

73 2068 142 2090 teras
154 2064 242 2094 misit,
267 2064 429 2091 Postumiam
441 2065 556 2100 Sulpicii
568 2066 679 2093 domum
690 2067 722 2093 ad
734 2075 763 2093 so
777 2069 869 2094 venis-

73 2109 112 2127 se.
152 2101 189 2127 De
205 2101 327 2136 Pompeii
342 2103 433 2138 Magni
445 2102 514 2133 lilia,
530 2103 580 2130 tibi
592 2105 728 2138 rescripsi,
741 2104 810 2131 nihil
827 2114 869 2131 me

73 2138 124 2165 hoc
144 2142 263 2173 tempore
274 2139 401 2174 cogitare.
442 2139 559 2167 Alteram
571 2149 633 2167 vero
648 2141 731 2173 illam,
745 2150 827 2177 quam
841 2148 867 2169 tu

72 2175 181 2206 scribis,
195 2180 268 2210 pute,
282 2177 362 2204 nosti.
393 2177 468 2204 Nihil
481 2177 539 2204 vidi
550 2177 666 2205 foedius.
695 2178 749 2206 Sed
760 2179 867 2207 adsum.

73 2212 168 2240 Coram
180 2213 273 2249 igitur.

128 2250 276 2286 Obsignata
298 2251 424 2286 epistola,
447 2252 539 2286 accepi
551 2256 620 2278 tuas.
661 2252 763 2281 Atticae
774 2253 869 2281 hilari-

72 2291 152 2314 tatem
164 2288 278 2315 libenter
289 2289 382 2316 audio:
405 2289 642 2316 comniotiunculis
653 2291 812 2326 συμπάσχω.

125 2357 178 2378 ΧΠ.
201 2359 298 2383 (Asturae,
309 2360 387 2378 (lm-mre
399 2361 430 2379 IV.
441 2360 484 2378 cm.
494 2367 509 2379 ι,
520 2361 564 2378 tull.
575 2361 630 2384 709.)

261 2403 428 2431 CICERO
457 2403 623 2431 ATTICO
651 2404 677 2431 S.

132 2442 154 2466 l.
178 2435 223 2466 De
239 2439 309 2472 dote,
333 2446 404 2468 tauto
421 2441 507 2476 magis
522 2450 666 2477 pcrpurgu.
704 2442 779 2469 Balbi
796 2444 868 2479 regia

71 2476 190 2504 conditio
200 2482 241 2504 est
251 2477 405 2513 delegandi.
431 2480 545 2514 Quoquo
557 2479 635 2505 modo
646 2479 756 2506 confice.
779 2480 867 2515 Turpe

71 2518 126 2545 est,
148 2523 204 2541 rem
220 2515 380 2550 impeditam
395 2516 492 2543 iacere.
533 2516 623 2542 Insula
638 2517 753 2551 Arpinas
768 2516 867 2544 habere

72 2555 160 2586 potest
177 2560 333 2587 germanam
352 2553 523 2581 ἀποθέωσινῑ
555 2553 603 2580 sed
620 2562 720 2585 vereor,
735 2563 767 2580 nc
780 2555 867 2581 mino-

72 2596 129 2615 rem
146 2589 219 2624 τιμήν
236 2589 335 2617 habere
351 2590 475 2618 videatur
484 2590 616 2626 ἕκιροπος.
656 2591 704 2618 Est
715 2591 797 2627 igitur
808 2593 866 2619 ani-

72 2634 134 2652 mus
146 2626 173 2652 in
186 2625 284 2654 hortis:
307 2636 375 2663 quos
387 2633 476 2655 tamen
488 2628 645 2663 inspiciam,
658 2637 745 2663 quum
758 2637 864 2656 venero.

71 2664 98 2690 2.
113 2663 149 2690 De
160 2663 290 2699 Epicuro,
302 2670 332 2692 ut
343 2665 430 2699 voles,
457 2665 507 2694 etsi
517 2665 726 2702 μεθαρμόσυμαι
738 2666 764 2693 ιιι
777 2671 866 2702 poste-

724 201 784 227 Tibi
796 202 868 226 enim
889 199 892 209 ’

1230 131 1289 156 ΕΡ.
1313 133 1326 157 4
1347 147 1382 150 -
1408 133 1444 158 Η.
1664 137 1706 158 {ili

921 210 979 226 rum
996 209 1082 235 genus
1100 201 1149 227 hoc
1165 210 1350 236 personarum.
1391 202 1552 228 Incredibile
1563 209 1615 230 est.
1630 212 1711 237 quani

920 248 948 263 ea
961 238 1072 273 quidam
1086 240 1231 272 requirant.
1255 239 1293 265 ,td
1305 240 1429 274 antiquos
1442 240 1536 275 igitur:
1557 240 1714 274 «irridemur

920 275 979 311 γάρ.
1002 276 1074 301 Nihil
1088 276 1181 304 habeo,
1196 276 1228 302 ad
1243 282 1267 302 te
1279 277 1350 311 quod
1362 277 1542 311 perscribam:
1565 277 1611 303 sed
1626 282 1712 304 tamen

920 313 1025 339 institui
1046 313 1166 347 quotidie
1192 314 1310 343 mittere,
1342 320 1370 340 ιιι
1390 314 1496 340 eliciam
1517 319 1576 340 tuas
1598 314 1710 341 litteras.

921 359 972 375 non
994 358 1047 384 quo
1063 350 1167 385 aliquid
1183 359 1217 377 ex
1233 351 1276 377 his
1291 356 1457 385 exspectem:
1491 352 1537 377 sed
1555 353 1645 378 neseio
1661 362 1715 386 quo

922 387 999 413 modo
1012 392 1099 413 tamen
1110 394 1247 421 exspecto.
1287 388 1384 420 Quare,
1399 390 1457 415 sive
1470 389 1552 415 habes
1564 390 1639 423 quid,
1655 390 1714 415 sive

922 424 989 450 nihil
1002 424 1095 455 hahes,
1108 425 1196 451 scribe
1208 431 1295 452 tamen
1306 425 1420 460 aliquid,
1436 432 1513 460 teque
1524 436 1596 452 cura.

973 493 1038 514 XIII.
1062 496 1160 517 (Asturae,
1171 496 1249 513 Cat-sare
1261 497 1291 513 lv.
1304 497 1346 514 Cos.
1358 504 1372 514 s.
1384 498 1427 514 wll.
1440 499 1493 518 709.)

1105 538 1272 565 CICERO
1303 540 1469 566 ATTICO
1501 541 1529 566 S.

978 578 1002 602 l.
1025 571 1187 602 Commovet
1203 585 1244 601 me
1261 577 1359 603 Attica:
1393 579 1442 603 etsi
1454 579 1586 604 assentior
1597 578 1712 604 Cratero.

920 613 995 639 Bruti
1015 612 1130 643 litterae,
1153 614 1268 648 scriptae
1284 619 1309 640 et
1325 614 1471 649 prudenter
1486 620 1511 641 et
1526 617 1625 646 amice,
1645 616 1714 641 mul-

921 655 959 676 tas
981 650 1049 676 mihi
1070 655 1158 676 tamen
1180 650 1303 677 lacrimas
1326 652 1480 678 attulerunt.
1522 653 1561 678 Me
1586 653 1650 678 haee
1672 663 1715 679 so·-

922 687 1006 713 litudo
1018 688 1108 713 minus
1120 688 1249 718 stimulat,
1263 697 1344 723 quam
1357 690 1405 715 ista
1413 689 1564 716 celebritas.
1587 690 1713 716 Teunum

920 724 1057 756 desider03
1081 724 1129 750 sed
1144 724 1237 750 litteris
1250 734 1301 751 non
1313 726 1453 752 difficilius
1465 731 1531 757 utor,
1545 736 1625 761 quam
1638 728 1715 753 sido-

921 762 957 787 mi
978 770 1079 787 essem:
1112 761 1190 787 ardor
1209 767 1297 788 tamen
1319 763 1364 789 ille
1389 763 1460 789 idem
1483 769 1559 797 urget
1574 769 1598 790 et
1615 769 1712 793 manet,

921 808 973 824 non
988 798 1142 824 mehercule
1160 799 1316 834 indulgente
1333 809 1389 831 me,
1411 801 1458 826 sed
1471 806 1558 826 tamen
1572 810 1622 827 uon
1634 811 1714 836 repu-

920 840 1029 871 gnante.
1052 838 1076 862 2.
1092 836 1168 867 Quod
1180 837 1278 862 scribis
1289 837 1322 863 de
1333 838 1475 872 Appuleio,
1490 838 1558 863 nihil
1572 844 1635 872 puto
1646 847 1714 872 opus

920 882 979 899 esse
1000 878 1045 899 tua
1069 874 1250 905 contentione,
1274 883 1323 900 nec
1344 875 1425 901 Balbo
1441 880 1465 901 et
1480 875 1581 909 Oppio,
1613 876 1714 910 quibus

920 910 1032 945 quidem
1048 910 1093 936 ille
1109 916 1257 945 receperat,
1280 912 1403 946 mihique
1418 913 1497 939 etiam
1515 913 1629 939 iusserat
1645 922 1715 939 nun-

920 949 994 979 tiari,
1012 956 1040 974 se
1057 947 1200 974 molestum
1216 949 1326 975 omnino
1338 958 1390 976 non
1403 949 1534 976 futurum.
1575 950 1628 976 Sed
1640 959 1713 980 cura,

921 990 950 1012 ut
970 993 1084 1012 excuser
1104 985 1192 1012 morbi
1212 994 1307 1012 caussa
1323 987 1350 1013 in
1366 987 1425 1013 dies
1440 987 1573 1022 singulos.
1614 988 1715 1014 Laenas

921 1023 971 1049 hoc
982 1027 1128 1057 receperat.
1168 1023 1271 1049 Prende
1282 1024 1311 1050 C.
1333 1024 1504 1058 Septimium,
1520 1025 1548 1050 L.
1567 1025 1713 1051 Statilium.

920 1061 1041 1095 Denique
1062 1069 1141 1086 nemo
1157 1060 1267 1096 negabit
1282 1070 1311 1087 se
1322 1062 1486 1092 iuraturum,
1509 1071 1589 1096 quem
1603 1063 1713 1097 rogaris.

920 1098 997 1130 Quod
1006 1099 1030 1123 si
1045 1098 1094 1124 erit
1105 1098 1214 1128 durius.
1229 1099 1350 1129 veniam,
1364 1104 1389 1125 et
1401 1100 1459 1133 ipse
1470 1105 1631 1134 perpetuum
1645 1109 1716 1126 mor-

920 1135 987 1161 bum
1008 1135 1112 1161 iurabo.
1152 1135 1241 1167 Quum
1256 1137 1328 1163 enim
1340 1137 1409 1163 mihi
1420 1137 1566 1162 carendum
1578 1138 1611 1163 sit
1623 1138 1716 1163 conve

921 1173 984 1204 viis,
1007 1172 1078 1199 malo
1090 1172 1117 1198 id
1130 1172 1187 1208 lege
1200 1173 1286 1200 videri
1297 1173 1393 1205 facere,
1416 1183 1497 1208 quam
1509 1174 1609 1201 dolore.
1651 1175 1715 1200 Coc-

920 1211 1009 1236 ceium
1030 1209 1112 1236 velim
1136 1210 1265 1245 appelles.
1306 1211 1383 1243 Quod
1399 1212 1471 1237 enim
1483 1211 1599 1242 dixerat,
1614 1220 1666 1238 non
1678 1211 1717 1237 fa-

920 1248 966 1274 cit.
1002 1248 1059 1283 Ego
1069 1252 1159 1274 autem
1170 1247 1230 1274 volo
1241 1248 1351 1284 aliquod
1362 1257 1451 1276 emere
1463 1248 1606 1275 latibulum
1619 1253 1645 1276 et
1656 1258 1717 1283 per-

921 1284 1028 1320 fugium
1039 1284 1139 1311 doloris
1151 1286 1214 1311 mei.

974 1354 1037 1375 XIV.
1061 1356 1159 1378 (Asturae,
1169 1357 1249 1374 Caesare
1259 1356 1292 1374 1v.
1305 1357 1347 1374 Cos.
1359 1363 1373 1374 s.
1385 1357 1429 1374 coll.
1441 1359 1496 1377 702.)

980 1438 1003 1463 l.
1026 1432 1070 1463 De
1090 1445 1133 1463 nie
1147 1437 1302 1464 excusando
1320 1437 1392 1472 apud
1407 1437 1573 1472 Appuleium
1589 1436 1715 1463 dederam

921 1473 1196 1508 adtepridielitteras.
1218 1474 1593 1509 Nihilessenegotiiarbitror.
1616 1474 1717 1506 Quem-

922 1519 1040 1546 cumque
1061 1511 1216 1546 appellaris,
1241 1521 1320 1538 nemo
1332 1512 1451 1547 negabit.
1491 1512 1544 1538 Sed
1554 1512 1715 1546 Septimium

922 1548 985 1575 vide
1006 1553 1032 1575 et
1052 1549 1194 1576 Laenatem
1216 1554 1241 1576 et
1262 1549 1409 1576 Statilium.
1450 1549 1548 1575 Tribus
1563 1550 1634 1575 enini
1646 1557 1716 1583 opus

921 1591 970 1612 est.
1011 1586 1063 1612 Sed
1087 1586 1156 1613 mihi
1176 1587 1278 1613 Laenas
1299 1591 1383 1613 totum
1405 1592 1548 1621 receperat.
1592 1588 1615 1612 2.
1639 1586 1716 1618 Quod

921 1623 1019 1650 scribis
1030 1633 1044 1650 a
1056 1625 1132 1650 Iunio
1144 1629 1168 1651 te
1180 1624 1359 1659 appellatun13
1382 1625 1492 1650 omnino
1503 1624 1664 1651 Cornificius
1678 1623 1716 1650 lo-

920 1660 1014 1695 cuples
1025 1665 1078 1688 est:
1101 1661 1149 1688 sed
1161 1666 1249 1688 tamen
1260 1662 1328 1688 scire
1340 1661 1432 1692 velim,
1446 1661 1554 1696 quando
1567 1661 1642 1687 dicar
1653 1669 1716 1695 spo-

920 1698 1062 1733 pondisse,
1084 1703 1118 1730 et,
1132 1708 1179 1734 pro
1190 1704 1277 1734 patre,
1291 1707 1359 1725 anne
1372 1707 1418 1733 pro
1430 1698 1498 1731 filio,
1525 1707 1611 1733 neque
1622 1707 1653 1725 eo
1664 1699 1716 1724 mi-

921 1744 981 1767 uus,
996 1740 1026 1762 ut
1036 1736 1143 1767 scribis,
1158 1741 1342 1770 procuratores
1353 1736 1500 1767 Cornilieii,
1514 1741 1539 1762 et
1549 1735 1715 1771 Appuleium

919 1773 1116 1808 praediatorem
1133 1773 1250 1800 videbis.
1291 1775 1316 1800 3.
1337 1773 1415 1806 Quod
1434 1782 1476 1800 me
1490 1773 1523 1799 ab
1536 1773 1585 1799 hoc
1597 1782 1716 1799 maerore

921 1811 1035 1837 recreari
1046 1811 1101 1843 vis,
1135 1810 1209 1842 facis,
1224 1816 1253 1838 ut
1263 1811 1367 1838 omnia:
1399 1811 1456 1842 sed,
1471 1820 1512 1837 me
1524 1811 1591 1837 mihi
1604 1819 1656 1837 non
1668 1810 1715 1836 de-

921 1847 1015 1880 fuisse,
1028 1853 1057 1874 tu
1069 1849 1144 1875 testis
1159 1857 1198 1875 es.
1225 1848 1299 1875 Nihil
1311 1849 1383 1875 enim
1395 1848 1428 1875 de
1439 1857 1557 1875 maerore
1569 1848 1716 1874 minuendo

921 1887 1052 1920 scriptum
1068 1886 1102 1912 ab
1118 1885 1173 1912 ullo
1189 1890 1242 1917 est,
1259 1885 1332 1920 quod
1348 1894 1398 1921 ego
1414 1895 1465 1912 non
1481 1885 1554 1912 domi
1571 1891 1630 1912 tuae
1644 1885 1715 1921 lege-

921 1924 982 1949 rim.
1023 1923 1076 1949 Sed
1090 1932 1198 1950 omnem
1209 1923 1418 1950 consolationem
1434 1924 1518 1950 vincit
1529 1923 1613 1949 dolor.
1644 1922 1715 1955 Quin

920 1961 1000 1986 etiam
1017 1960 1080 1991 feci,
1098 1960 1171 1995 quod
1188 1960 1305 1995 profecto
1319 1966 1379 1987 ante
1396 1969 1437 1987 me
1454 1970 1545 1992 nemo,
1564 1966 1592 1987 ut
1605 1961 1662 1995 ipse
1673 1969 1716 1986 nu*

921 2006 968 2032 per
984 1997 1084 2024 litteras
1099 1998 1264 2024 consolarer:
1300 2006 1381 2033 quem
1398 1997 1498 2024 librum
1514 1998 1546 2024 ad
1564 2003 1587 2024 te
1599 1998 1713 2027 mittam,

920 2035 943 2060 si
961 2034 1156 2070 descripserint
1170 2035 1283 2062 librarii.
1325 2035 1436 2062 Aflirmo
1446 2035 1495 2062 tibi
1508 2035 1609 2061 nullam
1621 2044 1714 2061 conso-

921 2071 1046 2098 lationem
1068 2081 1127 2099 esse
1150 2072 1239 2099 talem.
1279 2073 1358 2099 'I'otos
1378 2072 1437 2099 dies
1453 2073 1555 2099 scribo:
1591 2082 1641 2098 nou
1661 2081 1715 2107 quo

920 2109 1058 2144 proficiam
1069 2109 1149 2144 quid,
1172 2110 1219 2136 sed
1233 2111 1361 2144 tantisper
1373 2110 1513 2144 impedior.
1528 2119 1579 2136 uon
1587 2110 1714 2145 equidem

920 2147 999 2178 satis,
1022 2147 1075 2181 (vis
1087 2147 1159 2173 enim
1172 2146 1271 2182 urget.)
1281 2147 1328 2173 sed
1340 2146 1445 2174 relaxer
1457 2152 1554 2176 tamen.
1569 2148 1714 2181 omniaque

921 2185 1004 2215 nitor,
1022 2192 1073 2210 nou
1086 2183 1119 2210 ad
1130 2184 1261 2214 animuin,
1276 2183 1324 2210 sed
1336 2183 1369 2210 ud
1381 2183 1486 2211 vultum
1500 2185 1599 2219 ipsum,
1614 2185 1714 2219 sique·

920 2229 973 2252 am,
991 2220 1182 2247 reficiendum:
1205 2221 1287 2256 idque
1301 2220 1409 2250 faciens,
1423 2221 1558 2248 interdum
1571 2222 1638 2248 mihi
1652 2229 1714 2255 pee-

919 2266 979 2284 care
995 2257 1101 2288 videor.
1119 2258 1254 2284 interdum
1271 2263 1429 2292 peccaturus
1446 2267 1519 2289 esse,
1537 2260 1589 2285 nisi
1607 2259 1713 2284 faciam.

920 2295 1043 2322 solitudo
1058 2295 1162 2330 aliquid
1179 2295 1303 2326 adiuvat,
1319 2295 1367 2321 sed
1385 2295 1468 2322 multo
1490 2295 1552 2330 plus
1565 2296 1712 2330 proliceret.

919 2333 943 2359 si
956 2338 982 2359 tu
995 2338 1083 2358 tamen
1095 2333 1251 2359 interesses:
1274 2341 1343 2367 quae
1355 2332 1422 2359 mihi
1435 2341 1488 2359 una
1499 2341 1593 2359 caussa
1605 2338 1644 2359 est
1653 2333 1715 2359 hinc

919 2369 1088 2396 discedendi.
1130 2370 1207 2400 Nam,
1221 2378 1268 2404 pro
1279 2369 1367 2400 malis,
1382 2375 1450 2396 recte
1463 2369 1590 2396 habebat:
1617 2379 1714 2405 ‹piam-

919 2415 1001 2442 quain
1024 2407 1068 2433 id·
1092 2407 1182 2441 ipsum
1196 2406 1283 2433 doleo.
1325 2407 1382 2433 Nou
1394 2407 1466 2433 enini
1480 2408 1532 2433 iam
1547 2408 1572 2433 iu
1585 2416 1627 2434 ine
1641 2407 1712 2434 idem

919 2453 978 2470 esse
999 2445 1109 2478 poteris.
1150 2444 1289 2471 Perierunt
1310 2443 1364 2474 illa,
1390 2453 1459 2479 quau
1480 2444 1599 2470 amabas.
1641 2446 1664 2471 ὦ.
1678 2445 1714 2471 De

920 2481 993 2508 Bruti
1003 2481 1037 2508 ad
1049 2490 1091 2507 tue
1104 2480 1198 2508 litteris
1209 2482 1305 2516 scripsi
1317 2481 1350 2507 ad
1358 2486 1476 2508 teuutea:
1495 2482 1714 2516 prudenterscri-

920 2523 993 2553 ptae:
1015 2518 1062 2545 sod
1078 2518 1156 2549 nihil.
1171 2519 1243 2554 quod
1257 2528 1298 2545 iue
1310 2518 1458 2545 adiuvaret.
1481 2518 1557 2551 Quod
1569 2519 1602 2546 ad
1615 2521 1712 2546 toseri-

919 2556 985 2590 psit,
1004 2555 1030 2582 id
1042 2555 1139 2582 vellem
1148 2577 1154 2588 ,
1167 2561 1197 2583 ut
1208 2557 1265 2591 ipse
1277 2556 1394 2582 adesset:
1426 2561 1496 2582 certe
1507 2556 1625 2592 aliquid,
1645 2565 1712 2592 quo—

919 2594 991 2619 niam
1012 2602 1054 2620 ine
1070 2598 1122 2620 uun
1139 2593 1216 2620 valde
1231 2598 1315 2623 munt,
1333 2593 1482 2620 adiuvaret.
1522 2593 1599 2626 Quod
1611 2595 1634 2620 si
1645 2594 1712 2629 quid

917 2631 1000 2661 scies,
1026 2630 1130 2658 scribas
1149 2631 1182 2658 ad
1204 2639 1245 2657 me
1262 2630 1353 2662 velim,
1371 2631 1489 2657 maximo
1505 2636 1610 2662 autem,
1627 2631 1711 2658 Pansa

917 2667 1036 2704 quando.
1077 2668 1112 2696 De
1138 2668 1239 2700 Attica,
1260 2667 1350 2696 doleo:
1383 2667 1463 2696 credo
1483 2673 1572 2697 tamen
1593 2669 1708 2697 Cratero.
