1941 3052
247 133 309 159 llll
810 130 866 154 ⁴22.
898 128 932 154 M.
967 127 997 154 Τ,

243 207 331 231 vetur,
350 203 455 228 unimus
472 201 505 226 sit
521 208 628 225 necesse
639 203 688 225 est.
730 199 767 224 lix
783 207 836 232 quo
847 198 962 224 efficitur
976 198 1035 224 ani-

242 245 357 266 manti-iu
374 249 432 263 mm·
449 237 589 263 mundum.
631 237 715 269 Atque
731 244 763 261 vx
777 235 824 261 hoe
835 244 943 270 quoque
956 235 1035 261 intel-

243 277 289 309 ligi
303 281 405 310 poterit,
420 285 444 300 in
456 284 485 298 vo
498 275 583 299 inesse
596 273 799 307 intelligentiam
810 293 815 303 ,
828 272 900 306 quod
912 277 982 298 certe
995 277 1035 298 est

243 314 360 340 muudus
382 312 486 340 riu-lior.
508 319 588 345 quum
611 309 664 335 ullu
681 314 784 335 natura.
825 309 856 335 Ut
872 310 943 335 enim
961 309 1033 335 nulla

242 360 302 386 'mn
314 355 352 375 cst
363 349 479 382 eorporis
496 348 592 377 nostri,
610 355 678 381 quae
691 356 741 372 non
758 347 792 373 sit
808 347 933 377 minoris.
951 355 1033 381 quam

242 387 396 420 nosnwtipsi
419 393 527 410 snmus:
550 385 588 409 sic
611 383 741 409 muudum
764 384 921 409 universum
947 383 1034 418 pluris

241 434 298 450 esse
320 432 427 449 net-esse
448 427 500 450 est,
531 430 611 455 qumn
638 426 738 455 partem
760 421 878 455 aliquam
901 421 1032 447 universi.

240 461 314 493 Quod
327 461 349 485 si
364 460 395 485 ita
408 464 456 488 cst.
470 458 578 492 sapiens
589 459 624 484 sit
635 458 753 484 mundus
766 466 874 484 necesse
885 463 934 484 est.
966 458 1032 484 Nam

241 499 266 524 ui
284 499 315 523 itu
328 502 410 525 esset.
430 496 579 525 hominem.
598 496 645 530 qui
657 500 696 521 est
708 495 801 521 mundi
813 503 887 530 pars,
904 495 1033 530 quoniam

241 535 348 560 rationis
371 538 411 559 est
436 534 581 567 particeps,
614 532 700 567 pluris
720 541 778 559 esse
799 541 880 568 quam
901 532 1032 558 mundum

239 580 344 598 omnem
356 575 496 605 oporteret.

293 610 333 634 33.
356 608 442 642 Atque
457 608 536 633 etiam
553 607 576 633 si
592 615 605 633 a
621 607 716 642 primis
733 606 919 641 inchoatisque
931 607 1033 633 naturis

239 646 270 672 ad
283 645 391 671 ultimas
408 644 591 679 perfectasque
607 644 733 670 volumus
749 643 905 678 procedere.
922 643 954 670 ad
969 643 1034 670 deo-

239 692 297 709 rum
311 688 430 708 naturam
444 683 633 716 perveniamus
645 690 754 707 necesse
768 686 817 707 est.
858 681 947 707 Primo
960 681 1032 707 enim

238 720 492 749 animadvertimus,
509 728 522 744 n
535 724 626 745 natura
639 719 765 745 sustineri
777 727 820 749 ea.
838 727 906 753 quae
917 719 1034 754 gignan-

239 763 280 784 tur
291 766 305 783 e
317 762 393 786 terra.
408 757 509 791 quibus
521 762 612 782 natura
626 756 693 782 nihil
707 756 801 782 tribuit
811 755 937 790 amplius,
951 764 1032 791 quam

238 800 267 821 ut
278 803 306 820 ea
319 794 413 820 alendo
425 799 503 828 atque
516 793 638 829 augendo
650 798 776 820 tueretur.
816 794 857 819 34.
878 793 974 819 Bestiis
985 801 1034 819 au-

238 837 291 859 tem
303 836 328 858 et
339 840 448 857 sensum
461 836 486 857 et
501 836 600 857 motum
612 831 699 862 dedit,
713 835 810 857 etcum
822 830 939 864 quodam
950 838 1033 865 appe-

238 870 287 896 titu
298 877 435 895 accessum
448 868 480 894 ad
493 878 533 894 res
545 868 688 898 salutares,
707 877 721 893 a
734 867 868 902 pestiferis
880 876 1030 895 recessum:

238 906 341 933 homini
355 906 403 932 hoc
415 905 546 940 amplius,
563 905 634 940 quod
647 905 751 931 addidit
762 906 905 935 rationem,
923 914 975 940 qua
992 913 1033 931 re—

234 948 364 986 gerentur
374 944 457 969 animi
470 944 613 977 appetitus,
627 944 674 978 qui
687 948 742 969 tum
755 943 961 973 remitterentur.
976 947 1032 969 tum

237 982 446 1007 continerentur.
487 980 556 1006 xltt.
578 982 694 1012 Quartus
705 985 793 1006 autem
806 980 906 1015 gradus
921 985 946 1006 et
958 979 1034 1006 altis—

237 1019 476 1048 simusesteorum.
485 1018 532 1052 qui
541 1023 632 1044 natura
640 1018 702 1044 boni
713 1018 903 1052 sapientesque
914 1018 1034 1053 gignun-

238 1060 292 1087 tur;
306 1055 407 1089 quibus
419 1065 432 1081 a
447 1056 580 1089 principio
593 1056 811 1081 innasciturratio
819 1060 886 1081 recta
894 1059 1034 1081 constans-

237 1101 375 1127 que,quae
382 1101 462 1126 supra
471 1093 605 1118 hominem
618 1092 735 1127 putanda
747 1097 786 1118 est
797 1092 900 1127 deoque
912 1092 1034 1118 tribuen-

237 1130 283 1159 da.
302 1130 328 1155 id
344 1135 383 1155 est
397 1129 510 1159 mundo;
528 1130 554 1156 in
568 1139 622 1164 quo
634 1138 742 1156 necesse
753 1135 792 1156 est
803 1129 946 1164 perfectam
959 1129 1032 1156 illam

237 1172 316 1201 atque
332 1167 480 1192 absolutam
501 1167 588 1193 inesse
607 1168 746 1193 rationem.
787 1168 828 1193 35.
851 1167 944 1202 Neque
959 1167 1031 1193 enim

237 1204 292 1230 diei
308 1209 394 1238 potest
410 1205 436 1230 in
450 1204 503 1230 ulla
516 1213 603 1230 rerum
617 1205 783 1230 institutione
795 1213 847 1230 non
859 1213 917 1231 esse
929 1203 1032 1239 aliquid

237 1246 386 1268 extremum
403 1246 481 1276 atquc
498 1241 655 1276 perfectum.
696 1242 729 1268 Ut
743 1242 815 1268 enim
832 1242 859 1268 in
875 1242 942 1272 vite,
961 1246 990 1268 ut
1005 1242 1031 1268 in

236 1278 353 1313 pecude,
372 1279 424 1304 nisi
440 1287 507 1313 quae
524 1280 565 1305 vis
580 1279 696 1310 obstitit.
713 1279 838 1305 videmus
850 1284 971 1306 naturam
983 1287 1033 1305 suo

236 1315 352 1351 quodam
366 1316 459 1342 itincre
471 1316 502 1342 ad
516 1316 642 1343 ultimum
654 1317 803 1351 pervenire.
812 1321 892 1352 atque
903 1321 932 1343 ut
943 1317 1033 1352 pictu-

236 1362 262 1379 ra
279 1358 304 1379 et
320 1352 418 1379 fabrica
435 1359 591 1388 ceteraeque
605 1359 674 1380 artes
686 1354 785 1380 habent
795 1354 941 1389 quemdam
953 1354 1033 1381 abso-

236 1390 285 1416 luti
296 1391 384 1425 operis
396 1390 532 1417 effectum:
547 1391 623 1417 sicin
635 1392 708 1418 omni
721 1396 813 1418 natura
824 1400 854 1417 ac
861 1391 1031 1418 multoetiam
1053 1417 1055 1423 k

236 1436 322 1463 magis
335 1436 443 1454 necesse
454 1433 493 1454 est
504 1428 608 1454 absolvi
621 1428 725 1464 aliquid
741 1438 771 1455 ac
782 1429 884 1463 perfici.
925 1429 1031 1455 Etenim

234 1466 330 1491 ceteris
342 1466 444 1491 naturis
456 1465 538 1492 multa
553 1471 734 1501 externa‚quo
745 1467 836 1492 minus
847 1466 1029 1501 perficiantur.

234 1507 348 1537 possunt
367 1503 512 1529 obsistere:
534 1504 689 1529 universam
709 1509 798 1530 autem
820 1509 941 1530 naturam
957 1503 1031 1530 nulla

235 1548 276 1565 res
297 1544 383 1574 potest
403 1540 547 1575 impedire,
570 1546 707 1575 propterea
723 1541 795 1575 quod
813 1550 907 1568 omnes
923 1546 1032 1568 naturas

234 1577 292 1611 ipsa
308 1577 415 1603 cohibet
430 1582 455 1603 et
470 1578 596 1604 continet.
637 1578 767 1610 Quocirca
784 1587 892 1604 necesse
911 1583 952 1605 est
971 1586 1030 1604 esse

234 1619 360 1648 quartum
372 1614 449 1640 illum
464 1619 489 1641 et
504 1614 667 1641 altissimum
683 1615 811 1651 gradum,
829 1624 883 1650 quo
898 1615 972 1642 nulla
988 1615 1030 1641 vis

233 1652 319 1686 possit
330 1652 464 1678 accedere.
506 1654 548 1678 36.
569 1653 594 1678 fs
605 1658 694 1679 autem
706 1657 746 1679 est
755 1652 870 1688 gradus,
884 1654 911 1679 in
923 1662 978 1688 quo
988 1661 1032 1678 re·-

234 1697 294 1714 rum
305 1689 426 1714 omnium
439 1694 531 1715 natura
544 1691 664 1724 ponitur;
682 1698 751 1725 quae
766 1691 894 1725 quoniam
907 1690 968 1716 talis
978 1694 1028 1721 est,

233 1730 263 1751 ut
273 1730 299 1751 et
309 1727 408 1760 praesit
418 1727 554 1757 omnibus.
568 1732 594 1753 et
604 1735 663 1753 eam
678 1727 751 1753 nulla
764 1736 805 1753 res
817 1729 902 1762 possit
912 1727 1031 1762 impedi-

234 1771 275 1793 re,
289 1771 398 1789 necesse
410 1768 449 1790 est
461 1763 654 1799 intelligentem
666 1773 724 1791 esse
736 1765 870 1791 mundum
881 1770 907 1791 et
917 1764 1029 1800 quidem

234 1800 314 1826 etiam
332 1801 491 1835 sapientem.
531 1800 603 1833 Quid
623 1806 711 1828 autem
727 1806 768 1828 est
785 1803 924 1833 inscitius,
946 1810 1028 1837 quam

234 1845 292 1863 eam
304 1842 435 1868 naturam.
449 1847 518 1873 quae
528 1847 622 1865 omnes
633 1847 675 1865 res
686 1839 721 1865 sit
732 1839 881 1874 complexa,
895 1847 947 1865 non
959 1839 1029 1873 opti—

234 1882 305 1900 mam
321 1875 389 1905 dici,
407 1880 465 1906 aut,
483 1884 569 1909 quum
584 1876 619 1902 sit
633 1876 748 1910 optima,
767 1885 818 1902 non
835 1877 954 1910 primum
970 1876 1030 1902 ani-

234 1916 351 1937 mantem
366 1920 439 1943 esse,
461 1912 559 1938 deinde
577 1913 688 1939 rationis
704 1918 729 1939 et
744 1913 850 1939 consilii
866 1918 1027 1948 compotem,

232 1953 367 1982 postremo
379 1949 546 1983 sapientem?
560 1949 612 1981 Qui
623 1950 695 1976 enim
706 1950 783 1976 aliter
793 1955 879 1985 potest
889 1959 948 1977 esse
959 1951 1030 1985 opti—

233 1984 294 2011 rna‘?
312 1986 404 2020 Neque
419 1987 504 2017 enim,
527 1987 550 2012 si
565 1987 690 2021 stirpium
705 1987 805 2013 similis
819 1989 867 2018 sit,
888 1993 933 2014 aut
948 1989 1028 2014 etiam

232 2022 394 2053 bestiarum,
412 2024 512 2057 optima
524 2024 641 2057 putanda
652 2025 687 2050 sit
701 2025 803 2059 potius,
821 2033 901 2060 quam
917 2025 1030 2051 deterri-

233 2068 289 2086 ma:
306 2069 355 2086 nec
367 2069 438 2090 vero,
451 2061 473 2086 si
485 2062 594 2087 rationis
605 2062 739 2096 particeps
750 2063 793 2093 sit,
808 2071 856 2088 nec
868 2063 903 2089 sit
914 2067 1002 2089 tamen
1015 2071 1028 2088 a

232 2097 490 2132 principiosapienS,
500 2107 550 2124 non
563 2099 597 2125 sit
607 2098 722 2125 deterior
733 2099 827 2125 mundi
839 2100 938 2134 potius,
947 2108 1028 2134 quam

231 2171 352 2198 mundus
366 2177 468 2202 autem,
486 2173 509 2198 si
526 2173 552 2199 in
564 2178 670 2199 aeterno
680 2174 815 2208 praeteriti
827 2175 956 2209 temporis
966 2183 1030 2209 spa-

233 2209 268 2235 tio
280 2208 331 2235 fuit
341 2210 488 2243 insipiens,
507 2218 654 2244 numquam
666 2210 782 2245 profecto
792 2212 953 2246 sapientiam
964 2220 1029 2238 con-

232 2251 374 2280 sequetur:
397 2247 432 2272 ita
453 2247 504 2273 crit
519 2247 626 2273 homine
642 2247 766 2274 deterior.
806 2248 883 2280 Quod
899 2249 1028 2284 quoniam

232 2283 380 2309 absurdum
392 2289 440 2315 est,
456 2289 482 2310 et
492 2285 600 2319 sapiens
611 2293 625 2310 a
637 2285 770 2320 principio
787 2285 905 2312 mundus
921 2291 946 2312 et
959 2286 1028 2312 deus

232 2319 373 2346 habendus
385 2325 434 2347 est.
475 2322 516 2347 37.
539 2322 631 2356 Neque
647 2323 720 2348 enim
735 2327 775 2349 est
789 2323 940 2358 quidquam
952 2323 1028 2350 aliud

231 2362 335 2391 praeter
349 2358 495 2389 mundum.
511 2359 555 2385 cui
572 2358 640 2385 nihil
658 2359 741 2390 absit,
762 2360 889 2395 quodque
905 2360 1027 2396 undique

232 2399 323 2428 aptum
335 2400 414 2429 atque
425 2395 572 2430 perfectum
583 2395 775 2432 expletumque
786 2399 821 2423 sit
831 2398 959 2424 omnibus
968 2398 1027 2424 suis

233 2433 351 2457 numeris
366 2437 391 2458 et
406 2433 537 2467 partibus.
577 2433 648 2460 XIV.
670 2433 741 2460 Scite
757 2435 829 2460 enim
844 2435 1024 2471 Chrysippus,

233 2472 262 2493 ut
271 2468 360 2503 clypei
371 2478 464 2495 caussa
479 2469 664 2501 involucrum,
682 2471 807 2506 vaginam
822 2477 911 2498 autem
925 2472 1024 2508 gladii:

232 2504 271 2542 sic
287 2511 390 2538 praeter
405 2507 537 2533 mundum
551 2512 637 2534 cetera
647 2509 737 2534 omnia
749 2508 863 2535 aliorum
876 2518 972 2535 caussa
983 2518 1027 2535 es-

233 2548 260 2581 se
274 2548 409 2575 generata3
428 2549 457 2569 ut
471 2553 516 2570 eas
532 2544 623 2580 fruges
639 2549 718 2580 atque
734 2544 850 2576 fructus.
874 2555 942 2581 quos
957 2551 1026 2573 terra

232 2583 337 2612 gignat,
353 2580 530 2607 animantium
545 2590 652 2615 caussa;
669 2583 818 2608 animantes
832 2588 922 2609 autem
937 2584 1027 2611 homi-

233 2622 310 2646 num;
328 2620 358 2640 ut
367 2623 467 2650 equum
483 2618 600 2645 vehendi
611 2627 722 2650 caussa3
741 2619 834 2646 arandi
849 2620 960 2654 bovemg
978 2629 1027 2647 ve-

233 2650 314 2677 nandi
324 2656 349 2678 et
359 2653 526 2681 custodiendi
539 2664 642 2683 canem.
690 2657 750 2692 lpse
760 2661 850 2684 autem
862 2657 942 2685 homo
951 2663 1026 2685 ortus

1057 2063 1059 2098 g
1080 2062 1158 2091 sima,
1171 2062 1271 2088 animal
1281 2063 1358 2098 gigni
1371 2063 1476 2089 nullum
1488 2068 1592 2098 putare.

1057 2103 1059 2134 ξ
1080 2098 1203 2124 thereum
1215 2099 1304 2125 locum
1314 2100 1449 2133 obtinent;
1463 2101 1511 2135 qui
1521 2100 1879 2135 quoniamtenuissimusest

232 2134 350 2161 humana
373 2135 502 2161 conditio:
530 2135 609 2162 homo
628 2137 700 2162 enim
721 2137 829 2171 sapiens
851 2137 907 2163 fieri
932 2141 1026 2171 potest,
1056 2167 1058 2173 Ι

1056 2179 1058 2189 ·
1080 2174 1107 2199 in
1119 2181 1150 2199 eo
1160 2175 1300 2209 gignatur,
1319 2174 1347 2200 id
1363 2180 1387 2201 et
1401 2183 1483 2201 sensu
1497 2175 1626 2201 acerrimo
1637 2179 1662 2200 et
1674 2174 1821 2200 mobilitate
1832 2181 1878 2200 ce-

1032 127 1306 154 etet-:noxis

1085 203 1125 223 est
1135 197 1168 223 ad
1181 198 1312 224 mundum
1324 198 1560 234 contemplandum
1572 205 1597 226 et
1613 200 1786 231 imitandum.
1805 200 1880 228 nullo

1087 234 1165 260 modo
1181 234 1328 269 perfectus,
1350 235 1397 261 sed
1413 241 1453 262 est
1467 237 1599 272 quaedam
1616 238 1744 272 particula
1757 238 1878 273 perfecti.

1086 275 1126 298 3⁸.
1148 272 1199 297 Sed
1213 272 1340 302 mundus,
1353 274 1480 307 quoniam
1492 275 1580 300 omnia
1592 275 1749 310 complexus
1761 280 1809 305 est,
1823 275 1880 309 (no-

1085 318 1138 343 que
1148 310 1219 335 enim
1232 315 1271 335 ent
1282 310 1447 344 quidquam.
1463 311 1534 345 quod
1548 320 1598 337 non
1611 313 1674 338 inuit
1686 313 1711 338 in
1723 316 1775 345 eo.)
1792 311 1881 347 perte-

1085 351 1144 371 ctus
1157 347 1277 381 undique
1288 351 1337 373 est.
1366 347 1437 379 Quid
1451 348 1550 383 igitur?
1560 354 1645 383 potest
1655 350 1679 375 ei
1691 349 1794 379 deesse.
1828 348 1881 376 uod

1085 388 1124 409 est
1134 383 1286 418 optimum?
1300 384 1372 410 Nihil
1384 390 1424 410 est
1434 390 1522 411 autem
1534 391 1621 411 mente
1632 387 1762 413 etratione
1770 395 1811 412 me
1826 387 1879 412 ius.

1086 421 1154 454 Ergo
1171 420 1236 446 haec
1251 421 1352 447 mundo
1367 421 1461 448 deesse
1477 431 1528 448 non
1550 428 1671 457 possunt.
1711 424 1780 450 Bene
1799 424 1882 459 igitur

1087 458 1343 493 idetnllhrysippuS.
1361 459 1408 493 qui
1420 459 1615 486 similitudines
1626 460 1777 496 adiungens
1790 461 1880 487 omnia

1086 495 1112 520 in
1125 494 1250 529 perfectis
1262 501 1286 521 et
1298 497 1410 522 maturis
1423 496 1500 523 docet
1511 505 1570 523 esse
1582 497 1705 523 meliora:
1721 503 1749 524 ut
1761 499 1787 524 in
1799 506 1879 533 equo.

1085 540 1165 566 quam
1184 533 1209 558 in
1226 533 1338 567 equulo;
1362 534 1388 560 in
1404 542 1483 564 cane,
1505 543 1586 569 quam
1605 536 1630 561 in
1646 534 1746 565 catulo;
1769 535 1795 561 in
1811 536 1879 565 viro.

1084 578 1165 604 quam
1179 570 1205 596 in
1218 578 1313 604 puero:
1333 571 1409 601 item.
1427 571 1498 606 quod
1512 572 1537 598 in
1549 573 1622 598 omni
1638 571 1738 598 mundo
1747 573 1880 606 optimum

1085 607 1133 637 sit,
1152 606 1178 632 id
1197 607 1222 633 in
1240 607 1356 641 perfecto
1371 608 1463 643 aliquo
1477 614 1557 644 atque
1569 609 1691 635 absoluto
1701 618 1759 634 esse
1770 609 1879 635 debere.

1085 646 1126 669 39.
1149 644 1195 670 Est
1209 650 1298 670 autem
1314 645 1416 671 mundo
1432 646 1498 672 nihil
1516 645 1675 680 perfectius.
1697 646 1764 672 nihil
1782 647 1882 673 virtute

1085 681 1196 707 melius:
1221 682 1304 717 igitur
1324 682 1418 708 mundi
1434 688 1474 709 est
1491 684 1596 718 propria
1614 684 1709 710 virtus.
1750 684 1805 709 Nec
1818 691 1882 710 vero

1086 718 1203 744 hominis
1216 725 1307 746 natura
1324 719 1439 754 perfecta
1456 725 1509 746 est:
1526 725 1552 747 et
1566 720 1682 747 eflicitur
1693 725 1780 747 tamen
1793 721 1819 747 in
1832 720 1882 747 ho-

1085 757 1156 782 mine
1173 757 1269 783 virtus.
1309 756 1415 789 Quanto
1431 758 1514 793 igitur
1530 758 1555 784 in
1572 757 1673 784 mundo
1690 757 1815 784 facilius?
1834 758 1882 785 Eat

1084 802 1148 829 ergo
1167 793 1193 820 in
1209 802 1240 820 eo
1261 794 1357 821 virtus.
1398 794 1512 830 Sapiens
1527 800 1568 822 est
1583 796 1679 831 igitur¹
1701 800 1727 822 et
1741 800 1880 830 propterea

1083 830 1161 857 deus.

1139 867 1197 894 XV.
1219 868 1306 903 Atque
1327 868 1376 895 hac
1396 869 1490 895 mundi
1504 869 1646 896 divinitate
1664 874 1816 904 perspecta.
1833 870 1882 896 tri-

1085 904 1191 931 buenda
1202 910 1242 931 est
1253 905 1390 932 sideribus
1399 906 1492 932 eadem
1504 906 1648 937 divinitas,
1665 916 1735 942 quae
1746 915 1779 933 ex
1794 906 1882 933 mobi-

1085 942 1187 968 lissima
1200 943 1400 978 purissimaque
1411 944 1526 970 aetheris
1538 949 1610 979 parte
1622 945 1779 980 gignuntur,
1793 952 1882 979 neque

1085 979 1138 1006 ulla
1150 985 1284 1014 praeterea
1295 986 1359 1007 sunt
1369 981 1487 1007 admixta
1500 987 1606 1012 natura.
1625 986 1731 1016 totaque
1742 986 1805 1008 sunt
1815 981 1882 1007 cali-

1084 1016 1117 1043 da
1132 1022 1211 1052 atque
1229 1017 1381 1052 perlucida;
1405 1024 1434 1045 ut
1449 1027 1478 1045 ea
1495 1027 1603 1054 quoque
1619 1019 1768 1045 rectissime
1782 1023 1807 1045 et
1821 1019 1882 1045 ani-

1085 1055 1183 1080 mantia
1194 1063 1262 1084 esse.
1279 1060 1304 1081 et
1314 1056 1413 1082 sentire
1425 1061 1504 1091 atque
1517 1056 1666 1091 intelligere
1677 1056 1810 1082 dicantur.
1838 1057 1879 1082 40.

1084 1091 1170 1126 Atque
1181 1100 1210 1118 ea
1221 1092 1333 1126 quidem
1344 1097 1395 1119 tota
1406 1101 1465 1119 esse
1478 1094 1564 1129 ignca.
1573 1092 1687 1119 duorum
1699 1102 1829 1119 sensuum
1842 1098 1882 1119 te-

1084 1129 1210 1155 stimonio
1221 1130 1372 1156 confirmari
1384 1130 1526 1157 Cleanthes
1543 1135 1631 1165 putat,
1648 1135 1733 1156 tactus
1749 1135 1774 1156 et
1788 1129 1882 1156 oculo-

1085 1175 1155 1192 rum.
1196 1167 1263 1192 Nam
1279 1167 1344 1193 solis
1359 1167 1459 1194 candor
1474 1167 1604 1194 illustrior
1618 1172 1671 1198 est,
1693 1176 1775 1202 quam
1796 1167 1880 1193 ullius

1084 1204 1170 1239 ignis,
1187 1205 1290 1238 quippe
1301 1205 1348 1239 qui
1361 1206 1387 1231 in
1400 1206 1531 1231 immenso
1546 1205 1647 1231 mundo
1661 1209 1714 1231 tam
1727 1205 1804 1240 longe
1817 1205 1882 1231 late-

1083 1249 1136 1275 que
1147 1240 1289 1269 colluceat:
1308 1247 1333 1268 et
1349 1243 1372 1268 is
1387 1243 1446 1269 eius
1463 1247 1548 1269 tactus
1562 1248 1615 1273 est,
1634 1250 1685 1268 non
1700 1247 1728 1268 ut
1741 1241 1881 1277 tepefaciat

1083 1278 1180 1309 solum,
1193 1279 1241 1304 sed
1253 1280 1332 1305 etiam
1344 1288 1424 1315 saepe
1435 1280 1584 1306 comburat.
1625 1278 1744 1311 Quorum
1755 1284 1880 1306 neutrum

1084 1315 1193 1346 faceret,
1211 1317 1264 1342 nisi
1279 1322 1349 1343 esset
1361 1318 1467 1353 igneus.
1508 1318 1608 1353 »Ergo‚
1625 1318 1726 1352 inquit.
1743 1325 1828 1352 quum
1840 1316 1880 1343 sol

1083 1353 1180 1388 igneus
1195 1354 1230 1380 sit
1241 1353 1394 1389 Oceanique
1410 1355 1496 1381 alatur
1511 1354 1686 1385 humoribus,
1708 1355 1772 1389 quia
1788 1354 1881 1380 nullus

1083 1391 1154 1425 ignis
1165 1391 1223 1417 sine
1235 1396 1311 1425 pastu
1324 1392 1414 1427 aliquo
1426 1393 1511 1427 possit
1522 1400 1692 1426 permanere:
1716 1399 1825 1418 necesse
1840 1397 1881 1418 est

1083 1433 1128 1454 aut
1138 1428 1162 1454 ei
1174 1429 1274 1454 similis
1285 1430 1319 1455 sit
1332 1430 1397 1465 igni,
1406 1438 1487 1465 quem
1494 1428 1696 1455 adhibemusad
1708 1437 1788 1455 usum
1799 1434 1880 1464 atque

1083 1465 1115 1491 ad
1129 1466 1245 1496 victum,
1263 1471 1308 1492 aut
1319 1467 1357 1497 ei,
1375 1468 1422 1502 qui
1433 1467 1592 1502 corporibus
1605 1467 1783 1493 animantium
1794 1467 1882 1493 conti-

1083 1507 1170 1529 netur.
1211 1504 1252 1529 lit.
1274 1504 1356 1538 Atqui
1369 1504 1413 1530 hic
1424 1510 1513 1531 noster
1525 1505 1610 1540 ignis,
1627 1512 1708 1538 quem
1725 1512 1792 1530 usus
1807 1503 1879 1530 vitae

1082 1540 1208 1574 requirit.
1222 1540 1356 1568 confector
1367 1546 1407 1568 est
1417 1547 1443 1569 et
1453 1546 1627 1576 consumptor
1637 1542 1773 1571 omnium.
1792 1540 1881 1567 idem-

1082 1585 1143 1611 que,
1157 1585 1330 1613 quocumque
1341 1579 1450 1609 invasit,
1463 1584 1557 1605 cuncta
1569 1578 1703 1605 disturbat
1713 1587 1743 1604 ac
1753 1578 1878 1613 dissipat.

1081 1615 1177 1640 Contra
1190 1614 1235 1640 ille
1250 1623 1408 1650 corporeus,
1426 1616 1517 1643 vitalis
1531 1621 1558 1642 et
1571 1616 1697 1642 salutaris
1711 1617 1802 1642 omnia
1815 1623 1881 1642 con-

1081 1657 1182 1682 servat,
1201 1652 1261 1683 alit,
1279 1658 1371 1688 auget,
1389 1654 1504 1680 sustinet
1515 1661 1652 1688 sensuque
1663 1652 1774 1679 afficit.«
1795 1653 1880 1688 Negat

1081 1697 1144 1724 ergo
1153 1697 1212 1715 esse
1223 1689 1353 1721 dubium,
1371 1690 1467 1717 horum
1484 1691 1589 1726 ignium
1605 1689 1644 1715 sol
1659 1690 1711 1716 utri
1722 1689 1822 1716 similis
1832 1691 1877 1720 sit,

1081 1734 1166 1760 quum
1183 1727 1206 1752 is
1221 1735 1330 1762 quoque
1345 1727 1457 1758 efficiat,
1475 1733 1504 1754 ut
1518 1728 1608 1754 omnia
1625 1726 1733 1753 floreant
1748 1732 1773 1753 et
1788 1728 1814 1753 in
1829 1735 1880 1754 suo

1080 1771 1204 1798 quaeque
1219 1772 1317 1798 genere
1333 1765 1491 1799 pubescant.
1532 1764 1619 1796 Quare
1633 1773 1718 1799 quum
1729 1763 1795 1790 solis
1806 1765 1879 1800 ignis

1080 1800 1180 1826 similis
1191 1809 1283 1827 eorum
1295 1802 1400 1837 ignium
1412 1803 1459 1833 sit,
1475 1802 1524 1837 qui
1535 1806 1598 1828 sunt
1610 1802 1636 1827 in
1650 1801 1809 1836 corporibus
1820 1802 1880 1828 ani-

1081 1838 1227 1868 mantium,
1244 1838 1328 1864 solem
1344 1847 1453 1874 quoque
1469 1840 1633 1865 animantem
1648 1847 1707 1864 esse
1721 1843 1836 1873 oportet,
1853 1843 1880 1866 et

1081 1874 1192 1909 quidem
1205 1875 1308 1910 reliqua
1320 1881 1399 1906 astra,
1412 1885 1482 1912 quae
1492 1877 1613 1903 oriantur
1624 1876 1651 1902 in
1658 1875 1876 1907 ardorecaelesti,

1080 1913 1128 1946 qui
1143 1912 1235 1938 aether
1250 1913 1291 1939 vel
1307 1913 1412 1940 caelum
1432 1915 1595 1940 nominatur.
1637 1914 1678 1940 42.
1699 1912 1789 1945 Quhm
1804 1914 1879 1940 enim

1080 1949 1194 1975 aliorum
1215 1951 1394 1977 animantium
1413 1956 1488 1977 ortus
1509 1951 1535 1977 in
1555 1955 1623 1977 terra
1643 1951 1692 1981 sit,
1714 1950 1828 1977 aliorum
1849 1951 1878 1977 in

1080 1995 1111 2021 aq
1117 1995 1158 2016 ua.
1173 1987 1200 2013 in
1210 1988 1269 2013 aere
1280 1987 1409 2014 aliorum:
1423 1988 1572 2014 absurdum
1583 1996 1643 2014 esse
1654 1987 1790 2014 Aristoteli
1801 1987 1879 2014 vide-

1081 2029 1132 2054 tur,
1147 2025 1173 2050 in
1185 2032 1214 2050 ea
1226 2029 1314 2059 parte,
1329 2034 1399 2060 quae
1414 2027 1449 2052 sit
1464 2025 1497 2052 ad
1508 2025 1643 2061 gignenda
1656 2025 1782 2051 animalia
1794 2026 1879 2060 aptis-

1629 2062 1721 2088 Sidera
1733 2067 1822 2089 autem
1832 2070 1879 2088 ae-

1080 2140 1105 2162 et
1115 2144 1223 2170 semper
1233 2138 1349 2172 agitatur
1359 2142 1385 2164 et
1396 2138 1482 2173 viget,
1500 2146 1610 2163 necesse
1621 2142 1674 2167 est.
1691 2137 1763 2171 quod
1777 2136 1876 2163 animal

1080 2210 1187 2236 lerrima
1198 2219 1267 2237 esse.
1287 2211 1374 2244 Quare
1385 2221 1472 2247 quum
1483 2213 1510 2238 in
1522 2211 1628 2238 aethere
1639 2216 1708 2238 astra
1719 2212 1874 2247 gignantur,

1079 2252 1288 2274 consentaneum
1304 2254 1344 2275 est
1360 2250 1387 2276 in
1403 2250 1438 2276 iis
1453 2258 1564 2275 sensum
1579 2250 1668 2275 inesse
1683 2254 1708 2274 et
1722 2247 1877 2283 intelligen-

1079 2286 1159 2311 tiam:
1181 2293 1216 2312 ex
1229 2294 1284 2320 quo
1299 2285 1429 2318 efficitur,
1448 2287 1476 2313 in
1490 2286 1603 2313 deorum
1614 2293 1726 2312 numero
1736 2289 1804 2311 astra
1816 2293 1876 2311 esse

1079 2321 1212 2348 ducenda.
1253 2323 1322 2349 XVI.
1344 2323 1524 2350 Etenimlicet
1534 2323 1627 2350 videre
1637 2323 1754 2349 acutiora
1765 2322 1875 2357 ingenia

1078 2364 1104 2386 et
1114 2359 1148 2385 ad
1158 2359 1365 2396 intelligendum
1377 2361 1479 2396 aptiora
1489 2369 1591 2391 eorum,
1604 2360 1653 2395 qui
1663 2364 1746 2386 terras
1758 2358 1876 2386 incolant

1077 2405 1136 2427 eaS‚
1153 2397 1180 2423 in
1192 2397 1294 2432 quibus
1305 2407 1350 2424 aer
1360 2399 1395 2424 sit
1405 2407 1490 2433 purus
1501 2406 1531 2424 ac
1542 2398 1630 2424 tenuis
1638 2418 1644 2428 ,
1661 2405 1742 2431 quam
1753 2396 1873 2427 illorum,

1077 2435 1126 2469 qui
1145 2439 1255 2461 utantur
1272 2443 1362 2462 crasso
1382 2435 1456 2462 caelo
1470 2440 1550 2470 atque
1567 2438 1698 2461 concreto.
1739 2435 1781 2460 43.
1802 2433 1875 2465 Quin

1077 2472 1172 2502 etiam,
1194 2472 1256 2498 cibo
1271 2481 1326 2507 quo
1341 2477 1430 2503 utare,
1453 2473 1582 2498 interesse
1597 2470 1702 2506 aliquid
1721 2470 1755 2497 ad
1774 2471 1874 2497 mentis

1077 2509 1163 2535 aciem
1177 2514 1281 2543 putant.
1322 2509 1464 2536 Probabile
1474 2515 1514 2535 est
1525 2509 1620 2544 igitur,
1640 2513 1819 2542 praestantem
1830 2508 1875 2534 in-

1077 2545 1254 2581 telligentiam
1274 2547 1303 2573 in
1323 2547 1460 2573 sideribus
1483 2554 1555 2576 esse,
1582 2553 1651 2580 quae
1672 2550 1697 2571 et
1721 2545 1873 2571 aetheream

1077 2583 1173 2609 mundi
1183 2588 1286 2618 partem
1297 2584 1424 2615 incolant,
1437 2587 1463 2609 et
1473 2583 1585 2609 marinis
1596 2583 1762 2617 terrenisque
1775 2582 1874 2608 humo-

1077 2620 1153 2646 ribus
1170 2620 1249 2656 longo
1267 2620 1409 2647 intervallo
1428 2621 1580 2646 extenuatis
1600 2619 1714 2646 alantur.
1755 2619 1872 2646 Sensum

1076 2662 1164 2684 autem
1176 2663 1308 2684 astrorum
1319 2662 1399 2694 atque
1410 2656 1616 2693 intelligentiam
1628 2657 1745 2683 maxime
1755 2656 1873 2683 declarat
