1941 3052
255 115 301 140 G'Ji
830 111 870 135 ¹²5.
904 110 937 135 M.

256 183 347 211 multi.-
358 182 545 209 consularibus
558 185 626 207 tanta
633 181 800 207 contentione
808 180 951 209 decertavi,
959 188 1047 214 quan-

969 110 999 135 T.
1033 108 1306 136 thssnoxts

1067 191 1077 223 *J
1099 187 1157 204 rum
1170 180 1297 212 negotiis,
1316 183 1357 208 ut.
1374 179 1463 214 quoad
1474 181 1533 206 eius
1545 179 1601 206 fieri
1613 182 1710 215 possit,
1723 182 1889 216 praesentiae

255 227 278 248 ta
301 228 447 254 numquam
464 224 538 245 antea
559 218 611 243 ulla
629 218 654 243 in
670 226 778 247 caussa,
800 217 962 251 siiscepique
979 217 1045 242 mihi
1067 243 1069 255 ὲ

255 263 409 293 perpetuam
427 256 664 290 propugnationem
682 263 728 289 pro
742 254 869 280 omnibus
883 254 1046 280 ornamentis

255 296 316 324 tuis,
333 294 467 327 veterique
479 297 581 318 nostrae
594 291 786 317 necessitudini
799 291 899 317 iamdiu
911 290 1043 321 debitum,

254 331 300 357 sed
319 330 400 356 rmiltn
418 330 541 355 varietate
559 334 707 363 temporum
731 329 909 363 interruptum
925 327 1045 353 ofticium

253 367 387 393 cumulate
409 366 524 392 reddidi.
568 368 593 392 2.
622 367 712 400 Neque
738 365 890 391 mehercule
916 373 1044 400 umquam

255 405 321 430 mihi
339 405 375 430 tui
392 409 436 429 aut
451 402 555 428 colendi
568 407 613 429 aut
623 402 734 429 ornamli
748 402 870 429 voluntas
880 402 979 433 (lesuin
998 402 1044 428 sed

253 441 384 476 (praedam
397 445 485 475 pestes
498 440 647 470 bominum,
665 439 741 466 laude
752 439 838 465 aliena
850 439 1008 469 dolentium,
1021 444 1046 465 et

254 484 277 505 t«-
290 486 491 512 nonnumquam
504 486 516 502 a
530 486 570 502 me
582 477 732 503 alienarunt
747 482 771 503 et
786 486 827 503 me
838 476 983 511 aliquando
995 477 1046 502 im-

254 520 390 542 mutarunt
411 515 470 540 tibi.
511 514 563 540 Sed
580 515 681 541 exstitit
702 519 821 549 tempus,
843 519 961 548 optatum
978 514 1044 540 mibi

254 553 348 588 magis.
362 560 443 586 quam
455 556 605 586 speratum,
624 557 665 582 ut,
679 550 875 578 florentissimis
888 551 942 577 tuis
953 551 1043 581 rebus,

255 599 311 616 mea
329 589 444 624 perspici
461 593 550 624 posset
565 594 591 615 et
606 589 732 615 memoria
745 593 849 615 nostrae
864 588 1009 614 voluntatis
1020 593 1046 614 et

253 627 386 653 amicitiae
399 626 474 652 tides.
515 626 581 652 Sum
593 627 664 652 enim
675 630 848 657 consecutus,
863 635 913 652 non
927 625 1006 651 modo
1017 630 1045 651 ut

253 664 349 691 domus
360 668 403 689 tua
416 668 475 694 tota,
489 663 535 690 sed
549 668 577 690 ut
586 668 680 690 cuncta
692 664 787 690 civitas
799 672 840 689 me
853 663 901 689 tibi
911 663 1046 689 amicissi-

253 710 327 727 mum
347 709 406 727 esse
427 705 606 736 cognosceret.
652 702 742 736 ltaque
767 706 792 727 et
816 701 1044 735 praestantissima

252 739 373 765 omnium
387 737 557 769 feminarum,
571 746 638 764 uxor
649 743 706 769 tua,
719 743 745 764 et
755 738 854 764 eximia
866 738 975 772 pietate,
990 738 1046 763 vir·

253 781 317 806 tute,
331 776 424 811 gratia,
438 775 581 806 tuiCrassi,
595 775 662 801 meis
673 775 803 806 consiliis,
816 775 933 805 monitis.
947 774 1045 801 studiis

253 812 458 847 actionibusque
470 813 604 838 nituntur:
617 817 641 838 et
653 817 761 839 senatus
773 812 942 847 populusque
950 813 1046 838 Roma-

254 859 304 876 nus
321 849 459 885 intelligit,
482 850 530 876 tibi
546 850 649 876 absenti
666 850 732 876 nibil
748 859 806 876 esse
823 854 874 876 tam
891 854 1044 884 promptum

253 892 298 913 aut
309 892 361 913 tam
375 892 505 921 paratum,
518 896 599 922 quam
612 887 638 913 in
650 887 776 913 omnibus
789 887 883 918 rebus,
896 896 964 921 quae
976 887 1008 912 ad
1021 891 1044 912 te

254 925 411 959 pertincant,
424 933 542 958 operam,
555 933 656 954 curam,
670 924 848 960 diligentiam,
862 925 1043 950 auctoritatem

211 960 216 967 ¹
254 970 350 987 meam.
386 963 410 987 3.
433 963 505 993 Quae
516 962 570 988 sint
581 966 636 988 acta
649 971 771 997 quaeque
782 966 903 997 agantur,
917 961 1045 988 domesti-

252 1007 344 1025 corum
361 998 408 1024 tibi
427 998 520 1024 litteris
536 998 664 1025 declarari
681 1004 755 1033 puto.
795 1000 830 1025 De
847 1008 888 1025 me
900 999 939 1025 sic
950 999 1045 1025 existi—

1066 990 1075 1008 ’ἶ
1096 994 1212 1021 accidit‘?
1222 995 1250 1021 Si
1262 996 1309 1030 qui
1323 995 1387 1021 forte
1400 995 1488 1025 fuerit,
1500 996 1547 1030 qui
1560 1001 1664 1022 nostrae
1675 996 1799 1031 dignitati
1811 997 1891 1022 obes-

254 1044 310 1062 mes
321 1044 350 1061 ac
362 1035 410 1061 tibi
423 1035 585 1070 persuadeas
596 1036 769 1062 vehementer
781 1036 871 1067 velim,
886 1045 937 1062 non
950 1045 991 1062 me
1004 1044 1045 1062 re-
1066 1062 1067 1065 ,

253 1073 360 1107 pentina
371 1072 460 1108 aliqua
472 1073 620 1104 voluntate,
634 1078 678 1100 aut
691 1073 806 1104 fortuito,
819 1074 851 1099 ad
863 1079 935 1099 tuam
947 1073 1045 1108 ampli·
1066 1099 1067 1102 ,

253 1110 373 1136 tudinem
387 1111 453 1136 meis
464 1109 561 1136 officiis
572 1110 784 1145 amplectendam
797 1110 935 1141 incidisse,
949 1111 1006 1141 sed,
1016 1114 1045 1136 ut

253 1147 370 1182 primum
388 1146 473 1173 forum
490 1148 637 1183 attigerim,
660 1153 794 1182 spectasse
810 1156 929 1182 semper,
952 1153 979 1174 ut
995 1147 1044 1174 tibi

253 1193 358 1218 possem
370 1193 451 1219 quam
463 1185 579 1210 maxime
591 1194 649 1211 esse
660 1185 830 1212 coniunctus.
865 1184 923 1217 Quo
933 1185 1044 1220 quidem

252 1230 285 1247 cx
298 1226 428 1256 tempore,
446 1222 573 1248 memoria
585 1227 674 1253 teneo,
693 1231 780 1257 neque
792 1231 878 1249 meam
891 1222 940 1248 tibi
951 1222 1045 1249 obser-

253 1259 383 1289 vantiam,
407 1267 493 1293 neque
510 1259 576 1285 mibi
593 1264 665 1286 tuam
681 1268 814 1285 summam
829 1259 1043 1286 benevolentiam

251 1304 280 1321 ac
302 1295 488 1322 liberalitatem
503 1295 633 1323 defuisse.
674 1296 702 1323 Si
718 1305 786 1332 quae
803 1297 968 1328 inciderunt,
992 1306 1043 1324 non

252 1338 303 1359 tam
316 1341 356 1364 re,
370 1341 451 1367 quam
462 1334 616 1368 suspicione
629 1333 739 1360 violata:
757 1343 796 1365 ea,
812 1343 897 1369 quum
911 1334 1009 1360 suerint
1019 1339 1045 1361 et

252 1369 316 1396 falsa
333 1375 358 1396 et
374 1371 476 1402 inania,
494 1372 548 1397 sint
563 1370 656 1397 evulsa
668 1372 785 1398 exomni
796 1372 924 1398 memoria
935 1372 1044 1406 vitaque

251 1412 348 1433 nostra.
389 1408 412 1434 ls
423 1408 495 1434 enim
507 1413 535 1434 tu
547 1409 588 1434 vir
598 1417 640 1439 es,
658 1413 683 1435 et
693 1417 755 1435 eum
768 1417 810 1435 me
821 1418 880 1435 esse
892 1410 985 1444 cupio,
1004 1414 1041 1440 ut,

250 1445 377 1479 quoniam
400 1445 425 1471 in
446 1445 539 1471 eadem
561 1445 725 1480 reipublicae
747 1451 864 1481 tempora
886 1446 1042 1478 incidimus,

249 1482 464 1508 coniunctionem
470 1483 670 1518 amicitiamque
678 1488 794 1510 nostram
806 1485 911 1519 utrique
922 1489 1043 1510 nostrum

251 1518 323 1545 laudi
334 1527 440 1553 sperem
452 1519 516 1546 fore.
557 1521 581 1546 4.
603 1520 782 1552 Quamobrem
795 1526 837 1551 tu.
855 1526 986 1556 quantum
999 1526 1044 1548 tuo

250 1555 350 1582 iudicio
364 1556 538 1583 tribuendum
550 1566 608 1583 esse
620 1557 697 1584 nobis
709 1563 796 1592 putes,
809 1563 910 1585 statues
921 1559 992 1593 ipse;
1007 1563 1041 1589 et,

251 1598 370 1628 utspero,
379 1598 479 1620 statues
489 1603 523 1620 ex
534 1599 621 1621 nostra
632 1594 774 1630 dignitate3
789 1604 838 1631 ego
848 1604 910 1622 vero
920 1595 969 1622 tibi
981 1605 1044 1631 pro-
1064 1614 1065 1618 ,

250 1630 324 1656 fiteor
333 1635 412 1665 atque
424 1631 550 1666 polliceor
560 1632 692 1658 eximium
703 1637 729 1658 et
739 1632 876 1668 singulare
883 1641 974 1659 meum
985 1638 1044 1659 stu-

249 1667 325 1693 dium
342 1668 368 1693 in
383 1669 457 1694 omni
473 1677 570 1704 genere
585 1668 681 1699 oflicii,
699 1669 772 1704 quod
788 1669 821 1695 ad
837 1670 1002 1696 honestatem
1018 1675 1044 1697 et
1064 1689 1067 1699 ι

248 1703 361 1740 gloriam
373 1709 446 1731 tuam
457 1710 567 1740 spectet.
609 1707 636 1732 ln
649 1715 715 1740 quo,
729 1707 834 1733 etiamsi
846 1707 923 1734 multi
936 1716 1043 1733 mecum

249 1741 417 1772 contendent,
427 1747 523 1774 tamen,
532 1751 616 1777 quum
629 1743 741 1778 reliquis
751 1744 888 1775 omnibus,
902 1749 958 1771 tum
965 1744 1044 1771 Cras-

249 1779 287 1804 sis
298 1779 352 1804 tuis
364 1779 514 1810 iudicibus,
531 1788 625 1806 omnes
642 1779 718 1806 facile
733 1781 878 1815 superabo:
901 1790 969 1816 quos
980 1783 1044 1816 qui-

249 1815 310 1841 dem
321 1824 371 1851 ego
381 1816 461 1842 ambo
472 1817 550 1842 unice
561 1816 660 1852 diligo,
679 1817 726 1843 sed
741 1818 768 1844 in
780 1818 868 1844 Marco
880 1818 1043 1845 benevolen-

249 1853 284 1879 tia
295 1853 402 1887 impari.
433 1854 486 1879 lloc
497 1854 583 1889 magis
595 1863 656 1880 sum
667 1854 764 1881 Publio
773 1855 890 1886 deditus,
904 1855 976 1891 quod
989 1865 1040 1887 me,

249 1898 413 1924 quamquam
425 1899 439 1916 a
450 1891 564 1925 pueritia
575 1900 623 1917 sua
635 1900 750 1926 semper,
764 1897 851 1918 tamen
864 1892 913 1919 boc
924 1898 1042 1928 tempore

250 1927 379 1958 maxime,
396 1928 466 1954 sicut
477 1927 589 1954 alterum
605 1934 754 1962 parentem,
772 1935 797 1956 et
807 1930 931 1956 observat
942 1936 968 1957 et
978 1931 1042 1957 dili-

247 1964 296 1999 git.
337 1965 362 1990 5.
384 1965 436 1991 Has
452 1965 551 1991 litteras
563 1965 644 1991 velim
656 1967 794 1993 existimes
807 1966 922 1993 foederis
933 1967 1042 1994 habitu—

249 2010 290 2027 ras
304 2010 362 2027 esse
375 2002 444 2032 vim,
460 2011 512 2028 non
523 2002 664 2037 epistolae,
679 2012 774 2038 meque
785 2013 825 2035 ea,
838 2013 907 2039 quae
919 2005 967 2031 tibi
980 2014 1042 2040 pro-

248 2039 323 2065 mitto
333 2047 363 2064 ac
375 2039 474 2074 recipio
482 2060 488 2070 ,
505 2041 675 2066 sanctissime
691 2049 749 2067 esse
759 2041 966 2068 observaturum
977 2042 1042 2069 dili-

247 2076 459 2111 gentissimeque
471 2076 614 2103 facturum.
648 2078 721 2110 Quae
732 2087 746 2104 a
758 2087 800 2105 me
811 2084 936 2114 suscepta
947 2079 1041 2106 desen-

247 2113 287 2139 sio
298 2118 346 2144 est,
363 2118 387 2140 te
398 2114 507 2140 absente
516 2135 522 2145 ,
537 2114 677 2150 dignitatis
691 2120 765 2142 tuae:
782 2117 810 2142 in
821 2125 851 2142 ea
863 2117 916 2142 iam
929 2126 978 2153 ego
988 2126 1040 2143 non
1062 2135 1063 2138 ,

246 2149 334 2176 solum
349 2151 481 2177 amicitiae
496 2157 612 2183 nostrae,
631 2152 678 2178 sed
692 2154 772 2179 etiam
787 2155 950 2180 constantiae
965 2163 1040 2180 meae

246 2195 341 2213 caussa
352 2188 524 2222 permanebo.

247 2233 309 2259 pore
320 2225 465 2251 arbitratus
476 2234 550 2257 sum,
569 2226 618 2252 hoc
630 2226 663 2252 ad
675 2232 698 2253 te
710 2227 841 2261 scribere,
860 2237 916 2259 me,
934 2229 957 2254 si
972 2228 1040 2263 quid

247 2262 488 2298 ipseintelligerem
495 2263 579 2289 autad
592 2263 755 2290 voluntatem
767 2270 811 2291 aut
823 2265 855 2291 ad
867 2266 1039 2292 commodum

246 2304 291 2325 aut
305 2299 338 2325 ad
354 2299 561 2334 amplitudinem
576 2305 649 2327 tuam
665 2302 811 2336 pertinere,
829 2311 887 2329 mea
904 2308 997 2337 sponte
1011 2303 1039 2329 id

245 2344 304 2362 esse
321 2336 467 2369 facturum;
490 2337 531 2363 sin
548 2342 637 2364 autem
653 2339 794 2373 quippiam
810 2344 855 2366 aut
874 2349 887 2366 a
906 2345 930 2366 te
951 2348 1038 2366 essem

246 2373 398 2400 admonitus
409 2379 454 2400 aut
465 2383 479 2400 a
490 2375 552 2406 tuis,
562 2375 728 2406 effecturum,
743 2381 771 2402 ut
781 2376 955 2413 intelligeres,
969 2377 1038 2403 nihil

247 2418 332 2444 neque
348 2415 372 2436 te
387 2412 529 2445 scripsisse
545 2421 631 2447 neque
646 2421 810 2447 quemquam
822 2418 929 2440 tuorum
941 2413 1039 2440 frustra

246 2446 279 2471 ad
290 2455 331 2472 me
342 2447 480 2474 detulisse.
515 2448 694 2481 Quamobrem
706 2450 788 2476 velim
800 2451 835 2476 ita
846 2456 871 2477 et
882 2451 940 2485 ipse
951 2451 984 2477 ad
996 2459 1038 2477 me

246 2483 348 2509 scribas
360 2484 392 2510 de
402 2486 529 2511 omnibus
540 2487 670 2516 minimis,
684 2487 811 2513 maximis
841 2488 1039 2514 mediocribus-

246 2527 298 2553 que
309 2520 398 2551 rebus,
408 2527 436 2548 ut
447 2522 480 2548 ad
491 2523 627 2549 hominem
638 2524 847 2551 amicissimum:
860 2530 885 2551 et
897 2526 950 2551 tuis
961 2533 1039 2560 prae-

245 2556 343 2590 cipias,
357 2562 384 2583 ut
395 2566 487 2592 opera,
501 2560 625 2591 consilio,
645 2561 814 2591 auctoritate,
832 2562 918 2596 gratia
929 2571 988 2588 mea
998 2563 1038 2588 sic

247 2597 354 2619 utantur
369 2594 395 2620 in
411 2596 537 2622 omnibus
571 2597 702 2631 publicis,
725 2598 850 2632 privatis.
872 2598 1034 2629 forensibus,

246 2629 410 2658 domesticis.
425 2633 486 2658 tuis.
501 2634 656 2664 amicorum,
671 2634 965 2669 hospitum.clientium
977 2641 1037 2663 tuo—

565 2189 744 2221 Quamobrem
761 2191 825 2217 satis
841 2199 900 2217 esse
911 2191 961 2218 hoc
972 2197 1040 2218 tem-
1062 2201 1063 2206 ¹

1074 522 1075 535 2
1098 511 1184 539 venit,
1205 511 1252 545 qui
1273 519 1319 545 pro
1335 519 1363 536 se
1379 519 1502 537 caussam
1518 511 1602 538 dicier
1619 512 1685 538 vult.

1074 708 1075 714 ¹
1098 698 1166 723 xerit
1177 705 1224 731 pro
1235 706 1292 723 mea
1303 697 1398 727 salute,
1416 698 1438 723 is
1450 706 1497 731 pro
1509 698 1607 724 bonore
1619 706 1677 724 meo
1687 698 1849 733 pusillorum
1861 707 1891 726 ac

1074 742 1075 746 ¹
1098 733 1290 760 malevolorum
1301 735 1506 761 obtrectationes
1517 740 1542 761 et
1555 734 1672 761 invidias
1684 744 1734 762 non
1742 740 1891 770 prosternat

1073 846 1075 853 ’
1097 846 1178 875 neris.
1187 854 1234 880 pro
1246 855 1303 872 mea
1315 846 1444 881 dignitate
1456 847 1505 872 tibi
1518 846 1647 873 tuendum
1659 855 1689 872 ac
1700 847 1889 874 sustinendum

1073 1267 1074 1270 ¹
1097 1261 1125 1282 ut
1135 1256 1347 1298 conquireretur,
1360 1255 1564 1290 praemandavi:
1587 1260 1613 1282 et
1623 1255 1740 1291 profecto
1751 1256 1799 1283 tibi
1811 1257 1888 1283 illum

1064 1765 1073 1818 ’ἶ
1093 1782 1161 1817 quid
1181 1782 1215 1808 ad
1235 1791 1277 1808 me
1292 1783 1424 1817 scripsisti
1445 1782 1639 1816 deprecationis
1650 1781 1886 1817 diligentissimae.

1071 1823 1073 1848 ζ
1094 1821 1184 1855 Apage
1205 1825 1230 1846 te
1249 1828 1311 1846 cum
1333 1825 1422 1846 nostro
1437 1819 1518 1846 Sexto
1532 1818 1656 1845 Servilio.

1071 1901 1072 1919 1
1093 1894 1213 1925 clientes,
1227 1894 1385 1920 huiusmodi
1395 1892 1648 1928 caussasrecipitis‘?
1658 1892 1794 1920 hominem
1801 1902 1887 1920 unum

1071 1943 1072 1946 ¹
1093 1932 1214 1957 omnium
1235 1931 1464 1962 crudelissimum,
1481 1931 1529 1966 qui
1544 1936 1581 1957 tot
1591 1931 1733 1966 ingenuos,
1746 1931 1887 1957 matresfa-

1099 221 1158 242 tuae
1169 215 1335 242 desiderium
1348 225 1406 242 mco
1418 216 1506 243 labore
1518 218 1663 244 minuatur.
1705 217 1801 255 [Valen]

1152 285 1190 304 ΙΧ,
1210 285 1225 304 ,t
1235 285 1284 304 Ro.
1302 286 1326 305 Ρ.
1345 285 1460 307 Vatinius.
1480 292 1507 305 es
1527 286 1643 306 consulatu
1659 287 1749 310 illi-rien
1768 294 1779 307 a
1795 288 1891 308 ‘'sn-r·

1099 320 1234 345 praefectus.
1245 321 1253 338 ί
1264 319 1348 340 testoni
1357 319 1485 343 dignitates·
1497 327 1557 340 sunni
1567 321 1725 342 dztondemtnn
1737 323 1880 342 ‹un-endu.

1518 364 1532 375 s.
1543 359 1586 374 wll.
1598 359 1653 378 tow,

1145 398 1331 426 VATtNtUS
1351 399 1427 426 lMP.
1448 398 1475 426 S.
1498 400 1528 426 D.
1549 399 1737 428 CICERONI
1758 401 1841 429 SUO.

1154 437 1176 461 t.
1193 436 1221 462 S.
1245 437 1275 462 V.
1288 437 1316 462 B.
1330 436 1360 462 E.
1373 436 1404 462 E.
1417 436 1447 462 V.
1478 436 1506 463 Si
1526 441 1598 463 tuam
1619 439 1841 466 consuetudinem
1863 440 1890 466 in

1097 473 1253 507 patrociniis
1274 473 1381 499 tuendis
1404 482 1510 503 servas,
1541 475 1569 500 Ρ.
1598 475 1719 502 Vatinius
1737 476 1822 503 cliens
1843 476 1891 503 ad-

1726 513 1796 543 Non,
1815 519 1888 549 puto,

1098 547 1254 582 repudiabis
1267 548 1292 574 in
1305 548 1501 583 honorc,quem
1514 549 1540 575 in
1552 549 1672 583 periculo
1683 551 1818 585 recepisti.
1835 551 1891 585 Epo

1097 590 1199 615 autem,
1217 593 1298 620 quem
1311 586 1399 620 potius
1411 585 1534 620 adoptem
1546 590 1591 612 aut
1607 586 1743 617 invocem,
1761 595 1842 622 quam
1857 583 1891 614 i‘t-

1098 621 1167 652 lum,
1185 631 1239 657 quo
1253 622 1413 648 defendente
1430 623 1536 649 vincere
1547 622 1649 649 didici?
1669 625 1706 650 An
1724 632 1828 655 verear,
1847 634 1888 655 ne,

1096 660 1143 693 qui
1156 660 1403 694 potentissimorum
1417 660 1556 686 bominum
1567 661 1791 695 conspirationem
1799 661 1891 698 negt&

1330 358 1416 372 'ssu-re
1427 356 1457 373 IV.
1469 363 1506 375 zm.

1096 776 1176 806 atque
1187 771 1308 798 obterat‘?
1320 771 1417 804 Quare,
1433 772 1456 798 si
1468 780 1519 802 me,
1533 773 1604 798 sicut
1614 772 1693 802 soles,
1707 781 1790 803 amas,
1802 774 1891 800 susci-

1097 817 1129 843 pe
1141 817 1183 834 me
1199 813 1283 835 totum
1299 814 1378 844 atque
1395 809 1458 838 boc.
1478 809 1614 844 quidquid
1628 814 1668 836 est
1683 811 1772 836 oneris
1788 819 1818 837 ac
1830 819 1890 837 mu-

1097 888 1170 917 puta.
1211 883 1279 913 Scis,
1294 892 1379 909 meam
1393 883 1538 914 fortunam,
1552 884 1642 910 nescio
1653 884 1797 918 quomodo.
1813 884 1890 911 facile

1095 920 1284 947 obtrectatores
1295 921 1425 950 invenire,
1440 929 1491 947 non
1504 930 1563 947 meo
1572 921 1693 956 quidem,
1710 922 1888 952 mehercules.

1096 958 1204 983 merito:
1228 957 1274 983 sed
1286 959 1379 992 quanti
1392 958 1418 984 id
1431 957 1519 988 refert,
1533 959 1555 984 si
1568 963 1655 985 tamen
1668 958 1720 985 fato
1735 960 1826 986 nescio
1836 968 1891 994 quo

1096 1040 1124 1058 se
1136 1032 1214 1063 velit,
1228 1037 1288 1067 peto
1298 1041 1311 1057 a
1324 1037 1362 1062 te,
1376 1037 1405 1058 ut
1416 1037 1488 1058 tuam
1499 1033 1723 1059 consuetudinem
1734 1038 1760 1059 et
1771 1033 1891 1060 liberali-

1096 1074 1176 1096 tatem
1192 1070 1218 1095 in
1231 1078 1273 1095 me
1285 1070 1393 1095 absente
1405 1069 1573 1096 defendendo
1584 1070 1651 1096 mihi
1666 1075 1794 1104 praestes.
1834 1072 1891 1098 Lit-

1097 1111 1165 1133 teras
1177 1106 1210 1133 ad
1221 1111 1344 1133 senatum
1356 1106 1388 1132 de
1401 1106 1482 1132 rebus
1494 1107 1590 1133 nostris
1601 1108 1756 1142 gestis,quo
1766 1108 1890 1144 exemplo

1096 1144 1232 1174 miseram,
1256 1143 1324 1170 infra
1345 1143 1394 1170 tibi
1410 1144 1566 1178 perscripsi.
1596 1146 1621 1170 2.
1637 1145 1739 1171 Dicitur
1748 1145 1891 1172 mihituus

1096 1190 1192 1207 servus
1211 1185 1371 1217 anagnostes
1391 1180 1524 1216 fugitivus
1537 1190 1600 1207 cum
1610 1181 1738 1208 Vardaeis
1752 1190 1824 1213 esse3
1856 1182 1890 1209 de

1095 1227 1150 1253 quo
1161 1223 1188 1245 tu
1201 1218 1268 1244 mihi
1280 1217 1349 1244 nibil
1360 1218 1502 1249 mandasti,
1519 1227 1569 1254 ego
1579 1223 1675 1249 tamen.
1689 1224 1756 1245 terra
1768 1220 1890 1255 marique

1096 1301 1237 1328 reperiam,
1259 1293 1312 1319 nisi
1327 1293 1350 1319 si
1366 1293 1393 1319 in
1408 1292 1564 1319 Dalmatiam
1579 1293 1723 1329 aufugerit,
1739 1298 1765 1320 et
1775 1293 1838 1320 inde
1850 1299 1889 1321 ta-

1096 1339 1158 1356 men
1172 1329 1318 1365 aliquando
1328 1338 1431 1356 eruam.
1458 1330 1497 1356 Tu
1509 1339 1557 1357 nos
1568 1330 1609 1356 fac
1619 1339 1703 1357 ames.
1725 1330 1796 1358 Vale.
1815 1331 1848 1358 A.
1859 1331 1887 1358 d.

1096 1368 1127 1394 V.
1139 1367 1203 1394 Idus
1214 1367 1358 1400 Quintiles,
1370 1376 1404 1394 ex
1414 1368 1518 1398 castris,
1532 1368 1645 1394 Narona.

1149 1441 1198 1461 ΧΑ.
1211 1441 1227 1460 ‚t
1237 1441 1287 1461 RG.
1308 1441 1340 1461 De
1351 1440 1461 1465 Dionysio
1477 1447 1540 1460 servo
1551 1440 1660 1465 fugitivam
1677 1440 1705 1461 de
1715 1442 1739 1461 C.
1751 1440 1832 1461 Annio
1843 1441 1888 1464 (ul

1096 1475 1192 1502 Catilio)
1203 1475 1276 1502 pirata
1285 1475 1373 1502 captim
1382 1483 1388 1500 5
1408 1475 1435 1496 de
1451 1476 1516 1495 rebus
1531 1481 1544 1495 ι
1553 1481 1577 1495 se
1586 1475 1664 1500 gestis,
1675 1478 1697 1496 et
1706 1475 1734 1496 de
1742 1476 1887 1497 decernendis

1096 1510 1306 1538 supplicationibus.
1339 1513 1427 1532 (Caunu-
1436 1512 1470 1530 ΠΙ.
1481 1518 1518 1530 con.
1529 1519 1566 1529 nn<
1576 1513 1648 1535 ‹otlcg-
1658 1513 1713 1534 70⁴³.)

1163 1556 1193 1582 P.
1214 1555 1401 1582 VATINIUS
1421 1555 1450 1582 S.
1471 1555 1502 1582 D.
1523 1554 1711 1582 CICERONI
1730 1554 1812 1582 SUO.

1154 1599 1176 1623 l.
1194 1597 1223 1623 S.
1243 1597 1274 1623 V.
1290 1597 1319 1623 B.
1338 1596 1370 1623 E.
1388 1597 1420 1623 E.
1439 1595 1471 1628 Q.
1491 1596 1522 1622 V.
1548 1596 1584 1622 De
1599 1596 1726 1623 Dionvsio
1740 1600 1786 1623 tuo
1797 1595 1885 1623 adhuc

1095 1633 1163 1660 nihil
1182 1635 1295 1660 extrico:
1327 1638 1353 1660 et
1367 1642 1398 1660 eo
1413 1634 1512 1663 minus,
1526 1632 1598 1667 quod
1610 1641 1652 1659 me
1664 1626 1750 1669 frigus
1760 1633 1888 1660 Dalmati—

1094 1680 1166 1701 cum,
1188 1670 1261 1706 quod
1277 1670 1352 1697 illinc
1367 1671 1452 1701 eiecit,
1470 1671 1551 1696 etiam
1562 1669 1606 1696 hic
1617 1669 1794 1706 refrigeravit.
1835 1671 1886 1697 Sed

1095 1714 1182 1735 tamen
1195 1717 1246 1734 non
1258 1707 1395 1738 desistam,
1404 1708 1470 1743 quin
1482 1706 1817 1742 illumaliquandoeruam.
1834 1708 1888 1734 Sed

1094 1751 1122 1772 tu
1143 1746 1232 1772 omnia
1252 1745 1320 1771 mihi
1340 1745 1406 1771 dura
1424 1745 1549 1779 imperas.
1590 1745 1626 1770 De
1645 1744 1675 1771 C.
1695 1744 1786 1771 Attilio
1797 1746 1888 1772 nescio

1697 1819 1763 1845 Nam
1779 1819 1887 1846 meher—

1093 1857 1154 1883 cule
1175 1865 1224 1892 ego
1245 1856 1321 1883 illum
1342 1865 1450 1892 quoque
1471 1865 1540 1882 amo.
1589 1855 1643 1882 Sed
1663 1855 1820 1883 huiusmodi
1839 1865 1886 1883 vos

1093 1968 1191 1999 milias,
1214 1969 1288 1995 cives
1299 1969 1432 1995 Romanos
1451 1968 1557 1999 occidit,
1575 1968 1697 2002 arripuit,
1713 1967 1884 2003 disperdidit,

1094 2007 1216 2041 regiones
1237 2005 1370 2032 vastavit‘.>
1394 2006 1506 2035 Simius,
1524 2014 1576 2032 non
1587 2005 1708 2031 semissis
1720 2004 1808 2036 homo,
1821 2014 1887 2032 con-

1093 2049 1131 2070 tra
1152 2052 1194 2069 me
1214 2051 1287 2069 arma
1302 2043 1371 2074 tulit⁷
1389 2048 1414 2069 et
1429 2052 1491 2069 eum
1503 2042 1574 2069 bello
1583 2043 1652 2077 cepi.
1678 2044 1703 2068 2.
1721 2042 1774 2068 Sed
1786 2048 1883 2073 tamen,
1906 2060 1912 2063 -

1092 2081 1130 2107 mi
1146 2080 1247 2111 Cicero,
1270 2080 1336 2115 quid
1353 2080 1438 2106 facere
1452 2079 1582 2115 possum?
1601 2079 1706 2109 Omnia.
1719 2079 1882 2110 mehercule,

1092 2118 1180 2152 cupio,
1198 2126 1267 2152 quae
1282 2123 1309 2144 tu
1321 2118 1358 2144 mi
1370 2118 1496 2152 imperas.
1527 2117 1613 2143 Meam
1624 2116 1884 2143 animadversionem

1091 2160 1117 2181 et
1132 2154 1307 2189 supplicium,
1324 2163 1378 2190 quo
1389 2163 1488 2181 usurus
1497 2162 1569 2180 eram
1580 2154 1608 2180 in
1619 2162 1691 2184 eum.
1703 2162 1785 2188 quem
1795 2154 1885 2189 cepis-

1092 2201 1158 2222 sem,
1182 2193 1286 2218 remitto
1302 2192 1351 2218 tibi
1367 2197 1391 2218 et
1403 2191 1533 2218 condono.
1573 2190 1645 2223 Quid
1656 2190 1711 2216 illis
1722 2190 1884 2225 respondere

1092 2237 1211 2264 possum,
1225 2230 1273 2264 qui
1283 2238 1331 2255 sua
1343 2229 1412 2255 bona
1423 2229 1535 2264 direpta,
1549 2236 1631 2254 naves
1641 2233 1817 2263 expugnatas,
1831 2227 1884 2254 fra-

1092 2272 1153 2297 tres,
1177 2266 1288 2297 liberos,
1314 2271 1437 2301 parentes
1457 2266 1572 2296 occisos,
1594 2265 1711 2291 actiones
1730 2263 1885 2299 postulant?

1091 2303 1119 2329 Si
1135 2303 1304 2330 mehercules
1315 2304 1396 2338 Appii
1407 2312 1437 2329 os
1448 2303 1584 2333 haberem,
1597 2302 1624 2328 in
1635 2302 1714 2328 cuius
1726 2301 1813 2328 locum
1824 2301 1883 2329 suf-

1091 2340 1176 2367 fectus
1197 2349 1267 2371 sum,
1285 2346 1373 2367 tamen
1388 2340 1438 2367 hoc
1448 2340 1580 2366 sustinere
1590 2347 1643 2365 non
1653 2347 1770 2373 possem.
1810 2338 1883 2371 Quid

1090 2386 1154 2413 ergo
1173 2377 1231 2404 est‘?
1251 2378 1347 2404 faciam
1361 2379 1451 2404 omnia
1466 2376 1569 2407 sedulo,
1585 2384 1654 2410 quae
1670 2381 1695 2402 te
1706 2377 1790 2402 sciam
1802 2376 1880 2402 velle.

1090 2414 1247 2441 Defenditur
1266 2423 1280 2441 a
1299 2414 1331 2447 Q.
1344 2414 1465 2445 Volusio,
1488 2419 1534 2440 tuo
1551 2412 1698 2447 disciputo;
1730 2414 1755 2439 si
1771 2413 1836 2440 forte
1851 2421 1882 2440 ea

1090 2460 1132 2478 res
1152 2453 1248 2487 poterit
1268 2452 1435 2478 adversarios
1455 2450 1561 2486 fugare:
1597 2450 1625 2476 in
1640 2458 1671 2476 eo
1686 2450 1803 2476 maxima
1818 2458 1882 2485 spes

1089 2494 1139 2515 est.
1170 2491 1195 2515 3.
1208 2490 1270 2520 Nos,
1284 2489 1307 2515 si
1318 2488 1386 2524 quid
1395 2489 1445 2514 erit
1455 2489 1516 2514 istic
1525 2495 1602 2522 opus.
1616 2486 1754 2513 defendes.
1784 2487 1883 2514 Caesar

1089 2526 1178 2552 adhuc
1193 2526 1261 2552 mihi
1278 2527 1404 2552 iniuriam
1415 2525 1490 2557 facit3
1513 2524 1546 2550 de
1557 2525 1625 2550 meis
1636 2523 1880 2559 supplicationibus

1088 2568 1113 2589 et
1125 2563 1205 2589 rebus
1215 2564 1299 2598 gestis
1305 2562 1457 2589 Dalmaticis
1468 2561 1556 2588 adhuc
1563 2570 1613 2587 non
1621 2561 1712 2587 refert:
1727 2562 1806 2597 quasi
1817 2569 1880 2588 vero

1089 2609 1141 2626 non
1165 2601 1310 2626 iustissimi
1330 2599 1460 2634 triumphi
1481 2600 1507 2625 in
1527 2598 1655 2624 Dalmatia
1675 2606 1717 2624 res
1736 2599 1878 2634 gesserim.

1088 2637 1154 2663 Nam
1165 2637 1189 2663 si
1201 2637 1251 2663 hoc
1261 2636 1472 2672 exspectandum
1484 2641 1532 2662 est.
1545 2635 1701 2662 dumtotum
1707 2635 1809 2662 bellum
1815 2644 1880 2662 con-
