1941 3052
211 150 256 172 32¹0
747 147 779 172 M.
816 146 844 171 'tl

675 150 711 172 lt».

207 218 384 244 ‹wrtiunimnm
399 222 447 247 cst,
463 226 520 243 canc.
535 218 650 252 aliquem
667 219 780 243 bumana
795 218 882 251 spec-ic
892 221 916 242 et
928 217 996 249 sigu-

208 263 243 284 rn,
257 256 302 288 qui
319 260 418 281 tantuin
435 256 594 280 inmumiiau·
611 256 706 280 lwstins
721 256 819 283 vii-erit,
838 259 874 282 ut,
891 259 996 288 propter
1016 267 1025 289 χ

207 300 274 325 quos
299 292 364 317 lianc
388 293 574 317 suavissimam
604 292 688 317 lucem
712 292 856 325 imin-terit,
889 300 932 316 cos·
956 291 996 316 in-
1016 296 1017 303 ¹

207 328 365 361 dignissim(-
393 329 449 354 tu‹-‹·
477 330 598 363 privarit2
627 337 710 362 quum
738 333 815 353 etiam
845 327 911 352 [cras
931 328 996 353 inter

208 375 265 390 ιιι-«υ
286 371 375 399 partus
393 371 470 400 atqu«-
489 366 608 390 vduvatin
626 370 649 390 ct
670 370 760 390 natura
785 366 840 398 ipsa
863 364 994 390 conciliet.

209 402 303 428 xxm.
320 405 360 428 65.
385 404 439 428 Non
460 403 492 427 ita
513 402 603 427 multis
622 407 679 427 ante
699 402 774 427 annis
789 402 861 427 aiunt
876 402 905 427 'l'.
921 401 997 427 ‹2¹00-

210 439 273 465 lium
289 440 430 473 ‹liic-indam
446 440 668 469 Tarm-inensem,
687 439 819 464 lmrnincin
835 448 885 464 non
900 439 995 463 obscu—

209 485 280 505 rum,
300 485 383 510 «pium
399 481 522 501 ‹ar-natus
536 476 656 501 cubitum
673 477 697 501 in
714 476 782 501 idern
797 475 920 501 conc-lave
934 484 995 501 cuin

208 513 313 538 (luobus
341 513 550 538 indolem-eruditis
579 513 641 538 liliis
668 513 743 543 issvt,

209 559 283 575 nunu·
300 550 461 581 iugulatum:
481 559 564 583 (pium
582 559 666 584 neque
685 559 778 575 servus
793 551 936 584 quisquam
956 559 997 575 re-

209 592 335 620 periretur
350 596 434 621 nequi·
451 587 524 616 liber,
541 587 572 612 ml
583 596 663 621 quein
675 596 703 612 ca
715 588 833 621 suspicio
845 588 993 621 pertineret,

209 623 233 649 id
249 624 338 648 notatis
353 624 502 649 :uiti-induo
517 624 562 650 tilii
579 629 683 658 propter
693 625 819 649 culn-ntes
835 633 865 649 ne
880 625 996 649 sensisse

207 661 315 694 quidem
335 670 362 685 se
381 661 510 686 dicerent:
535 662 638 687 nomina
663 661 776 687 liliorum
800 661 832 686 (1(·
857 661 996 695 parricidio

207 697 290 722 ‹lt-lata
310 703 381 723 sunt.
422 698 491 729 Quid
513 698 619 732 postea?
645 699 705 724 Erat
724 708 785 724 sanc.
804 699 994 732 suspiciosum.

207 735 336 760 Neutrum
356 736 489 763 sensisse?
516 736 616 761 Ausum
637 741 723 761 autem
743 744 801 760 csse
819 744 993 770 quemquam,

207 780 234 797 sc
250 772 274 797 in
291 772 316 797 id
331 772 454 798 conclave
469 773 644 801 ronuuiuoro,
664 782 694 798 co
710 774 877 807 potissimum
895 777 996 806 ternpo-

207 818 242 838 re,
259 818 343 843 quum
359 810 457 835 ibidem
472 815 558 836 essi-nt
573 810 626 836 duo
640 810 817 835 adolescentes
833 810 887 839 lilii,
910 811 956 844 qui
971 814 995 835 vt

207 847 304 871 sentire
323 851 347 872 et
367 847 507 873 defendere
528 847 602 873 facile
622 847 746 881 possent?
777 849 818 873 055.
841 848 901 872 Erat
921 856 996 881 porro

207 891 292 913 neuin,
311 884 335 909 in
350 893 429 918 quem
444 894 472 910 ca
487 885 605 918 suspicio
618 885 778 910 conveniret.
802 885 898 910 'l'anwn
911 893 994 918 quum

207 920 316 955 planum
332 921 465 947 iudicibus
480 927 548 947 essct
564 921 670 952 sactum,
687 927 775 956 aperto
786 921 996 947 ostiodormien-

777 514 914 538 inventum
938 520 996 537 csse
1024 520 1025 529 ¹

875 145 1148 172 ‹ztct-:noxts
1180 145 1365 172 ottATto

1023 242 1025 248 ,
1047 216 1201 242 «lonii-sium
1220 217 1313 243 civitas
1328 217 1543 247 Atheniensium.
1563 218 1628 244 dum
1642 227 1671 244 ea
1686 227 1773 246 rerum
1788 228 1834 254 pt>

1048 255 1091 279 tita
1107 259 1158 283 est,
1176 253 1259 279 fuisse
1274 254 1393 280 traditur.
1433 255 1497 281 Eius
1512 264 1588 290 porro
1601 257 1715 282 ciuitatis
1729 258 1835 291 sapien-

1048 291 1180 316 tissimum
1200 290 1322 316 Solonem
1346 291 1439 317 dicunt
1461 291 1555 321 tuisse,
1581 302 1656 322 euin,
1681 294 1727 328 qui
1753 294 1832 328 legen,

1047 328 1147 362 quilius
1167 328 1243 353 lindie
1257 336 1364 362 quoque
1384 333 1506 359 utuntur,
1527 330 1670 363 scripserit.
1714 331 1737 356 ts
1750 339 1834 365 quum

1049 366 1264 398 interrogaretur.
1285 374 1333 390 cur
1351 365 1455 391 nullum
1474 366 1637 401 supplicium
1655 368 1837 394 constituisset

1048 403 1074 427 in
1089 410 1159 431 etim,
1179 403 1225 436 qui
1241 407 1374 436 parentem
1391 408 1516 433 necasset,
1537 404 1684 438 respondit,
1707 413 1735 430 se
1750 405 1775 431 id
1790 413 1836 431 no-

1048 439 1146 464 mim-m
1163 438 1292 465 [acturum
1309 445 1425 473 putasse.
1466 440 1602 474 Sapienter
1621 441 1714 467 {misse
1728 441 1833 472 dicitur.

1047 484 1131 510 quum
1146 475 1178 501 de
1196 485 1226 501 eo
1246 476 1310 502 nibil
1331 477 1459 507 sanxerit,
1480 477 1552 511 quod
1570 482 1643 504 antea
1662 480 1836 505 commissum

1048 522 1098 538 non
1113 518 1179 543 erat,
1201 522 1232 539 ne
1247 522 1297 539 non
1313 518 1364 539 tam
1380 514 1531 547 prohibere.
1547 523 1627 548 quarn
1642 515 1782 541 admonere
1797 517 1837 542 vi-

1024 578 1025 581 ,
1047 550 1162 576 deretur.
1184 552 1287 581 Quanto
1299 552 1409 576 maiores
1421 552 1501 577 nostri
1516 552 1680 586 sapientius?
1693 553 1738 587 qui
1750 562 1835 588 quum

1024 588 1025 592 ’
1048 587 1224 619 intelligerent
1243 588 1308 613 nibil
1327 597 1386 613 esse
1405 593 1456 614 tarn
1471 594 1605 619 sanctum,
1626 589 1697 623 quod
1719 599 1769 616 non
1788 590 1838 616 ali·

1023 657 1024 660 Ἴ
1047 624 1154 658 quamlo
1173 624 1280 650 violaret
1304 625 1425 654 audacia,
1453 626 1617 660 supplicium
1641 627 1668 652 in
1693 627 1837 661 parricidas

207 962 246 984 tes
265 966 309 983 cos
328 963 442 993 repertos
461 967 530 984 esse:
558 959 656 984 iudicio
679 958 792 984 absoluti
817 958 996 984 adolescentes
1012 978 1017 991 u

207 999 232 1021 et
250 996 402 1029 suspicione
420 998 491 1022 omni
509 996 608 1022 liberati
624 1001 695 1022 sunt.

206 1032 259 1062 bat,
276 1041 438 1067 quemquam
453 1042 519 1063 esse,
535 1034 595 1067 qui,
612 1042 696 1068 quum
711 1034 797 1059 omnia
812 1033 902 1059 divina
917 1038 996 1067 atque

200 1069 322 1096 diumana
337 1071 392 1096 iura
408 1070 504 1096 scelere
520 1070 617 1096 nefario
633 1071 784 1105 polluisset,
804 1079 927 1096 somnum
942 1075 996 1096 sta-

207 1107 253 1132 tim
267 1116 359 1142 capere
374 1109 515 1142 potuisset,
533 1113 667 1142 propterca
683 1108 762 1143 quod,
779 1109 826 1142 qui
842 1112 942 1133 tantum
958 1107 997 1133 fa-

205 1145 283 1170 cinus
304 1145 506 1175 commiscrunt,
528 1154 577 1171 non
598 1146 675 1171 modo
692 1146 750 1171 sine
767 1154 829 1171 cura
847 1145 993 1180 quiescere,

206 1181 252 1207 sed
268 1190 299 1208 ne
313 1183 411 1216 spirare
426 1182 534 1217 quidem
548 1184 605 1208 sine
621 1188 690 1209 metu
707 1183 818 1217 possint.

261 1219 357 1245 XXIV.
373 1222 414 1245 66.
437 1219 583 1250 Videtisne,
602 1229 669 1255 quos
684 1220 760 1246 nobis
775 1224 866 1254 poetae
880 1219 996 1246 tradide-

206 1260 267 1282 runt
287 1257 367 1291 patris
387 1257 531 1283 ulciscendi
555 1266 649 1283 caussa
673 1257 837 1292 supplicium
857 1257 890 1283 (lc
914 1261 995 1282 matre

205 1295 367 1328 sumpsisse,
393 1303 477 1329 quum
497 1296 649 1329 praesertim
668 1295 782 1321 Deorum
805 1294 995 1320 immortalium

737 997 819 1022 Nemo
833 996 903 1021 enim
919 1000 997 1030 puta·
1016 999 1017 1003 ¹

1024 1164 1025 1170 ,
1047 1154 1115 1180 quae
1130 1145 1224 1171 violata
1243 1150 1319 1175 sunt,
1339 1146 1439 1180 expiari
1459 1150 1593 1180 putantur.

1017 1202 1018 1205 ,
1048 1187 1099 1208 tam
1115 1183 1167 1208 vile
1182 1191 1268 1217 neque
1283 1187 1334 1208 tam
1350 1182 1458 1217 vulgare
1472 1187 1524 1213 est,
1543 1183 1621 1209 cuius
1640 1188 1739 1218 partem
1755 1182 1837 1209 ullam

206 1331 288 1356 iussis
301 1336 380 1366 atque
394 1331 507 1357 oraculis
522 1331 548 1357 id
563 1331 657 1358 secisse
667 1332 797 1363 dicantur,
812 1336 898 1358 tamen
912 1336 940 1357 ut
951 1340 996 1357 eos
1017 1333 1025 1358 ἕἸ

205 1368 304 1403 agitent
328 1368 410 1394 furiae
434 1377 519 1403 neque
542 1370 685 1395 consistere
709 1377 823 1404 usquam
847 1369 993 1403 patiantur,
1017 1385 1025 1392 ,κ

205 1405 276 1440 quod
292 1414 323 1432 nc
338 1406 374 1440 pii
388 1406 497 1440 quidem
512 1407 569 1433 sine
583 1406 682 1433 scelere
696 1415 754 1432 csse
769 1405 930 1441 potuerunt?
952 1405 996 1432 Sic

204 1451 233 1468 se
247 1450 288 1468 res
303 1443 389 1474 habet,
405 1443 516 1469 iudices.
550 1444 671 1479 Magnam
687 1444 750 1474 vim,
767 1452 890 1479 magnam
906 1451 997 1469 neces-

205 1480 321 1511 sitatem,
346 1489 467 1516 magnam
487 1481 605 1515 possidet
622 1481 776 1516 religionem
796 1486 921 1515 paternus
940 1489 997 1506 ma-
1016 1498 1017 1505 1

205 1521 349 1552 ternusque
367 1518 490 1553 sanguis:
513 1527 546 1544 ex
562 1527 616 1553 quo
634 1518 656 1544 si
674 1527 726 1553 qua
745 1518 849 1544 macula
871 1522 995 1552 concepta

204 1558 256 1584 est,
274 1563 324 1580 non
340 1554 416 1581 modo
430 1554 482 1581 elui
498 1564 549 1582 non
564 1560 662 1590 potest,
684 1564 776 1581 verum
792 1564 877 1590 usque
891 1564 922 1582 eo
935 1564 996 1590 per-

204 1596 292 1617 manat
310 1591 343 1618 ad
361 1592 493 1623 animum,
514 1597 543 1619 ut
560 1601 684 1618 summus
704 1592 776 1619 furor
789 1597 868 1627 atque
881 1593 995 1619 amentia

204 1633 391 1663 consequatur.
413 1630 454 1655 67.
470 1629 554 1655 Nolite
568 1630 638 1655 enim
654 1634 754 1664 putare,
768 1629 994 1664 quemadmodum

204 1666 231 1691 in
247 1665 345 1692 sabulis
358 1675 549 1701 saepenumero
563 1667 673 1697 videtis,
693 1675 750 1696 eos,
766 1667 813 1701 qui
828 1667 931 1702 aliquid
945 1667 996 1693 im-

204 1703 248 1737 pie
268 1702 447 1738 scelerateque
468 1704 664 1734 commiserint,
692 1704 785 1739 agitari
809 1708 835 1730 et
856 1704 994 1738 perterreri

205 1740 345 1766 Furiarum
360 1740 442 1766 taedis
457 1740 621 1767 ardentibus.
661 1740 714 1767 Sua
729 1749 865 1776 quemque
880 1740 952 1767 fraus
970 1745 996 1767 et

205 1785 272 1803 suus
291 1782 372 1803 terror
389 1778 504 1803 maxime
524 1783 614 1804 vexat:
648 1787 729 1804 suum
749 1786 884 1813 quemque
906 1777 995 1804 scelus

205 1815 285 1850 agitat
306 1814 473 1849 amentiaque
496 1814 589 1841 afficit:
623 1823 687 1841 suae
714 1815 798 1841 malae
823 1816 995 1850 cogitationes

204 1851 432 1886 conscientiaeque
451 1852 532 1878 animi
550 1856 656 1878 terrent.
696 1852 749 1878 Hae
767 1857 830 1878 sunt
846 1853 938 1887 impiis
953 1861 996 1878 as-

205 1888 297 1915 siduae
318 1888 531 1924 domesticaeque
549 1889 656 1920 Furiae,
680 1898 748 1924 quae
771 1889 829 1915 dies
852 1894 995 1924 noctesque

204 1929 344 1960 parentum
363 1934 459 1960 poenas
478 1935 491 1952 a
509 1926 771 1953 consceleratissimis
790 1926 852 1953 tiliis
867 1931 994 1961 repetant.

205 1964 246 1989 68.
268 1963 336 1989 Haec
358 1963 513 1998 magnitudo
534 1963 655 1990 maleficii
681 1963 755 1994 facit,
780 1968 821 1994 ut,
842 1964 893 1990 nisi
913 1972 995 1998 paene

205 1999 375 2026 manifestum
390 2000 561 2034 parricidium
576 2000 731 2035 proferatur,
747 2001 874 2027 credibile
889 2010 939 2027 non
950 2002 992 2032 sit,

207 2037 257 2064 nisi
277 2037 362 2071 turpis
380 2037 569 2068 adolescentia,
598 2038 650 2064 nisi
668 2038 794 2064 omnibus
817 2037 923 2073 flagitiis
941 2039 995 2064 vita

205 2075 355 2109 inquinata,
376 2074 427 2100 nisi
441 2079 565 2109 sumptus
580 2074 656 2101 effusi
670 2083 731 2101 cum
748 2075 843 2109 probro
856 2080 935 2110 atque
949 2075 996 2101 de-
1016 2086 1017 2090 ¹

205 2111 306 2143 decore,
323 2112 373 2137 nisi
389 2117 513 2146 prorupta
527 2112 644 2142 audacia.
661 2113 712 2138 nisi
724 2117 792 2138 tanta
808 2113 950 2143 temeritas,
967 2117 996 2138 ut

206 2157 256 2176 non
271 2148 362 2183 procul
376 2148 514 2175 abhorreat
528 2149 560 2175 ab
574 2149 686 2175 insania.
726 2149 839 2175 Accedat
853 2149 905 2175 buc
918 2158 996 2184 opor-

206 2191 242 2213 tet
254 2186 345 2212 odium
364 2186 493 2220 parentis,
509 2186 746 2212 animadversionis
761 2192 882 2221 paternae
897 2192 993 2218 metus,

205 2224 283 2249 amici
297 2223 421 2257 improbi,
437 2223 506 2249 servi
520 2224 629 2254 conscii,
646 2228 751 2258 tempus
766 2223 900 2255 idoneum,
923 2223 995 2250 locus

205 2264 352 2295 opportune
365 2265 458 2294 captus
472 2260 504 2286 ad
517 2269 574 2286 eam
589 2269 658 2286 rem:
681 2269 763 2295 paene
776 2260 876 2289 dicam.
892 2269 997 2296 resper-

205 2307 248 2324 sas
263 2306 357 2323 manus
372 2298 501 2333 sanguine
517 2302 624 2332 paterno
642 2297 744 2324 iudices
759 2298 865 2324 videant
883 2302 992 2333 oportet,

205 2335 227 2361 si
242 2339 343 2361 tantum
359 2334 475 2366 facinus,
492 2339 544 2360 tam
559 2335 687 2366 immane,
705 2339 756 2361 tam
771 2335 895 2361 acerbum
910 2335 996 2361 credi—

206 2372 257 2398 turi
276 2376 347 2398 sunt.
388 2373 429 2398 69.
450 2371 537 2404 Quare
555 2372 604 2398 boc
621 2380 675 2406 quo
692 2373 782 2398 minus
800 2377 839 2398 est
857 2372 993 2404 credibile,

206 2409 256 2435 nisi
270 2408 430 2435 ostenditur:
452 2417 483 2435 eo
497 2409 582 2444 magis
595 2413 646 2440 est,
667 2410 690 2435 si
704 2409 882 2440 convincitur,
907 2409 997 2436 vindi-

205 2445 329 2472 candum.
363 2446 448 2472 XXV.
467 2446 558 2481 Itaque
571 2454 656 2481 quum
670 2446 763 2472 multis
777 2455 810 2473 ex
823 2446 904 2472 rebus
917 2446 996 2473 intel-

207 2482 254 2518 ligi
273 2487 369 2517 potest,
395 2483 506 2509 maiores
525 2487 627 2509 nostros
646 2492 697 2509 non
716 2483 795 2510 modo
818 2484 898 2510 armis
921 2483 992 2518 plus,

206 2527 286 2553 quam
300 2524 398 2546 ceteras
412 2520 543 2551 nationes,
563 2529 656 2546 verum
671 2521 749 2546 etiam
763 2520 875 2547 consilio
889 2521 996 2555 sapien-

207 2557 296 2590 tiaque
310 2557 440 2591 potuisse:
462 2561 519 2583 tum
533 2565 566 2583 ex
580 2557 629 2583 hac
642 2566 669 2583 re
684 2557 725 2583 vel
741 2558 865 2588 maxime,
881 2557 952 2592 quod
968 2557 995 2584 in

206 2593 303 2627 impios
317 2592 452 2628 singulare
465 2593 629 2628 supplicium
643 2595 811 2620 invenerunt.
851 2593 908 2626 Qua
921 2595 949 2620 in
967 2602 995 2620 re

206 2634 336 2664 quantum
350 2629 489 2664 prudentia
504 2631 680 2665 praestiterint
694 2631 736 2662 iis,
750 2631 796 2666 qui
811 2631 883 2666 apud
896 2636 995 2657 ceteros

206 2667 397 2702 sapientissimi
412 2665 495 2692 tuisse
508 2667 642 2700 dicuntur,
657 2667 829 2695 considerate.
867 2668 910 2694 70.
929 2668 997 2694 Pru-

1047 661 1181 694 singular«-
1200 662 1428 694 excogitaverunt:
1452 668 1492 693 ut,
1513 671 1581 697 quos
1596 668 1686 689 natura
1704 664 1761 698 ipsa
1776 665 1838 690 reti-

1048 708 1108 724 nere
1127 699 1152 724 in
1171 698 1258 725 orricio
1276 708 1326 725 non
1346 700 1487 734 potuisset,
1509 700 1526 726 ii
1542 701 1724 735 magnitudine
1739 709 1838 735 poenae

1048 735 1175 762 maleficio
1189 742 1429 762 summovercntur.
1452 738 1523 763 tnsui
1536 737 1674 763 xoluerunt
1690 738 1715 764 in
1729 738 1836 764 culeum

1048 774 1122 799 vivos
1136 778 1215 807 atquc
1230 774 1255 799 in
1271 773 1368 799 flumen
1383 774 1471 800 deiici.
1506 774 1602 800 XXVl.
1616 776 1659 800 Ἠ,
1682 775 1704 800 Ο
1718 774 1838 809 singula·-

1047 819 1100 836 rein
1116 811 1281 844 sapientiam,
1298 811 1413 837 iudices!
1430 812 1520 837 Nonne
1532 811 1655 837 videntur
1667 812 1736 838 hunc
1751 812 1838 839 homi-

1048 856 1106 873 nem
1121 856 1153 873 ex
1168 857 1255 873 reruni
1272 852 1362 874 natura
1377 849 1518 874 sustulisse
1532 853 1556 874 et
1571 850 1714 883 eripuisse,
1734 850 1777 875 cui
1796 857 1838 875 re-

1047 889 1123 919 pente
1138 885 1254 915 caeluni,
1278 885 1375 915 solem,
1399 894 1494 920 aquam
1514 890 1662 921 terramque
1676 886 1835 918 ademarum

1048 926 1088 952 ut,
1105 922 1151 956 qui
1166 930 1227 947 eum
1244 927 1374 952 necasset,
1391 922 1461 948 unde
1476 923 1532 957 ipse
1547 928 1623 949 natus
1637 928 1719 954 esset,
1738 928 1838 950 careret

1048 959 1079 985 iis
1094 959 1173 984 rebus
1187 959 1322 989 omnibus,
1338 968 1370 985 ex
1383 960 1483 994 quibus
1497 961 1584 986 omnia
1599 965 1656 986 nata
1671 969 1729 986 esse
1743 960 1839 987 dicun-

1048 996 1107 1022 tur?
1127 996 1274 1022 Noluerunt
1290 996 1351 1022 [eris
1365 1005 1461 1031 corpus
1475 997 1597 1028 obiicere,
1618 1006 1650 1023 ne
1664 997 1757 1024 bestiis
1770 1006 1839 1032 quo·

1047 1042 1112 1068 que,
1132 1042 1200 1068 quae
1219 1038 1320 1059 tantum
1340 1033 1427 1059 scelus
1447 1035 1607 1069 attigissent,
1635 1035 1838 1061 immanioribus

1048 1076 1196 1097 uteremur:
1213 1080 1263 1096 non
1271 1071 1308 1096 sic
1320 1070 1405 1097 nudos
1416 1072 1441 1097 in
1453 1070 1550 1097 flumen
1561 1071 1682 1102 deiicere,
1699 1080 1740 1102 ne.
1752 1080 1838 1106 quum

1047 1107 1126 1134 delati
1141 1112 1230 1134 essent
1243 1108 1269 1134 in
1285 1117 1368 1138 mare,
1389 1109 1478 1142 ipsum
1494 1108 1654 1143 polluerent,
1674 1117 1729 1143 quo
1741 1113 1836 1139 cetera,

1633 1146 1751 1180 Denique
1770 1145 1837 1172 nihil

1047 1220 1212 1254 reliquerint.
1234 1221 1275 1245 72.
1288 1220 1391 1246 Etenim
1404 1220 1469 1254 quid
1481 1225 1532 1246 tam
1543 1225 1582 1246 est
1592 1229 1743 1251 commune,
1755 1229 1837 1255 quam

1047 1257 1158 1291 spiritus
1173 1257 1251 1287 vivis,
1269 1261 1335 1282 terra
1350 1258 1469 1286 mortuiS.
1488 1265 1559 1283 mare
1574 1256 1777 1288 fluctuantibus,
1795 1257 1839 1284 lit-

1048 1299 1090 1320 tus
1104 1294 1213 1320 eiectis‘?
1232 1294 1268 1320 lta
1284 1294 1391 1325 vivunt,
1407 1294 1472 1320 dum
1488 1299 1612 1329 possunt,
1629 1299 1658 1320 ut
1671 1294 1768 1321 ducere
1780 1295 1839 1321 ani-

1047 1340 1117 1357 mam
1131 1331 1163 1357 de
1181 1330 1253 1357 caelo
1272 1339 1323 1357 non
1337 1336 1449 1366 queant:
1473 1332 1506 1357 ita
1521 1332 1683 1362 moriuntur,
1704 1336 1838 1358 uteorum

1047 1377 1105 1395 ossa
1120 1373 1186 1395 terra
1201 1377 1252 1394 non
1267 1372 1368 1403 tangat:
1385 1369 1419 1394 ita
1435 1369 1564 1394 iactantur
1575 1367 1707 1399 fluctibus,
1720 1373 1749 1395 ut
1759 1377 1840 1395 uum-

1046 1414 1127 1441 quam
1146 1405 1292 1431 alluantur:
1320 1406 1355 1431 ita
1374 1410 1507 1440 postremo
1524 1406 1680 1436 eiiciuntur,
1706 1410 1736 1432 ut
1757 1414 1789 1432 ne
1805 1405 1839 1432 ad

1047 1452 1110 1469 saxa
1127 1442 1236 1478 quidem
1261 1443 1357 1469 mortui
1380 1443 1577 1477 conquiescant.
1617 1443 1693 1469 Tanti
1715 1442 1839 1470 maleficii

1046 1481 1155 1511 crimen,
1171 1480 1214 1506 cui
1230 1479 1358 1506 maleficio
1372 1484 1423 1506 tam
1438 1481 1542 1515 insigne
1553 1480 1717 1515 supplicium
1728 1484 1768 1506 est
1775 1489 1839 1507 oon-

1046 1519 1179 1548 stitutum,
1193 1517 1302 1552 probare
1315 1522 1346 1548 te,
1359 1517 1447 1547 Eruci,
1460 1525 1552 1543 censes
1564 1526 1642 1552 posse
1653 1517 1750 1544 talibus
1761 1518 1836 1548 viris.

1046 1556 1068 1581 si
1088 1563 1120 1581 ne
1137 1562 1258 1581 caussam
1273 1554 1382 1588 quidem
1401 1554 1523 1580 maleficii
1542 1553 1701 1589 protuleris?
1719 1554 1748 1581 Si
1766 1554 1840 1581 hunc

1046 1592 1118 1627 apud
1137 1592 1266 1618 bonorum
1285 1595 1416 1626 emptores
1434 1592 1507 1626 ipsos
1523 1599 1662 1617 accusares
1675 1592 1753 1626 eique
1767 1591 1839 1618 iudi-

1046 1630 1087 1656 cio
1100 1629 1290 1664 Chrysogonus
1309 1633 1454 1663 praeesset,
1480 1633 1567 1654 tamen
1585 1628 1744 1663 diligentius
1762 1637 1840 1663 para-

1046 1667 1154 1701 tiusque
1166 1666 1295 1691 venisses.
1316 1667 1359 1691 73.
1372 1665 1474 1695 Utrum,
1487 1665 1553 1700 quid
1563 1670 1664 1701 agatur,
1681 1674 1732 1692 non
1743 1665 1839 1692 vides?

1023 1726 1025 1735 ,
1046 1712 1078 1730 an
1097 1703 1168 1738 apud
1186 1711 1254 1738 quos
1277 1702 1388 1738 agatur?
1415 1702 1512 1737 Agitur
1528 1702 1561 1728 de
1579 1702 1734 1737 parricidio:
1765 1702 1839 1738 quod

1046 1741 1104 1767 sine
1119 1740 1211 1766 multis
1225 1741 1329 1767 caussis
1342 1740 1443 1774 suscipi
1459 1748 1509 1766 non
1525 1744 1618 1774 potest.
1658 1739 1737 1774 Apud
1751 1739 1840 1766 homi-

1046 1786 1093 1804 nes
1107 1782 1195 1804 autem
1210 1777 1433 1812 prudentissimos
1447 1777 1542 1812 agitur.
1562 1777 1610 1811 qui
1624 1777 1778 1812 intelligunt
1791 1785 1840 1803 ne·

1047 1815 1145 1841 minem
1160 1822 1192 1840 ne
1207 1815 1348 1841 minimum
1363 1813 1473 1849 quidem
1490 1813 1650 1840 maleficium
1668 1814 1727 1840 sine
1743 1822 1838 1841 caussa

1046 1852 1193 1878 admittere.

1101 1889 1209 1915 xxvu,
1224 1889 1300 1915 Esto:
1316 1897 1438 1915 caussam
1453 1887 1568 1923 proferre
1582 1896 1633 1914 non
1648 1892 1731 1923 potes.
1759 1888 1839 1914 Tam-

1046 1927 1095 1952 etsi
1115 1927 1203 1952 statim
1222 1927 1319 1952 vicisse
1336 1925 1433 1956 debeo,
1459 1930 1546 1951 tamen
1559 1925 1593 1951 de
1610 1933 1669 1951 meo
1686 1926 1744 1951 iure
1761 1925 1839 1952 dece-

1045 1963 1106 1989 dam
1121 1968 1146 1989 et
1159 1963 1220 1994 tibi,
1240 1963 1312 1998 quod
1326 1963 1353 1989 in
1367 1963 1417 1989 alia
1430 1970 1523 1988 caussa
1538 1970 1589 1988 non
1602 1961 1786 1993 concederem,
1809 1963 1838 1989 in

1047 2000 1095 2027 bac
1108 2000 1259 2031 concedam,
1277 1999 1360 2026 fretus
1375 1999 1456 2026 huius
1471 1999 1628 2026 innocentia.
1669 1999 1726 2025 Non
1739 2007 1839 2034 quaero

1046 2038 1093 2064 abs
1108 2042 1141 2068 te,
1157 2046 1239 2072 quare
1254 2042 1354 2072 patrem
1368 2036 1429 2063 Sex.
1445 2037 1556 2063 Roscius
1570 2035 1708 2063 occiderit:
1728 2044 1836 2072 quaero,

1046 2074 1180 2110 quomodo
1203 2074 1337 2101 occiderit.
1378 2075 1413 2100 lta
1439 2082 1538 2109 quaero
1562 2073 1610 2100 abs
1632 2078 1669 2104 te,
1698 2073 1727 2100 C.
1745 2073 1836 2105 Eruci,

1046 2111 1193 2147 quomodo;
1213 2116 1239 2138 et
1256 2112 1294 2138 sic
1313 2116 1400 2138 tecum
1419 2119 1509 2146 agam,
1533 2115 1563 2137 ut
1580 2111 1608 2137 in
1626 2118 1656 2137 eo
1674 2109 1730 2137 loco
1740 2110 1782 2137 vel
1796 2119 1838 2137 re-

1046 2149 1195 2184 spondendi
1215 2148 1255 2174 vel
1274 2148 1460 2183 interpellandi
1484 2148 1531 2174 tibi
1554 2152 1709 2182 potestatem
1731 2146 1835 2179 faciam,

1047 2186 1088 2212 vel
1103 2187 1191 2216 etiam,
1206 2186 1229 2212 si
1243 2185 1309 2221 quid
1324 2185 1406 2216 voles,
1422 2184 1610 2220 interrogandi.
1642 2185 1685 2210 74.
1700 2183 1838 2216 Quomodo

1046 2223 1160 2250 occidit?
1190 2224 1249 2258 lpse
1271 2223 1402 2257 percussit
1419 2231 1452 2248 an
1474 2222 1534 2248 aliis
1555 2221 1728 2248 occidendum
1746 2221 1839 2248 dedit?

1046 2261 1073 2287 Si
1087 2261 1177 2295 ipsum
1192 2260 1291 2295 arguis,
1308 2260 1405 2286 Romae
1419 2268 1470 2286 non
1486 2259 1549 2285 fuit:
1564 2259 1588 2285 si
1602 2266 1649 2293 per
1661 2257 1727 2285 alios
1741 2257 1838 2286 fecisse

1046 2297 1127 2328 dicis.
1147 2305 1260 2332 quaero,
1280 2305 1406 2324 servosne
1419 2305 1452 2322 an
1471 2295 1586 2322 liberos?
1603 2294 1676 2327 Quos
1697 2295 1838 2322 homiues?

1046 2334 1310 2361 indidemneAmeria
1321 2343 1353 2360 an
1368 2334 1446 2360 hosce
1459 2341 1493 2360 ex
1505 2332 1572 2359 urbe
1584 2331 1710 2358 sicarios?
1723 2332 1838 2359 SiAme-

1046 2372 1098 2398 ria:
1123 2372 1170 2406 qui
1193 2375 1257 2397 sunt
1280 2370 1326 2397 hi?
1344 2379 1392 2397 cur
1409 2379 1462 2397 non
1483 2369 1671 2396 nominantur?
1694 2369 1722 2396 Si
1738 2370 1835 2396 Roma:

1046 2409 1117 2434 unde
1136 2417 1180 2435 eos
1198 2412 1307 2435 noverat
1319 2408 1443 2438 Roscius,
1462 2407 1510 2441 qui
1523 2406 1633 2432 Romam
1652 2406 1744 2433 multis
1759 2407 1837 2433 annis

1047 2454 1098 2472 non
1112 2446 1184 2472 venit
1202 2453 1289 2480 neque
1305 2453 1435 2480 umquam
1453 2443 1515 2479 plus
1534 2443 1621 2469 triduo
1639 2442 1707 2469 fuit?
1726 2443 1777 2470 Ubi
1791 2452 1837 2470 eos

1045 2482 1187 2509 convenit?
1205 2483 1316 2517 quicum
1335 2481 1438 2508 locutus
1455 2479 1514 2507 est?
1532 2480 1665 2515 quomodo
1687 2480 1838 2515 persuasit?

1045 2520 1163 2546 Pretium
1181 2518 1271 2546 dedit?
1296 2519 1339 2545 cui
1361 2517 1451 2544 dedit?
1479 2525 1525 2552 per
1546 2526 1627 2552 quem
1645 2517 1736 2544 dedit?
1764 2517 1837 2544 unde

1045 2561 1091 2583 aut
1103 2561 1234 2591 quantum
1249 2554 1340 2582 dedit?
1353 2563 1439 2581 nonne
1453 2554 1495 2580 his
1505 2555 1626 2590 vestigiis
1639 2554 1673 2581 ad
1685 2559 1766 2589 caput
1779 2563 1837 2581 ma—

1046 2593 1124 2620 leficii
1144 2593 1276 2628 perveniri
1294 2591 1379 2619 solet?
1397 2592 1431 2618 Et
1447 2591 1529 2618 simul
1547 2592 1596 2618 tibi
1614 2592 1642 2618 in
1660 2596 1775 2618 mentem
1788 2600 1837 2618 vc.b

1046 2631 1101 2657 niat
1119 2629 1209 2661 facito,
1230 2628 1456 2664 quemadmodum
1475 2629 1556 2655 vitam
1575 2629 1688 2655 huiusce
1706 2628 1836 2664 depinxe-

1046 2668 1095 2693 ris:
1127 2667 1200 2694 hunc
1225 2666 1361 2693 hominem
1379 2665 1465 2692 ferum
1483 2671 1562 2701 atque
1579 2670 1710 2702 agrestem
1735 2666 1833 2693 fuisse:
