1941 3052
227 118 276 144 706
781 112 823 138 76.

228 188 260 214 nil
273 187 433 222 aequitatem
451 190 474 211 te
490 185 571 210 animi
589 184 672 218 possit
688 186 777 217 postea
793 180 930 208 extollere.
971 180 1020 214 Egi

230 231 302 251 tuam
314 232 436 249 caussam
449 222 579 256 apertius,
597 229 677 254 quarn
691 228 747 245 mea
760 223 877 253 tempora
890 216 1018 243 ferebant.

231 262 392 288 Vince-tmini-
409 260 479 285 eniin
498 258 599 283 fortuna
617 258 673 291 ipsa
689 256 843 282 debilitatae
858 255 958 289 gratiae
973 263 1020 280 no-

229 304 297 325 stroe
310 299 347 324 tui
359 298 466 322 caritate
479 300 503 321 et
515 304 572 320 ineo
585 298 712 328 perpetuo
723 302 784 328 erga
797 297 820 319 te
832 301 920 318 amore
929 312 934 321 ,
950 291 1021 317 culto

229 346 242 362 u
264 341 287 362 te
308 333 527 369 diligentissime.
567 332 662 356 (tinnia
684 331 830 365 promissa,
855 329 1018 358 confirmata,

228 377 298 399 certa
310 377 335 397 et
347 376 399 397 ruta
412 374 560 403 sunt,qua‹=
572 367 604 393 ad
617 367 731 393 reditum
743 366 810 394 etad
822 366 936 392 salutem
948 370 1019 392 tuam

230 410 372 444 pertinent.
400 406 470 435 vidi,
484 406 606 440 cognovi,
622 404 741 430 interfui.
768 406 792 430 ἱ).
810 404 915 430 Etenim
927 411 1020 429 omnes

229 446 349 472 (Zur-saris
367 443 511 470 familiares
527 443 591 468 satis
606 447 754 476 opportune
771 441 855 467 liabeo
870 440 1020 475 implicatos

228 481 423 509 consuetudine
440 484 465 506 et
480 479 679 509 benevolentia,
697 480 749 509 sic,
767 483 808 509 ut,
825 487 909 513 quum
925 477 958 503 al)
975 476 1021 503 illo

229 520 414 548 discesserint,
443 526 484 543 me
509 517 624 543 habeant
643 517 807 551 proximum.
853 515 904 541 lloc
926 515 1017 542 Pansa,

231 557 339 586 llirtius,
354 555 460 585 Balbus,
474 554 587 588 Oppius,
602 554 706 584 Matius,
721 553 882 582 Postumius,
896 551 974 586 plene
987 552 1020 577 ita
1050 583 1051 586 Ἴ

230 594 343 623 faciunt,
362 598 390 619 ut
404 601 445 618 me
460 592 538 617 unice
552 591 676 626 diligant.
716 590 792 623 Quod
805 591 828 616 si
841 589 908 616 milii
920 598 967 624 pro
979 597 1020 614 me

229 630 401 658 efficiendum
423 629 531 659 fuisset,
555 637 606 655 non
628 637 669 654 me
690 628 836 663 poeniteret
855 635 902 662 pro
921 627 1020 653 ratione

230 674 379 702 temporum
397 667 430 693 ita
446 675 504 692 esse
521 666 653 692 molitum.
693 665 745 692 Sed
761 664 828 691 nibil
845 668 886 691 est
899 672 913 690 a
926 672 967 690 me
981 664 1021 689 in-
1042 677 1043 696 2

228 706 359 732 servitum
376 704 502 739 temporis
517 712 625 729 caussa:
649 707 751 729 veteres
763 702 830 729 mibi
843 700 1021 728 necessitudi-
1042 717 1043 723 .

230 751 276 769 nes
296 751 358 769 cum
377 742 420 768 liis
439 741 566 767 omnibus
585 740 766 770 intercedunt,
787 739 952 775 quibuscum
971 746 1021 773 ego

229 788 307 816 agere
322 779 355 805 de
372 784 395 806 te
408 787 458 805 non
470 778 570 804 destiti.
612 778 763 812 Principem
776 782 862 803 tamen
875 776 1020 802 babuimus

229 818 351 845 Pansam,
366 817 404 843 tui
416 816 655 844 studiosissimum,
670 815 721 840 mei
732 814 876 849 cupidum,
889 814 937 848 qui
949 812 1021 839 vale-

230 859 269 881 ret
284 854 355 889 apud
372 853 448 880 illum
465 862 515 879 non
532 853 622 878 minus
637 852 800 882 auctoritate,
823 859 904 886 quam
925 851 1019 883 gratia.

229 892 338 918 Cimber
352 896 441 917 autem
457 890 554 916 Tillius
571 890 637 915 milii
654 889 731 924 plane
747 888 887 915 satisfecit.
929 887 1021 913 Valent

229 930 302 955 enim
317 928 389 963 apud
400 928 540 954 Caesarem
556 936 606 953 non
624 931 676 953 tam
691 926 848 952 ambitiosae
860 925 1018 960 rogationes,

209 963 214 970 ¹
229 975 311 1002 quam
328 966 506 992 necessariae:
527 973 594 999 quas
609 964 673 999 quia
688 963 797 991 Cimber
815 962 941 991 babebat,
960 961 1021 996 plus

230 1003 323 1033 valuit,
337 1012 418 1038 quam
431 1011 477 1037 pro
490 1002 543 1027 ullo
553 1001 604 1028 alio
617 1001 703 1027 valere
715 1001 855 1035 potuisset.
887 1002 911 1026 3.
931 998 1022 1033 Diplo-

231 1050 272 1067 ma
284 1041 373 1067 statim
386 1049 436 1066 non
449 1044 488 1065 cs:
500 1039 605 1067 datum:
627 1038 698 1073 quod
717 1038 828 1064 mirifica
840 1042 879 1063 est
892 1036 1022 1071 improbi—

230 1079 308 1105 tasin
323 1077 501 1112 quibusdam,
520 1077 567 1110 qui
581 1076 705 1102 tulissent
715 1075 839 1101 acerbius
854 1074 959 1100 veniam
972 1073 1021 1099 tibi

230 1115 301 1145 dari,
315 1123 396 1149 quam
409 1114 447 1140 illi
460 1113 594 1148 appellant
606 1116 690 1139 tubam
701 1114 760 1138 belli
769 1114 865 1141 cii-ilis,
884 1110 1021 1145 multaque

231 1153 265 1179 ita
281 1152 388 1182 dicunt,
411 1152 489 1186 quasi
506 1160 557 1177 non
573 1150 708 1186 gaudeant
724 1149 751 1175 id
767 1148 869 1175 bellum
882 1148 1020 1174 incidisse.

230 1190 316 1222 Quare
329 1190 418 1215 visum
429 1193 468 1214 est
479 1187 610 1214 occultius
621 1187 765 1222 agendum,
779 1195 865 1221 neque
878 1185 932 1211 ullo
944 1184 1022 1211 modo

231 1226 442 1262 divulgandum,
455 1225 488 1251 de
501 1230 524 1251 te
537 1225 589 1250 iam
601 1233 658 1250 esse
671 1223 828 1259 perfectum.
869 1223 921 1249 Sed
935 1222 961 1249 id
972 1222 1023 1248 erit

231 1263 369 1299 perbrevi,
392 1271 439 1289 nec
455 1262 562 1292 dubito,
585 1262 666 1296 quin,
686 1261 789 1297 legente
805 1266 829 1287 te
846 1260 894 1286 bas
910 1260 1020 1287 litteras.

230 1300 348 1327 confecta
361 1301 412 1326 iam
425 1308 466 1325 res
479 1299 566 1325 futura
578 1300 622 1325 sit.
655 1299 738 1324 Pansa
748 1298 859 1333 quidem
871 1298 948 1327 milii,
961 1305 1023 1332 gra-

231 1339 273 1364 vis
289 1338 367 1364 homo
383 1342 407 1363 et
422 1341 524 1367 certus,
543 1345 594 1362 non
615 1335 703 1362 solum
724 1335 904 1364 confirmavit,
928 1342 1022 1360 verum

231 1376 310 1401 etiam
331 1375 443 1409 recepit,
470 1373 641 1408 perceleriter
665 1381 693 1399 se
718 1372 871 1399 ablaturum
891 1371 1020 1406 diploma.

230 1413 296 1439 Mihi
308 1416 395 1438 tamen
406 1411 508 1446 placuit
519 1411 584 1437 haec
595 1410 628 1436 ad
639 1415 664 1437 te
673 1410 815 1445 perscribi.
849 1410 938 1436 Minus
949 1409 1022 1434 enim

230 1454 255 1476 te
267 1449 374 1475 firmum
390 1457 477 1475 sermo
486 1448 634 1483 Eppuleiae
649 1453 709 1474 tuae
721 1447 899 1482 lacrimaeque
910 1446 1022 1480 Ampiae

230 1486 412 1516 declarabant.
435 1494 516 1520 quam
532 1485 686 1521 significant
701 1489 761 1511 tuae
783 1484 895 1511 litterae.
935 1483 1022 1518 Atque

231 1524 291 1550 illae
308 1523 518 1553 arbitrabantur,
535 1531 622 1557 quum
637 1531 651 1548 a
662 1526 686 1549 te
698 1522 822 1548 abessent
833 1522 920 1556 ipsae,
938 1519 1023 1546 multo

230 1562 258 1587 in
268 1561 391 1597 graviore
403 1565 427 1587 te
438 1568 502 1586 cura
514 1559 645 1586 futurum.
675 1559 762 1591 Quare
773 1567 870 1595 magno
879 1566 960 1593 opere
970 1566 1023 1592 pu-

230 1599 298 1629 tavi,
316 1598 423 1633 angoris
438 1602 464 1623 et
478 1597 578 1623 doloris
592 1598 630 1623 tui
644 1596 751 1623 levandi
761 1604 868 1627 caussa,
885 1603 933 1629 pro
943 1595 1022 1621 certis

231 1635 263 1662 ad
274 1640 298 1661 te
309 1643 348 1665 ea,
361 1643 430 1670 quae
442 1639 531 1660 essent
541 1638 621 1665 certa,
634 1633 766 1669 perscribi
775 1635 904 1667 oportere.
916 1633 940 1659 4.
952 1631 1020 1662 Scis,

231 1681 273 1699 me
284 1677 359 1698 antea
370 1673 409 1698 sic
420 1671 530 1698 solitum
540 1680 598 1697 esse
609 1671 726 1698 scribere
736 1671 770 1697 ad
780 1675 814 1702 te,
823 1670 909 1705 magis
920 1673 949 1696 ut
959 1677 1023 1695 con-

230 1709 330 1736 solarer
346 1708 438 1735 fortem
455 1709 544 1735 virum
559 1714 638 1743 atque
654 1709 817 1743 sapientem,
834 1715 916 1742 quam
931 1711 960 1733 ut
975 1714 1023 1732 ex-

230 1746 360 1782 ploratam
371 1754 447 1781 spem
458 1745 552 1772 salutis
563 1745 741 1776 ostenderem,
759 1745 813 1771 nisi
823 1753 905 1779 quam
916 1743 949 1770 ab
964 1744 1022 1777 ipsa

230 1783 382 1818 republica,
400 1792 485 1818 quum
501 1783 545 1809 hic
560 1783 637 1809 ardor
653 1783 797 1809 restinctus
816 1786 898 1812 esset,
921 1781 1023 1816 sperari

229 1825 349 1856 oportere
364 1828 512 1847 censerem.
552 1819 700 1846 Recordare
715 1825 774 1846 tuas
790 1818 903 1846 litteras.
921 1817 1022 1853 quibus

230 1863 256 1885 et
272 1866 400 1893 magnum
416 1858 537 1883 animum
556 1857 625 1883 mihi
644 1865 751 1891 semper
769 1855 923 1885 ostendisti.
946 1859 971 1881 et
990 1854 1023 1880 ad

229 1904 323 1922 omnes
339 1903 418 1920 casus
433 1894 555 1921 ferendos
570 1899 736 1921 constantem
751 1901 781 1919 ac
795 1897 930 1928 paratum:
950 1891 1023 1927 quod

229 1940 279 1968 ego
291 1940 343 1958 non
355 1931 480 1962 mirabar,
488 1940 573 1966 quum
585 1931 745 1960 recordarer,
753 1936 778 1957 te
789 1935 815 1957 et
825 1938 838 1956 a
850 1930 945 1965 primis
956 1934 1024 1956 tem—

229 1969 341 2005 poribus
361 1969 455 1995 aetatis
470 1969 497 1995 in
514 1968 652 2003 republica
668 1976 727 1995 esse
748 1972 896 1998 versatum,
919 1972 945 1994 et
964 1972 1023 1993 tuos

230 2007 403 2042 magistratus
415 2006 443 2032 in
455 2006 512 2040 ipsa
523 2005 681 2032 discrimina
693 2005 822 2032 incidisse
832 2004 928 2031 salutis
940 2004 1024 2031 fortu-

230 2051 379 2078 narumque
391 2043 589 2069 communium:
607 2048 633 2069 et
648 2044 675 2069 in
688 2042 737 2069 hoc
748 2043 839 2077 ipsum
851 2041 954 2068 bellum
965 2050 1023 2068 esse

230 2081 398 2117 ingressum,
415 2089 467 2106 non
478 2080 579 2110 solum,
597 2081 637 2106 uti
651 2080 736 2106 victor
747 2079 854 2110 beatus,
872 2079 920 2105 sed
931 2080 1021 2109 etiam,

229 2123 268 2149 ut,
281 2118 305 2144 si
317 2118 352 2144 ita
364 2117 514 2146 accidisset,
528 2118 616 2143 victus
628 2122 657 2144 ut
667 2118 776 2152 sapiens
787 2125 871 2143 esses.
902 2118 927 2143 5.
942 2117 1024 2142 Dein-

229 2155 276 2186 de,
298 2163 384 2190 quum
399 2154 520 2181 studium
536 2159 612 2180 tuum
628 2162 771 2181 consumas
787 2155 815 2180 in
834 2154 955 2180 virorum
971 2153 1024 2180 for-

229 2193 298 2219 tium
318 2191 394 2218 factis
410 2192 553 2218 memoriae
569 2191 728 2226 prodendis,
745 2191 914 2218 considerare
930 2191 1020 2221 debes,

231 2229 299 2256 nihil
320 2229 370 2255 tibi
391 2237 449 2255 esse
469 2229 705 2259 committendum,
727 2228 903 2264 quamobrem
919 2236 1020 2258 eorum,

230 2275 298 2302 quos
311 2265 417 2297 laudas,
431 2270 455 2292 te
467 2275 519 2292 non
530 2266 703 2292 simillimum
713 2266 853 2300 praebeas.
894 2265 947 2292 Sed
959 2265 1024 2291 haec

230 2304 313 2330 oratio
324 2304 411 2339 magis
421 2308 491 2330 esset
502 2308 561 2338 apta
574 2303 607 2329 ad
619 2303 664 2329 illa
676 2308 803 2338 tempora,
812 2311 881 2338 quae
893 2303 946 2329 iam
957 2302 1024 2328 effu-

231 2341 308 2376 gisti;
332 2349 402 2367 nunc
415 2349 477 2366 vero
488 2345 590 2366 tantum
602 2345 626 2367 te
637 2349 700 2375 para
711 2340 745 2366 ad
757 2340 822 2366 haec
832 2340 974 2366 nobiscum
985 2339 1025 2365 fe-

233 2377 322 2408 renda,
331 2378 432 2412 quibus
443 2386 492 2413 ego
503 2378 526 2403 si
537 2386 619 2412 quam
631 2377 793 2404 medicinam
805 2378 965 2407 invenirem,
974 2376 1025 2402 tibi

232 2422 339 2449 quoque
350 2414 472 2440 eamdem
484 2415 624 2441 traderem.
659 2414 712 2441 Sed
722 2419 763 2441 est
772 2423 858 2440 unum
868 2413 1024 2449 perfugium

233 2450 351 2477 doctrina
363 2460 392 2477 ac
404 2451 518 2483 litterae,
535 2452 638 2487 quibus
652 2460 760 2486 semper
770 2452 932 2477 usisumus:
955 2458 1024 2485 quae

233 2487 360 2514 secundis
376 2488 456 2514 rebus
470 2488 673 2515 delectationem
689 2487 768 2515 modo
783 2488 881 2514 habere
893 2487 1025 2514 videban-

234 2528 290 2554 tur,
312 2532 383 2550 nunc
399 2533 461 2551 vero
475 2527 555 2552 etiam
569 2526 694 2552 salutem.
735 2525 801 2555 Sed,
822 2530 851 2551 ut
866 2524 900 2550 ad
915 2525 1025 2550 initium

235 2565 359 2591 revertar,
373 2570 436 2587 cave
447 2562 564 2594 dubites,
577 2563 645 2598 quin
655 2562 745 2590 omnia
755 2562 789 2588 de
799 2561 885 2588 salute
896 2570 926 2588 ac
936 2560 1024 2588 reditu

235 2602 280 2624 tuo
290 2597 404 2632 perfecta
415 2599 478 2625 sint.

1042 914 1051 958 Γ

1042 964 1045 980 ι

1043 997 1051 1026 'l

1050 970 1051 989 ῑ
1073 968 1162 989 turum
1175 962 1338 988 existimem.

860 111 894 137 M.
928 110 958 136 Τ.
992 108 1267 136 thtjttosts

1127 177 1179 197 ΧΙΙΙ
1211 176 1280 196 ino.
1297 176 1406 196 Lamin-
1421 176 1518 197 cunte-
1535 178 1588 197 tw.-
1605 184 1693 204 epent-
1707 181 1728 197 et
1743 177 1796 198 tort}
1813 184 1862 199 eun

1073 211 1144 231 nninm
1156 212 1185 231 iul
1195 216 1223 230 vt.
1254 213 1327 230 (Ro-nr
1336 227 1340 231 ,
1351 214 1407 229 (¹⁴1.-

1264 254 1430 281 thsslto
1469 256 1669 284 LtGARto.

1131 295 1152 318 l.
1176 288 1236 318 Etsi
1249 292 1293 318 tali
1306 298 1350 318 tuo
1362 297 1479 326 tempore
1490 302 1532 319 me
1543 299 1588 320 aut
1598 293 1752 320 consolandi
1763 299 1808 320 aut
1819 294 1861 320 iu-

1074 329 1154 356 vandi
1167 331 1204 355 tui
1215 338 1310 355 caussa
1322 329 1439 355 scribere
1451 330 1483 356 ad
1496 335 1519 356 te
1530 330 1633 365 aliquid
1646 336 1786 366 pronostn
1794 331 1862 358 ami-

1072 368 1134 393 eitia
1145 366 1290 401 oportebat,
1304 371 1391 392 tamen
1403 366 1491 392 adbuc
1504 367 1529 393 id
1541 376 1591 394 nnn
1604 367 1725 398 feceram,
1739 369 1802 403 quia
1815 376 1862 395 no-

1072 413 1125 439 que
1138 404 1220 429 lenire
1237 403 1348 429 videbar
1366 404 1483 430 oratione
1498 413 1585 439 necque
1601 404 1688 431 levare
1698 414 1775 440 posse
1787 405 1862 432 dolo-

1073 450 1128 467 rem
1141 446 1226 467 tuum.
1261 441 1352 466 Postea
1366 450 1435 471 vero,
1449 449 1529 476 quarn
1542 450 1664 477 magnam
1676 451 1751 477 spem
1764 442 1862 469 habere

1072 479 1160 513 coepi,
1180 477 1247 508 fore,
1265 482 1293 504 ut
1309 483 1332 503 te
1348 477 1423 504 brevi
1439 483 1556 513 tempore
1573 479 1734 505 ineolumem
1750 479 1862 506 babere-

1073 525 1146 544 mus,
1166 515 1250 540 faeere
1266 524 1317 540 non
1329 516 1416 549 potui.
1433 516 1500 550 quin
1513 516 1562 542 tibi
1573 521 1598 542 et
1609 517 1767 543 sententiam
1778 522 1804 543 et
1815 525 1862 543 vo-

1074 553 1200 579 luntatem
1213 551 1374 578 declararem
1387 561 1483 579 meam.
1524 555 1548 579 2.
1571 554 1689 579 l'rimum
1703 554 1785 589 igitur
1795 555 1862 580 scri-

1410 220 1423 228 n«
1440 214 1474 231 nt.
1484 214 1556 235 {apulo
1567 221 1611 231 wu-
1624 216 1674 234 stt.

1049 591 1051 620 ξ
1073 591 1142 619 bam,
1156 589 1227 624 quod
1241 589 1361 624 intelligo
1372 594 1397 615 et
1409 590 1550 624 perspicio,
1563 599 1614 617 non
1627 590 1680 616 fore
1693 591 1719 617 in
1732 595 1756 616 te
1767 590 1865 617 Caesa«

1073 636 1127 654 rem
1144 627 1292 652 duriorem:
1311 635 1371 652 nam
1387 631 1413 653 et
1429 636 1470 653 res
1484 636 1546 653 eum
1562 627 1696 663 quotidie.
1713 632 1739 654 ct
1749 627 1821 658 dies.
1836 632 1863 655 et

1070 665 1162 699 opinio
1175 664 1314 689 hominum
1325 668 1359 693 et,
1374 668 1401 689 ut
1413 664 1480 690 milii
1493 664 1695 695 videtur,etiam
1709 673 1757 691 sua
1769 670 1861 691 natura

1073 703 1204 728 mitiorem
1222 700 1297 726 facit:
1317 700 1397 736 idque
1411 710 1496 736 quum
1512 701 1545 727 de
1561 702 1673 737 reliquis
1688 703 1786 732 sentio,
1805 707 1861 728 tum

1072 739 1105 765 de
1120 744 1143 765 te
1155 738 1234 764 etiam
1246 738 1326 764 audio
1336 747 1370 764 ex
1382 737 1600 765 familiarissimis
1611 740 1684 769 eius,
1700 739 1802 774 quibus
1813 747 1863 774 ego

1071 786 1104 803 ex
1119 785 1150 802 eo
1166 781 1296 810 tempore,
1314 784 1368 810 quo
1382 776 1499 810 primum
1511 785 1545 802 ex
1555 776 1643 802 Africa
1655 777 1766 803 nuntius
1778 777 1859 806 venit,

1072 813 1224 848 supplicare
1240 821 1291 838 una
1306 821 1369 838 cum
1384 812 1511 839 fratribus
1522 814 1575 840 tuis
1587 823 1637 840 non
1650 814 1750 840 destiti.
1790 813 1863 846 Quo-

1050 870 1051 875 .
1073 860 1132 877 rum
1147 850 1257 885 quidem
1273 855 1298 875 et
1315 851 1412 876 virtute
1428 855 1453 876 et
1466 851 1562 885 pietate
1570 855 1689 876 etamore
1700 851 1759 877 inte
1768 851 1862 886 singu-

1074 888 1135 914 laris
1149 893 1174 913 et
1189 886 1297 913 assidua
1313 892 1338 913 et
1353 892 1479 922 perpetua
1495 896 1558 914 cura
1574 888 1668 914 salutis
1685 893 1745 914 tuae
1759 892 1861 914 tautum

1073 925 1184 960 proficit,
1200 930 1227 950 ut
1239 923 1306 950 nibil
1318 925 1362 954 sit,
1378 924 1449 959 quod
1461 933 1511 951 non
1526 926 1613 959 ipsum
1625 925 1764 952 Caesarem
1776 925 1863 951 tribu—

1379 963 1403 987 3.
1426 961 1478 987 Sed
1490 962 1513 988 si
1525 963 1627 988 tardius
1639 962 1679 992 fit,
1692 971 1773 997 quam
1786 962 1863 988 volu-

1074 1009 1142 1029 mus,
1152 999 1256 1034 magnis
1269 999 1491 1033 occupationibus
1501 1000 1590 1029 eius,a
1602 1008 1655 1034 quo
1665 1000 1755 1025 omnia
1766 1005 1863 1033 petun—

1074 1042 1123 1067 tur,
1133 1035 1260 1062 aditusad
1270 1044 1331 1061 eum
1344 1035 1510 1062 difficiliores
1522 1036 1642 1069 fuerunt;
1656 1041 1681 1062 et
1691 1036 1863 1066 simutant-

1072 1083 1152 1100 canae
1163 1081 1273 1099 caussae
1285 1073 1383 1102 iratior,
1397 1072 1501 1099 diutius
1513 1073 1581 1099 velle
1593 1073 1699 1099 videtur
1709 1082 1754 1100 eos
1767 1073 1863 1100 habere

1073 1111 1210 1140 sollicitos,
1224 1119 1237 1136 a
1249 1110 1351 1145 quibus
1361 1119 1389 1136 se
1400 1115 1474 1145 putat
1485 1110 1700 1137 diuturnioribus
1711 1119 1769 1136 esse
1781 1110 1864 1137 mole-

1073 1149 1133 1175 stiis
1148 1147 1338 1174 conflictatum.
1378 1147 1430 1174 Sed
1447 1147 1496 1174 hoc
1511 1148 1600 1182 ipsum
1613 1147 1790 1183 intelligimus
1801 1156 1863 1174 eum

1073 1185 1193 1221 quotidie
1215 1185 1355 1211 remissius
1376 1189 1401 1210 et
1421 1184 1552 1219 placatius
1573 1184 1650 1211 serre.
1691 1185 1777 1217 Quare
1795 1184 1863 1211 mihi

1052 1243 1053 1257 ,
1073 1222 1152 1249 crede
1163 1227 1188 1248 et
1200 1222 1344 1248 memoriae
1355 1222 1460 1252 manda,
1477 1230 1518 1248 me
1530 1222 1580 1248 tibi
1592 1222 1619 1248 id
1630 1221 1786 1254 affirmasse,
1800 1227 1824 1248 te
1836 1222 1864 1249 in

1074 1261 1133 1286 istis
1146 1259 1276 1286 molestiis
1286 1259 1390 1285 diutius
1402 1268 1452 1286 non
1466 1259 1601 1286 futurum.'
1619 1260 1643 1286 t.
1660 1258 1781 1291 Quando,
1796 1258 1864 1294 quid

1073 1297 1214 1327 sentirem,
1227 1297 1355 1332 exposui:
1375 1296 1442 1331 quid
1455 1296 1536 1323 velim
1547 1302 1591 1323 tua
1602 1305 1710 1328 caussa,
1724 1305 1752 1323 re
1763 1297 1862 1331 potius,

1073 1343 1155 1370 quam
1170 1335 1301 1364 oratione,
1323 1333 1473 1360 declarabo.
1513 1334 1558 1364 Et,
1577 1334 1602 1360 si
1623 1339 1724 1360 tantum
1746 1342 1862 1368 possem,

1073 1376 1204 1407 quantum
1217 1372 1242 1397 in
1254 1380 1283 1397 ea
1295 1371 1445 1406 republica,
1463 1371 1496 1397 de
1509 1380 1562 1406 qua
1575 1371 1609 1397 ita
1619 1379 1681 1397 sum
1693 1371 1817 1402 meritus,
1835 1375 1865 1398 ut

1074 1414 1101 1435 tu
1117 1409 1270 1439 existimas,
1287 1417 1365 1443 posse
1381 1408 1527 1439 debebam,
1544 1417 1576 1434 ne
1593 1413 1620 1434 tu
1636 1407 1747 1443 quidem
1763 1408 1791 1434 in
1805 1408 1865 1434 istis

1074 1445 1252 1473 incommodis
1262 1454 1348 1472 esses:
1362 1445 1455 1472 eadem
1466 1446 1539 1472 enim
1549 1453 1642 1472 caussa
1654 1453 1718 1480 opes
1729 1453 1801 1472 meas
1811 1444 1865 1471 fre—

1073 1484 1125 1519 git,
1143 1491 1213 1518 quae
1229 1488 1301 1509 tuam
1317 1482 1431 1509 salutem
1447 1483 1474 1509 in
1489 1482 1634 1509 discrimen
1650 1481 1772 1509 adduxit.
1812 1481 1865 1508 Sed

1074 1526 1171 1552 tamen,
1185 1519 1320 1555 quidquid
1333 1520 1421 1556 imago
1432 1521 1530 1546 veteris
1541 1528 1614 1546 meae
1626 1519 1774 1555 dignitatis,
1782 1518 1865 1554 quid-

1073 1558 1141 1593 quid
1152 1557 1282 1592 reliquiae
1292 1557 1393 1592 gratiae
1404 1556 1545 1588 valebunt,
1560 1556 1695 1586 studium,
1709 1556 1862 1588 consilium,

1074 1603 1167 1630 opera.
1180 1595 1265 1630 gratia
1273 1615 1279 1625 ,
1298 1594 1364 1620 fides
1375 1602 1433 1620 mea
1445 1593 1519 1620 nullo
1530 1593 1586 1620 loco
1596 1593 1680 1620 deerit
1692 1594 1745 1620 tuis
1755 1594 1865 1628 optimis

1075 1632 1212 1658 fratribus.
1252 1633 1277 1657 5.
1300 1631 1339 1657 Tu
1355 1630 1395 1657 fac
1411 1631 1509 1657 habeas
1525 1630 1619 1657 fortem
1631 1631 1765 1661 animum,
1782 1639 1864 1665 quem

1074 1677 1181 1704 semper
1192 1668 1325 1695 habuisti:
1344 1669 1462 1703 primum
1473 1667 1508 1694 ob
1519 1676 1564 1694 eas
1575 1676 1697 1698 caussas,
1714 1676 1782 1702 quas
1797 1669 1865 1694 scri-

1074 1707 1130 1741 psi:
1144 1705 1255 1735 deinde,
1269 1704 1341 1740 quod
1352 1714 1382 1731 ea
1393 1704 1426 1731 de
1438 1704 1576 1740 republica
1587 1713 1694 1739 semper
1704 1704 1814 1731 voluisti
1825 1710 1865 1731 at-

1073 1752 1127 1779 que
1137 1743 1255 1773 sensisti,
1264 1748 1293 1768 ut
1304 1751 1356 1769 non
1367 1742 1445 1769 modo
1455 1741 1572 1768 secunda
1583 1750 1690 1777 sperare
1700 1741 1808 1772 debeas,
1816 1741 1865 1768 sed

1073 1781 1154 1808 etiam
1162 1802 1168 1812 ,
1185 1781 1209 1806 si
1224 1780 1313 1806 omnia
1324 1779 1436 1806 adversa
1446 1785 1548 1809 essent,
1565 1784 1654 1806 tamen
1665 1779 1828 1805 conscientia
1839 1784 1866 1805 et

1075 1817 1203 1844 factorum
1215 1823 1240 1843 et
1250 1816 1422 1843 consiliorum
1435 1821 1550 1847 tuorum,
1563 1824 1749 1851 quaecumque
1759 1816 1865 1843 accide-

1075 1860 1141 1885 rent,
1155 1854 1301 1881 fortissimo
1311 1859 1337 1881 et
1347 1854 1465 1880 maximo
1476 1854 1565 1880 animo
1576 1853 1643 1880 ferre
1654 1853 1776 1880 deberes.

1128 1924 1190 1945 xn'.
1206 1924 1224 1944 A
1231 1924 1248 1944 R
1256 1923 1283 1944 G.
1299 1923 1332 1944 De
1342 1923 1427 1948 Ligarii
1437 1923 1580 1944 restitutione
1590 1929 1614 1944 ιε
1622 1929 1669 1944 eum
1680 1923 1774 1943 Caesare
1783 1921 1863 1948 asine.

1077 1961 1131 1981 bene
1139 1965 1228 1986 sperare
1238 1962 1260 1979 et
1269 1958 1333 1979 valde
1342 1958 1421 1978 laetari
1430 1957 1548 1983 signifieat.

1238 1996 1267 2018 (ln
1278 1996 1369 2018 Cum-nn,
1379 1995 1457 2012 Cacum-
1467 1995 1500 2012 ΠΙ,
1512 1995 1586 2018 Lepido
1595 2001 1641 2012 msa.
1651 1994 1706 2017 708.)

1269 2037 1436 2066 CICERO
1463 2036 1666 2064 LIGARIO.

1133 2082 1155 2107 l.
1170 2075 1220 2106 Me
1231 2081 1298 2106 scito
1308 2088 1416 2106 omnem
1427 2078 1553 2110 laborem,
1565 2087 1672 2105 omnem
1682 2087 1799 2114 operam,
1815 2086 1865 2105 cu-

1075 2127 1142 2150 ram,
1154 2117 1276 2144 studium
1288 2118 1314 2143 in
1327 2122 1370 2143 tua
1381 2115 1467 2143 salute
1476 2125 1643 2143 consumere.
1665 2117 1732 2142 Nam
1743 2124 1828 2151 quum
1839 2120 1864 2142 te

1075 2163 1182 2190 semper
1197 2155 1314 2181 maxime
1329 2153 1426 2183 dilexi.
1451 2158 1508 2180 tum
1529 2153 1639 2180 fratrum
1656 2158 1774 2183 tuorum,
1795 2161 1865 2187 quos

1075 2200 1159 2228 aeque
1174 2197 1253 2227 atque
1269 2197 1293 2218 te
1308 2199 1414 2218 summa
1426 2190 1610 2217 benevolentia
1621 2199 1682 2216 sum
1695 2189 1862 2224 complexus,

1075 2228 1222 2265 singularis
1237 2229 1322 2263 pietas
1337 2236 1464 2263 amorque
1480 2227 1611 2254 fraternus
1624 2226 1730 2254 nullum
1741 2235 1783 2253 me
1794 2227 1865 2261 pati-

1075 2272 1118 2294 tur
1128 2266 1211 2293 officii
1221 2274 1284 2302 erga
1297 2270 1322 2292 te
1337 2265 1476 2300 studiique
1491 2273 1591 2291 munus
1605 2269 1651 2291 aut
1665 2269 1772 2298 tempus
1787 2271 1865 2298 prae·-

1075 2304 1230 2330 termittere.
1271 2302 1324 2329 Sed
1339 2310 1408 2338 quae
1424 2301 1519 2328 faciam
1534 2301 1696 2336 fecerimque
1712 2309 1760 2335 pro
1775 2305 1813 2331 te,
1829 2308 1864 2327 ex

1075 2340 1183 2367 illorum
1199 2345 1223 2367 te
1238 2340 1346 2371 litteris,
1364 2347 1446 2374 quam
1460 2347 1494 2365 ex
1509 2339 1589 2369 meiS,
1607 2338 1676 2364 malo
1692 2345 1863 2373 cognoscere.

1075 2377 1146 2410 Quid
1160 2382 1248 2404 autem
1266 2385 1373 2412 sperem
1387 2381 1434 2403 aut
1447 2375 1579 2402 confidam
1593 2380 1618 2401 et
1633 2375 1801 2409 exploratum
1815 2374 1864 2401 ha-

1075 2415 1154 2441 beam
1164 2415 1197 2441 de
1208 2414 1293 2441 salute
1305 2419 1362 2444 tua,
1376 2413 1405 2440 id
1416 2413 1491 2439 tibia
1501 2421 1543 2438 me
1553 2411 1683 2438 declarari
1697 2412 1764 2438 volo.
1795 2412 1864 2438 Nam

1075 2453 1099 2478 si
1118 2452 1181 2487 quis
1196 2457 1236 2478 est
1251 2451 1364 2478 timidus
1379 2451 1407 2477 in
1423 2449 1527 2485 magnis
1540 2449 1756 2484 periculosisque
1770 2448 1861 2479 rebus,

1075 2497 1235 2524 semperque
1254 2489 1341 2524 magis
1361 2487 1487 2513 adversos
1506 2494 1595 2512 rerum
1615 2487 1704 2512 exitus
1729 2490 1860 2516 metuens,
1888 2495 1901 2510 .-

1075 2534 1157 2561 quam
1167 2534 1278 2560 sperans
1287 2524 1428 2555 secundos,
1441 2524 1465 2549 is
1475 2531 1525 2558 ego
1535 2531 1609 2549 sum:
1622 2528 1656 2554 et,
1669 2524 1693 2549 si
1705 2523 1754 2550 hoc
1764 2522 1862 2548 vitium
1892 2526 1893 2530 ¹

1075 2567 1124 2594 est,
1137 2571 1168 2589 eo
1178 2571 1220 2588 me
1231 2571 1283 2589 non
1293 2569 1390 2591 carere,
1403 2559 1538 2586 confiteor.
1577 2562 1602 2586 2.
1623 2560 1679 2595 Ego
1690 2559 1762 2586 idem
1772 2564 1862 2586 tamen

1075 2608 1161 2635 quum
1171 2599 1230 2626 a.d.
1238 2598 1331 2625 v.Kal.
1343 2597 1511 2624 intercalares
1521 2597 1632 2632 priores,
1646 2601 1739 2633 rogatu
1750 2595 1862 2623 fratrum

1076 2642 1196 2668 tuorum,
1213 2637 1349 2663 venissem
1364 2643 1441 2661 mane
1451 2633 1485 2661 ad
1495 2633 1634 2661 Caesarem
1642 2655 1648 2666 ‚
1665 2639 1744 2670 atque
1753 2641 1861 2660 omnem
