1941 3052
225 122 273 145 ⁴³20}
796 120 850 144 ¹02.
883 118 917 144 M.
949 119 979 144 Τ.

225 190 258 215 dn.-
285 189 365 215 relius
389 189 472 220 gestis
493 187 585 213 codem
611 187 735 222 exemplo
755 192 828 222 puto.
870 189 898 214 ln
919 188 1018 214 Cuma-

227 236 290 252 num
310 226 387 252 hodic
401 226 460 251 'nisi
475 224 652 250 tabellarium.
694 226 718 250 Ξ.
735 225 765 251 Ei
777 225 839 250 ‹lu-di
853 230 911 251 tuas
923 225 955 251 ad
969 226 1018 251 Ve-

226 265 352 292 storium,
370 271 437 297 quas
455 262 582 287 Pharum-i
594 261 716 287 dederas.
757 262 934 288 Commodum
949 263 981 288 ad
995 267 1018 289 te

227 301 351 326 miseram
369 300 507 327 Demeam,
525 307 610 332 quum
628 299 692 324 Eros
709 298 740 324 ad
759 308 800 324 mc
813 300 898 329 venit;
931 300 978 325 aed
992 300 1017 326 in

226 339 285 363 cnm
297 336 407 371 epistola
423 335 490 361 nihil
503 340 558 361 erat
570 336 645 365 novi.
664 336 715 361 nisi
728 337 878 362 auctionem
891 336 1016 362 biduum.

227 374 267 400 Ab
283 382 311 398 ea
330 373 424 405 igitur,
444 377 472 398 ut
487 372 598 398 scribis:
622 377 647 398 et
663 373 758 403 velim,
776 373 896 400 confecto
912 375 1018 409 negotio
1039 377 1041 399 ἵ

228 411 386 438 Faberiano:
409 409 868 445 quemquida-ninegatEroshodie.
890 410 1018 437 Crasina-

227 457 257 474 ιιι·
275 452 358 481 putat.
399 446 418 473 Α
437 451 460 472 te
479 446 608 472 colendus
623 452 674 473 est.

227 493 277 510 non
298 484 373 519 longe
385 483 483 510 absunt
496 492 509 509 a
521 483 631 510 scelere.
672 484 721 512 Te,
739 489 766 510 ιιι
778 493 865 519 spero,
879 485 1016 520 perendie.

228 525 252 547 23.
270 521 344 551 Mihi,
358 521 470 547 sicunde
482 525 565 555 potes,
579 529 666 551 eruca,
682 522 729 556 qui
741 521 833 548 decem
843 522 1018 557 legatiMum-

227 559 280 584 mio
300 558 407 584 fuerint.
449 557 577 593 Polybius
596 567 647 584 non
665 559 793 585 nominat.

227 595 353 622 Albinum
384 595 552 621 consularem
582 600 608 622 et
637 595 684 630 Sp.
707 596 879 622 Mummium.
920 597 1018 623 Videor

225 632 334 659 audisse
355 641 388 659 ex
409 633 556 662 lton-tonsio,
574 632 748 659 Tuditanum.
789 633 842 660 Sed
863 635 890 660 in
906 634 1017 661 Libonis

226 670 328 699 annali,
351 678 397 695 xnv
413 670 490 695 annis
506 674 565 704 post
581 674 685 704 praetor
699 674 739 696 est
755 669 840 697 factus
855 671 1014 702 Tuditanus.

225 716 306 742 quum
327 706 420 733 consul
443 707 603 733 Mummius:
637 716 688 734 non
709 716 772 734 sane
787 708 911 743 quadrat.
952 709 1017 735 Volo

225 744 343 779 aliquem
355 744 506 780 Olympiae,
521 749 565 770 aut
578 744 624 770 ubi
633 745 867 777 visummoimmiu
877 745 1015 782 σύλλογον,

226 790 297 808 more
311 781 472 811 Dicaearchi,
487 781 626 808 familiaris
641 783 690 808 tui.

276 859 363 880 ΧΧΧΙ.
387 862 417 883 (lu
429 861 543 882 'l'uuiil-um,
554 862 618 878 (Urrnar

407 915 574 941 CICERO
603 915 774 942 ATTICO
803 916 830 942 S.

283 962 304 986 4.
319 956 424 992 Quinto
436 960 493 987 Kal.
506 969 582 987 mane
594 962 683 996 accepi
695 970 708 987 a
721 962 816 988 Demea
825 961 1017 996 litteraspridie

225 998 309 1025 datas.
322 1006 355 1024 ex
367 998 468 1032 quibus
482 1003 528 1024 aut
540 998 627 1029 hodie,
642 1004 687 1025 aut
697 1007 756 1025 cras
768 1004 792 1025 te
803 1004 958 1033 exspectare
969 998 1018 1025 de·

226 1035 326 1061 berem.
349 1035 409 1063 Sed.
427 1035 569 1069 utopinor,
584 1035 654 1062 idem
666 1044 724 1071 ego,
740 1037 787 1071 qui
803 1040 929 1070 exspecto
940 1041 1016 1062 tuum

225 1072 384 1101 adventum,
403 1073 525 1098 morabor
537 1078 570 1098 te.
611 1073 668 1099 Non
680 1074 752 1099 enim
764 1078 829 1108 puto
841 1078 892 1099 tam
904 1073 1018 1108 expedi-

226 1115 282 1136 tum
295 1109 472 1135 Faberianum
485 1111 621 1143 negotium
634 1109 764 1141 futurum,
778 1111 884 1137 etiamsi
895 1110 1017 1137 estfutu-

225 1155 299 1177 rum,
323 1152 351 1173 ιιι
372 1155 423 1173 non
440 1147 535 1173 habeat
550 1147 654 1182 aliquid
671 1156 770 1174 morae.
810 1148 900 1180 Quum
917 1148 1017 1182 poteris

226 1184 315 1219 igitur.
330 1185 457 1218 quoniam
470 1184 617 1210 etiamdum
629 1184 703 1211 abes.
733 1187 758 1211 Ξ.
771 1185 935 1215 Dicaearchi,
948 1193 1017 1219 quos

224 1221 335 1250 scribis,
355 1221 436 1247 libros
452 1229 515 1247 sane
531 1221 613 1247 velim
625 1222 692 1248 mihi
704 1223 807 1248 mittas:
842 1221 924 1248 addas
936 1223 1016 1248 etiam

224 1258 403 1292 καταβάσεως.
444 1260 468 1284 3.
495 1259 529 1284 De
554 1258 667 1293 epistola
692 1259 725 1285 ad
746 1259 886 1286 Caesarem
907 1261 1015 1295 κέκρικα.

224 1295 310 1329 Atque
322 1295 347 1321 id
360 1295 459 1330 ipsum,
472 1295 544 1330 quod
559 1296 604 1322 isti
616 1297 691 1322 aiunt
701 1296 779 1322 illum
790 1297 918 1327 scribere.
927 1305 965 1327 se,
975 1297 1017 1323 ni-

223 1333 246 1358 si
258 1333 409 1359 constitutis
424 1332 513 1363 rebus,
527 1342 579 1359 non
591 1334 691 1360 iturum
703 1334 730 1360 in
742 1334 864 1365 Parthos;
889 1333 960 1360 idem
967 1342 1017 1369 ego

223 1369 370 1396 suadebam
382 1371 409 1396 in
425 1369 469 1396 illa
481 1369 607 1404 epistola:
625 1371 722 1400 sin—2
741 1376 831 1398 utrum
845 1371 1017 1397 liberetface-

225 1415 250 1432 re
261 1415 352 1441 posse,
371 1412 476 1433 auctore
492 1416 544 1433 me.

224 1444 297 1475 licet,
314 1452 401 1478 neque
412 1449 452 1471 est
464 1444 581 1471 facturus
592 1445 742 1480 quidquam
750 1466 756 1476 ,
769 1446 822 1472 nisi
833 1446 866 1472 de
881 1454 940 1472 meo
951 1454 1016 1472 con-

222 1481 294 1507 silio.
335 1481 462 1511 Obsecro,
474 1481 635 1508 abiiciamus
650 1483 709 1513 ista,
723 1488 749 1509 et
759 1483 908 1510 semiliberi
920 1482 1013 1509 saltem

221 1519 322 1545 simus:
354 1518 426 1553 quod
443 1527 620 1554 assequemur
634 1525 659 1546 et
670 1520 781 1547 tacendo
792 1525 818 1547 et
829 1519 945 1547 latendo.
989 1521 1013 1547 4.

221 1555 275 1582 Sed
291 1560 317 1582 et
331 1555 476 1591 aggredere
488 1556 633 1587 Othonem,
649 1562 679 1584 ut
692 1558 800 1584 scribis.
840 1557 959 1588 Confice,
976 1558 1014 1584 mi

222 1593 320 1623 Attice,
342 1594 420 1619 istam
440 1602 506 1620 rem.
547 1594 621 1620 Nihil
633 1595 705 1621 enim
716 1594 790 1621 aliud
803 1596 916 1630 reperio,
930 1594 978 1621 ubi
989 1599 1015 1621 et

222 1630 249 1656 in
271 1629 326 1657 foro
343 1639 394 1657 non
409 1631 476 1661 sim,
492 1636 518 1658 et
533 1636 622 1658 tecum
632 1640 691 1658 esse
703 1633 815 1667 possim.
855 1632 955 1664 Quanti
965 1640 1015 1658 au-

221 1672 283 1697 tem,
301 1667 350 1694 hoc
361 1668 430 1694 mihi
442 1668 552 1694 venitin
565 1673 691 1695 mentem.
732 1669 761 1696 C.
777 1669 909 1696 Albanius
923 1670 1016 1704 proxi-

622 869 631 877 t
643 862 674 879 ΙΥ.
687 869 724 880 ιω.
736 869 750 880 ι.
762 864 806 880 cult.
819 865 874 885 70⁴³.)

221 1712 282 1731 mus
293 1709 333 1731 est
344 1705 466 1731 vicinus:
493 1706 516 1732 is
529 1714 570 1732 (Ἰ.)
582 1706 707 1742 iugerum
718 1706 751 1733 de
763 1707 798 1733 M.
811 1706 880 1733 Pilio
890 1707 968 1737 emit,
987 1711 1017 1732 ut
1036 1711 1037 1716 ¹

221 1750 280 1767 mea
300 1743 428 1768 memoria
449 1747 498 1773 est,
521 1742 585 1769 }1-S
605 1751 668 1770 cxv.
699 1743 797 1770 Omnia
817 1743 921 1770 scilicet
944 1751 1016 1770 nunc

222 1779 344 1805 minoris.
365 1778 417 1806 Sed
429 1779 532 1806 accedit
541 1780 690 1814 cupiditas:
708 1782 735 1807 in
746 1789 808 1816 qua,
822 1780 1016 1815 praeterOtho-

221 1824 296 1846 neni,
319 1824 371 1843 non
392 1821 457 1850 puto
480 1825 528 1843 nos
548 1817 636 1843 ullum
656 1818 843 1844 adversarium
864 1818 1013 1844 habituros.

220 1853 274 1879 Sed
286 1862 348 1879 eum
364 1854 454 1888 ipsum
470 1858 497 1880 ιιι
509 1855 608 1888 poteris
620 1863 741 1881 movere:
765 1854 872 1882 facilius
883 1855 977 1885 etiam,
991 1855 1014 1881 si

220 1890 325 1916 Kanum
339 1890 460 1917 haberes.
482 1890 504 1917 Ο
514 1891 607 1926 gulam
619 1891 764 1919 insulsam!
783 1893 861 1918 Pudet
871 1901 909 1918 me
917 1895 1012 1925 patris.

220 1927 370 1957 Rescribes,
383 1927 485 1962 siquid
497 1928 581 1954 voles.

275 2004 373 2025 XXXII.
396 2007 426 2028 (lu
437 2007 552 2028 Tusculano,
562 2008 640 2026 Can-saie
651 2008 683 2025 lv.
694 2014 732 2026 ena.
743 2015 758 2026 ⁵.
770 2008 814 2026 enll.
826 2010 882 2029 709.)

405 2050 572 2077 CICERO
602 2050 770 2077 ATTICO
798 2050 826 2077 S.

275 2091 298 2116 l.
311 2085 455 2117 Alterama
468 2095 492 2117 te
503 2091 644 2126 epistolam
658 2091 830 2127 quumhodie
837 2093 1011 2127 accepissem,

220 2126 295 2153 nolui
316 2131 340 2154 te
363 2136 416 2154 una
436 2136 493 2154 mea
515 2133 680 2156 contentum.
721 2129 760 2155 Tu
782 2138 846 2156 vero
860 2139 923 2165 age,
941 2130 1014 2165 quod

219 2164 330 2194 scribis,
350 2164 383 2190 de
400 2165 521 2192 Faberio.
561 2167 590 2192 In
606 2175 636 2192 eo
652 2166 724 2192 enim
740 2171 824 2193 totum
839 2172 880 2193 est
894 2168 1014 2202 positum

220 2200 256 2232 id,
274 2201 347 2236 quod
358 2203 522 2238 cogitamus;
545 2212 614 2238 quae
625 2204 750 2239 cogitatio
761 2205 785 2230 si
796 2213 849 2231 non
861 2204 1011 2236 incidisset,

218 2238 387 2273 (mihicrede
399 2240 477 2271 istuc,
491 2245 519 2267 ut
528 2240 636 2276 cetera,)
647 2249 699 2267 non
712 2240 870 2268 laborarem.
911 2242 1014 2274 Quam—

217 2276 324 2306 obrem,
340 2281 370 2303 ιιι
386 2276 464 2308 facis,
482 2278 562 2312 (istuc
577 2279 651 2304 enim
661 2277 725 2304 addi
736 2278 805 2305 nihil
816 2279 924 2315 potest,)
934 2288 1010 2316 urge,

218 2313 298 2344 insta,
311 2313 419 2348 perfice.
450 2316 476 2341 2.
490 2315 646 2342 Dicaearchi
657 2316 718 2351 περὶ
728 2318 815 2351 ψυχῆς
824 2321 954 2351 utrosque
965 2325 1013 2343 ve-

218 2349 267 2376 lim
278 2351 368 2377 mittas
379 2355 405 2378 et
415 2352 592 2388 καταβάσεως.
633 2353 812 2386 Τριπολιτικόν
825 2362 878 2380 non
890 2354 1009 2385 invenio,

217 2392 243 2413 et
253 2388 393 2422 epistolam
405 2389 473 2420 eius,
486 2398 568 2424 quam
579 2389 613 2416 ad
622 2390 813 2416 Aristoxenum
824 2391 908 2417 misit.
947 2391 1012 2417 Tres

217 2432 262 2450 eos
284 2424 367 2451 libros
382 2427 501 2452 maxime
522 2435 593 2453 nunc
613 2427 725 2458 vellem3
749 2428 803 2461 apti
815 2432 905 2454 essent
923 2428 956 2454 ad
972 2428 1009 2459 id,

218 2461 291 2495 quod
308 2463 405 2497 cogito.
446 2465 470 2489 3.
486 2464 637 2498 Torquatus
649 2464 746 2490 Romae
757 2469 807 2490 est.
829 2465 905 2495 Misi,
921 2470 951 2491 ιιι
961 2465 1011 2491 tibi

218 2498 338 2531 daretur,
372 2499 496 2526 Catulum
516 2505 542 2527 et
561 2500 719 2530 Lucullum,
742 2505 772 2526 ut
792 2502 900 2536 opinor,
923 2507 1009 2528 antea.

218 2534 265 2560 His
282 2534 359 2561 libris
376 2545 444 2562 nova
461 2538 598 2572 prooemia
613 2542 676 2564 sunt
692 2537 792 2568 addita,
806 2539 907 2572 quibus
917 2547 1010 2565 eorum

220 2575 331 2605 uterque
347 2571 479 2600 laudatur.
518 2575 571 2601 Eas
583 2574 683 2601 litteras
694 2574 755 2601 volo
767 2574 880 2608 habeas3
911 2581 937 2602 et
947 2581 1011 2602 sunt

218 2607 351 2642 quaedam
377 2609 438 2636 alia.
478 2611 524 2641 Et,
551 2612 624 2646 quod
647 2611 681 2638 ad
701 2616 726 2637 te
748 2611 781 2637 de
801 2611 894 2638 decem
914 2612 1009 2648 legatis

218 2645 328 2679 scripsi,
350 2653 446 2680 parum
462 2648 631 2681 intellexisti:
658 2648 751 2679 credo,
768 2649 833 2683 quia
844 2649 887 2676 διὰ
896 2651 1009 2684 σημείων

834 560 890 595 Ego
906 561 1018 586 memini
1039 575 1040 579 =

1039 189 1049 218 ιε

1040 238 1041 278 l

717 447 782 473 lstae
797 452 886 473 autem
902 449 1017 474 κολακιίιι
1040 447 1041 454 ’

1013 118 1286 145 (ltcssttsists

1071 189 1240 223 scripseram.
1282 190 1316 215 De
1327 190 1356 215 C.
1370 189 1502 218 Tuditano
1511 192 1584 218 enim
1594 191 1767 227 quaerebam,
1779 201 1860 227 quem

1070 235 1102 252 ex
1126 226 1264 252 llortcnsio
1278 226 1415 253 audieram
1433 227 1516 254 fuisse
1533 229 1558 255 in
1574 228 1681 256 decern.
1704 238 1767 255 eum
1783 229 1861 256 video

1072 263 1098 288 in
1121 262 1231 289 Libonis
1248 269 1394 298 praetorem
1412 264 1438 290 l'.
1453 265 1578 300 Popillio,
1596 266 1623 292 P.
1641 266 1748 301 Rupilio
1763 275 1861 293 consu-

1071 299 1153 325 libus.
1195 301 1280 326 Annis
1306 309 1350 327 xiv
1379 306 1452 332 ante,
1474 311 1555 337 quam
1577 308 1681 337 praetor
1704 303 1789 329 faetus
1810 309 1859 333 est,

1071 336 1174 371 legatus
1194 346 1252 362 ease
1273 337 1422 372 potuisset?
1458 339 1511 365 nisi
1531 339 1675 367 admodum
1701 351 1758 366 arro
1778 350 1861 375 quae-

1070 379 1125 400 stor
1138 379 1178 400 est
1195 374 1293 405 factus:
1320 374 1392 409 quod
1405 384 1456 402 non
1469 376 1591 403 arbitror.
1632 377 1716 403 Video
1727 379 1799 404 enim
1814 387 1861 404 cu-

1071 410 1143 436 rules
1165 412 1338 446 magistratus
1357 420 1420 438 eum
1442 412 1571 448 legitimis
1585 414 1664 440 annia
1680 414 1806 449 perfacile
1818 424 1862 441 ce-

1070 449 1153 482 pisse.
1196 449 1363 475 Postumium
1376 454 1480 480 autem,
1493 451 1572 476 cuiue
1588 455 1702 477 statuam
1719 453 1745 478 in
1762 452 1863 478 lsthmo

1071 486 1227 512 meminisse
1249 491 1272 511 te
1289 485 1372 514 dieis,
1388 487 1413 512 in
1428 487 1461 513 iis
1471 487 1590 513 sciebam
1603 487 1696 514 fuisse.
1737 490 1761 515 la
1772 495 1861 515 autem

1069 528 1122 552 est,
1145 524 1192 557 qui
1209 532 1270 549 curn
1288 523 1400 550 Lucullo
1416 523 1479 552 fuit:
1506 533 1587 559 quem
1605 529 1631 551 tu
1644 525 1859 553 mihinddidisti.

1069 568 1133 586 sane
1144 559 1176 585 ad
1191 559 1267 586 illurn
1282 560 1411 596 σύλλογυν
1422 570 1563 596 personam
1577 562 1710 588 idoneam.
1750 563 1862 590 Videbis

1071 598 1161 633 igitur.
1175 597 1198 623 si
1211 598 1319 632 poteris,
1332 602 1446 630 ceteroa;
1471 603 1500 625 ut
1511 599 1648 634 possimus
1659 601 1862 634 πομποῦσωιαῖ

1068 636 1122 665 τοῖς
1134 634 1287 670 προςώποις.

1123 719 1234 741 xxxut.

1257 722 1286 743 (ln
1297 722 1412 742 Tuxutnno.
1423 722 1501 740 Cae-ne
1512 722 1543 740 lv.
1554 729 1592 741 nn.

1255 782 1424 808 ClCERO
1452 782 1620 809 ATTICO
1650 782 1678 808 S.

1124 828 1147 852 l.
1170 821 1374 863 Negligentiam
1390 828 1498 854 rniram!
1521 827 1645 854 Semelae
1657 833 1735 863 putas
1747 827 1862 854 mihidi-

1069 865 1142 890 xisse
1163 864 1275 891 Balbum
1296 870 1321 891 et
1343 864 1495 895 Faberium,
1517 864 1710 900 professionem
1736 865 1863 892 relatam?

1068 902 1139 933 Quin
1159 902 1238 928 etiam
1259 910 1351 929 eorum
1368 903 1444 928 iussu
1461 903 1601 931 miseram,
1619 903 1666 938 qui
1683 902 1859 937 profiteretur.

1070 939 1105 965 lta
1117 939 1188 965 enim
1200 944 1321 974 oportere
1332 939 1468 966 dicebant.
1499 939 1638 966 Professus
1650 945 1690 966 est
1701 939 1862 966 Philotimus

1071 975 1193 1002 libertus.
1221 977 1295 1003 Nosti
1307 976 1387 1003 credo
1400 976 1550 1003 librarium.
1576 976 1627 1003 Sed
1638 977 1749 1005 scribes,
1763 982 1789 1003 et
1799 978 1862 1012 qui-

1069 1013 1130 1039 dem
1141 1012 1292 1040 confestim.
1332 1015 1358 1040 2.
1375 1013 1415 1040 Ad
1432 1014 1589 1044 Faberium,
1604 1019 1631 1041 ut
1643 1014 1692 1040 tibi
1704 1014 1803 1049 placet.
1819 1014 1862 1040 lit-

1070 1055 1138 1077 teras
1153 1051 1226 1077 misi.
1267 1051 1334 1077 Cum
1346 1050 1428 1077 Balbo
1438 1056 1527 1077 autem
1539 1056 1603 1086 puto
1614 1056 1638 1077 te
1649 1051 1753 1086 aliquid
1765 1051 1861 1077 fecisse

1069 1088 1133 1114 fl-S
1145 1089 1171 1114 in
1184 1088 1324 1123 Capitolio.
1353 1089 1380 1115 ln
1392 1088 1506 1124 Virgilio
1520 1088 1588 1115 mihi
1600 1088 1673 1115 nulla
1684 1094 1723 1114 est
1735 1088 1859 1118 ῦυςωπίιι.

1604 730 1617 739 ..
1629 724 1673 741 mu.
1685 725 1741 745 rua.)

1038 1142 1040 1146 ψ
1069 1125 1123 1151 Nec
1138 1126 1210 1151 enim
1223 1127 1283 1151 eius
1293 1133 1388 1152 caussa
1399 1134 1463 1152 sane
1474 1125 1572 1152 debeo:
1596 1131 1635 1155 et.
1648 1127 1671 1152 si
1683 1134 1779 1154 emero,
1793 1125 1861 1160 quid

1068 1163 1126 1192 erit.
1149 1162 1222 1197 quod
1243 1162 1378 1197 postulet?
1394 1162 1448 1189 Sed
1463 1162 1583 1193 videbis,
1602 1171 1634 1189 ne
1646 1163 1668 1188 is
1683 1171 1767 1197 quum
1784 1164 1818 1189 sit
1834 1163 1859 1188 in

1068 1199 1171 1230 Africa,
1190 1205 1218 1226 ut
1233 1199 1351 1226 Caelius.
1391 1200 1427 1226 De
1443 1200 1550 1226 nomine
1571 1204 1599 1226 tu
1615 1199 1722 1226 videbis
1738 1208 1801 1226 eum
1816 1200 1861 1226 Ci-

1069 1237 1141 1271 spio;
1160 1236 1216 1267 sed,
1230 1238 1253 1263 si
1266 1236 1381 1263 Plancus
1391 1236 1516 1268 destinat,
1530 1242 1587 1263 tum
1599 1236 1679 1263 habet
1689 1245 1731 1263 res
1742 1236 1862 1263 difficul—

1068 1279 1158 1300 tatem.
1199 1274 1235 1300 Te
1260 1274 1293 1300 ad
1319 1282 1361 1300 me
1382 1275 1474 1301 venire
1494 1279 1606 1309 uterque
1628 1279 1749 1301 nostrum
1771 1274 1859 1309 cupit:

1067 1311 1115 1337 sed
1138 1312 1188 1338 ista
1204 1320 1246 1337 res
1262 1311 1337 1338 nullo
1353 1311 1431 1338 modo
1447 1310 1622 1346 relinquenda
1638 1316 1688 1338 est.
1728 1310 1860 1338 Othonem

1069 1348 1142 1383 quod
1161 1356 1253 1383 speras
1268 1357 1347 1384 posse
1364 1349 1450 1379 vinci,
1468 1357 1532 1375 sane
1549 1348 1617 1375 bene
1629 1357 1729 1375 narras.
1770 1349 1862 1375 Deae-

585 1408 638 1434 Hoc
649 1409 721 1434 enim
733 1408 779 1435 ille
790 1413 928 1443 exspectat
939 1408 1016 1434 vide-
1044 1393 1046 1426 {
1067 1386 1233 1416 stimatione,
1251 1391 1280 1412 ιιι
1290 1385 1402 1416 scribis,
1417 1394 1502 1421 quum
1517 1394 1595 1422 agere
1606 1386 1788 1420 coeperimus:
1810 1387 1860 1412 etsi

1068 1423 1135 1449 nihil
1147 1423 1265 1458 scripsit,
1280 1424 1332 1449 uisi
1344 1423 1377 1449 de
1389 1422 1467 1449 modo
1478 1424 1545 1459 agri.
1567 1423 1635 1450 Cum
1647 1423 1752 1453 Pisone,
1764 1422 1861 1458 siquid

1067 1461 1176 1495 poteris.
1217 1460 1371 1487 Dicaearchi
1397 1460 1496 1487 librum
1517 1461 1623 1495 accepi:
1654 1465 1679 1486 et
1693 1459 1862 1495 καταβάσεως

1067 1503 1203 1533 exspecto.
1244 1500 1269 1524 3.
1284 1498 1430 1534 Negotium
1444 1497 1565 1524 dederis:
1600 1498 1714 1532 reperiet
1728 1506 1762 1523 ex
1777 1505 1809 1524 eo
1828 1496 1862 1523 li-

1067 1534 1124 1566 bro,
1150 1535 1177 1561 in
1198 1543 1252 1570 quo
1272 1540 1337 1561 sunt
1350 1540 1459 1562 senatus
1473 1534 1594 1562 consulta
1610 1534 1659 1561 Cn.
1679 1534 1811 1565 Cornelio,
1829 1534 1859 1561 L.

1066 1572 1198 1599 Mummio
1212 1572 1382 1599 consulibus.
1421 1572 1458 1599 De
1471 1572 1604 1599 Tuditano
1614 1577 1713 1602 autem,
1725 1571 1798 1606 quod
1809 1579 1862 1606 pu-

1067 1614 1120 1640 tas,
1137 1609 1248 1646 εὖλογον
1258 1615 1311 1640 est,
1330 1614 1387 1636 tum
1403 1608 1480 1636 illum
1490 1630 1496 1640 ,
1513 1610 1641 1644 quoniam
1657 1608 1707 1635 fuit
1721 1609 1754 1635 ad
1765 1608 1860 1635 Corin-

1066 1646 1152 1677 thum,
1175 1646 1237 1682 (non
1248 1647 1321 1673 enim
1336 1651 1434 1673 temere
1451 1646 1521 1673 dixit
1535 1646 1702 1680 Hortensius)
1717 1651 1762 1672 aut
1776 1653 1861 1680 quae-

1066 1688 1164 1710 storem
1185 1689 1231 1710 aut
1250 1684 1391 1710 tribunum
1411 1682 1543 1713 militum,
1569 1683 1652 1718 idque
1671 1683 1760 1718 potius
1776 1682 1860 1709 fuisse

1066 1721 1156 1747 credo.
1196 1721 1235 1748 Tu
1256 1721 1290 1747 de
1305 1720 1436 1747 Antiocho
1451 1721 1520 1746 seire
1535 1721 1644 1755 poteris.
1686 1719 1752 1746 Vide
1767 1720 1857 1749 etiam.

1067 1766 1122 1793 quo
1137 1766 1207 1784 anno
1221 1763 1347 1793 quaestor
1364 1762 1410 1784 aut
1425 1757 1553 1784 tribunus
1567 1757 1684 1783 militum
1701 1756 1791 1783 fuerit.
1831 1757 1860 1783 Si

1067 1800 1192 1822 neutrum
1202 1795 1329 1830 quadret,
1351 1796 1379 1821 iu
1390 1794 1545 1829 praefectis,
1567 1803 1601 1821 an
1617 1795 1645 1821 in
1659 1794 1860 1821 contubernali-

1069 1833 1121 1859 bus
1145 1831 1239 1863 fuerit,
1262 1832 1341 1859 modo
1362 1831 1443 1858 fuerit
1454 1832 1482 1858 in
1493 1840 1524 1858 eo
1535 1831 1617 1858 bello.
1658 1832 1682 1858 4.
1696 1831 1859 1858 DeVarrone

1067 1869 1256 1905 loquebamur:
1282 1869 1362 1904 lupus
1374 1870 1402 1895 in
1413 1868 1514 1895 fabula.
1553 1869 1632 1895 Venit
1642 1869 1715 1895 enim
1725 1868 1759 1895 ad
1770 1877 1822 1899 me,
1835 1873 1861 1895 et

1066 1907 1177 1942 quidem
1197 1907 1224 1933 id
1247 1907 1390 1941 temporis,
1406 1911 1436 1933 ut
1451 1905 1608 1933 retinendus
1622 1911 1703 1932 esset.
1742 1905 1795 1932 Sed
1810 1914 1860 1941 ego

1066 1945 1102 1971 ita
1117 1945 1175 1980 egi,
1193 1949 1223 1970 ut
1237 1953 1289 1971 non
1305 1943 1458 1970 scinderem
1478 1943 1616 1978 penulam.
1656 1943 1767 1970 Memini
1785 1943 1859 1970 enim

1066 1986 1157 2008 tuum:
1184 1981 1313 2008 »etmulti
1325 1985 1412 2011 erant,
1433 1981 1697 2015 nosqueimparati.u
1735 1979 1860 2012 Quidre-

1067 2018 1134 2045 fert‘?
1144 2018 1245 2045 'Paullo
1256 2023 1316 2053 post
1325 2018 1355 2045 C.
1367 2018 1461 2053 Capito
1471 2026 1533 2044 cum
1545 2018 1574 2044 T.
1591 2017 1737 2044 Carrinate.
1758 2017 1859 2044 Horum

1065 2064 1115 2091 ego
1126 2057 1174 2082 vix
1184 2056 1260 2092 attigi
1272 2054 1413 2091 penulam3
1432 2060 1518 2081 tamen
1531 2059 1731 2081 remanserunt:
1748 2053 1859 2081 cecidit-

1065 2102 1118 2128 que
1137 2093 1216 2119 belle.
1257 2092 1311 2119 Sed
1325 2101 1391 2119 casu
1408 2100 1496 2119 sermo
1511 2101 1525 2119 a
1541 2092 1668 2127 Capitone
1683 2091 1718 2118 de
1728 2091 1799 2118 Urbe
1809 2099 1858 2118 au-

1064 2130 1162 2165 genda.
1184 2131 1205 2156 A
1217 2135 1296 2165 ponte
1307 2129 1410 2157 Mulvio
1420 2129 1540 2156 Tiberim
1551 2129 1615 2156 duci
1625 2128 1775 2156 secundum
1781 2137 1858 2155 mon-

1065 2173 1104 2194 tes
1119 2168 1274 2199 Vaticanos3
1298 2175 1425 2202 campum
1439 2167 1565 2193 Martium
1575 2166 1756 2198 coaedificari;
1779 2165 1856 2192 illum

1065 2210 1154 2231 autem
1165 2213 1292 2239 campum
1303 2205 1463 2231 Vaticanum
1474 2203 1545 2234 fieri⁷
1559 2204 1638 2239 quasi
1647 2203 1773 2230 Martium
1783 2211 1858 2229 cam—

1065 2251 1141 2277 pum.
1181 2241 1253 2274 Quid
1264 2241 1323 2268 ais?
1342 2242 1465 2276 inquam.
1490 2241 1524 2267 At
1533 2249 1583 2277 ego
1593 2240 1628 2267 ad
1641 2240 1769 2269 tabulam,
1783 2245 1820 2270 ut,
1833 2241 1857 2266 si

1065 2284 1135 2306 recte
1145 2280 1264 2314 possim,
1287 2278 1454 2314 Scapulanos
1464 2278 1565 2305 hortos.
1605 2277 1693 2304 »Cave
1708 2276 1799 2307 facias,
1814 2278 1857 2304 in-

1063 2317 1132 2351 quit.
1173 2317 1241 2343 Nam
1256 2317 1306 2343 ista
1323 2315 1367 2342 lex
1381 2315 1539 2350 perferetur.
1579 2314 1642 2341 Vult
1652 2315 1724 2341 enim
1734 2314 1854 2341 Caesen-,u

1063 2353 1165 2380 Audire
1181 2362 1224 2380 me
1240 2353 1318 2380 facile
1333 2361 1431 2387 passus
1446 2361 1522 2385 sum:
1556 2352 1614 2378 fieri
1623 2356 1726 2381 autem,
1744 2350 1855 2378 moleste

1064 2390 1129 2417 sero.
1155 2390 1207 2417 Sed
1219 2396 1246 2417 tu
1257 2390 1325 2426 quid
1338 2389 1396 2416 ais?
1413 2389 1583 2424 Quamquam
1594 2387 1662 2423 quid
1671 2388 1790 2423 quaero?
1803 2389 1856 2415 No-

1063 2429 1098 2454 sti
1110 2427 1280 2463 diligentiam
1290 2427 1429 2462 Capitonis
1440 2428 1467 2453 in
1479 2426 1560 2453 rebus
1571 2426 1648 2452 novis
1653 2425 1853 2460 perquirendis.

1063 2465 1121 2491 Non
1148 2465 1270 2491 concedit
1289 2463 1412 2491 Camillo.
1453 2464 1546 2490 Facies
1561 2471 1604 2489 me
1622 2463 1706 2498 igitur
1714 2464 1854 2490 certiorem

1063 2502 1096 2528 de
1111 2501 1215 2528 Idibus.
1255 2503 1308 2528 Ista
1318 2501 1391 2528 enim
1402 2509 1445 2527 me
1455 2509 1497 2527 res
1509 2499 1669 2526 adducebat.
1709 2500 1747 2526 Eo
1757 2500 1856 2527 adiun-

1063 2547 1154 2565 xeram
1172 2543 1287 2572 ceteras;
1318 2547 1388 2573 quas
1401 2537 1531 2572 consequi
1546 2542 1634 2563 tamen
1650 2536 1733 2562 biduo
1746 2542 1792 2564 aut
1807 2538 1855 2564 tri—

1061 2575 1115 2602 duo
1125 2581 1186 2610 post
1205 2575 1284 2602 facile
1298 2580 1400 2610 potero.
1439 2575 1475 2600 Te
1490 2579 1579 2600 tamen
1594 2574 1621 2600 in
1635 2574 1676 2599 via
1692 2574 1788 2600 confici
1802 2575 1855 2601 mi-

1061 2613 1134 2639 nime
1159 2612 1228 2639 volo.
1267 2612 1339 2645 Quin
1363 2612 1443 2638 etiam
1463 2611 1591 2646 Dionysio
1611 2611 1730 2646 ignosco.
1770 2612 1795 2638 5.
1817 2611 1854 2638 De

1060 2650 1141 2677 Bruto
1149 2649 1223 2685 quod
1232 2649 1344 2681 scribis:
1362 2647 1422 2678 feci.
1437 2653 1465 2675 ut
1476 2648 1501 2675 ei
1513 2647 1627 2675 liberum
1639 2653 1723 2679 esset,
1736 2647 1810 2684 quod
1819 2647 1853 2674 ad
