1941 3052
375 147 422 173 ΙΝ
454 146 654 172 VERREM
686 145 839 172 ACT.11.
875 144 1016 171 LIB.V.
1050 144 1147 170 CAP.

59 219 150 254 piunt:
175 222 259 244 totum
277 217 365 244 forum
383 221 462 252 atque
479 215 610 248 insulam,
630 225 700 252 quae
717 220 758 243 est
775 215 850 242 urbis

59 264 156 292 magna
174 264 247 290 pars,
267 254 410 289 complent.
450 254 535 280 Unam
553 254 627 280 illam
645 254 729 281 solam
748 258 851 280 noctem

59 293 205 328 praedones
219 292 252 318 ad
268 290 414 328 [melorum
427 292 594 322 commorati,
614 300 700 327 quum
719 291 852 317 fumantes

59 331 137 357 etiam
153 334 256 356 nostras
274 337 355 356 naves
373 329 558 364 reliquissent,
579 329 702 355 accedere
720 329 853 363 incipiunt

59 368 213 403 Syracusas.
253 365 305 398 Qui
319 366 444 392 videlicet
456 375 536 401 saepe
549 366 695 397 audissent,
712 366 779 392 nihil
793 374 853 392 esse

59 404 209 440 pulchrius,
225 412 306 439 quam
317 403 509 439 Syracusarum
521 405 625 430 moenia
638 413 668 430 ac
681 408 783 438 portus.
799 407 853 429 sta-

60 446 176 472 tuerant,
201 449 274 472 sese,
299 441 322 467 si
343 449 372 467 ea
391 441 471 468 Verre
493 445 612 475 praetore
635 450 687 468 non
709 440 850 471 vidissent,

60 487 209 514 numquam
223 487 282 505 esse
296 478 412 505 visuros.
451 478 587 505 XXXVII.
607 480 649 505 96.
669 478 707 505 Ac
720 479 807 512 primo
820 477 853 503 ad

59 516 106 544 illa
119 516 220 543 aestiva
234 516 362 550 praetoris
373 515 510 546 accedunt,
527 516 612 550 ipsam
623 515 697 542 illam
707 515 740 541 ad
751 519 853 549 partem

60 554 170 584 littoris,
194 553 240 580 ubi
255 553 306 580 iste
319 561 366 588 per
378 561 424 580 eos
437 553 495 580 dies
509 552 686 580 tabernaculis
701 552 796 587 positis
810 560 854 578 ca-

60 596 114 618 stra
132 591 255 618 luxuriae
272 590 420 618 collocarat.
460 589 545 622 Quem
560 594 732 625 posteaquam
746 590 852 616 inanem

62 628 149 656 locum
167 627 346 659 offenderunt,
371 632 396 655 et
412 632 560 662 praetorem
577 627 754 654 commovisse
772 635 806 652 ex
823 634 854 652 eo

61 666 118 693 loco
131 670 215 692 castra
229 669 384 692 senserunt:
412 665 501 691 statim
520 665 577 691 sine
595 664 651 691 ullo
663 668 737 691 metu
750 664 778 690 in
793 672 854 698 por-

61 708 118 730 tum
137 703 227 738 ipsum
245 707 382 738 penetrare
399 706 551 736 coeperunt.
591 700 680 734 Quum
699 701 726 728 in
747 706 853 736 portum

61 740 132 771 dico,
157 740 274 771 iudices,
299 739 506 775 (explanandum
529 743 569 766 est
590 739 662 766 enim
683 738 851 775 diligentius,

61 786 153 805 eorum
171 786 279 808 caussa,
299 777 346 812 qui
365 776 452 803 locum
471 776 618 812 ignorant,)
636 777 663 803 in
683 776 776 803 urbem
795 776 854 802 dico

61 820 142 850 atque
155 815 182 841 in
196 815 272 841 urbis
285 814 407 840 intimam
421 819 523 848 partem
537 814 643 840 venisse
657 814 766 848 piratas.
796 813 854 840 Non

61 853 133 879 enim
146 856 225 887 portu
238 851 307 878 illud
320 851 450 886 oppidum
463 851 606 882 clauditur,
622 851 670 878 sed
684 851 750 878 urbe
761 855 854 886 portus

61 890 118 924 ipse
131 889 248 925 cingitur
261 893 287 915 et
299 888 481 916 concluditur:
501 898 554 915 non
568 893 598 915 ut
611 888 746 915 alluantur
759 897 773 914 a
787 888 855 915 mari

61 926 164 953 moenia
179 931 305 957 extrema,
321 926 369 953 sed
383 927 441 961 ipse
454 925 548 952 influat
561 927 588 952 in
603 926 678 953 urbis
692 927 783 952 sinum
794 934 856 960 por-

60 968 114 990 tus.
155 964 207 1000 97„
219 963 279 995 Hic,
296 968 320 990 te
334 968 466 998 praetore,
482 963 607 991 Heracleo
620 963 779 998 archipirata
792 972 854 989 cum

59 1005 186 1036 quattuor
206 1001 416 1037 myoparonibus
437 1001 526 1036 parvis
549 1001 582 1027 ad
608 1001 747 1028 arbitrium
774 1009 855 1027 suum

61 1039 205 1074 navigavit.
242 1039 305 1070 Pro,
325 1038 363 1065 dii
376 1038 555 1065 immortales!
575 1039 703 1073 piraticus
718 1046 853 1074 myoparo,

59 1084 145 1111 quum
159 1076 303 1111 imperium
317 1076 410 1111 populi
424 1076 544 1107 Romani,
561 1085 658 1103 nomen
671 1085 700 1102 ac
714 1075 799 1102 fasces
813 1084 857 1101 es-
876 1065 879 1103 i

60 1118 120 1140 sent
132 1113 284 1149 Syracusis,
309 1122 397 1148 usque
414 1113 447 1139 ad
465 1113 553 1140 forum
571 1118 596 1140 et
613 1113 646 1140 ad
664 1121 756 1140 omnes
780 1113 855 1139 urbis
877 1117 879 1139 1

60 1151 212 1186 crepidines
222 1151 345 1184 accessit;
362 1159 416 1186 quo
426 1159 512 1186 neque
523 1151 788 1187 Karthaginiensium
798 1150 856 1186 glo-

60 1188 224 1216 riosissimae
242 1188 355 1220 classes,
376 1197 462 1223 quum
480 1189 547 1214 mari
561 1188 709 1223 plurimum
724 1192 853 1223 poterant,

60 1225 154 1252 multis
167 1225 246 1252 bellis
261 1234 340 1260 saepe
354 1230 470 1257 conatae,
487 1234 616 1261 umquam
631 1226 749 1261 aspirare
763 1230 857 1260 potue-

61 1267 132 1294 runt,
148 1271 236 1298 neque
249 1263 343 1298 populi
356 1264 468 1290 Romani
482 1263 581 1290 invicta
594 1268 654 1290 ante
668 1267 693 1289 te
707 1267 855 1297 praetorem

61 1299 144 1336 gloria
158 1299 202 1326 illa
218 1300 320 1326 navalis
334 1308 464 1336 umquam
481 1305 517 1327 tot
531 1300 640 1327 Punicis
652 1300 857 1327 Siciliensibus-

61 1346 114 1373 que
132 1337 211 1364 bellis
230 1342 367 1372 penetrare
385 1338 484 1372 potuit;
503 1338 551 1372 qui
561 1335 644 1364 'locus
658 1337 791 1364 eiusmodi
806 1342 854 1368 est,

61 1380 91 1402 ut
104 1379 164 1401 ante
178 1374 340 1411 Syracusani
353 1375 381 1402 in
396 1375 537 1402 moenibus
550 1376 618 1406 suis,
634 1375 661 1402 in
672 1375 747 1406 urbe,
763 1375 790 1402 in
802 1374 858 1402 foro

62 1412 166 1439 hostem
180 1416 312 1438 armatum
326 1421 356 1438 ac
369 1412 510 1443 victorem,
530 1421 612 1447 quam
630 1413 657 1439 in
676 1417 754 1447 portu
773 1412 857 1439 ullam

61 1449 180 1477 hostium
194 1458 291 1476 navem
304 1449 430 1476 viderint.
463 1451 505 1476 98.
525 1450 581 1481 Hic,
597 1454 623 1476 te
636 1454 765 1484 praetore,
781 1458 858 1485 prae-

60 1487 162 1514 donum
177 1486 316 1514 naviculae
329 1491 487 1523 pervagatae
500 1492 572 1518 sunt,
588 1496 641 1522 quo
651 1487 857 1514 Atheniensium

61 1524 156 1551 classis
170 1524 226 1551 sola
240 1529 300 1559 post
313 1524 454 1551 hominum
468 1525 623 1552 memoriam
638 1533 686 1551 ccc
700 1525 815 1551 navibus
832 1525 857 1551 vi

61 1571 91 1588 ac
109 1561 282 1588 multitudine
299 1562 411 1588 invasit:
435 1571 505 1598 quae
521 1562 550 1588 in
567 1570 598 1589 eo
615 1562 675 1597 ipso
693 1567 784 1597 portu,
807 1561 857 1589 loci

62 1599 149 1634 ipsius
167 1603 314 1634 portusque
332 1603 440 1631 natura,
466 1600 535 1626 victa
557 1604 637 1635 atque
659 1604 783 1634 superata
805 1604 855 1626 est.

61 1637 109 1663 llic
122 1637 241 1671 primum
255 1645 319 1671 opes
334 1636 409 1663 illius
423 1637 540 1664 civitatis
554 1637 733 1664 comminutae
747 1637 858 1671 depres-

61 1682 160 1709 saeque
177 1678 255 1700 sunt:
280 1674 308 1701 in
322 1673 372 1700 hoc
385 1678 463 1709 portu
477 1674 683 1701 Atheniensium
698 1674 854 1706 nobilitatis,

61 1711 177 1746 imperii,
191 1711 292 1747 gloriae
306 1711 476 1748 naufragium
491 1711 590 1739 factum
603 1712 781 1739 existimatur.

116 1748 261 1776 xxxvtu.
281 1748 353 1776 Eone
366 1750 451 1784 pirata
464 1750 626 1784 penetravit,
646 1758 700 1785 quo
718 1749 800 1776 simul
818 1754 859 1776 at-

61 1794 115 1822 que
128 1785 238 1817 adisset,
253 1794 305 1813 uon
319 1786 399 1813 modo
412 1795 426 1813 a
441 1786 530 1818 latere,
547 1787 595 1814 sed
605 1787 684 1814 etiam
694 1795 708 1813 a
719 1792 793 1823 tergo
801 1795 858 1813 ma-

61 1831 141 1860 gnam
156 1828 258 1858 partem
272 1823 348 1851 urbis
362 1824 543 1859 relinqueret?
556 1824 674 1852 Insulam
689 1829 769 1851 totam
782 1833 859 1859 prae-

62 1865 195 1888 tervectus
209 1865 258 1892 est,
273 1869 342 1896 quae
355 1866 396 1888 est
410 1862 474 1888 urbs
489 1861 630 1898 Syracusis
644 1871 694 1889 suo
708 1862 814 1889 nomine
828 1870 858 1888 ac

62 1898 217 1925 moenibus:
233 1907 288 1933 quo
301 1899 328 1925 in
343 1898 400 1926 loco
413 1900 526 1926 maiores
539 1899 580 1935 (ut
592 1903 652 1926 ante
666 1899 733 1935 dixi)
743 1899 858 1935 Syracu-

63 1943 159 1962 sanum
173 1935 292 1962 habitare
306 1940 462 1970 vetuerunt;
490 1937 576 1972 quod,
596 1937 643 1972 qui
661 1936 736 1964 illam
755 1941 857 1971 partem

62 1972 138 1999 urbis
153 1977 280 2004 tenerent,
295 1973 324 2000 in
337 1982 429 2000 eorum
443 1978 600 2009 potestatem
615 1978 721 2009 portum
736 1974 858 2001 futurum

62 2009 257 2046 intelligebant.
279 2011 321 2037 99.
336 2011 370 2038 At
383 2011 611 2046 quemadmodum
625 2016 667 2038 est
680 2011 859 2047 pervagatus?

63 2046 166 2074 radices
180 2046 329 2082 palmarum
344 2048 499 2084 agrestium,
514 2057 582 2084 quas
596 2049 624 2075 in
635 2049 732 2076 nostris
743 2049 858 2076 navibus

63 2085 233 2115 invenerant,
253 2085 397 2116 iactabant,
419 2090 449 2112 ut
461 2094 554 2112 omnes
568 2086 647 2112 istius
662 2086 857 2120 improbitatem

63 2126 89 2148 et
102 2120 278 2148 calamitatem
290 2121 396 2149 Siciliae
406 2127 516 2157 possent
528 2131 696 2158 cognoscere.
718 2123 858 2150 Siculosne

63 2158 182 2185 milites?
203 2163 370 2186 aratorumne
386 2159 500 2186 liberos?
523 2169 638 2195 quorum
654 2165 741 2195 patres
756 2165 858 2187 tantum

64 2195 153 2223 labore
166 2205 216 2223 suo
230 2196 357 2223 frumenti
371 2197 522 2228 exarabant,
539 2202 568 2224 ut
579 2197 678 2232 populo
688 2198 806 2224 Romano
821 2202 859 2225 to-

65 2233 138 2269 tique
151 2233 241 2260 ltaliae
255 2234 427 2268 suppeditare
441 2239 558 2269 possent.
574 2243 654 2262 eosne
668 2235 694 2262 in
708 2235 798 2262 insula
811 2235 860 2262 ee-

65 2271 130 2297 reris
146 2275 233 2302 natos,
254 2271 301 2298 ubi
316 2271 432 2306 primum
448 2271 539 2308 fruges
553 2272 676 2299 inventae
691 2281 750 2299 esse
763 2272 860 2299 dicun-

65 2312 120 2339 tur,
140 2316 171 2335 eo
183 2308 244 2335 cibo
257 2317 316 2335 esse
331 2317 406 2339 usos,
427 2318 441 2335 a
459 2317 513 2344 quo
527 2310 640 2336 maiores
653 2318 745 2337 eorum
759 2314 859 2336 ceteros

64 2353 181 2380 quoque,
198 2345 322 2382 frugibus
337 2346 463 2377 inventis,
479 2346 666 2373 removerunt?
691 2347 727 2373 Te
741 2352 859 2382 praetore

65 2381 148 2410 Siculi
164 2383 262 2410 milites
276 2383 426 2418 palmarum
440 2384 584 2418 stirpibus,
610 2383 756 2418 praedones
769 2384 860 2411 Siculo

67 2418 199 2447 frumento
215 2420 373 2448 alebantur?
406 2422 462 2447 100.
487 2421 509 2447 Ο
527 2421 710 2455 spectaculum
730 2422 858 2448 miserum

65 2460 145 2492 alque
154 2457 294 2485 acerbum!
310 2457 427 2485 ludibrio
439 2466 498 2484 esse
513 2459 588 2484 urbis
601 2458 713 2494 gloriam
727 2463 753 2485 et
767 2458 859 2493 populi

66 2493 175 2521 Romani
189 2496 299 2522 nomenl
315 2495 455 2522 hominum
468 2500 600 2522 conventu
615 2500 694 2530 atqua
708 2495 860 2522 multitudi-

67 2538 99 2558 ne
116 2531 227 2566 piratico
241 2541 401 2568 myoparone
414 2533 441 2559 in
456 2538 533 2568 portu
547 2533 716 2569 Syracusano
728 2532 761 2559 de
774 2533 860 2559 classe

67 2567 159 2603 populi
184 2569 295 2597 Romani
322 2570 490 2605 triumphum
517 2579 594 2606 agere
620 2571 746 2606 piratam;
773 2578 858 2605 quum

67 2606 194 2640 praetoris
216 2607 378 2642 nequissimi
400 2608 612 2643 inertissimique
633 2607 725 2635 oculos
748 2606 860 2642 praedo—

68 2650 132 2669 num
145 2644 212 2670 remi
225 2645 422 2681 respergerentl

123 2680 297 2717 Posteaquam
311 2690 325 2708 e
339 2686 415 2717 portu
430 2683 529 2718 piratae
544 2691 594 2709 non
610 2686 683 2709 metu
697 2681 787 2717 aliquo
797 2681 860 2708 affe-

1183 146 1214 170 33
1234 159 1271 164 ·—-
1292 145 1332 170 40.
1645 145 1692 170 339

901 215 950 245 cti,
971 214 1018 241 sed
1036 215 1155 241 satietate
1172 215 1302 247 exierant3
1329 219 1386 241 tum
1403 219 1547 250 coeperunt
1567 223 1694 250 quaerere

903 252 1025 278 homines
1047 261 1168 278 caussam
1191 252 1265 278 illius
1289 257 1375 278 tantae
1397 252 1564 278 calamitatis.
1603 253 1695 279 Dicere

903 298 995 316 omnes
1009 294 1035 315 et
1048 289 1136 324 palam
1154 289 1304 324 disputare,
1325 290 1435 316 minime
1453 298 1512 316 esse
1530 289 1692 320 mirandum,

903 327 936 358 si,
951 326 1084 353 militibus
1098 327 1301 363 remigibusque
1314 326 1442 358 dimissis,
1459 327 1570 362 reliquis
1580 331 1696 362 egestate

903 369 929 390 et
947 363 1015 390 fame
1034 364 1158 399 perditis,
1183 369 1301 399 praetore
1319 369 1356 391 tot
1373 364 1430 390 dies
1448 373 1510 390 cum
1528 363 1695 390 mulierculis

904 406 1070 436 perpotante,
1090 406 1161 428 tanta
1179 402 1325 436 ignominia
1343 406 1368 428 et
1385 401 1520 428 calamitas
1539 406 1609 428 esset
1623 409 1698 427 acce-

904 443 957 473 pta.
999 441 1057 465 lOl.
1077 439 1145 465 Haec
1163 443 1251 465 autem
1269 439 1348 465 istius
1362 439 1522 473 vituperatio
1535 443 1614 474 atque
1627 438 1697 464 infa-

904 476 957 502 mia
970 476 1175 502 confirmabatur
1189 485 1280 502 eorum
1295 485 1428 507 sermone,
1444 477 1492 511 qui
1505 485 1519 502 a
1533 477 1590 502 suis
1603 476 1697 502 civita-

905 513 977 539 tibus
991 513 1045 539 illis
1060 513 1174 540 navibus
1188 514 1331 548 praepositi
1346 513 1462 546 fuerant3
1478 514 1526 549 qui
1540 522 1573 539 ex
1586 513 1633 540 illo
1646 522 1698 539 nu-

904 559 978 577 mero
1003 550 1100 586 reliqui
1128 550 1274 586 Syracusas
1299 550 1384 577 classe
1410 551 1508 577 amissa
1534 550 1695 585 refugerant.

904 588 1039 619 Dicebant,
1055 596 1124 623 quos
1137 596 1171 614 ex
1184 596 1232 614 sua
1246 588 1363 623 quisque
1377 597 1444 614 nave
1458 589 1554 614 missos
1565 589 1645 614 sciret
1654 596 1698 614 es-

905 634 943 651 se.
983 626 1035 651 Res
1053 629 1107 651 erat
1124 624 1207 651 clara:
1232 633 1319 659 neque
1337 625 1425 651 solum
1448 627 1625 661 argumentis,
1650 624 1697 651 sed

905 663 984 689 etiam
999 663 1077 688 certis
1092 662 1205 689 testibus
1219 663 1298 688 istius
1313 662 1422 689 audacia
1436 663 1584 688 tenebatur.

960 699 1087 726 xxxix.
1103 700 1186 726 Homo
1199 700 1294 726 certior
1309 699 1345 730 fit,
1362 700 1404 735 agi
1419 700 1485 726 nihil
1497 700 1523 726 in
1536 699 1590 726 foro
1600 704 1625 726 et
1636 708 1699 726 con-

907 741 987 763 ventu
1001 741 1052 763 tota
1066 736 1123 768 die,
1139 737 1191 763 nisi
1205 737 1255 763 hoc
1268 738 1360 772 quaeri
1374 746 1388 763 a
1403 737 1552 767 navarchis,
1568 736 1699 771 quemad-

905 774 1015 800 modum
1028 773 1123 800 classis
1137 775 1172 800 sit
1184 775 1296 801 amissa:
1317 774 1377 801 illos
1395 774 1553 808 respondere
1567 779 1592 800 et
1605 774 1699 800 docere

907 820 990 838 unum
1008 820 1156 846 quemque,
1177 812 1306 839 missione
1323 812 1470 847 remigum,
1494 811 1563 837 fame
1582 811 1700 846 reliquo-

905 858 978 880 rum,
1003 848 1153 875 Cleomenis
1171 850 1264 875 timore
1282 854 1308 875 et
1325 849 1396 885 fuga.
1435 848 1511 881 Quod
1526 853 1700 883 posteaquam

906 887 954 913 iste
968 887 1103 922 cognovit,
1118 886 1187 913 hanc
1200 887 1328 913 rationem
1343 887 1439 912 habere
1453 887 1548 920 coepit.
1571 885 1699 912 Caussam

906 924 959 950 sibi
973 923 1112 950 dicendam
1127 932 1186 950 esse
1198 929 1326 951 statuerat
1340 924 1393 950 iam
1407 928 1475 954 ante,
1492 932 1573 958 quam
1588 923 1637 950 hoc
1647 931 1700 949 usu

906 962 1022 992 veniret,
1043 962 1078 987 ita
1099 966 1127 988 ut
1144 962 1234 996 ipsum
1253 962 1340 996 priore
1358 962 1460 988 actione
1473 960 1561 987 dicere
1575 960 1698 986 audistis.

906 999 1032 1030 Videbat,
1048 998 1104 1025 illis
1118 999 1259 1026 navarchis
1274 999 1401 1030 testibus,
1418 1003 1521 1024 tantum
1537 998 1585 1024 hoc
1599 998 1701 1024 crimen

907 1037 1039 1063 sustinere
1053 1045 1082 1063 se
1095 1036 1170 1063 nullo
1184 1036 1263 1063 modo
1277 1045 1365 1071 posse.
1400 1035 1547 1062 Consilium
1563 1036 1631 1070 capit
1646 1035 1702 1070 pri-

907 1082 950 1101 mo
963 1073 1086 1105 stultum,
1103 1078 1286 1100 verumtamen
1299 1073 1427 1100 clemens.
1461 1072 1613 1099 Navarchos
1627 1072 1659 1098 ad
1672 1080 1703 1098 se

908 1112 995 1138 vocari
1009 1111 1093 1138 iubet.
1128 1113 1183 1138 102.
1198 1112 1324 1138 Veniunt.
1346 1111 1460 1137 Accusat
1473 1119 1526 1141 eos,
1543 1109 1615 1145 quod
1629 1110 1703 1136 eius-

907 1149 980 1176 modi
994 1148 1026 1175 de
1040 1157 1069 1175 se
1087 1157 1223 1175 sermones
1242 1148 1398 1175 habuerint:
1417 1152 1504 1184 rogat,
1526 1152 1555 1174 ut
1573 1147 1600 1173 id
1619 1146 1703 1173 facere

907 1186 1037 1213 desistant
1054 1190 1079 1212 et
1098 1187 1126 1213 in
1144 1195 1193 1213 sua
1206 1186 1323 1221 quisquc
1338 1186 1399 1212 navi
1414 1185 1483 1212 dicat
1496 1194 1524 1211 se
1539 1189 1640 1211 tantum
1655 1184 1703 1210 ha-

907 1224 1001 1250 buisse
1015 1227 1170 1255 nautarum,
1186 1229 1317 1259 quantum
1331 1224 1490 1258 oportuerit,
1506 1231 1594 1257 neque
1607 1230 1703 1257 quem-

907 1270 989 1297 quam
1007 1270 1066 1288 esse
1084 1261 1239 1288 dimissum.
1279 1261 1321 1288 Illi
1343 1262 1479 1287 enimvero
1497 1269 1525 1286 se
1547 1259 1700 1289 ostendunt,

908 1299 980 1334 quod
995 1298 1084 1330 vellet,
1101 1307 1160 1325 esse
1174 1298 1299 1325 facturos.
1321 1299 1372 1325 Iste
1387 1306 1438 1324 non
1453 1298 1639 1333 procrastinat:
1656 1296 1704 1322 ad-

909 1341 984 1363 vocat
997 1337 1096 1363 amicos
1110 1337 1214 1363 statim:
1234 1337 1339 1371 quaerit
1351 1344 1385 1362 ex
1397 1335 1441 1362 his
1455 1335 1622 1371 singillatim,
1638 1338 1704 1369 quot

908 1374 1025 1409 quisque
1044 1378 1137 1400 nautas
1156 1374 1288 1400 hahuerit.
1330 1372 1476 1408 Respondit
1491 1381 1560 1398 unus
1575 1373 1700 1406 quisque,

910 1416 938 1438 ut
952 1417 1007 1438 erat
1021 1415 1202 1446 praeceptum.
1242 1412 1294 1438 Iste
1308 1411 1335 1437 in
1349 1410 1454 1437 tabulas
1469 1409 1562 1436 refert:
1578 1409 1704 1444 obsignat

908 1449 994 1485 signis
1008 1449 1154 1476 amicorum
1169 1448 1313 1483 providens
1331 1448 1423 1479 homo,
1444 1452 1472 1474 ut
1485 1452 1575 1474 contra
1590 1446 1638 1473 hoc
1651 1447 1704 1472 cri-

909 1495 983 1517 men,
1000 1487 1023 1513 si
1037 1486 1144 1521 quando
1157 1494 1226 1520 opus
1241 1490 1324 1517 esset,
1340 1485 1389 1512 hac
1403 1485 1528 1512 videlicet
1542 1484 1703 1510 testificatio-

909 1532 941 1550 ne
956 1528 1082 1550 uteretur.
1106 1525 1162 1550 103.
1176 1524 1297 1549 Derisum
1308 1522 1386 1549 credo
1397 1531 1455 1549 esse
1466 1522 1600 1549 hominem
1613 1529 1704 1547 amen-

909 1566 961 1588 tem
976 1570 990 1587 a
1003 1561 1062 1588 suis
1075 1561 1235 1587 consiliariis
1250 1565 1275 1587 et
1292 1560 1472 1591 admonitum,
1496 1559 1575 1586 hasce
1589 1559 1613 1585 ei
1627 1558 1704 1584 tabu-

910 1598 948 1625 las
966 1598 1034 1625 nihil
1053 1598 1220 1633 profuturas:
1244 1599 1323 1624 etiam
1342 1598 1404 1633 plus
1423 1606 1457 1624 ex
1475 1597 1556 1623 nimia
1576 1596 1704 1631 praetoris

908 1636 1047 1672 diligentia
1066 1636 1229 1670 suspicionis
1247 1636 1275 1662 in
1294 1644 1325 1662 eo
1341 1636 1453 1662 crimine
1477 1634 1608 1660 futurum.
1650 1634 1704 1659 lam

909 1674 959 1700 iste
972 1677 1028 1700 erat
1042 1673 1090 1700 hac
1103 1673 1217 1700 stultitia
1232 1672 1324 1699 multis
1339 1673 1366 1699 in
1381 1672 1461 1698 rebus
1476 1680 1554 1702 usus,
1573 1675 1600 1697 ut
1615 1670 1705 1705 publi-

908 1719 938 1738 ce
951 1719 1069 1746 quoque,
1085 1719 1154 1745 quae
1169 1710 1258 1742 vellet,
1274 1711 1302 1737 in
1315 1710 1454 1736 civitatum
1471 1708 1564 1735 litteris
1578 1713 1603 1734 et
1613 1707 1668 1734 tolli
1679 1712 1704 1733 et

909 1748 1000 1775 referri
1019 1748 1137 1775 iuberet:
1156 1756 1225 1783 quae
1239 1748 1328 1775 omnia
1344 1756 1414 1774 nunc
1428 1746 1555 1781 intelligit
1569 1745 1621 1771 sibi
1637 1745 1703 1771 nihil

909 1786 1045 1821 prodesse,
1061 1790 1235 1821 posteaquam
1249 1786 1328 1812 certis
1344 1784 1446 1815 litteris,
1464 1784 1577 1810 testibus
1591 1783 1706 1809 auctori-

910 1823 1064 1858 tatibusque
1078 1824 1256 1850 convincitur.
1297 1822 1354 1849 XL.
1370 1822 1421 1849 Ubi
1436 1821 1485 1848 hoc
1499 1821 1580 1851 videt,
1597 1820 1704 1846 illorum

909 1861 1114 1892 confessionem,
1130 1860 1342 1887 testificationem
1354 1868 1441 1890 suam,
1458 1858 1562 1885 tabulas
1576 1857 1628 1884 sibi
1645 1856 1706 1883 nul-

910 1898 935 1926 lo
954 1898 1110 1925 adiumento
1128 1898 1246 1925 futuras:
1270 1898 1320 1924 init
1337 1896 1494 1927 consilium,
1519 1904 1571 1922 non
1590 1894 1705 1929 improbi

910 1936 1050 1971 praetoris,
1070 1936 1142 1971 (nam
1160 1936 1187 1962 id
1201 1935 1312 1970 quidem
1327 1939 1397 1962 esset
1411 1932 1572 1967 ferendum,)
1589 1932 1635 1958 sed
1655 1932 1706 1958 im-

909 1974 1016 2009 portuni
1030 1978 1110 2009 atque
1124 1973 1237 2000 amentis
1252 1973 1367 2009 tyranni.
1390 1971 1495 2002 Statuit,
1511 1971 1535 1996 si
1546 1970 1595 1996 hoc
1605 1969 1705 1996 crimen

909 2016 1053 2039 extenuare
1071 2010 1164 2042 vellet,
1184 2010 1256 2046 (narn
1274 2010 1384 2037 omnino
1401 2008 1457 2036 tolli
1476 2016 1554 2043 posse
1569 2016 1620 2033 non
1635 2006 1706 2032 arbi-

910 2048 1050 2083 trabatur.)
1067 2048 1214 2075 navarchos
1229 2055 1335 2078 omnes,
1356 2051 1436 2073 testes
1451 2046 1494 2071 sui
1509 2044 1630 2074 sceleris,
1652 2044 1704 2069 vita

910 2094 970 2112 esse
981 2085 1134 2120 privandos.
1158 2086 1215 2111 tot.
1228 2084 1389 2111 Occurrebat
1399 2083 1444 2109 illa
1459 2083 1537 2108 ratio:
1553 2081 1620 2117 quid
1631 2081 1706 2108 Cleo-

910 2131 987 2150 mene
1001 2122 1062 2149 net?
1080 2126 1204 2157 poterone
1218 2121 1429 2148 animadvertere
1443 2120 1470 2146 in
1485 2128 1538 2150 eos,
1554 2127 1622 2154 quos
1636 2118 1706 2144 dicto

909 2160 1049 2187 audientes
1063 2168 1122 2186 esse
1135 2158 1223 2186 iussi‘?
1249 2160 1364 2185 missum
1380 2157 1464 2184 facere
1478 2165 1553 2187 eum.
1573 2157 1616 2182 cui
1631 2160 1705 2190 pote·

909 2202 1004 2224 statem
1023 2197 1222 2232 imperiumque
1240 2194 1370 2231 permisi?
1396 2200 1520 2230 poterone
1538 2202 1582 2220 eos
1601 2193 1705 2219 afficere

910 2234 1058 2269 supplicio,
1086 2234 1134 2269 qui
1157 2233 1327 2260 Cleomenem
1353 2233 1438 2259 secuti
1463 2236 1539 2258 sunt:
1569 2231 1705 2266 ignoscere

911 2271 1060 2301 Cleomeni,
1085 2271 1133 2306 qui
1151 2279 1243 2297 secum
1263 2270 1355 2306 fugere
1373 2274 1398 2296 et
1415 2277 1444 2295 se
1461 2269 1589 2302 consequi
1610 2265 1706 2293 iussit‘?

911 2313 1035 2343 poterone
1050 2308 1077 2334 in
1091 2316 1136 2334 eos
1149 2316 1209 2334 esse
1224 2307 1382 2337 vehemens,
1402 2307 1450 2341 qui
1465 2314 1545 2332 nares
1561 2314 1611 2331 non
1627 2303 1705 2330 modo

911 2348 1003 2374 inanes
1019 2344 1182 2376 babuerunt.
1202 2344 1250 2371 sed
1268 2345 1348 2371 etiam
1363 2348 1479 2378 apertas:
1500 2343 1526 2368 in
1541 2351 1602 2368 eum
1617 2341 1705 2368 ‹lisso—

912 2383 994 2413 tutus.
1010 2382 1057 2417 qui
1071 2381 1146 2408 solus
1161 2382 1285 2408 habuerit
1297 2386 1455 2408 constratam
1471 2388 1564 2406 navem
1579 2383 1604 2405 et
1614 2379 1704 2404 minus

911 2418 1092 2446 exinanitam?
1110 2419 1200 2445 Pereat
1214 2418 1370 2446 Cleomenes
1385 2426 1445 2444 una.
1487 2417 1535 2443 Ubi
1551 2415 1635 2442 tides?
1658 2416 1703 2441 ubi

911 2456 1122 2483 exsecrationes?
1142 2456 1188 2483 ubi
1203 2455 1310 2482 dextrae
1323 2453 1554 2490 complexusque?
1576 2453 1621 2479 ubi
1637 2452 1704 2479 illud

910 2494 1116 2521 contubernium
1132 2493 1272 2520 muliebris
1287 2492 1398 2519 militiae
1412 2492 1439 2518 in
1454 2491 1500 2517 illo
1513 2490 1704 2517 delicatissimo

912 2531 1016 2558 liuore?
1039 2531 1095 2557 fleri
1110 2530 1184 2558 nullo
1197 2530 1276 2557 modo
1290 2534 1398 2565 poterat,
1414 2530 1479 2564 quin
1494 2528 1629 2556 Cleomeni
1644 2536 1705 2562 pnr-

910 2574 1023 2596 ceretur.
1055 2569 1110 2594 105.
1125 2568 1293 2595 Cleomenem
1309 2572 1392 2594 vocat.
1419 2567 1486 2593 Dicit
1499 2567 1522 2592 ci
1537 2574 1565 2592 se
1579 2566 1704 2592 statuisse

910 2605 1120 2633 animadvertere
1139 2606 1165 2632 in
1184 2614 1276 2631 omnes
1295 2604 1455 2631 nas-archos:
1476 2604 1511 2630 ita
1529 2603 1572 2629 sui
1591 2602 1702 2638 periculi

911 2644 1025 2670 rationes
1040 2642 1106 2670 ferre
1120 2652 1150 2669 ac
1164 2642 1307 2677 postulare.
1329 2642 1388 2668 Tibi
1403 2642 1449 2668 uni
1464 2649 1569 2676 parcam
1584 2645 1609 2667 et
1623 2640 1703 2666 totius

912 2681 990 2708 istius
1003 2679 1098 2716 culpae
1112 2681 1211 2707 crimen
1227 2680 1502 2715 vituperationemque
1513 2677 1703 2704 inconstantiae

1439 2725 1495 2752 ⁵3·
