1941 3052
443 111 494 136 DE
529 110 711 137 NATURA
740 110 924 137 DEORUM
962 110 1042 136 LIB.
1065 111 1084 136 1.
1112 110 1205 137 CAP.
1228 112 1369 138 21—27.

95 186 117 209 te
132 190 191 208 esse
205 185 339 216 oportere,
362 189 443 215 quam
458 181 508 207 ista
526 182 686 217 cognovisti.
727 182 763 208 Ita
778 189 887 207 necesse

94 219 157 250 l'uit,
174 223 220 245 aut
234 218 299 244 haec
315 217 414 253 flagitia
429 219 569 253 concipere
583 219 672 245 animo
687 223 733 245 aut
747 223 887 252 susceptae

93 256 280 292 philosophiae
291 264 387 282 nomen
399 256 529 282 amittere.
551 257 593 282 67.
606 255 677 288 Quid
689 257 761 282 enim
773 263 884 285 mereas,

92 298 122 320 ut
132 293 282 328 Epicureus
294 301 353 319 esse
367 292 494 319 desinas?
509 292 583 319 Nihil
594 293 730 327 equidem,
745 293 846 327 inquis,
859 297 889 318 ut

92 331 222 357 rationem
243 331 313 356 vitae
334 330 426 356 beatae
447 331 641 365 veritatemque
663 330 796 356 deseram.
836 330 887 355 lsta

92 368 176 404 igitur
189 372 229 394 est
244 367 360 394 veritas‘?
380 368 446 393 Nam
462 367 495 393 de
512 369 565 394 vita
581 368 655 394 beata
671 367 739 394 nihil
752 375 885 402 repugno:

92 414 174 440 quam
185 409 212 431 tu
227 413 259 431 ne
271 405 298 431 in
310 404 359 431 deo
370 405 481 439 quidem
493 413 551 431 esse
562 413 666 435 censes
680 405 733 431 nisi
744 404 823 439 plane
835 404 888 430 otio

93 442 227 478 langueat.
268 441 321 468 Sed
332 442 380 468 ubi
391 447 431 468 est
442 442 557 468 veritas‘?
570 443 598 468 ln
611 442 730 472 mundis,
743 441 832 472 credo,
846 441 888 466 in-

91 478 319 510 numerabilibus,
334 479 461 506 omnibus
473 480 593 506 minimis
605 484 755 514 temporum
767 479 884 513 punctis,

92 516 153 544 aliis
165 517 347 547 nascentibus,
361 516 422 543 aliis
433 516 602 543 cadentibus.
643 516 683 542 An
696 517 723 542 in
735 515 887 542 individuis

91 554 270 589 corpusculis,
284 558 337 580 tam
347 553 482 588 praeclara
493 562 582 588 opera,
591 553 664 580 nulla
676 553 829 579 moderante
841 560 888 578 na-

91 596 160 622 tura,
177 591 251 617 nulla
262 591 371 622 ratione,
388 590 571 627 fingentibus?
591 591 643 617 Sed
655 590 756 617 oblitus
768 589 888 616 liberali-

91 630 153 655 tatis
164 637 247 659 meae,
260 637 313 663 qua
325 633 413 655 tecum
424 628 515 663 paullo
526 633 585 655 ante
597 629 637 655 uti
648 636 796 662 coeperam,
810 626 887 661 plura

91 666 262 701 complector.
303 665 453 692 Concedam
465 666 548 701 igitur
559 674 593 692 ex
604 665 755 691 individuis
766 669 886 690 constare

90 704 191 730 omnia.
214 702 284 735 Quid
297 703 330 729 ad
341 702 415 729 rem‘?
426 703 538 729 deorum
548 704 621 729 enim
633 707 726 729 natura
737 702 885 737 quaeritur.

91 742 133 767 68.
156 741 216 767 Sint
231 749 294 766 sane
310 749 344 767 ex
358 741 467 767 atomis:
490 749 542 766 non
558 741 641 775 igitur
659 740 769 766 aeterni.

91 779 163 804 enim
175 787 209 804 ex
219 778 314 804 atomis
329 778 376 808 sit.
394 777 421 804 id
436 782 528 804 natum
542 777 698 812 aliquando.
739 776 768 802 Si
782 780 884 806 natum,

91 815 159 842 nulli
171 815 209 841 dii
221 820 289 845 ante,
303 823 385 849 quam
396 815 460 841 nati.
497 815 564 841 Etsi
575 819 648 841 ortus
660 819 700 840 est
709 813 830 843 deorum,
846 814 887 839 in-

91 853 185 879 teritus
201 853 235 879 sit
250 860 359 878 necesse
375 856 428 883 est,
451 856 481 878 ut
496 856 524 878 tu
540 851 631 886 paullo
646 856 706 878 ante
719 850 752 877 de
768 850 886 876 Platonis

90 889 191 916 mundo
203 889 370 924 disputabas.

89 933 115 954 et
126 932 272 958 aeternum,
281 926 383 961 quibus
394 926 501 953 duobus
514 926 604 953 verbis
616 926 775 961 significatis
786 924 887 951 deum‘?

89 964 162 1000 quod
173 972 258 999 quum
270 964 376 990 efficere
387 963 484 995 vultis,
499 965 525 990 in
537 964 646 990 dumeta
658 963 808 998 correpitis.
849 963 885 988 lta
914 984 916 994 ,

88 1002 160 1028 enim
177 1001 353 1031 dicebasmon
369 1010 467 1036 corpus
482 1010 541 1028 esse
554 1002 579 1027 in
592 1001 655 1032 deo,
678 1000 725 1027 sed
737 1001 815 1036 quasi
827 1009 886 1026 cor—
908 1000 915 1008 '¹

88 1048 149 1074 pus,
164 1047 212 1065 nec
223 1039 393 1074 sanguinem,
407 1038 455 1065 sed
466 1039 544 1074 quasi
555 1040 727 1074 sanguinem.

144 1076 229 1103 XXV.
251 1078 293 1102 69.
314 1076 369 1103 Hoc
381 1085 508 1111 persaepe
520 1076 617 1107 facitis,
633 1081 671 1107 ut,
684 1084 770 1111 quum
780 1074 885 1110 aliquid

88 1123 140 1141 non
152 1113 302 1140 verisimile
313 1113 409 1140 dicatis
420 1119 446 1141 et
456 1114 573 1149 effugere
586 1113 821 1149 reprehensionem
839 1121 886 1138 ve-

89 1151 158 1182 litis,
175 1151 291 1178 asseratis
307 1151 426 1186 aliquid,
444 1151 517 1186 quod
532 1152 642 1178 omnino
657 1160 690 1177 ne
706 1150 762 1176 fieri
773 1150 885 1185 quidem

88 1189 186 1224 possit,
200 1193 229 1215 ut
239 1189 324 1215 satius
336 1188 417 1215 fuerit
430 1188 497 1215 illud
510 1189 651 1223 ipsum‚de
662 1197 716 1223 quo
728 1187 886 1223 ambigeba-

88 1231 139 1257 tur,
153 1226 308 1256 concedere,
321 1235 403 1261 quam
416 1231 469 1253 tam
480 1226 652 1261 impudenter
664 1226 797 1252 resistere.
823 1224 885 1252 Vel-

88 1264 275 1298 ntEpicuruS,
293 1272 378 1298 quum
395 1264 511 1294 videret,
529 1265 552 1290 si
567 1265 647 1290 atomi
665 1263 834 1290 ferrenturin
847 1262 885 1289 lo—

87 1310 149 1327 cum
166 1300 321 1327 inferiorem
336 1306 431 1336 suopte
447 1301 578 1336 pondere,
601 1301 669 1327 nihil
687 1301 741 1327 fore
756 1302 784 1327 in
796 1305 884 1327 nostra

87 1343 229 1373 potestate,
247 1338 321 1373 quod
335 1344 406 1365 esset
420 1348 512 1365 earum
525 1343 612 1366 motus
623 1343 712 1365 certus
724 1343 749 1365 et
760 1346 885 1364 necessa-

87 1377 157 1408 rius,
173 1377 288 1406 invenit,
302 1385 356 1411 quo
368 1376 447 1403 modo
457 1377 643 1403 necessitatem
657 1376 798 1411 effugeret,
812 1375 885 1410 quod

87 1413 214 1440 videlicet
229 1414 410 1440 Democritum
427 1413 539 1450 fugerat.
580 1414 624 1440 Ait
643 1418 776 1445 atomum,
798 1422 884 1448 quum

86 1450 204 1485 pondere
215 1455 240 1477 et
250 1451 381 1487 gravitate
392 1451 493 1478 directo
503 1451 616 1477 deorsus
628 1450 735 1482 seratur,
749 1450 884 1477 declinare

86 1488 250 1523 paullulum.
291 1489 332 1514 70.
355 1489 409 1515 Hoc
419 1488 508 1515 dicere
520 1489 626 1523 turpius
640 1493 693 1519 est,
709 1497 791 1523 quam
804 1488 882 1519 illud,

86 1525 159 1560 quod
176 1525 247 1556 vult.
270 1534 322 1552 non
339 1534 417 1560 posse
433 1525 586 1552 defendere.
627 1525 699 1552 ldem
717 1525 779 1552 facit
794 1531 884 1552 contra

85 1562 257 1589 Dialecticos:
276 1571 293 1589 -a
304 1563 406 1598 quibus
418 1572 503 1598 quum
516 1563 643 1590 traditum
655 1564 703 1594 sit,
718 1564 745 1590 in
756 1563 884 1590 omnibus

85 1600 325 1632 disiunctionibus,
339 1601 366 1627 in
378 1601 493 1636 quibus,
510 1604 655 1632 autetiam,
667 1606 712 1627 aut
724 1610 787 1632 non,
801 1610 884 1635 pone-

86 1642 171 1668 retur,
188 1637 345 1664 alterutrum
357 1647 451 1664 verum
463 1646 536 1665 esse:
559 1639 707 1673 pertimuit,
722 1647 768 1669 ne,
785 1639 808 1664 si
820 1647 884 1665 con-

85 1683 193 1701 cessum
209 1679 281 1701 esset
299 1675 456 1702 huiusmodi
473 1675 591 1711 aliquid,
608 1676 662 1702 Aut
678 1676 752 1702 vivet
766 1684 824 1702 cras
839 1680 884 1703 aut

86 1720 138 1739 non
154 1712 228 1739 vivet
242 1712 390 1747 Epicurus,
413 1713 571 1740 alterutrum
588 1713 661 1740 fieret
681 1715 881 1740 necessarium:

84 1754 170 1776 totum
186 1749 249 1781 hoc,
266 1755 312 1776 aut
323 1753 412 1781 etiarn,
429 1755 549 1782 autnon,
567 1751 676 1786 negavit
688 1759 747 1777 esse
759 1760 884 1778 necessa-

86 1787 167 1813 rium.
207 1786 266 1819 Quo
276 1787 343 1822 quid
354 1788 409 1814 dici
421 1792 507 1822 potest
517 1788 662 1815 obtusius‘?
675 1788 792 1824 urgebat
803 1789 884 1815 Arce-

85 1824 150 1851 silas
160 1825 307 1856 Zenonem,
324 1833 410 1860 quum
422 1826 480 1860 ipse
496 1825 561 1852 salsa
576 1826 666 1852 omnia
682 1825 796 1858 diceret,
814 1835 883 1862 quae

85 1862 213 1888 sensibus
226 1861 394 1889 viderentur:
417 1863 486 1889 Zeno
497 1868 600 1893 autem,
614 1863 743 1890 nonnulla
755 1865 812 1890 visa
824 1873 883 1890 esse

86 1898 161 1929 falsa,
176 1907 227 1925 non
238 1899 338 1925 onmia.
379 1900 481 1926 Timuit
491 1900 635 1934 Epicurus,
649 1909 695 1932 ne,
709 1902 731 1927 si
744 1910 828 1928 unum
842 1902 884 1928 vi-

85 1944 146 1962 sum
159 1940 229 1962 esset
241 1935 348 1967 falsum,
362 1936 467 1963 nullum
479 1942 549 1963 esset
560 1946 668 1970 verum;
681 1946 775 1965 omnes
786 1947 883 1965 sensus

86 1974 144 1999 veri
165 1973 274 1999 nuntios
289 1973 359 2000 dixit
372 1982 442 2000 esse.
482 1974 557 2000 Nihil
573 1974 684 2006 horum,
707 1976 759 2001 nisi
774 1976 881 2002 callide.

86 2010 244 2037 Graviorem
255 2011 327 2037 enim
339 2011 446 2046 plagam
458 2011 616 2046 accipiebat,
625 2012 787 2039 utleviorem
796 2013 884 2048 repel—

86 2047 160 2074 leret.
201 2048 244 2074 71.
266 2047 339 2074 ldem
352 2047 415 2074 facit
426 2049 452 2075 in
464 2053 557 2075 natura
568 2049 690 2075 deorum.
731 2050 798 2076 Dum
811 2050 884 2076 indi-

85 2085 231 2111 viduorum
243 2093 384 2120 corporum
395 2086 590 2112 concretionem
603 2086 686 2121 fugit,
710 2095 742 2113 ne
759 2088 883 2114 interitus

85 2126 111 2149 et
121 2122 263 2157 dissipatio
274 2128 467 2158 consequatur,
486 2128 564 2158 negat
578 2132 637 2150 esse
648 2132 747 2159 corpus
758 2124 880 2155 deorum,

85 2159 134 2186 sed
146 2164 406 2195 tamqunmcorpus,
425 2169 472 2186 nec
487 2161 663 2196 sanguinem,
680 2161 729 2188 sed
745 2166 882 2196 tamquam

84 2198 256 2232 sanguinem.
297 2197 394 2224 XXVl.
417 2197 540 2224 Mirabile
556 2198 675 2230 videtur,
694 2199 767 2234 quod
782 2208 833 2226 non
846 2199 883 2225 ri-

83 2234 146 2261 deat
157 2234 306 2269 haruspex,
323 2243 409 2269 quum
422 2234 593 2270 haruspicem
609 2235 720 2263 viderit:
740 2236 789 2263 hoc
800 2237 882 2263 mira-

84 2271 177 2303 bilius,
191 2271 264 2307 quod
276 2280 323 2298 vos
335 2273 404 2298 inter
415 2280 462 2299 vos
474 2273 558 2299 risum
571 2277 660 2299 tenere
671 2274 791 2308 possitis.
825 2275 881 2300 Non

83 2313 123 2335 est
133 2317 240 2344 corpus,
256 2309 303 2335 sed
315 2309 393 2344 quasi
404 2318 513 2344 corpus.
547 2310 600 2336 lloc
612 2310 800 2346 intelligerem,
814 2320 882 2346 qua-

85 2345 108 2372 le
120 2351 203 2377 esset,
216 2347 240 2372 si
251 2346 279 2372 id
291 2347 316 2372 in
328 2347 397 2373 ceris
410 2346 563 2382 (ingeretur,
578 2352 623 2374 aut
632 2347 762 2375 fictilibus
774 2348 880 2384 liguris.

84 2384 113 2410 ln
123 2383 174 2410 deo
184 2383 251 2418 quid
262 2384 298 2410 sit
308 2385 387 2419 quusi
399 2392 496 2419 corpus
508 2385 641 2420 autquasi
658 2387 784 2421 sanguis,
802 2386 882 2413 intel-

84 2420 167 2456 ligere
183 2429 235 2447 non
252 2429 374 2456 possum.
416 2422 453 2447 Ne
465 2426 492 2448 tu
504 2421 630 2456 quidem,
649 2422 747 2454 Vellei,
764 2423 812 2449 sed
829 2432 881 2450 non

84 2458 126 2484 vis
138 2457 224 2484 fateri.
245 2459 288 2485 72.
302 2459 352 2485 lsta
362 2459 434 2485 enim
446 2467 460 2485 a
473 2458 550 2485 vobis
562 2459 641 2494 quasi
651 2459 750 2486 dictata
762 2460 881 2487 reddun-

84 2499 139 2526 tur.
161 2503 230 2530 quae
245 2495 380 2530 Epicurus
395 2497 511 2523 oscitans
527 2496 708 2523 hallucinatus
724 2502 776 2528 est.
794 2507 879 2533 quum

82 2531 195 2567 quidem
205 2532 378 2568 gloriaretur,
397 2538 425 2560 ut
437 2533 561 2560 videmus
574 2535 600 2560 in
612 2534 736 2569 scriptis.
753 2543 782 2561 se
794 2536 880 2570 magi·
908 2561 910 2568 ,

82 2573 169 2596 strum
190 2569 319 2597 habuisse
339 2570 456 2598 nullum,
497 2570 573 2603 Quod
593 2576 619 2598 et
638 2580 690 2598 non
714 2572 879 2607 praedicanti

83 2611 172 2633 tamen
188 2605 266 2634 facile
281 2608 409 2643 equidem
425 2608 576 2639 crederem,
599 2609 670 2635 sicut
684 2609 747 2635 mali
761 2609 878 2636 aedilicii

82 2643 192 2671 domino
201 2643 328 2680 glorianti
339 2654 367 2673 se
379 2646 555 2673 architectum
566 2654 619 2673 non
631 2646 769 2675 habuisse.
804 2647 879 2675 Nihil

809 738 886 770 Quod
908 734 910 739 ’

409 889 462 916 Ubi
474 890 556 925 igitur
567 888 635 915 illud
647 892 767 915 vestrum
778 888 886 914 beatum
914 905 916 925 ,¹

1667 115 1676 139 l
1686 115 1694 139 >l
1701 115 1732 139 Οὔ

939 181 1011 207 enim
1022 180 1075 208 olet
1085 181 1277 213 exAcademia,
1294 181 1362 208 nihil
1374 191 1407 209 ex
1414 183 1508 218 Lyceo,
1517 182 1586 209 nihil
1598 191 1630 209 ne
1642 191 1656 209 e
1667 192 1735 218 pue-

939 218 1036 244 rilibus
1052 218 1164 253 quidem
1180 219 1345 254 disciplinis.
1385 220 1563 246 Xenocratem
1578 220 1672 246 audire
1686 229 1735 255 po-

939 257 1001 281 tuit:
1015 264 1097 290 quem
1109 256 1254 287 virum,dii
1268 257 1444 283 immortales!
1461 262 1487 284 et
1497 262 1568 288 sunt,
1581 258 1629 292 qui
1640 262 1735 293 putent

939 292 1090 319 audivisse:
1109 294 1167 328 ipse
1183 302 1235 320 non
1246 293 1317 320 vult:
1336 295 1414 321 credo
1429 293 1492 329 plus
1503 295 1616 321 nemini.
1656 295 1730 321 Pam-

915 349 916 353 .
939 330 1045 364 philum
1057 330 1215 365 quemdam,
1233 330 1350 357 Platonis
1367 331 1529 363 auditorem,
1547 333 1584 358 ait
1595 341 1609 358 a
1620 340 1648 358 se
1662 332 1735 358 Sami

915 382 917 385 ν
939 367 1075 393 auditum:
1100 368 1139 394 ibi
1153 369 1225 394 enim
1237 368 1392 395 adolescens
1404 369 1542 396 habitabat
1552 378 1613 395 cum
1625 374 1699 404 patre
1710 374 1737 396 et

940 404 1077 434 fratribus,
1090 405 1163 439 quod
1175 406 1202 431 in
1213 414 1271 431 eam
1283 410 1358 440 pater
1368 407 1427 432 eius
1434 406 1544 433 Neocles
1557 408 1676 442 agripeta
1689 415 1736 433 ve-

939 446 1022 467 nerat.
1064 441 1130 468 Sed.
1153 451 1238 477 quum
1254 442 1358 478 agellus
1374 452 1436 469 eum
1452 452 1504 470 non
1515 445 1581 470 satis
1592 444 1687 474 aleret,
1706 449 1735 470 ut

939 479 1042 513 opinor,
1056 478 1114 505 ludi
1126 480 1254 515 magister
1265 480 1325 506 suit.
1355 481 1397 507 73.
1420 480 1473 507 Sed
1484 481 1556 507 hune
1567 481 1734 507 Platonicum

939 515 1051 541 mirifice
1062 518 1208 543 contemnit
1219 517 1366 551 Epicurus:
1384 519 1419 544 ita
1430 519 1539 549 metuit,
1553 527 1585 545 ne
1596 518 1662 553 quid
1674 527 1736 544 um-

939 561 1020 587 quam
1032 553 1161 580 didicisse
1173 554 1305 581 videatur.
1346 556 1374 581 ln
1386 555 1560 590 Nausiphane
1571 557 1735 582 Democriteo

939 595 1056 621 tenetur,
1074 599 1156 625 quem
1172 600 1257 626 quum
1273 600 1287 617 a
1302 600 1330 617 se
1347 601 1399 618 non
1411 598 1489 628 neget
1500 593 1638 624 auditum,
1656 598 1735 620 vexat

939 632 1027 654 tamen
1038 628 1165 654 omnibus
1177 629 1359 655 contumeliis.
1399 630 1482 665 Atqui
1493 631 1516 656 si
1529 630 1736 657 haecDemocri—

938 670 978 691 tea
991 673 1042 691 non
1054 665 1187 696 audisset,
1203 666 1270 700 quid
1282 666 1420 694 audierat?
1433 667 1501 702 quid
1516 668 1588 694 enim
1600 669 1628 694 in
1639 668 1735 704 physi-

938 703 978 727 cis
988 702 1100 736 Epicuri
1113 712 1164 729 non
1176 712 1189 728 a
1202 703 1368 730 Democrito?
1378 705 1444 731 Nam
1456 706 1506 731 etsi
1517 705 1649 740 quaedam
1661 714 1735 731 com-

939 740 1066 769 mutavit,
1083 745 1124 770 ut,
1141 740 1213 774 quod
1225 741 1316 775 paullo
1327 746 1387 767 ante
1397 741 1430 768 de
1446 742 1619 769 inclinatione
1634 747 1735 769 atomo-

915 777 916 784 *
939 785 998 802 rum
1010 776 1080 803 dixi:
1096 782 1183 803 tamen
1194 777 1322 813 pleraque
1332 778 1398 805 dicit
1409 779 1511 810 eadem,
1520 784 1630 809 atomos,
1644 780 1732 810 inane,

939 814 1085 849 imagines,
1103 814 1261 841 infinitatem
1274 815 1392 842 locorum
1404 817 1734 852 innumerabilitatemque

938 850 1115 882 mundorum,
1129 860 1222 878 eorum
1232 858 1320 884 ortus,
1335 854 1471 884 interitus,
1484 855 1574 880 omnia
1587 853 1654 884 sere,
1671 855 1735 888 qui—

938 888 989 914 bus
1001 893 1110 915 naturae
1126 890 1192 915 ratio
1207 891 1368 917 continetur.
1409 891 1486 917 Nunc
1503 891 1575 917 istud
1587 892 1666 926 quasi
1676 900 1736 917 cor-

937 934 989 960 pus
1000 930 1025 952 et
1035 927 1114 961 quasi
1125 928 1296 962 sanguinem,
1309 927 1375 963 quid
1387 928 1430 959 sit,
1445 928 1593 964 intelligis?
1621 930 1663 955 74.
1679 929 1735 964 Ego

937 963 1010 989 enim
1022 968 1047 989 te
1058 964 1127 990 scire
1138 965 1188 990 ista
1200 964 1307 996 melius,
1319 974 1402 1000 quam
1413 974 1464 996 me,
1479 974 1531 992 non
1543 965 1624 992 fateor
1635 965 1732 996 solum,

937 1000 986 1026 sed
1005 1001 1085 1027 etiam
1107 1001 1184 1028 facile
1204 1003 1304 1037 patior;
1327 1011 1413 1038 quum
1433 1003 1545 1038 quidem
1566 1003 1649 1029 semel
1665 1003 1735 1029 dicta

937 1043 1013 1069 sunt,
1027 1038 1093 1073 quid
1105 1044 1158 1070 est,
1171 1039 1245 1074 quod
1255 1039 1375 1066 Velleius
1386 1040 1537 1076 intelligere
1548 1041 1646 1076 possit,
1661 1041 1735 1067 Cotta

938 1084 989 1102 non
1001 1075 1104 1110 possiti>
1124 1077 1215 1112 ltaque
1226 1086 1324 1112 corpus
1334 1078 1402 1113 quid
1413 1078 1461 1109 sit,
1479 1079 1591 1114 sanguis
1607 1078 1673 1113 quid
1689 1079 1732 1108 sit,

937 1113 1073 1149 intelligo:
1086 1115 1165 1148 quasi
1176 1123 1274 1149 corpus
1282 1120 1308 1142 et
1317 1116 1397 1150 quasi
1407 1117 1519 1152 sanguis
1530 1115 1598 1151 quid
1608 1116 1652 1147 sit,
1661 1115 1736 1142 nullo

937 1159 1047 1185 prorsus
1063 1151 1142 1178 modo
1156 1152 1288 1188 intelligo.
1328 1154 1422 1188 Neque
1434 1158 1462 1180 tu
1478 1161 1521 1180 me
1536 1152 1621 1184 celas,
1639 1158 1669 1179 ut
1683 1154 1736 1189 Py-

913 1188 915 1191 ’
937 1188 1061 1223 thagoras
1077 1188 1180 1216 solebat
1194 1189 1310 1221 alienos,
1333 1199 1382 1217 nec
1397 1190 1520 1217 consulto
1533 1190 1603 1217 dicis
1621 1190 1733 1221 occulte,

914 1227 915 1252 ζ
937 1230 1074 1260 tamquam
1086 1227 1244 1258 Heraclitus,
1259 1227 1320 1258 sed,
1334 1228 1407 1262 quod
1419 1229 1488 1254 inter
1498 1237 1546 1255 nos
1558 1228 1649 1259 liceat,
1662 1236 1695 1254 ne
1707 1233 1734 1254 tu

936 1263 1048 1298 quidem
1070 1263 1210 1300 intelligis.
1252 1265 1361 1291 XXVII.
1383 1267 1425 1292 75.
1448 1265 1518 1292 Illud
1535 1265 1613 1292 video
1630 1274 1735 1301 pugna-

937 1305 1010 1331 rete,
1023 1302 1128 1335 species
1140 1307 1169 1328 ut
1179 1302 1313 1337 quaedam
1324 1304 1360 1329 sit
1370 1302 1496 1334 deorum,
1509 1312 1579 1338 quae
1591 1302 1659 1329 nihil
1671 1312 1735 1329 con-

936 1339 1001 1365 creti
1018 1338 1127 1369 habeat.
1145 1339 1214 1366 nihil
1230 1340 1324 1371 solidi,
1343 1340 1412 1367 nihil
1427 1341 1564 1375 expressi,
1582 1340 1651 1367 nihil
1667 1341 1735 1366 emi-

936 1376 1037 1406 uentis,
1051 1377 1140 1411 sitque
1151 1385 1231 1411 pura,
1246 1377 1328 1409 levis,
1346 1377 1495 1413 perlucida.
1535 1378 1661 1404 Dicemus
1672 1386 1735 1413 ergo

936 1413 1022 1444 idem,
1036 1413 1108 1448 quod
1122 1414 1146 1440 in
1161 1415 1261 1441 Venere
1273 1415 1338 1441 Coa:
1361 1424 1458 1450 corpus
1474 1415 1541 1442 illud
1553 1424 1604 1442 non
1617 1420 1670 1446 est,
1687 1415 1735 1441 sed

936 1450 1026 1477 simile
1037 1452 1155 1486 corpori:
1172 1460 1221 1478 nec
1232 1452 1276 1478 ille
1289 1452 1366 1479 susus
1377 1458 1403 1479 et
1413 1452 1527 1479 candore
1539 1453 1641 1479 mixtus
1654 1452 1736 1479 rubor

936 1489 1047 1524 sanguis
1058 1494 1107 1520 est,
1119 1489 1167 1515 sed
1179 1490 1311 1524 quaedam
1323 1491 1466 1526 sanguinis
1477 1490 1642 1517 similitudo:
1656 1490 1695 1516 sic
1708 1491 1734 1516 in

936 1526 1069 1560 Epicureo
1081 1526 1130 1553 deo
1142 1535 1193 1553 non
1206 1536 1261 1558 res,
1286 1527 1333 1553 sed
1347 1527 1542 1554 similitudines
1558 1536 1648 1554 rerum
1663 1536 1733 1554 esse.

936 1564 987 1589 Fac
1000 1563 1036 1594 id,
1045 1564 1116 1598 quod
1128 1573 1160 1590 ne
1173 1564 1288 1600 intelligi
1300 1565 1411 1600 quidem
1420 1570 1513 1600 potest,
1523 1565 1590 1591 mihi
1603 1573 1662 1591 esse
1673 1573 1735 1600 per-

935 1610 1061 1627 suasum:
1087 1601 1153 1628 cedo
1174 1602 1242 1628 mihi
1260 1603 1370 1629 istorum
1387 1602 1608 1630 adumbratorum
1622 1602 1734 1629 deorum

937 1638 1097 1665 lineamenta
1108 1644 1188 1674 atque
1201 1639 1308 1666 formas.
1340 1641 1382 1666 76.
1405 1641 1461 1666 Non
1473 1640 1549 1667 deest
1561 1640 1610 1666 hoc
1623 1640 1679 1666 loco
1690 1648 1735 1666 co-

935 1677 980 1710 pia
996 1677 1143 1707 rationum,
1166 1677 1268 1712 quibus
1289 1678 1383 1704 docere
1400 1677 1504 1709 velitis,
1528 1678 1660 1704 humanas
1675 1686 1735 1703 esse

937 1713 1035 1740 formas
1055 1713 1181 1740 deorum:
1205 1715 1338 1749 primum,
1360 1715 1433 1750 quod
1455 1716 1489 1742 ita
1505 1716 1540 1741 sit
1562 1714 1734 1741 informatum

935 1752 1166 1786 anticipatumque
1184 1752 1321 1779 mentibus
1338 1753 1449 1783 nostris,
1470 1758 1499 1780 ut
1514 1752 1631 1782 homini,
1648 1761 1734 1787 quum

934 1789 968 1815 de
979 1788 1030 1815 deo
1040 1790 1147 1825 cogitet,
1158 1789 1240 1816 forma
1252 1795 1373 1816 occurrat
1385 1790 1515 1817 humana:
1529 1790 1637 1821 deinde,
1650 1789 1733 1824 quod,

934 1826 1063 1861 quoniam
1075 1826 1156 1853 rebus
1166 1827 1295 1853 omnibus
1306 1827 1419 1854 excellat
1430 1833 1523 1854 natura
1535 1827 1637 1858 divina,
1651 1827 1734 1854 forma

934 1872 1043 1899 quoque
1059 1872 1117 1890 esse
1133 1864 1315 1899 pulcherrima
1334 1865 1443 1891 delicat:
1468 1874 1515 1891 nec
1535 1874 1594 1891 esse
1617 1865 1734 1891 humana

935 1900 1017 1927 ullam
1030 1901 1224 1936 pulchriorem.
1265 1902 1381 1928 Tertiam
1394 1903 1523 1929 rationem
1535 1902 1648 1933 affertis,
1661 1901 1734 1937 quod

935 1938 1008 1965 nulla
1021 1939 1047 1965 in
1058 1938 1109 1965 alia
1122 1940 1207 1975 ligura
1219 1939 1388 1966 domicilium
1402 1941 1499 1966 mentis
1510 1949 1568 1966 esse
1579 1941 1673 1975 possit.
1690 1941 1731 1965 Τι’.

935 1976 1055 2002 Primum
1069 1977 1151 2012 igitur
1162 1977 1284 2012 quidque
1296 1977 1506 2008 consideremus,
1520 1977 1599 2012 quale
1611 1978 1654 2004 sit.
1684 1978 1734 2003 Ar—

935 2013 1022 2048 ripcre
1037 2015 1110 2040 enim
1126 2014 1194 2041 mihi
1210 2014 1357 2045 videmini.
1380 2016 1458 2050 quasi
1475 2020 1563 2041 vestro
1584 2016 1654 2045 iure,
1678 2023 1733 2040 rem

935 2050 1009 2077 nullo
1021 2051 1099 2077 modo
1111 2051 1290 2086 probabilem.
1331 2052 1437 2078 Etenim
1451 2054 1514 2087 quis
1527 2058 1579 2079 tam
1594 2061 1690 2078 caecus
1707 2053 1733 2078 in

934 2088 1149 2123 contemplandis
1165 2089 1247 2115 rebus
1262 2098 1392 2124 umquam
1413 2089 1476 2119 suit,
1501 2095 1529 2116 ut
1549 2099 1600 2116 non
1620 2089 1732 2117 videret.

934 2125 1040 2159 species
1057 2126 1121 2151 istas
1138 2125 1279 2152 hominum
1294 2126 1404 2153 collatas
1421 2127 1447 2153 in
1464 2127 1543 2158 deos,
1560 2132 1606 2153 aut
1620 2126 1733 2152 consilio

934 2162 1051 2196 quodam
1063 2163 1230 2197 sapientum.
1246 2172 1300 2198 quo
1313 2163 1419 2190 facilius
1430 2165 1534 2190 animos
1547 2164 1732 2199 imperitorum

934 2199 966 2225 ad
977 2199 1089 2225 deorum
1100 2199 1204 2226 cultum
1215 2209 1230 2226 a
1242 2201 1311 2226 vitae
1328 2202 1458 2235 pravitate
1473 2206 1670 2230 converterent,
1688 2205 1734 2226 aut

933 2237 1138 2271 superstitione.
1162 2242 1191 2263 ut
1206 2242 1295 2264 essent
1309 2237 1467 2268 simulacra,
1490 2247 1559 2273 qnae
1576 2242 1733 2264 venerantes

934 2274 998 2299 deos
1015 2274 1087 2308 ipsos
1101 2282 1130 2300 se
1146 2274 1220 2300 adire
1235 2274 1392 2300 crederent?
1411 2276 1552 2302 Auxerunt
1567 2281 1655 2302 autem
1668 2275 1733 2301 haec

933 2311 1027 2337 eadem
1042 2317 1146 2346 poetae,
1166 2312 1294 2346 pictores,
1309 2312 1430 2346 opifices.
1472 2313 1533 2339 Erat
1544 2313 1616 2338 enim
1630 2321 1680 2338 non
1694 2311 1732 2338 sa-

933 2348 993 2379 cilo,
1007 2353 1116 2383 agentes
1127 2348 1231 2383 aliquid
1243 2354 1269 2375 et
1280 2348 1421 2375 molientes
1433 2349 1498 2376 deos
1514 2350 1539 2376 in
1552 2349 1666 2375 aliarum
1679 2349 1733 2375 sor-

934 2394 1038 2412 marum
1051 2386 1198 2412 imitatione
1209 2395 1326 2412 servare.
1358 2387 1477 2413 Accessit
1487 2387 1566 2413 etiam
1581 2388 1629 2413 ista
1640 2387 1732 2421 opinio

934 2423 1059 2453 fortusse.
1076 2423 1148 2458 quod
1166 2423 1268 2450 homini
1285 2423 1393 2450 homino
1405 2424 1472 2450 nihil
1485 2423 1627 2458 pulchrius
1639 2423 1732 2450 viden-

933 2465 985 2487 tur.
1025 2460 1077 2487 Sed
1090 2466 1117 2487 tu
1130 2461 1193 2492 hoc..
1214 2461 1339 2496 physice.
1358 2470 1410 2488 non
1427 2461 1517 2491 vides,
1535 2470 1617 2497 quam
1634 2461 1731 2488 blanda

932 2497 1100 2524 conciliatrix
1111 2503 1137 2524 et
1147 2499 1225 2533 quasi
1237 2499 1280 2524 sni
1292 2499 1327 2525 sit
1339 2497 1397 2525 lena
1409 2498 1521 2525 natura?
1539 2499 1579 2526 An
1596 2504 1674 2534 putas
1689 2499 1732 2525 ul-

933 2535 985 2561 lam
997 2543 1055 2561 csse
1068 2541 1136 2562 terra
1148 2537 1269 2571 marique
1283 2535 1410 2566 bellunm.
1422 2544 1492 2571 quae
1504 2545 1556 2563 non
1567 2537 1611 2563 sui
1622 2538 1731 2572 generis

932 2572 1021 2598 bellua
1034 2573 1151 2600 maxime
1162 2572 1326 2600 delectetur?
1345 2573 1422 2605 Quod
1434 2574 1461 2600 ni
1474 2574 1507 2600 ita
1519 2579 1602 2605 esset,
1619 2582 1667 2600 eur
1678 2583 1730 2600 non

930 2610 1042 2645 gestiret
1062 2615 1154 2637 taurus
1171 2619 1256 2646 equae
1271 2611 1490 2641 contrectatione,
1513 2620 1600 2647 equus
1617 2612 1732 2638 vaccae?

930 2648 971 2675 An
983 2652 1010 2674 tu
1025 2647 1144 2683 aquilam
1158 2653 1205 2676 aut
1215 2648 1318 2676 leonem
1329 2654 1375 2676 aut
1385 2648 1546 2684 delphinum
1559 2648 1641 2676 ullam
1656 2654 1731 2676 ante-

1478 2698 1523 2723 ¹39
