1941 3052
221 159 251 179 lV

219 223 359 255 s.c.,u.‹·.
381 223 438 243 ach.

406 1085 444 1111 62

251 1525 290 1551 46
311 1524 370 1551 693
411 1523 446 1549 61

457 1624 460 1691 ³.

254 1903 292 1929 47
314 1903 374 1929 694
413 1902 451 1928 σο

462 2344 464 2371 i

258 2392 296 2418 48
317 2390 375 2417 695
417 2384 465 2417 59³

462 2296 463 2302 ¹
481 2298 523 2326 qui
539 2299 569 2320 ab
585 2296 752 2325 Optimatibus
762 2295 792 2317 ad
805 2293 964 2323 popularium
974 2299 1033 2321 par-

922 147 1151 174 ANNALES

468 259 572 289 bruurii)
594 262 637 281 snb
658 260 755 281 noct-:m
777 257 861 279 babuit
875 258 951 278 orat.
964 256 1015 278 ΙΙΙ.

468 294 687 316 catilinarium
699 293 727 313 ml
741 291 873 320 popul1uu3

502 328 580 350 Nouis
603 327 662 355 ipsiu
674 327 801 347 Deccmbr.
811 325 837 345 li.
853 333 874 345 c.
886 324 924 345 die
936 323 1016 344 11³1:-

469 362 572 386 bruarii)
593 363 669 382 orat.
688 358 908 380 (llitilinurium
921 358 963 378 lv.
977 357 1017 378 Si-

469 396 526 417 lano
539 397 594 416 Cos.
612 395 662 415 (les.
679 394 766 414 coutras
779 393 909 413 (juvanti-m
923 392 1018 412 caton--

469 430 621 455 »utl‘i'ugunte
634 426 781 454 suppliriuiu
794 425 818 446 iu
835 431 935 446 carcerc
951 431 1018 445 κιιιικ

470 466 535 490 ptum
548 464 585 483 cst
601 461 630 482 de
643 460 760 486 Lentulo,
772 458 892 487 Cethego,
910 457 1018 485 statilio,
1051 467 1052 473 ι

469 496 585 521 Gabinio,
600 494 733 521 Coc-pario.

503 528 635 556 Pompeius
650 528 674 549 iu
687 527 786 552 ludat-u,
797 533 868 553 quam
882 524 1019 552 stipendia-

469 563 529 584 rimu
552 562 623 589 fucit,
644 562 785 588 Hyrcanum
802 566 886 587 regem
903 558 1019 583 instituit,

470 598 546 618 t'rutrc
567 596 621 617 cius
638 594 782 616 Aristobulo
804 593 874 619 regui
892 592 981 620 cupido
996 591 1019 612 iu

471 629 639 657 captivitatem
656 628 770 650 abducto.
807 627 865 648 lude
878 627 901 648 in
915 627 1019 648 l'untum

470 670 600 689 ren-rsus,
632 662 775 683 Mithridate
803 668 816 682 n
847 660 898 681 suin
922 660 1019 685 necato,

470 698 620 719 l'lmrunccm
638 696 704 717 iubet
719 695 841 722 imperare
857 694 978 721 Bosporo.
991 692 1019 713 l).

471 731 512 752 ΙΧ.
535 730 588 752 kal.
606 731 727 751 Octobres
744 729 772 755 li.
789 736 809 749 ιε.
821 728 860 749 dic
873 728 910 748 27.
925 734 955 747 ιιι.
969 727 1020 747 No-

472 766 567 786 vembr.
592 763 726 785 secundum
755 762 886 789 Kurbium)
911 760 1021 782 nuscitur

471 800 497 820 C.
519 797 646 824 Octavius,
668 796 771 824 posthac
788 796 914 822 Augustus
932 793 1020 815 «lictus.

505 832 593 853 Cicero
612 830 716 852 Lucullo
733 829 884 856 triumphum
899 827 1020 853 decernit,

471 863 815 893 Pompeiosupplicationem.

505 900 586 924 Quum
602 898 719 919 abdicans
736 903 762 918 se
782 895 914 917 consulatu
925 894 1021 915 oratio-

471 940 526 955 nem
548 932 676 953 habiturus
692 932 753 956 crat,
772 931 847 951 verba
863 929 945 950 facere
959 927 1022 949 veti-

471 970 510 988 tus
522 968 559 988 cst
570 972 584 987 a
594 966 624 990 Q.
636 964 739 986 Metello
750 964 844 991 Nepote
855 962 956 984 tribuno
967 969 972 989 3
984 961 1022 982 iu-

472 1000 542 1022 randi
563 1001 645 1021 tamen
662 998 734 1019 venia
750 998 861 1024 accepta,
880 1003 906 1018 se
922 1001 1023 1022 rempu-

472 1034 561 1056 blicam
572 1038 736 1055 conservasse
749 1030 849 1052 iurarit.

475 1083 542 1109 Coss.
566 1082 595 1108 D.
616 1082 707 1107 Iunius
726 1080 843 1110 Silanus,
865 1078 892 1104 L.
911 1077 1026 1103 Licinius

687 1118 806 1145 Murena.

508 1165 626 1188 Metellus
649 1165 764 1188 tribunus
789 1163 937 1185 Ciceronem
956 1161 1025 1183 inse-

475 1202 545 1223 ctans
557 1199 705 1222 concionem
712 1198 793 1225 habet,
801 1197 841 1219 cui
853 1196 894 1218 ille
907 1202 921 1217 o
929 1202 960 1217 ra
967 1195 1025 1216 tio-

477 1242 492 1256 n
500 1242 513 1256 e
520 1241 543 1256 ιιι
560 1235 586 1255 Μ
593 1240 605 1255 e
613 1235 641 1255 te
649 1233 708 1254 liin
715 1239 757 1254 am
777 1230 892 1259 opponit.
921 1228 1025 1251 Metello

476 1267 649 1296 patrocinatur
661 1267 686 1287 C.
699 1267 791 1288 Caesar
803 1266 904 1292 praetor
911 1262 1026 1290 etponti-

476 1303 518 1324 fex
525 1301 648 1323 maximus
657 1307 663 1328 ς
678 1300 748 1322 cuius
759 1299 783 1321 in
790 1298 863 1320 domo
871 1297 935 1319 inter
942 1297 1026 1318 Bonae

476 1336 544 1358 Deae
555 1341 626 1357 sacra
636 1335 662 1356 P.
675 1333 777 1355 Clodius
790 1330 992 1359 deprehenditur.

511 1369 626 1396 Catilina,
646 1367 672 1389 in
689 1367 795 1388 Galliam
809 1366 898 1392 iturus,
909 1371 924 1386 a
934 1364 967 1386 M.
979 1363 1026 1384 Pe-

480 1402 544 1425 treio
563 1402 647 1431 legato
664 1402 690 1423 C.
703 1399 807 1422 Antonii
823 1399 903 1420 victus
919 1404 974 1419 cum
989 1398 1027 1418 ter

476 1436 544 1458 mille
560 1435 636 1458 sociis
649 1435 767 1457 caeditur.
804 1432 929 1454 Antonius
941 1432 1028 1459 postea

477 1469 642 1492 Macedoniae
654 1475 698 1497 per
711 1467 838 1490 biennium
849 1465 966 1493 praefuit.

480 1522 547 1549 Coss.
573 1522 608 1547 M.
637 1521 732 1553 Pupius
762 1519 827 1548 Piso,
851 1518 886 1544 M.
912 1518 1029 1543 Valerius

690 1557 814 1584 Messala.

512 1606 542 1632 Q.
571 1605 660 1627 Cicero
677 1605 755 1626 frater
767 1604 869 1631 praetor
880 1602 906 1623 fit
922 1601 947 1623 in
962 1600 1028 1622 Asia.

478 1642 511 1663 M.
526 1639 615 1661 Cicero
626 1639 756 1661 orationes
767 1637 839 1659 habet
850 1643 864 1664 p
872 1642 904 1658 ro
916 1634 1030 1657 Archia

479 1675 574 1702 poeta
593 1674 618 1695 et
636 1679 692 1701 pro
714 1672 740 1693 P.
764 1670 860 1693 Sulla.

511 1706 646 1735 Pompeius
670 1705 770 1727 tertium
795 1703 931 1731 triumphat
951 1701 1030 1730 pridie

479 1741 533 1763 Kal.
557 1739 674 1762 Octobris
699 1739 728 1760 de
748 1737 903 1764 Mithridate,
920 1736 1030 1764 Tigrane

478 1775 584 1802 aliisque
608 1774 718 1802 regibus.
767 1773 859 1793 Caesar
880 1772 1030 1799 propraetor

479 1810 517 1831 est
527 1808 553 1830 in
564 1807 692 1836 Hispania.
713 1807 740 1828 C.
752 1805 864 1827 Antonio
875 1805 900 1826 in
911 1803 1031 1826 Macedo-

479 1842 521 1864 nia
533 1841 644 1864 succedit
656 1841 682 1862 C.
694 1839 823 1867 Octavius,
835 1838 941 1867 Augusti
952 1839 1030 1865 pater.

481 1902 549 1929 Coss.
572 1902 603 1928 L.
627 1902 761 1963 ΑῙναηῑιιῗῐ
780 1899 811 1931 Q.
830 1898 958 1925 Caecilius
975 1897 1031 1925 Me-

715 1943 738 1964 te
761 1946 798 1963 us.

514 1996 604 2017 Cicero
620 1993 706 2022 primis
720 1992 779 2015 anni
791 1991 918 2014 mensibus
928 1990 955 2012 in
965 1990 1031 2012 Urbe

481 2029 574 2058 degens
600 2027 687 2050 scribit
718 2024 966 2049 Commentarios
997 2023 1032 2046 de

481 2062 655 2085 Consulatu
678 2067 747 2089 suo⁷
768 2066 872 2089 graece;
884 2058 945 2080 item
965 2064 1032 2079 ver-

480 2103 512 2118 su
522 2103 565 2118 um
590 2096 624 2117 de
656 2094 831 2117 Consulatu
857 2092 957 2114 libros
980 2091 1031 2112 111.

480 2131 568 2152 Mense
586 2129 678 2151 Martio
694 2128 747 2150 ruri
768 2128 818 2155 est,
835 2126 903 2148 Maio
917 2126 943 2147 in
956 2126 1031 2152 Urbe,

482 2164 553 2186 lunio
574 2162 650 2185 Antii.
686 2161 832 2189 Scipionem
844 2159 959 2182 Nasicam
970 2165 1032 2180 con-

480 2200 518 2219 tra
543 2196 682 2218 Favonium
704 2194 824 2217 defendit.
860 2194 907 2215 Res
926 2192 1032 2214 miscere

481 2231 569 2259 incipit
581 2229 691 2256 Clodius,
703 2229 856 2250 tribunatum
869 2228 965 2255 petens.

515 2265 607 2286 Caesar
618 2270 649 2285 ex
656 2262 776 2290 Hispania
789 2261 878 2288 redux,
890 2258 1032 2287 Pompeius,

482 2333 519 2354 tes
531 2331 621 2359 deficit,
633 2332 658 2352 et
665 2331 770 2351 Crassus
780 2328 927 2350 societatem
933 2328 1033 2348 coeunt.

485 2384 555 2411 Coss.
568 2384 594 2410 C.
609 2384 692 2410 Iulius
706 2381 809 2410 Caesar,
824 2380 860 2407 M.
878 2379 1035 2412 Calpurnius

700 2418 819 2445 Bibulus.

517 2468 606 2490 Cicero
625 2467 741 2489 recusata
755 2465 821 2487 inter
835 2463 884 2486 XX
901 2463 970 2485 viros
981 2461 1034 2491 agri

485 2501 605 2530 Campani
624 2499 751 2522 dividendi
775 2497 908 2527 provincia
929 2498 953 2519 et
969 2495 1034 2524 apud

485 2537 618 2558 Caesarem
638 2533 775 2563 legatione,
785 2534 866 2554 totum
877 2538 903 2553 se
916 2531 973 2552 foro
985 2529 1034 2551 dat.

485 2569 526 2591 Bis
555 2568 697 2590 defendit
720 2567 748 2588 A.
770 2565 939 2591 Thermum,
958 2562 1035 2585 semel

485 2602 646 2624 Valerium
667 2600 821 2623 Flaccum.

519 2636 583 2658 ltlud
604 2641 680 2664 aegre
700 2635 785 2656 ferens
805 2634 897 2654 Caesar
917 2630 989 2657 facit,
1009 2631 1036 2651 ut

487 2669 590 2692 Clodius
606 2667 717 2697 plebeius
733 2668 774 2689 fiat
793 2668 817 2688 et
832 2666 946 2688 tribunus
962 2663 1035 2692 plebi.

466 2702 468 2727 ἶ
486 2704 509 2726 ts
520 2703 599 2733 legem
612 2703 669 2731 sert,
681 2708 728 2729 qua
738 2700 927 2729 proscribantur
937 2698 1036 2720 hostes-

1075 216 1280 247 x.(·.1'.(5.¹·('t·

1100 1172 1138 1199 50
1158 1174 1216 1201 697

1105 2030 1140 2058 51
1163 2031 1222 2057 698

1258 1172 1295 1198 57

1263 2029 1301 2056 56

1747 146 1863 180 (ta—>313

1315 261 1362 282 que
1374 254 1513 276 iudici-ntur
1529 254 1545 275 ii
1554 270 1559 280 ,
1571 254 1611 281 qui
1626 253 1783 276 indemnatos
1793 262 1807 276 a
1818 262 1863 283 po-

1316 288 1374 316 pulu
1387 289 1420 309 cit
1429 295 1454 309 es
1468 288 1593 309 Romanos
1607 288 1788 310 interfecerint.

1319 345 1387 370 ίόω.
1401 345 1429 370 L.
1448 344 1674 378 Calpurniusl'iao.
1689 347 1716 371 Λ.
1732 346 1865 370 Gabinius.

1351 399 1440 421 (lic-:ro
1461 402 1537 421 mutat
1554 402 1646 422 vestem
1662 403 1685 421 et
1700 400 1807 428 pullatus
1822 406 1866 427 pu-

1318 433 1376 461 pulo
1406 433 1535 461 supplicat.
1572 435 1708 456 Senatores
1736 436 1759 454 ct
1781 433 1868 460 viginti

1318 467 1395 488 millia
1407 467 1497 488 civium
1509 467 1569 488 stris
1583 474 1609 488 sc
1629 468 1738 489 vestibus
1754 467 1868 488 induunt.

1318 501 1439 522 Extremo
1452 508 1536 522 mcnsc
1548 500 1638 522 Martio
1647 501 1712 522 ultro
1720 501 1744 522 in
1752 500 1868 522 exsilium

1318 534 1491 562 proficiscitur.
1513 534 1615 555 Clodius
1627 534 1656 555 dc
1670 534 1723 555 cius
1734 534 1825 556 exsilio
1839 533 1868 554 ad

1319 568 1437 595 populum
1451 569 1535 589 refert.
1566 569 1659 589 Auctor
1670 570 1715 589 est.
1727 570 1751 589 ut
1764 575 1795 589 ne
1807 567 1871 589 intra

1319 601 1362 623 xl.
1380 602 1457 623 millia
1471 608 1586 629 passuum
1599 601 1621 622 ci
1633 609 1687 623 csse
1698 601 1780 622 liceat.
1818 601 1869 622 Du-

1319 641 1372 656 mos
1385 635 1513 657 Ciceronis
1527 637 1550 656 et
1564 635 1634 656 villus
1646 635 1764 656 incendit.

1352 669 1439 690 Cicero
1452 676 1536 690 mense
1548 669 1722 690 Martianonm
1733 668 1870 696 profectus.

1320 702 1451 724 Brundisio
1472 702 1663 730 Dyrrhachium,
1679 702 1736 724 inde
1754 701 1870 729 Cyzicum

1300 734 1303 770 ἲ,
1320 736 1408 761 iturus.
1429 736 1634 757 Thessalonicam
1654 736 1733 757 seuit.
1751 735 1790 757 uhi
1807 734 1871 763 apud

1321 770 1364 790 (In.
1389 769 1530 797 Plancium,
1557 769 1582 791 l..
1608 769 1723 797 Appuleii
1748 768 1872 796 praetoris

1302 804 1303 807 ’
1320 805 1488 830 quaestorem,
1500 810 1544 831 per
1557 803 1598 824 vu
1613 810 1710 824 menses
1721 805 1811 824 manet.

1354 836 1394 858 lv.
1415 836 1470 858 Kal.
1491 837 1659 859 Novembres.
1681 836 1799 864 Pompeio
1820 842 1871 857 non

1302 867 1303 874 ¹
1321 870 1368 892 inm
1389 870 1532 897 obnitente,
1548 870 1640 892 tribuni
1660 869 1740 898 legem
1752 869 1782 891 de
1799 869 1871 890 Cice-

1321 903 1390 925 ronis
1406 904 1486 925 reditu
1499 904 1666 933 promulgant.
1678 915 1711 920 —
1729 903 1830 924 Interim
1842 902 1872 927 Q.

1321 937 1410 959 Cicero
1422 944 1452 959 ex
1464 937 1524 959 Asia
1536 937 1608 959 redit.

1355 971 1472 994 Nascitur
1491 971 1520 992 T.
1543 971 1637 993 Livius.
1670 971 1762 992 Caesar
1777 969 1827 991 abit
1843 969 1873 991 sd

1322 1005 1413 1027 bellum
1425 1004 1556 1026 Gallicum.
1579 1004 1682 1026 Clodius
1693 1003 1773 1032 legem
1786 1003 1834 1025 tert
1844 1002 1874 1024 de

1322 1039 1466 1061 Ptolemaeo
1484 1038 1560 1066 Cypri
1580 1045 1640 1067 rege
1657 1037 1783 1065 pellendo,
1801 1035 1874 1059 bonis

1323 1073 1376 1094 eius
1396 1072 1552 1100 publicandis
1563 1073 1587 1094 et
1599 1078 1678 1101 regno
1691 1071 1716 1093 in
1727 1070 1874 1099 provinciae

1323 1107 1428 1128 formam
1441 1105 1588 1134 redigendo.

1326 1171 1393 1198 Coss.
1414 1171 1441 1197 P.
1459 1171 1592 1197 Cornelius
1606 1170 1729 1196 Lentulus
1743 1169 1873 1203 Spinther,

1398 1208 1427 1240 Q.
1442 1208 1569 1235 Caecilius
1581 1208 1699 1235 Metellus
1713 1207 1806 1241 Nepos.

1358 1263 1479 1286 Lentulus
1495 1270 1546 1285 cos.
1559 1263 1639 1292 legem
1651 1263 1699 1285 fert
1710 1263 1739 1285 de
1752 1263 1876 1284 Cicerone

1323 1298 1478 1325 revocando,
1494 1304 1641 1325 quamquam
1657 1297 1732 1318 armis
1750 1296 1876 1318 renitente

1325 1331 1429 1359 Clodio,
1454 1332 1640 1358 comprobatam
1660 1332 1744 1352 tamen
1768 1329 1876 1352 tribunis

1325 1365 1357 1393 pl.
1370 1367 1395 1387 et
1412 1364 1532 1387 centuriis
1546 1364 1669 1386 omnibus.

1359 1399 1448 1420 Cicero
1465 1400 1521 1426 post
1535 1398 1558 1419 X
1575 1397 1623 1419 iam
1633 1403 1732 1419 menses
1742 1398 1877 1419 revocatus

1325 1431 1492 1460 Dyrrhachio,
1503 1438 1552 1459 quo
1564 1438 1608 1459 spe
1614 1430 1735 1453 redeundi
1742 1431 1807 1452 facta
1815 1436 1877 1452 con-

1326 1467 1445 1493 cesserat,
1458 1464 1617 1487 Brundisium
1628 1465 1697 1487 venit
1704 1463 1878 1487 NonisScxti-

1327 1499 1399 1528 libus,
1419 1500 1522 1521 Romam
1538 1498 1617 1526 pridie
1630 1499 1695 1521 Non.
1709 1499 1878 1526 Septembres.

1326 1533 1406 1556 Nonis
1425 1533 1563 1560 Septembr.
1583 1534 1608 1554 et
1631 1532 1660 1553 in
1680 1531 1796 1554 Senatu
1817 1530 1879 1553 dicit

1326 1568 1397 1594 post
1415 1566 1565 1594 reditum,
1582 1567 1606 1587 et
1616 1565 1647 1587 ad
1660 1565 1779 1593 populum
1790 1564 1832 1586 vel
1842 1565 1878 1586 ad

1326 1600 1348 1626 Q
1356 1607 1370 1622 u
1378 1600 1385 1621 i
1392 1599 1432 1621 rit
1440 1607 1452 1622 e
1459 1606 1478 1621 s.

1358 1634 1416 1656 Pro
1436 1633 1537 1659 domo,
1553 1639 1625 1660 quam
1642 1632 1744 1654 Clodius
1757 1631 1878 1654 Libertati

1327 1669 1440 1695 voverat,
1452 1667 1515 1694 apud
1523 1667 1654 1694 pontifices
1665 1666 1724 1688 dicit
1735 1665 1815 1694 pridie
1823 1665 1878 1687 Kal.

1327 1702 1458 1723 Octobres.
1493 1700 1588 1722 Domus
1614 1700 1639 1722 in
1665 1699 1775 1728 Palatio,
1804 1699 1878 1721 villae

1326 1734 1471 1757 Tusculana
1482 1736 1506 1756 et
1517 1733 1653 1756 Formiana
1663 1733 1762 1761 publice
1773 1733 1877 1755 restitu-

1327 1771 1411 1790 untur.

1359 1802 1455 1824 Auctor
1466 1802 1513 1828 est,
1526 1803 1552 1823 ut
1562 1800 1682 1829 Pompeio
1695 1807 1755 1822 cura
1762 1806 1878 1822 annonae

1327 1842 1372 1864 per
1384 1835 1531 1857 universum
1547 1836 1633 1857 orbem
1643 1834 1669 1856 in
1681 1833 1878 1862 quinquennium

1327 1869 1504 1891 committatur.
1534 1869 1603 1890 Unus
1614 1875 1627 1890 e
1637 1868 1683 1890 XV
1699 1867 1788 1896 legatis
1796 1883 1803 1896 ‚
1815 1873 1879 1894 quos

1308 1916 1309 1940 ζ
1328 1902 1393 1925 hunc
1409 1902 1435 1924 in
1452 1909 1523 1924 usum
1539 1902 1583 1924 ille
1598 1902 1643 1924 sibi
1659 1901 1782 1929 adiunxit,
1794 1900 1824 1926 Q.
1836 1900 1879 1922 Ci-

1328 1943 1386 1959 cero
1398 1936 1424 1958 in
1437 1935 1578 1958 Sardiniam
1588 1935 1763 1964 proficiscitur.
1774 1935 1809 1956 M.
1817 1934 1878 1956 Cato

1327 1971 1411 1999 Cypro
1422 1970 1524 1998 recepta
1533 1969 1605 1991 redit.

1331 2027 1398 2054 Coss.
1413 2027 1456 2053 Cn.
1474 2026 1607 2053 Cornelius
1620 2026 1750 2055 Lentulus,
1761 2025 1792 2051 L.
1803 2024 1879 2051 Mar-

1497 2066 1552 2090 cius
1565 2064 1704 2096 Philippus.

1363 2120 1452 2142 Cicero
1468 2119 1636 2142 orationes
1649 2118 1725 2141 habet
1744 2117 1772 2139 in
1791 2118 1878 2139 senatu

1329 2155 1364 2177 de
1386 2155 1466 2182 Rege
1481 2152 1663 2175 Ptolemaeo
1685 2152 1711 2174 in
1726 2157 1880 2180 regnumre-

1329 2187 1465 2215 stituendo‚
1483 2193 1538 2215 pro
1561 2187 1587 2208 P.
1613 2185 1733 2212 Sestio,
1753 2184 1782 2206 in
1796 2183 1880 2205 Vati-

1309 2288 1312 2311 l

1310 2326 1312 2344 ι

1311 2590 1314 2614 4

1328 2222 1426 2249 nium,
1446 2227 1499 2249 pro
1511 2221 1545 2242 M.
1566 2219 1687 2247 Caelio,
1700 2219 1741 2240 ΙΙΙ.
1760 2217 1795 2239 ld.
1806 2217 1879 2239 Febr.

1328 2261 1382 2284 pro
1395 2254 1508 2276 Bestia.
1528 2254 1582 2275 Hoc
1597 2259 1696 2281 quoque
1705 2258 1770 2274 anno
1782 2252 1824 2272 ant
1834 2257 1880 2273 an-

1329 2288 1439 2311 teadixit
1449 2287 1625 2316 proAscitio
1637 2288 1661 2308 et
1670 2284 1880 2314 proAti-atino.

1363 2321 1471 2344 Tulliam
1486 2322 1544 2349 post
1559 2320 1657 2342 Pisonis
1673 2318 1761 2347 sponsi
1774 2319 1880 2340 mortem

1329 2355 1410 2384 pridie
1438 2355 1504 2377 Non.
1531 2354 1611 2382 April.
1635 2352 1713 2375 Furio
1738 2350 1881 2379 Crassipedi

1329 2389 1444 2418 spondet.

1363 2422 1452 2444 Cicero
1474 2421 1548 2444 novis
1575 2419 1657 2442 Clodii
1684 2418 1773 2441 aedilis
1800 2418 1881 2440 turbis

1331 2458 1470 2479 commotus
1485 2454 1613 2477 orationes
1631 2453 1706 2475 habet
1724 2453 1760 2474 de
1778 2453 1839 2474 Har
1847 2459 1881 2473 u-

1330 2490 1446 2518 spicum
1461 2488 1641 2516 responsis,
1657 2487 1690 2509 de
1701 2485 1881 2515 provinciis

1331 2521 1566 2549 consularibus,
1587 2527 1642 2549 pro
1673 2521 1700 2542 L.
1729 2518 1880 2542 Cornelio

1330 2556 1404 2579 Balb
1411 2562 1435 2578 o.

1363 2590 1405 2612 Fit
1416 2587 1572 2617 plebiscitum
1583 2587 1612 2609 de
1623 2586 1767 2609 Ptolemaeo
1778 2592 1830 2608 non
1839 2592 1881 2607 re-

1331 2623 1453 2646 ducendo.
1473 2623 1564 2644 Caesar
1571 2621 1654 2643 Lucae
1663 2620 1798 2643 hibernans
1806 2620 1881 2641 Pom—

1331 2658 1415 2687 peium
1429 2658 1453 2678 et
1468 2657 1585 2678 Crassum
1600 2655 1631 2676 ad
1645 2661 1672 2676 se
1685 2656 1788 2676 vocatos
1798 2653 1881 2682 rogat,

1332 2694 1359 2714 ut
1373 2690 1530 2713 consulatum
1545 2690 1661 2717 peterent
1672 2689 1695 2710 et
1705 2688 1732 2710 L.
1743 2686 1881 2709 Domitium
