1941 3052
383 123 748 150 ACADEMICORUM
778 121 983 149 PRIORUM
1014 122 1095 148 LIB.
1127 123 1162 149 11.
1193 122 1327 149 CAP.l

91 195 172 222 rebus
191 193 305 225 auditis,
329 194 444 230 cognitis
464 195 544 220 etiam
560 193 727 229 reliquorum
742 194 882 220 sententiis

91 232 291 264 iudicaverunt,
309 236 354 258 aut
381 240 407 258 re
419 231 501 258 semel
514 231 604 258 audita
627 236 706 266 atque
717 231 750 257 ad
761 232 843 258 unius
854 239 882 257 se

91 269 275 296 auctoritatem
298 268 478 295 contulerunt.
519 268 586 300 Sed,
608 270 698 295 nescio
718 277 772 303 quo
792 268 880 300 mode,

91 306 214 342 plerique
234 314 322 332 errare
345 306 462 337 malunt,
480 314 595 341 eamque
610 306 783 337 sententiam,
801 314 882 340 quam

91 343 297 374 adamaverunt,
321 344 523 379 pugnacissime
543 343 700 374 defendere,
722 352 804 378 quam
824 343 882 369 sine

91 381 246 416 pertinacia,
259 381 326 416 quid
338 381 554 408 constantissime
565 381 678 412 dicatur,
691 381 844 416 exquirere.

146 418 253 450 Quibus
273 418 306 444 de
326 418 409 445 rebus
428 423 453 446 et
472 418 538 444 alias
557 427 637 453 saepe
657 417 741 445 multa
761 417 882 452 quaesita

91 459 117 482 et
141 455 278 490 disputata
298 460 375 487 sunt,
402 460 428 482 et
447 455 584 491 quondam
604 456 632 482 in
653 456 785 482 Hortensii
807 454 881 486 villa,

91 501 161 527 quae
181 498 222 519 est
241 492 275 519 ad
295 492 400 524 Baulos,
423 501 509 528 quum
529 501 560 519 eo
575 492 686 519 Catulus
701 497 728 519 et
741 492 881 523 Lucullus,

91 538 194 565 nosque
210 530 264 565 ipsi
279 530 409 565 postridie
426 531 608 561 venissemus,
626 538 707 565 quam
720 529 792 564 apud
803 529 884 556 Catu-

92 567 148 593 lum
170 567 327 594 fuissemus.
367 567 425 600 Quo
440 567 552 602 quidem
567 568 647 594 etiam
663 568 795 593 maturius
806 567 884 593 veni-

92 613 153 631 mus
161 625 167 635 ,
179 604 252 639 quod
263 609 319 632 erat
328 605 504 632 constitutum
512 626 518 636 ,
530 606 554 631 si
565 609 661 631 ventus
672 609 756 635 esset,
771 603 884 630 Lucullo

91 643 120 668 in
140 641 359 676 Neapolitanum,
385 642 454 669 mihi
479 643 506 669 in
530 642 723 676 Pompeianum
744 642 881 677 navigare.

92 680 183 711 Quum
199 680 282 715 igitur
296 688 380 714 pauca
396 681 424 706 in
435 684 513 715 xysto
524 679 606 706 locuti
616 687 752 710 essemuS,
769 683 827 705 tum
839 687 885 704 eo-

92 716 154 743 dem
169 718 197 743 in
208 717 294 751 spatio
305 717 486 744 consedimus,
527 717 570 743 IV.
588 718 627 742 lo.
643 717 691 742 Hic
704 715 824 746 Catulus,
838 716 885 742 Et-

92 755 116 780 si
132 754 203 786 heri,
221 755 322 789 inquit,
339 754 380 785 id,
397 754 470 789 quod
486 754 678 789 quaerebatur,
696 761 780 788 paene
795 752 884 787 expli-

92 796 182 818 catum
202 796 255 823 est,
278 796 307 818 ut
326 796 378 818 tota
399 791 454 818 sere
473 792 595 826 quaestio
616 795 723 817 tractata
744 790 880 822 videatur,

92 833 181 856 tamen
200 833 325 863 exspecto
336 837 379 860 ea,
397 837 465 863 quae
477 833 502 855 te
513 827 650 863 pollicitus
661 836 703 859 es,
716 827 837 858 Luculle,
851 827 884 853 ab

91 866 223 893 Antiocho
242 866 347 897 audita,
365 866 511 892 dicturum.
550 865 697 900 Equidem,
715 866 804 900 inquit
819 865 885 891 Hor-

92 903 209 934 tensius,
231 902 281 929 feci
296 903 372 937 plus,
389 911 471 938 quam
490 902 598 930 vellem.
639 903 730 929 Totam
741 903 813 929 enim
828 911 884 928 rem

92 940 204 967 Lucullo
219 941 350 976 integram
366 945 498 967 servatam
512 940 638 975 oportuit.
679 941 712 967 Et
727 945 815 966 tamen
832 939 885 966 sor-

93 982 162 1005 tasse
177 982 282 1004 servata
297 982 347 1005 est.
387 977 409 1004 A
425 986 468 1004 me
483 978 556 1004 enim
572 986 616 1009 ea,
633 986 703 1012 quae
720 978 747 1004 in
757 982 884 1012 promptu

91 1019 179 1046 erant,
197 1015 267 1041 dicta
282 1019 359 1042 sunt:
386 1024 400 1041 a
416 1015 528 1042 Lucullo
543 1020 632 1042 autem
648 1015 826 1042 reconditiora
837 1014 886 1041 de—

91 1052 190 1079 sidero.
231 1053 299 1079 Tum
317 1052 376 1084 ille,
393 1053 451 1079 Non
466 1061 543 1084 sane,
558 1053 658 1087 inquit,
673 1053 809 1083 Hortensi,
822 1061 886 1078 con-

91 1090 181 1117 turbat
192 1098 234 1116 me
245 1090 410 1125 exspectatio
421 1095 479 1123 tua;
511 1091 561 1116 etsi
573 1089 642 1116 nihil
654 1095 695 1117 est
706 1091 753 1121 iis,
766 1091 814 1125 qui
826 1089 887 1124 pla-

91 1135 151 1154 cere
163 1127 270 1158 volunt,
288 1132 342 1154 tam
353 1127 553 1154 adversarium:
581 1127 629 1154 sed
640 1128 703 1162 quia
718 1136 770 1154 non
784 1127 883 1158 laboro,

91 1173 174 1199 quam
187 1164 264 1191 valde
275 1173 319 1196 ea,
332 1173 402 1200 quae
413 1165 487 1196 dico,
500 1164 661 1199 probaturus
673 1165 739 1196 sim,
752 1173 783 1191 eo
795 1165 885 1191 minus

91 1202 246 1229 conturbor.
278 1203 368 1229 Dicam
379 1203 461 1234 enim,
476 1211 524 1228 nec
535 1211 603 1234 mea,
617 1211 666 1229 nec
679 1211 718 1233 ea,
732 1203 760 1228 in
771 1203 883 1237 quibus,

91 1240 116 1266 si
127 1248 189 1266 vera
201 1248 253 1266 non
266 1239 373 1271 fuerint,
387 1249 440 1266 non
452 1240 524 1266 vinci
535 1248 578 1265 me
589 1239 691 1271 malim,
704 1248 786 1275 quam
794 1240 886 1266 vince-

91 1285 130 1303 re.
157 1276 210 1303 Sed
225 1277 388 1308 mehercule,
402 1282 431 1304 ut
441 1277 553 1312 quidem
565 1286 637 1305 nuuc
647 1286 676 1303 se
687 1286 782 1304 caussa
794 1277 883 1308 habet,

92 1315 144 1341 etsi
155 1314 281 1341 hesterno
291 1323 414 1341 sermone
427 1314 556 1341 labefacta
567 1320 616 1346 est,
630 1315 698 1341 mihi
710 1320 798 1342 tamen
809 1314 887 1341 vide-

92 1356 136 1379 tur
155 1360 214 1378 esse
234 1353 386 1378 verissima.
426 1352 511 1387 Agam
531 1353 624 1388 igitur,
647 1353 718 1379 sicut
738 1352 886 1379 Antiochus

92 1389 199 1424 agebat.
240 1390 305 1416 Nota
317 1390 390 1415 enim
402 1390 470 1416 mihi
482 1398 524 1416 res
535 1394 585 1416 est.
617 1391 684 1416 Nam
695 1395 721 1416 et
731 1398 817 1416 vacuo
828 1390 887 1416 ani-

92 1435 136 1454 mo
162 1426 241 1453 illum
264 1427 418 1458 audiebam,
441 1431 466 1453 et
487 1436 584 1463 magno
603 1427 706 1459 studim
739 1427 832 1453 eadem
853 1426 887 1453 de

92 1473 120 1490 re
136 1465 218 1491 etiam
233 1465 356 1499 saepius:
383 1468 412 1491 ut
426 1465 506 1491 etiam
519 1466 646 1491 maiorem
657 1466 885 1500 exspectationem

92 1502 145 1528 mei
159 1501 264 1532 faciam,
278 1510 360 1536 quam
372 1501 450 1528 modo
462 1501 524 1528 fecit
535 1503 701 1529 Hortensius.
745 1504 784 1529 ll.
796 1502 885 1534 Quum

92 1540 128 1566 ita
148 1543 219 1566 esset
238 1547 360 1570 exorsus,
383 1539 415 1565 ad
437 1539 604 1566 audiendum
615 1540 718 1566 animos
738 1541 886 1566 ereximus.

93 1577 126 1603 At
147 1576 206 1608 ille,
228 1576 318 1608 Quum
343 1576 521 1604 Alexandriae
542 1586 590 1612 pro
610 1582 764 1612 quaestore,
787 1577 884 1612 inquit,

92 1622 196 1645 essem,
214 1612 265 1640 fuit
280 1614 428 1640 Antiochus
442 1622 559 1645 mecum,
571 1619 597 1641 et
607 1619 662 1641 erat
674 1615 726 1641 iam
738 1619 813 1641 antea
825 1614 887 1641 Ale-

93 1651 221 1678 xandriae
243 1650 384 1677 familiaris
404 1651 529 1679 Antiochi
545 1651 695 1678 Heraclitus
709 1653 821 1688 Tyrius,
838 1653 887 1687 qui

92 1693 119 1715 et
134 1688 330 1716 Clitomachum
347 1688 445 1715 multos
461 1698 545 1716 annos
560 1694 586 1716 et
598 1689 738 1716 Philonem
750 1689 884 1723 audierat,

93 1726 174 1753 homo
189 1734 254 1752 sane
272 1726 298 1753 in
316 1727 366 1752 ista
379 1726 564 1761 philosophia,
582 1735 652 1761 quae
669 1736 740 1754 nunc
751 1736 833 1762 prope
844 1727 887 1754 di-

93 1764 176 1790 missa
189 1769 336 1794 revocatur,
350 1763 486 1798 probatus,
500 1769 525 1791 et
537 1764 650 1791 nobilis:
671 1773 734 1791 cum
746 1773 800 1799 quo
810 1765 888 1791 Anti-

93 1801 192 1828 ochum
208 1810 288 1835 saepe
304 1801 487 1836 disputantem
500 1802 658 1829 audiebam:
681 1802 730 1829 sed
741 1807 887 1837 utrumque

94 1838 199 1866 leniter.
240 1839 273 1865 Et
286 1839 398 1873 quidem
414 1839 459 1865 isti
476 1839 539 1866 libri
553 1839 608 1866 duo
623 1839 758 1869 Philonis,
776 1839 809 1866 de
824 1840 888 1874 qui-

94 1875 147 1902 bus
167 1876 226 1902 heri
245 1875 349 1903 dictum
365 1885 378 1902 a
394 1876 488 1903 Catulo
503 1881 556 1908 est,
574 1881 631 1903 tum
647 1882 722 1903 erant
737 1877 809 1903 allati
826 1876 888 1903 Ale-

95 1913 250 1944 xandriam,
268 1917 380 1948 tumque
392 1914 510 1948 primum
523 1915 550 1940 in
565 1914 688 1941 Antiochi
699 1923 796 1941 manus
806 1923 888 1941 venc-

96 1954 167 1976 rant:
196 1954 221 1976 et
236 1950 316 1977 homo
331 1955 425 1977 natura
441 1950 599 1977 lenissimus
609 1950 688 1986 (nihil
702 1953 775 1978 enim
787 1956 889 1986 poterat

96 1987 153 2013 ficri
170 1986 216 2013 illo
232 1987 335 2022 mitius)
349 1987 510 2014 stomachari
524 1992 612 2014 tamen
623 1989 721 2023 coepit.
762 1989 887 2015 Mirabar.

95 2025 190 2059 Neque
205 2025 279 2051 enim
295 2033 425 2059 umquam
436 2029 512 2052 antea
525 2025 655 2052 videram.
695 2026 728 2052 At
739 2025 793 2057 ille,
808 2027 889 2053 llcra—

94 2062 153 2089 cliti
168 2062 326 2088 memoriam
342 2061 501 2097 implorans,
518 2071 646 2097 quaerere
657 2071 690 2089 ex
704 2072 749 2094 eo,
763 2063 889 2090 videren—

96 2104 174 2127 turne
191 2098 236 2126 illa
250 2099 386 2131 Philonis,
403 2104 449 2126 aut
464 2108 493 2126 ea
510 2108 575 2126 num
588 2099 629 2126 vel
641 2108 655 2126 e
667 2100 787 2131 Philone,
802 2100 889 2127 velex

97 2136 153 2164 ullo
187 2136 347 2163 Academico
376 2136 527 2164 audivisset
557 2137 712 2172 aliquando.
754 2138 886 2173 Negabat:

96 2174 218 2201 Philonis
230 2178 317 2200 tamen
329 2174 459 2209 scriptum
471 2174 642 2210 agnoscebat.
674 2175 727 2201 Nec
738 2175 766 2201 id
777 2175 888 2210 quidem

95 2211 216 2239 dubitari
232 2215 346 2246 poterat:
376 2220 437 2238 nam
453 2211 563 2238 aderant
577 2212 630 2238 mei
641 2211 800 2243 familiares,
818 2213 888 2239 docti

97 2249 230 2279 homines,
244 2249 272 2275 P.
285 2253 311 2276 et
321 2248 351 2276 C.
364 2248 440 2279 Selii.
453 2253 479 2275 ct
489 2248 615 2276 Tetrilius
626 2250 726 2285 Bogus,
738 2250 786 2284 qui
797 2258 826 2276 se
842 2250 888 2276 illa

96 2285 206 2313 audisse
216 2286 313 2313 Romae
324 2285 358 2312 dc
372 2285 492 2317 Philone,
508 2290 534 2312 et
545 2286 578 2312 ab
589 2295 619 2313 eo
631 2287 690 2321 ipso
700 2287 768 2314 duos
781 2287 841 2314 illos
857 2287 889 2313 li-

96 2323 158 2350 bros
173 2323 294 2350 dicerent
308 2323 495 2358 descripsisse.
535 2323 605 2350 Tum
619 2328 645 2350 ct
660 2324 705 2351 illa
716 2324 786 2351 dixit
797 2325 890 2351 Antio—

95 2361 174 2392 chus,
187 2369 256 2396 quae
268 2361 325 2387 heri
337 2361 448 2388 Catulus
459 2361 679 2387 commemoravit
688 2370 701 2388 a
709 2366 782 2396 patre
791 2370 840 2388 suo
846 2362 889 2388 di-

96 2402 137 2425 cta
148 2398 269 2430 Philoni,
286 2403 312 2425 et
323 2398 373 2426 alia
385 2398 476 2433 plura:
509 2406 558 2424 nec
567 2406 596 2425 se
608 2399 706 2429 tenuit.
719 2399 786 2434 quin
798 2404 888 2426 contra

96 2444 178 2463 suum
192 2435 328 2463 doctorem
345 2435 445 2462 librum
460 2435 541 2462 etiam
555 2435 658 2466 ederet,
675 2436 723 2470 qui
741 2436 834 2463 Sosus
847 2437 889 2463 in-

95 2473 234 2500 scribitur.
277 2475 316 2500 ⁴2.
334 2473 402 2500 Tum
418 2473 510 2509 igitur,
523 2476 549 2499 et
561 2481 646 2508 quum
659 2472 819 2500 Heraclitum
831 2478 889 2500 stu-

96 2510 172 2537 diose
183 2510 306 2538 audirem
317 2515 407 2538 contra
419 2510 580 2537 Antiochum
591 2509 778 2541 disserentem,
792 2511 887 2537 etitem

96 2547 259 2574 Antiochum
270 2552 360 2575 contra
371 2547 555 2577 Academicos,
568 2547 631 2573 dedi
643 2547 887 2583 Antiochooperam

96 2584 265 2620 diligentius,
287 2589 317 2612 ut
336 2593 459 2612 caussam
483 2593 517 2611 ex
536 2592 567 2611 eo
587 2589 667 2611 totam
687 2593 886 2620 cognoscerem.

97 2623 188 2657 itaque
203 2621 355 2658 complures
369 2622 443 2654 dies,
460 2621 582 2649 adhibito
593 2621 733 2653 Heraclito,
746 2622 886 2658 doctisque

95 2658 296 2695 compluribus,
308 2664 334 2687 et
345 2660 373 2688 in
385 2659 428 2687 his
438 2659 563 2688 Antiochi
575 2659 654 2687 fratre
664 2659 761 2691 Aristo,
774 2664 800 2687 ct
810 2668 887 2695 prae-

1353 137 1388 142 -—-
1409 124 1433 149 6.
1676 125 1724 150 979

933 198 1004 220 terea
1024 193 1147 220 Aristone
1167 197 1194 220 et
1212 193 1309 224 Dione,
1326 193 1428 229 quibus
1444 192 1490 220 ille
1505 193 1656 221 seeundum
1672 194 1726 221 fra-

934 235 1002 257 trem
1022 230 1171 265 plurimum
1187 230 1335 262 tribuebat,
1353 230 1470 258 multum
1488 232 1616 266 temporis
1632 232 1660 259 in
1675 232 1726 259 ista

934 277 987 294 una
998 267 1179 302 disputatione
1193 269 1425 302 consumpsimus.
1466 268 1519 294 Sed
1531 277 1560 295 ea
1572 277 1643 303 pars,
1656 277 1726 304 quae

933 310 1023 332 eontra
1044 304 1183 331 Philonem
1204 309 1268 336 erat,
1290 305 1524 340 praetermittenda
1547 311 1597 334 est.
1636 307 1727 333 Minus

934 343 1006 369 enim
1022 350 1082 368 acer
1096 347 1137 368 est
1151 342 1321 369 adversarius
1332 344 1369 374 is,
1382 344 1430 378 qui
1442 344 1501 375 ista,
1514 351 1583 378 quae
1594 349 1658 371 sunt
1669 344 1727 371 heri

934 379 1054 411 defensa,
1068 384 1147 415 negat
1158 379 1332 406 Academicos
1343 381 1453 407 omnino
1464 380 1564 407 dicere.
1585 381 1643 408 Etsi
1654 382 1728 408 enim

935 417 1077 447 mentitur,
1094 421 1183 443 tamen
1197 421 1237 443 est
1252 417 1422 444 adversarius
1435 417 1528 444 lenior.
1569 418 1609 445 Ad
1621 419 1728 446 Arcesi-

935 453 988 481 lam
999 453 1218 489 Carneademque
1229 455 1382 481 veniamus.

990 492 1022 518 V.
1047 493 1086 517 13.
1109 491 1182 523 Quae
1202 500 1287 525 quum
1303 492 1431 523 dixisset,
1450 493 1490 519 sic
1505 501 1600 519 rursus
1615 501 1728 520 exorsus

934 533 986 555 est:
1013 529 1133 554 Primum
1153 528 1221 554 mihi
1237 528 1369 556 videmini
1388 529 1441 564 (me
1455 534 1545 556 autem
1561 531 1670 556 nomine
1681 538 1730 565 ap-

934 565 1069 600 pellabat),
1094 574 1180 600 quum
1201 570 1304 592 veteres
1325 567 1452 602 physicos
1466 568 1624 597 nominatis,
1643 566 1728 594 facere

935 603 1021 634 idem,
1039 603 1112 637 quod
1127 603 1250 629 seditiosi
1265 604 1339 630 cives
1355 604 1454 635 solent,
1471 613 1557 639 quum
1574 605 1679 640 aliquos
1695 613 1729 631 ex

934 641 1054 675 antiquis
1074 640 1159 666 claros
1179 641 1252 667 viros
1273 640 1424 675 proferunt,
1446 650 1515 676 quos
1535 642 1625 669 dicant
1645 641 1729 668 fuisse

934 678 1087 712 populareS,
1100 682 1131 704 ut
1141 686 1234 704 eorum
1249 678 1302 712 ipsi
1315 678 1419 705 similes
1430 688 1489 706 esse
1501 679 1652 706 videantur.
1678 680 1730 706 Re-

935 720 1030 749 petunt
1041 724 1055 741 a
1066 716 1095 741 P.
1108 714 1222 745 Valerio,
1235 716 1297 749 qui,
1310 716 1411 742 exactis
1423 717 1543 751 regibus,
1559 717 1647 751 primo
1659 725 1728 743 anno

934 752 1028 778 consul
1041 752 1104 778 fuit:
1130 758 1340 780 commemorant
1350 753 1481 788 reliquos,
1498 755 1546 789 qui
1559 754 1631 789 leges
1643 762 1730 789 popu-

937 789 1005 815 lares
1021 789 1054 815 de
1069 790 1307 824 provocationibus
1318 790 1437 822 tulerint,
1450 800 1535 826 quum
1551 791 1676 818 consules
1687 800 1731 818 es-

935 831 1008 853 sent:
1032 831 1089 852 tum
1100 826 1133 852 ad
1148 827 1197 853 hos
1208 827 1338 858 notiores,
1352 828 1381 854 C.
1394 828 1569 859 Flaminium,
1582 829 1631 863 qui
1643 828 1729 863 legem

935 864 1067 899 agrariam
1083 863 1186 898 aliquot
1203 865 1281 890 annis
1295 869 1355 892 ante
1366 865 1517 892 secundum
1528 866 1661 892 Punicum
1673 865 1731 892 bel·

937 901 992 927 lum
1009 901 1135 928 tribunus
1150 901 1239 935 plebis
1255 901 1359 933 tulerit,
1377 903 1462 929 invito
1476 907 1585 934 senatu,
1604 907 1629 930 et
1640 908 1730 938 postea

936 939 978 965 bis
994 938 1088 965 consul
1105 938 1190 965 sactus
1201 938 1246 965 sit.
1287 940 1317 966 L.
1329 939 1464 971 Cassium,
1477 940 1508 973 Q.
1520 941 1679 975 Pompeium
1690 940 1731 967 illi

936 976 1062 1011 quidem,
1079 976 1160 1002 etiam
1178 976 1208 1002 P.
1224 975 1381 1004 Africanum
1393 977 1491 1004 referre
1503 978 1530 1004 in
1542 977 1669 1004 eumdem
1681 986 1732 1004 nu-

937 1022 1042 1041 merum
1061 1013 1156 1040 solent.
1196 1014 1268 1040 Duos
1292 1023 1355 1041 vero
1369 1016 1583 1049 sapientissimos
1599 1020 1625 1042 et
1638 1015 1733 1042 claris-

937 1052 1021 1078 simos
1036 1050 1139 1082 fratres,
1157 1051 1186 1077 P.
1197 1050 1325 1078 Crassum
1336 1056 1362 1078 et
1374 1052 1404 1078 P.
1420 1052 1586 1083 Scaevolam.
1603 1053 1678 1079 aiunt
1689 1053 1730 1078 Ti.

937 1089 1058 1116 Graccho
1072 1093 1195 1115 auctores
1211 1088 1302 1124 legum
1318 1088 1416 1121 fuisse,
1434 1090 1548 1117 alterum
1564 1090 1690 1125 quidem,
1704 1095 1733 1116 ut

937 1126 1071 1157 videmus,
1088 1126 1190 1161 palam,
1209 1126 1332 1158 alterum,
1347 1127 1730 1162 utsuspicantur,obscurius.

936 1163 1048 1190 Addunt
1067 1164 1148 1190 etiam
1167 1163 1196 1190 C.
1218 1164 1346 1191 Marium:
1377 1169 1404 1191 et
1419 1165 1451 1191 de
1468 1165 1518 1192 hoc
1533 1165 1645 1200 quidem
1662 1164 1731 1191 nihil

937 1202 1114 1228 mentiuntur.
1154 1201 1255 1228 Horum
1278 1202 1436 1229 nominibus
1452 1207 1488 1229 tot
1512 1203 1631 1229 virorum
1652 1207 1733 1237 atque

938 1243 1070 1265 tantorum
1091 1239 1235 1273 expositis,
1257 1248 1350 1266 eorum
1371 1248 1400 1266 se
1422 1241 1575 1267 institutum
1596 1240 1675 1274 sequi
1691 1239 1733 1266 di-

936 1281 1010 1303 cunt.
1040 1277 1080 1302 ⁴4.
1093 1275 1225 1303 Similiter
1236 1285 1283 1303 vos
1294 1285 1379 1311 quum
1392 1277 1557 1312 perturbare,
1571 1282 1600 1304 ut
1611 1277 1651 1303 illi
1663 1285 1734 1303 rem—

937 1313 1089 1348 publicam,
1110 1314 1150 1340 sic
1165 1322 1213 1340 vos
1233 1314 1433 1349 philosophiam
1451 1315 1518 1341 bene
1534 1316 1587 1341 iam
1601 1315 1732 1341 constitu·

938 1356 990 1377 tam
1002 1350 1102 1382 volitis,
1115 1351 1317 1385 Empedoclem,
1332 1352 1526 1388 Anaxagoram,
1539 1352 1729 1380 Democritum.

938 1388 1138 1419 Parmenidem,
1161 1388 1373 1423 Xenophanem,
1391 1390 1527 1416 Platonem
1543 1390 1623 1416 etiam
1639 1394 1665 1416 et
1683 1389 1733 1416 So—

937 1431 1036 1453 cratem
1049 1425 1182 1460 profertis.
1223 1426 1277 1453 Sed
1297 1435 1384 1462 neque
1400 1427 1542 1454 Saturnius
1557 1427 1596 1461 (ut
1612 1431 1732 1453 nostrum

938 1464 1081 1490 inimicum
1107 1464 1279 1497 potissimum
1305 1465 1452 1499 nominem)
1472 1464 1562 1490 simile
1581 1463 1731 1499 quidquam

939 1501 1034 1527 habuit
1048 1505 1168 1527 veterum
1181 1501 1303 1533 illorum,
1316 1510 1365 1528 nec
1378 1502 1510 1529 Arcesilae
1521 1501 1656 1528 calumnia
1668 1510 1732 1527 con-

939 1538 1046 1565 serenda
1067 1543 1107 1564 est
1127 1547 1189 1565 cum
1211 1539 1353 1565 Democriti
1376 1539 1548 1566 verecundia.
1588 1539 1621 1565 Et
1643 1544 1732 1565 tamen

938 1577 982 1602 isti
1002 1575 1109 1611 physici
1128 1584 1186 1602 raro
1201 1576 1360 1607 admodum,
1374 1586 1459 1612 quum
1472 1577 1583 1603 haerent
1592 1576 1683 1611 aliquo
1695 1576 1734 1602 lo-

938 1622 977 1644 co,
991 1614 1152 1644 exclamant,
1164 1614 1242 1648 quasi
1255 1619 1342 1641 mente
1355 1615 1469 1641 incitati:
1487 1613 1733 1649 Empedoclesqui-

938 1650 1010 1682 dem,
1024 1656 1053 1677 ut
1063 1651 1200 1677 interdum
1211 1652 1280 1678 mihi
1293 1651 1380 1678 furere
1392 1652 1528 1678 videatur:
1554 1651 1677 1678 abstrusa
1689 1660 1732 1677 es-

938 1697 967 1714 se
991 1689 1095 1719 omnia,
1122 1688 1191 1715 nihil
1213 1698 1261 1715 nos
1281 1691 1394 1720 sentire,
1417 1689 1485 1715 nihil
1507 1698 1630 1719 cernere,
1663 1688 1732 1715 nihil

938 1727 1061 1755 omnino,
1084 1725 1164 1760 quale
1179 1727 1228 1756 sit,
1250 1735 1328 1761 posse
1345 1728 1475 1761 reperire:
1499 1728 1626 1753 maiorem
1643 1731 1731 1753 autem

939 1768 1040 1798 partem
1054 1764 1121 1789 mihi
1133 1763 1244 1798 quidem
1258 1773 1352 1790 omnes
1364 1765 1407 1791 isti
1421 1764 1547 1790 videntur
1559 1764 1641 1790 nimis
1651 1764 1731 1790 etiam

938 1800 1072 1836 quaedam
1088 1800 1235 1832 affirmare,
1254 1801 1371 1836 plusque
1387 1802 1503 1836 proliteri
1515 1810 1543 1827 se
1555 1802 1637 1831 scire,
1651 1809 1733 1836 quam

938 1839 1033 1864 sciant.
1077 1839 1116 1865 15.
1137 1838 1215 1871 Quod
1235 1840 1259 1865 si
1279 1839 1318 1865 illi
1334 1844 1390 1866 tum
1408 1840 1434 1866 iu
1450 1840 1528 1865 novis
1543 1839 1637 1868 rebus,
1655 1847 1734 1873 quast

939 1876 1018 1902 modo
1035 1882 1189 1907 nascentes,
1208 1876 1422 1906 haesitaverunt,
1441 1876 1545 1903 nihilne
1559 1882 1595 1903 tot
1605 1876 1731 1904 saeculis.

939 1914 1055 1940 summis
1068 1914 1195 1949 ingeniis,
1211 1915 1337 1941 maximis
1353 1914 1461 1944 studiis,
1475 1914 1639 1948 explicatum
1656 1918 1734 1948 puta-

940 1951 1019 1977 mus?
1039 1960 1141 1981 nonne,
1158 1960 1244 1986 quum
1260 1952 1313 1978 iam
1330 1951 1553 1987 philosophorum
1573 1951 1733 1986 disciplinae

939 1989 1117 2023 gravissimae
1128 1990 1320 2019 constitissent,
1334 1995 1390 2016 tum
1402 1994 1511 2015 exortus
1522 1994 1570 2020 est,
1585 1994 1613 2015 ut
1628 1989 1652 2014 in
1664 1989 1734 2023 opti-

941 2035 983 2052 ma
1000 2026 1139 2061 republica
1156 2027 1197 2053 Ti.
1219 2027 1372 2057 Gracchus,
1389 2027 1438 2061 qui
1453 2028 1538 2053 otium
1555 2026 1731 2061 perturbaret.

940 2063 980 2089 sic
995 2063 1143 2094 ArcesilaS,
1160 2064 1207 2098 qui
1225 2065 1396 2091 constitutam
1416 2063 1616 2098 philosophiam
1631 2068 1734 2089 everte-

941 2104 993 2131 ret,
1011 2105 1037 2127 et
1048 2101 1075 2126 in
1087 2109 1179 2127 eorum
1191 2102 1347 2128 auctoritate
1357 2101 1535 2132 delitesceret,
1548 2102 1595 2136 qui
1609 2101 1734 2135 negavis-

940 2141 1000 2164 sent
1013 2138 1164 2172 quidquam
1184 2139 1247 2164 sciri
1263 2144 1308 2164 aut
1327 2139 1430 2173 percipi
1447 2138 1543 2173 posse?
1583 2138 1703 2170 Quorum
1720 2147 1734 2162 ι·

941 2183 1053 2201 numero
1068 2175 1202 2201 tollendus
1213 2180 1289 2202 estet
1301 2176 1373 2202 Plato
1384 2181 1409 2201 et
1419 2176 1554 2202 Socrates:
1578 2175 1656 2204 alter,
1669 2176 1732 2209 quia

941 2211 1051 2246 reliquit
1083 2212 1306 2246 perfectissimam
1330 2212 1517 2247 disciplinam,
1545 2213 1733 2247 Peripateticos

940 2254 967 2276 et
981 2249 1169 2279 Academicos,
1188 2250 1344 2276 nominibus
1359 2249 1529 2281 differentes,
1544 2259 1570 2276 re
1581 2258 1734 2283 eoiigruen-

941 2292 979 2313 tcs
992 2297 996 2312 :
1022 2295 1036 2312 a
1047 2287 1150 2320 quibus
1162 2287 1244 2313 Stoici
1257 2287 1309 2321 ipsi
1321 2287 1411 2313 verbis
1423 2288 1518 2321 magis,
1532 2296 1613 2321 quam
1625 2291 1734 2312 senten-

941 2324 986 2350 tiis
1001 2323 1201 2350 dissenserunt:
1223 2325 1344 2351 Socrates
1359 2329 1458 2354 autem,
1475 2324 1510 2350 de
1524 2332 1553 2350 se
1568 2325 1626 2358 ipse
1645 2324 1733 2350 ‹letra-

942 2361 1008 2387 hens
1025 2362 1050 2387 in
1062 2361 1258 2396 disputatione,
1272 2361 1334 2396 plus
1344 2361 1480 2388 tribuebat
1491 2361 1533 2389 iis,
1548 2370 1616 2395 quos
1628 2361 1733 2387 volebat

941 2398 1070 2425 refellere.
1112 2400 1147 2425 lta
1163 2407 1248 2434 quum
1264 2399 1338 2425 aliud
1353 2398 1454 2425 diecret
1471 2403 1550 2433 atque
1562 2399 1686 2429 sentiret,
1700 2398 1734 2424 li-

940 2436 1033 2462 benter
1048 2437 1086 2462 uti
1101 2436 1198 2463 solitus
1210 2441 1250 2463 est
1263 2445 1292 2462 ea
1304 2436 1530 2464 dissimulatione.
1543 2444 1625 2470 (piam
1637 2436 1733 2462 Graeci

939 2473 1073 2508 εἰρωνείαν
1087 2478 1195 2501 vocant:
1223 2482 1304 2508 quam
1320 2474 1357 2500 ait
1367 2474 1447 2499 etiam
1465 2473 1491 2499 in
1508 2472 1632 2499 Africano
1649 2472 1732 2499 fuisso

941 2511 1072 2537 Fannius:
1105 2510 1186 2545 idque
1208 2516 1346 2546 propterea
1363 2511 1490 2537 vitiosum
1509 2510 1534 2536 in
1551 2510 1597 2536 illo
1612 2519 1664 2537 uon
1701 2518 1732 2536 u-

940 2547 1060 2578 tandum.
1082 2549 1153 2583 quod
1175 2548 1246 2575 idom
1264 2548 1343 2574 suerit
1359 2549 1385 2574 in
1402 2548 1518 2574 Socrate.
1560 2548 1602 2574 vl.
1622 2549 1661 2574 lG.
1678 2547 1731 2574 Sed

940 2585 1039 2612 suerint
1054 2585 1097 2611 illa
1109 2587 1273 2615 veterihus'.
1291 2586 1314 2611 si
1327 2585 1423 2615 vultis,
1437 2586 1580 2620 incognita.
1623 2584 1731 2611 Nihilne

939 2627 980 2649 est
994 2623 1076 2659 igitur
1091 2628 1194 2654 actum,
1212 2622 1284 2658 quod
1301 2623 1461 2658 investigata
1471 2627 1543 2653 sunt,
1557 2627 1730 2657 posteaquam

938 2660 1086 2692 Arcesilas.
1103 2661 1218 2693 Zenoni,
1236 2665 1264 2688 ut
1275 2664 1396 2696 putatur.
1408 2660 1573 2690 obtrectans,
1587 2659 1656 2687 nihil
1668 2660 1731 2687 novi

1451 2709 1498 2734 1²³
1514 2706 1525 2719 '
