1941 3052
193 128 241 153 800
765 128 806 153 95.

837 127 872 153 M.
902 127 933 153 T.

194 196 336 232 ἦπόρηιιης,
350 202 375 223 et
387 206 432 222 nus
445 196 579 231 public-am
592 205 673 230 prope
683 197 836 230 opinionem
844 197 983 222 secutisu-
1004 203 1013 217 ν·
1033 197 1201 230 suscepistis.

195 243 268 263 mus¹
287 239 314 260 ut
331 234 411 259 multa
430 233 500 267 apud
516 234 639 259 Graecos.
680 233 746 264 Quis
757 234 828 259 enim
841 242 891 259 non
903 233 980 264 dixit,

195 271 319 298 Εὔπολιν,
338 271 380 296 τὸν
396 270 568 304 ιῆςιὶρχιιίας,
585 269 617 295 ιώ
633 269 784 300 Alcibiade,
802 271 943 304 navigante
957 271 982 297 in
1005 274 1013 310 :i
1035 279 1089 296 rem
1112 270 1175 296 fore.

194 307 326 337 Siciliain,
344 306 476 332 deiectum
492 315 550 331 esse
568 307 593 332 in
611 306 700 332 murc‘?
726 307 869 341 lledurguit
892 307 984 333 Erato-
1006 319 1013 342 i,
1034 307 1081 333 sed
1106 308 1224 342 Pompeii
1245 313 1332 334 tamen
1354 307 1493 339 familiari.
1516 310 1618 336 audivi.

350 343 423 369 ufl'ert
443 343 524 372 enini,
541 351 608 377 quas
625 343 668 369 ille
680 348 739 378 post
751 343 776 369 id
789 349 894 378 tempus
907 343 984 370 fabu-
1006 353 1007 360 ¹

194 345 314 370 sthenes:

196 381 234 407 las
255 380 383 406 docuerit.
426 380 494 405 Num
515 379 613 405 idcirco
628 380 706 406 Duris
722 380 843 411 Samius,
863 381 941 407 homo
957 382 982 407 in

196 418 304 444 historia
319 416 445 451 diligens,
458 416 602 451 quodcum
615 417 706 443 multis
717 419 828 447 erravit,
844 418 985 444 irridetur?

194 455 260 486 Quis
272 453 413 479 Zaleucum
429 453 501 487 leges
513 454 900 489 Locrisscripsissenondixit‘!
916 456 984 481 Num

196 492 278 526 igitur
291 491 356 516 iacet
366 489 575 525 Theophrastus,
589 492 611 517 si
625 491 651 517 id
663 501 676 517 a
689 492 805 522 Timaeo.
818 492 985 518 tuofamilia-
1007 499 1008 505 ¹

196 529 227 558 ri,
241 528 433 562 reprehensum
445 527 502 554 est‘?
522 528 574 554 Sed
586 529 688 555 nescire
701 538 829 564 proavum
836 538 915 555 suum
922 538 985 556 cen-

195 573 281 592 sorem
299 574 348 591 non
369 564 465 596 fuisse.
483 569 559 600 turpe
575 570 626 596 est;
659 567 815 601 praesertim
830 575 914 601 quum
927 571 986 601 post

196 611 258 629 euru
273 601 410 628 consulem
429 611 506 628 nemo
518 602 666 634 Cornelius,
681 603 726 629 illo
739 604 809 634 vivo,
823 612 915 630 censor
927 603 986 630 fue-

195 640 239 668 rit.
281 640 319 665 19.
335 638 411 671 Quod
432 639 463 665 dc
482 639 623 666 Philotimo
638 645 663 666 et
677 640 709 666 de
725 640 856 667 solutione
874 641 936 667 ll-S
947 649 984 667 xx

194 685 228 702 nc
251 676 361 708 scril>is·,
395 676 568 703 Philotimum
584 677 690 704 circiter
705 677 816 704 Kalend.
833 679 936 704 Ianuar.
959 679 985 704 in

196 713 391 740 Chersonesum
408 713 488 740 audio
502 715 621 740 venisse:
649 723 679 741 ac
695 715 761 741 mihi
773 715 806 741 ab
817 724 848 742 eo
859 715 926 742 nihil
939 715 986 742 ad·
1008 719 1009 734 ³

197 750 258 777 huc.
299 750 411 785 Reliqua
436 760 493 777 mea
518 751 647 778 Camillus
672 752 766 778 scribit
786 761 814 778 se
835 753 982 787 accepisse;

195 796 225 814 ea
236 797 304 823 quae
315 789 382 818 sint.
402 789 491 814 nescio
501 793 526 815 et
536 797 601 814 aveo
612 789 689 816 scire.
712 790 810 816 Verum
823 790 886 816 haec
898 795 986 824 poste-

196 825 252 851 rius
268 830 293 852 et
306 834 393 851 coram
407 825 515 852 fortasse
526 826 700 853 commodius.

196 862 290 892 Attice,
305 863 330 888 in
342 867 459 889 extrema
472 862 524 888 fere
532 868 603 897 parte
610 863 900 898 epistolaecommovit:
919 866 986 890 scri-

196 899 239 926 bis
250 900 322 926 enirn
334 900 382 930 sic,
399 901 422 926 τί
432 900 540 927 λοιπόνῖ)
560 900 658 927 Deinde
670 909 711 927 me
723 901 847 928 obsecras
858 902 986 928 amantis-

196 937 274 967 sime,
283 945 315 963 ne
326 936 472 963 obliviscar
484 937 603 973 vigilare,
614 943 639 964 et
651 943 679 964 ut
689 939 908 969 animadvertam.
917 947 985 974 quae

188 972 270 1000 ‘fiant
312 974 381 1000 Num
397 974 463 1009 quid
475 974 507 1000 de
521 983 575 1010 quo
592 975 739 1002 inaudisti‘?
767 977 816 1002 etsi
833 976 900 1002 nihil
912 977 986 1002 eius-

198 1010 270 1037 modi
282 1016 330 1037 est.
372 1013 477 1038 ΙΙολλωῦ
487 1022 517 1047 γε
528 1012 571 1038 καὶ
583 1012 630 1039 δεῖ.
672 1013 725 1039 Nec
735 1014 807 1039 enim
820 1022 861 1039 me
874 1013 987 1039 fefellis-

196 1052 250 1079 set,
267 1056 315 1074 nec
332 1047 413 1074 fallet.
453 1048 506 1074 Sed
523 1049 571 1075 ista
587 1049 732 1076 admonitio
746 1055 790 1076 tua
802 1055 854 1077 tam
866 1056 986 1077 accurata

197 1085 287 1111 nescio
297 1085 364 1120 quid
377 1085 442 1111 mihi
455 1086 606 1121 significare
619 1087 675 1113 visa
687 1092 735 1113 est.
757 1089 799 1114 Ἦ.
815 1088 849 1114 De
861 1088 896 1114 M.
909 1088 987 1114 Octa-

197 1123 241 1148 vio
253 1123 348 1148 iterum
362 1123 413 1148 iam
427 1123 474 1149 tibi
487 1123 617 1154 rescribo,
636 1128 659 1150 te
672 1124 711 1150 illi
723 1125 804 1159 probe
816 1125 986 1159 respondisse

197 1159 287 1194 paullo
308 1159 404 1185 vellem
425 1160 560 1186 fidentius.
601 1161 667 1186 Nam
688 1161 794 1187 Caelius
810 1161 935 1188 libertum
953 1162 986 1188 ad

197 1205 239 1222 me
252 1197 325 1223 misit
336 1201 361 1223 et
372 1196 471 1223 litteras
483 1202 603 1224 accurate
614 1199 740 1232 scriptas:
771 1199 818 1225 sed
829 1199 862 1225 de
874 1199 987 1234 panthe-

197 1234 233 1260 ris
250 1233 324 1260 foede
336 1242 366 1259 ac
376 1234 540 1260 civitatibus.
581 1235 729 1270 Rescripsi,
751 1235 864 1262 alterum
877 1245 918 1263 me
930 1245 987 1263 mo-

198 1270 262 1297 leste
279 1270 360 1302 ferre,
377 1272 400 1297 si
415 1279 464 1306 ego
481 1271 506 1297 in
522 1272 638 1298 tenebris
651 1272 772 1304 laterem,
791 1282 839 1299 nec
850 1274 987 1302 audiretur

195 1307 307 1338 Romae,
330 1307 436 1335 nullum
452 1309 477 1334 in
495 1317 552 1336 mea
569 1310 705 1345 provincia
721 1319 877 1343 nummum,
895 1314 947 1339 nisi
960 1314 987 1340 in

197 1353 241 1371 aes
253 1344 385 1377 alienum,
404 1347 520 1382 erogari3
553 1347 686 1382 docuique
703 1358 750 1375 nec
762 1350 830 1376 mihi
845 1350 987 1377 conciliare

196 1384 340 1418 pecuniam
363 1383 441 1409 licere
467 1392 515 1410 nec
540 1384 579 1410 illi
605 1394 712 1420 capere;
745 1388 892 1422 monuique
913 1396 984 1419 eum,

196 1428 277 1455 quem
288 1420 366 1455 plane
377 1420 470 1456 diligo,
484 1426 520 1452 ut,
534 1430 619 1457 quum
631 1422 696 1449 alios
710 1429 869 1454 accusasset.
882 1425 987 1451 cautius

196 1458 312 1484 viveret:
332 1457 400 1484 illud
411 1463 500 1484 autem
512 1458 634 1491 alterum,
647 1460 765 1487 alienum
777 1470 836 1488 esse
846 1463 987 1489 existima-

196 1495 267 1521 tione
288 1503 359 1526 mea,
382 1495 520 1531 Cibyratas
541 1497 654 1531 imperio
674 1506 733 1524 meo
753 1499 862 1533 publice
882 1500 984 1526 venari.

195 1533 237 1559 22.
253 1532 334 1567 Lepta
350 1537 394 1559 tua
405 1533 516 1568 epistola
528 1534 628 1569 gaudio
637 1535 763 1562 exsultat.
802 1537 909 1563 Etenim
919 1537 988 1563 scri-

195 1573 240 1604 pta
250 1569 319 1596 belle
330 1574 378 1601 est.
393 1578 488 1605 meque
499 1571 571 1605 apud
582 1580 644 1597 eum
656 1581 751 1608 magna
762 1573 879 1609 ingratia
886 1575 985 1608 posuit.

195 1606 290 1633 Filiola
311 1611 355 1633 tua
375 1612 482 1643 gratum
502 1608 570 1634 mihi
592 1608 667 1639 fecit,
690 1610 762 1644 quod
778 1611 827 1637 tibi
843 1611 987 1646 diligenter

197 1644 343 1675 mandavit¹
358 1649 387 1670 ut
401 1645 467 1671 mihi
479 1645 762 1674 salutemascriberes:
793 1649 985 1683 gratumetiam

195 1680 276 1707 Pilia:
303 1681 351 1707 sed
368 1681 412 1708 illa
426 1681 587 1714 officiosius,
600 1684 672 1718 quod
683 1684 760 1716 mihi,
774 1693 855 1720 quem
866 1686 919 1712 iam
930 1686 987 1720 pri-

195 1717 257 1744 dem
271 1727 419 1753 numquam
436 1719 513 1746 vidit.
539 1721 623 1756 Igitur
635 1725 662 1747 tu
675 1730 782 1756 quoque
794 1722 907 1749 salutem
919 1723 987 1749 utri-

195 1763 249 1790 que
260 1756 396 1782 ascribito.
418 1757 577 1784 Litterarum
589 1757 711 1784 datarum
722 1759 793 1794 prid.
809 1760 868 1786 Kal.
880 1761 984 1786 Ianuar.

195 1800 307 1818 suavem
319 1792 413 1820 hahuit
423 1794 632 1821 recordationem
643 1795 984 1823 clarissimiiurisiurandi:

195 1829 268 1864 quod
283 1838 332 1865 ego
347 1839 399 1857 non
414 1839 486 1857 eram
499 1831 610 1858 oblitus.
650 1833 763 1868 Magnus
778 1835 850 1860 enim
864 1839 987 1868 praetex—

195 1870 265 1893 tatus
277 1867 323 1893 illo
334 1867 377 1893 die
389 1867 437 1894 sui.
467 1868 554 1895 Habes
565 1869 597 1895 ad
608 1870 706 1899 omnia.
720 1879 780 1901 non,
794 1875 824 1897 ut
833 1871 984 1906 postulasti,

193 1903 294 1938 χρύσεα
317 1906 456 1938 χαλκείων,
484 1906 531 1932 sed
556 1907 630 1940 paria
654 1907 766 1941 paribus
786 1908 984 1942 respondimus.

195 1941 237 1966 23.
252 1940 320 1966 Ecce
330 1946 418 1967 autem
430 1942 481 1968 alia
491 1942 588 1977 pusilla
600 1943 725 1978 epistola,
748 1953 829 1979 quam
842 1954 893 1971 non
905 1945 987 1972 relin-

195 1985 277 2012 quam
288 1977 505 2013 ἀναντιφώνητον.
544 1980 614 2006 Bene
625 1981 778 2008 mehercule
789 1983 875 2016 potuit
887 1983 987 2009 Lucce-

196 2014 239 2040 ius
253 2014 450 2049 Tusculanuni;
478 2017 531 2043 nisi
548 2016 612 2043 sorte
622 2028 672 2044 —z
694 2018 761 2045 solet
775 2020 848 2045 enim
864 2028 925 2046 cum
937 2029 986 2046 suo

195 2051 320 2084 tibicine3
343 2056 368 2078 et
379 2052 461 2079 velim
472 2054 549 2085 scire,
566 2055 628 2089 quis
638 2056 673 2081 sit
686 2060 771 2082 status
783 2057 851 2083 eius.
886 2057 987 2083 Lentu-

196 2087 252 2114 lum
268 2089 378 2123 quidem
391 2095 510 2117 nostrum
521 2092 549 2117 P.
562 2092 593 2118 R.
616 2092 799 2119 Tusculanum
811 2095 987 2128 proscripsis-

195 2133 224 2151 se
235 2126 324 2152 audio.
364 2126 450 2162 Cupio
466 2127 513 2154 hos
529 2129 668 2163 expeditos
683 2130 788 2156 videre:
815 2132 895 2165 cupio
906 2132 985 2157 etiam

196 2162 328 2196 Sestium3
346 2163 423 2195 adde.
436 2165 459 2190 si
471 2165 521 2196 vis,
533 2165 666 2199 Caelium3
685 2167 786 2202 quibus
797 2168 924 2194 omnibus
935 2173 983 2200 est,

251 2200 379 2227 αἴδεσθεν
389 2203 435 2236 μὲν
447 2201 606 2236 ἀνήνασθαι,
618 2204 708 2230 δεῖσαν
720 2204 742 2230 δ’
754 2205 913 2239 ὑποδέχθαι.

194 2237 231 2263 De
251 2237 376 2264 Memmio
391 2239 555 2265 restituendo
571 2245 599 2266 ut
615 2240 695 2267 Curio
710 2243 820 2277 cogitet,
838 2247 863 2269 te
877 2243 986 2269 audisse

194 2279 270 2308 puto.
309 2275 346 2300 De
368 2275 474 2311 Egnatii
494 2277 608 2303 Sidicini
629 2279 750 2309 nomine,
774 2288 822 2305 nec
843 2279 917 2306 nulla
937 2289 986 2306 nec

195 2320 291 2347 magna
306 2320 353 2346 spe
371 2321 476 2340 sumus.
515 2314 665 2346 Pinarium,
678 2324 760 2350 quem
771 2317 839 2343 mihi
850 2325 988 2344 commen-

195 2348 256 2379 das,
269 2348 477 2384 diligentissime
488 2351 625 2378 Deiotarus
636 2357 724 2384 curat,
736 2354 854 2388 graviter
864 2363 984 2390 aegrum.

194 2385 330 2420 Respondi
341 2387 419 2413 etiam
432 2388 538 2414 minori.
578 2390 620 2415 24.
635 2390 684 2420 Tu,
699 2390 914 2420 velim,dumer0
921 2392 988 2418 Lao-

195 2421 294 2454 diceae,
312 2423 340 2449 id
351 2428 402 2455 est,
415 2424 449 2450 ad
461 2425 522 2451 Idus
535 2425 597 2452 Mai.
619 2435 700 2461 quam
711 2428 869 2462 saepissime
880 2437 986 2455 mecum

195 2467 242 2493 per
267 2459 366 2486 litteras
389 2461 553 2496 colloquare:
585 2468 611 2489 et
631 2472 715 2498 quum
735 2465 853 2491 Athenas
868 2467 983 2496 veneris,

195 2496 258 2529 (iarn
274 2498 345 2523 enim
361 2499 478 2525 sciemus
492 2499 525 2525 de
540 2499 621 2526 rebus
636 2500 761 2531 urbanis,
778 2501 811 2528 de
826 2503 983 2536 provinciis,

196 2540 265 2566 quae
279 2535 368 2560 omnia
384 2536 411 2562 in
426 2545 546 2562 mensem
557 2537 682 2564 Martium
693 2543 755 2564 sunt
766 2538 881 2575 collata.)
892 2541 986 2574 utique

196 2568 230 2594 ad
250 2578 292 2595 me
312 2571 463 2599 tabellarios
484 2574 582 2600 mittas.
622 2576 665 2601 25.
685 2574 738 2600 Sed
754 2575 821 2602 heus
836 2581 879 2607 tu,
897 2577 985 2603 iamne

196 2614 244 2632 vos
260 2614 274 2632 a
291 2606 415 2640 Caesare,
432 2618 480 2644 per
493 2611 637 2644 Herodem,
655 2610 752 2638 talenta
767 2612 852 2639 Attica
865 2621 882 2638 L
897 2619 986 2640 extor-

197 2642 289 2669 sistis?
319 2644 348 2670 In
371 2653 438 2680 quo,
455 2651 485 2674 ut
499 2647 592 2680 audio,
609 2657 738 2685 magnum
755 2649 849 2676 odium
864 2650 985 2686 Pompeii

739 828 780 853 20.
799 826 866 853 lllud
878 836 932 858 me,
949 828 985 853 mi
1008 828 1009 852 l

967 127 1237 154 Clutinoxts

1247 198 1408 227 l’utatenim.
1422 207 1485 224 suos
1496 208 1619 226 nummos
1632 210 1677 226 von
1688 201 1822 227 comedis-

1033 243 1074 263 ευ,
1097 234 1235 259 (Lm-narem
1256 235 1281 260 in
1303 235 1458 261 Nemorensi
1479 236 1643 263 aedificando
1667 238 1822 270 ‹litum-nnio-

1218 271 1269 296 lloc
1289 280 1338 305 ego
1358 280 1391 298 ex
1408 272 1435 298 P.
1454 273 1548 302 Vedio.
1567 282 1663 307 magno
1678 275 1820 306 nebulone,

1660 312 1706 337 llic
1723 312 1822 338 Vedius

1037 344 1109 370 venit
1133 345 1199 371 mihi
1219 344 1326 370 obviam
1346 354 1408 371 cum
1429 345 1535 372 duobus
1555 348 1670 378 essedis,
1693 354 1719 374 et
1741 349 1823 375 rheda

1035 382 1113 415 equis
1131 382 1232 411 iuncta,
1250 386 1275 407 et
1292 381 1383 408 lectica
1402 387 1427 408 et
1445 381 1544 409 familia
1557 393 1665 419 magna:
1698 394 1744 420 pro
1759 395 1821 420 qua.

1035 419 1058 444 si
1079 418 1159 444 Curio
1179 418 1264 453 legem
1286 418 1437 453 pertulerit.
1461 420 1643 447 ll—Seentena
1663 423 1760 456 pendat
1777 432 1824 449 ne-

1035 464 1109 481 cesse
1128 460 1178 482 est.
1218 456 1279 481 Erat
1299 461 1432 490 praeterea
1453 458 1650 492 cynocephalus
1672 460 1697 485 in
1713 460 1821 485 essedo:

1036 501 1083 518 nec
1103 492 1211 518 deerant
1230 494 1333 528 onagri.
1374 493 1526 528 Numquam
1548 494 1604 520 vidi
1626 495 1760 522 hominem
1778 505 1824 523 ne-

1036 530 1167 564 quiorem.
1208 529 1260 555 Sed
1271 535 1420 556 extremum
1432 530 1505 557 audi.
1537 531 1696 558 Deversatus
1707 538 1747 559 est
1759 534 1824 560 Lao-

1036 566 1204 601 diceaeapud
1217 567 1371 601 Pompeium
1387 567 1558 594 Vindullum:
1581 568 1618 594 ibi
1630 577 1677 595 sua
1689 569 1822 604 deposuit,

1036 613 1121 639 quum
1135 604 1168 630 ad
1185 613 1226 630 me
1238 603 1372 638 profectus
1383 609 1432 631 est.
1473 605 1583 631 Moritur
1595 606 1699 632 interim
1713 607 1824 633 Vindul-

1038 641 1093 667 lus:
1124 650 1192 676 quae
1213 650 1254 667 res
1270 641 1302 667 ad
1319 642 1443 677 Magnum
1458 642 1614 676 Pompeium
1631 644 1762 677 pertinere
1774 653 1826 679 pu-

1037 678 1149 705 tabatur.
1171 678 1201 705 C.
1215 678 1368 705 Vennonius
1379 679 1489 705 domum
1501 679 1620 706 Vindulli
1634 681 1718 707 venit:
1739 689 1824 716 quum

1036 716 1124 742 omnia
1144 715 1310 751 obsignaret.
1333 716 1360 742 in
1381 716 1512 742 Vedianas
1532 725 1573 742 res
1591 717 1694 743 incidit.
1735 718 1762 744 ln
1782 718 1826 745 his

1038 754 1159 779 inventae
1185 758 1247 779 sunt
1271 753 1391 788 quinque
1417 753 1613 789 plangunculae
1634 759 1823 786 matronarum,

1037 791 1063 816 in
1079 790 1180 825 quihus
1195 799 1246 816 una
1262 791 1359 816 sororis
1377 791 1456 817 amici
1471 791 1523 821 tui,
1541 791 1658 817 hominis
1674 792 1760 822 Bruti,
1776 792 1825 827 qui

1037 827 1086 853 hoc
1102 832 1202 857 utatur,
1225 832 1251 853 et
1266 827 1340 853 illius
1352 827 1459 862 Lepidi,
1477 828 1525 862 qui
1546 828 1610 854 haec
1621 833 1673 854 tam
1685 829 1826 864 negligen-

1037 870 1075 890 ter
1086 863 1160 890 ferat.
1201 864 1269 890 llaec
1284 869 1308 890 te
1320 864 1392 890 volui
1404 868 1602 900 πηρισιορῆσω.

1037 902 1116 928 ambo
1136 900 1205 927 belle
1217 902 1327 928 curiosi.

1642 866 1741 892 Sumus
1752 867 1825 893 enim

1367 903 1408 928 26.
1431 902 1518 928 Unum
1529 903 1608 928 etiam
1622 903 1702 929 velim
1713 905 1823 938 cogites.

1008 962 1009 967 ,
1037 939 1124 965 Audio
1134 939 1252 973 Appium
1264 938 1425 974 προπύλαιον
1437 939 1562 965 Eleusine
1575 939 1669 966 facere.
1702 941 1771 966 Num
1783 941 1825 967 in-

1037 977 1090 1010 epti
1108 975 1253 1007 fuerimus,
1271 976 1294 1002 si
1310 984 1357 1002 nos
1373 984 1480 1011 quoque
1496 976 1654 1003 Academiae
1666 977 1827 1003 fecerimus?

1038 1014 1111 1044 Puto,
1126 1014 1242 1048 inquies.
1282 1013 1351 1048 Ergo
1364 1014 1390 1039 id
1403 1014 1492 1048 ipsum
1503 1014 1605 1040 scribes
1619 1014 1651 1040 ad
1663 1023 1714 1040 me.
1741 1015 1826 1049 Equi-

1037 1050 1098 1076 dem
1122 1050 1197 1076 valde
1219 1051 1291 1085 ipsas
1311 1050 1427 1076 Athenas
1448 1059 1516 1077 amo.
1557 1051 1622 1077 Volo
1642 1060 1700 1077 esse
1717 1051 1826 1086 aliquod

1038 1092 1252 1114 monumentum.
1292 1086 1343 1113 Odi
1368 1087 1448 1113 falsas
1471 1088 1658 1122 inscriptiones
1678 1093 1826 1115 statuarum

1037 1124 1195 1151 alienarum.
1237 1124 1289 1151 Sed
1309 1129 1337 1150 ut
1351 1125 1399 1150 tibi
1412 1124 1540 1159 placebit:
1572 1124 1708 1160 faciesque
1724 1134 1779 1156 me¹
1798 1126 1826 1152 in

1037 1170 1118 1196 quem
1134 1161 1205 1187 diem
1218 1162 1334 1187 Romana
1346 1162 1465 1188 incidant
1477 1163 1616 1197 mysteria,
1633 1163 1772 1189 certiorem
1781 1183 1787 1193 ,
1800 1167 1828 1189 et

1037 1208 1091 1233 quo
1107 1198 1184 1225 modo
1200 1199 1337 1225 hiemariS.
1377 1199 1445 1225 Cura
1458 1204 1487 1225 ut
1497 1199 1595 1225 valeas.
1635 1199 1695 1226 Post
1707 1200 1827 1226 Leuctri-

1037 1245 1095 1264 cam
1107 1245 1228 1273 pugnam
1239 1235 1283 1264 die
1294 1237 1531 1273 septingentesimo
1541 1237 1710 1273 sexagesimo
1720 1237 1824 1273 quinto.

1092 1307 1454 1331 Π.(1,ιυι1ἰεϊ1ι·,Ρ;ιυ11υ,Ἀῐιιιεῐὶυ
1464 1316 1509 1326 tou.
1522 1310 1575 1331 5⁹⁸.)

1219 1351 1386 1379 ClCERO
1414 1351 1582 1379 ATTICO
1610 1351 1639 1378 S.

1094 1391 1116 1415 ⁴.
1139 1383 1235 1420 Quum
1243 1389 1411 1425 Philogenes,
1421 1389 1533 1415 libertus
1545 1394 1616 1419 tuus,
1626 1388 1782 1415 Laodiceam
1792 1388 1827 1415 ad

1039 1434 1080 1452 me
1101 1425 1234 1453 salutandi
1255 1435 1350 1453 caussa
1366 1427 1483 1453 venisset
1497 1431 1521 1452 et
1531 1435 1560 1452 se
1571 1427 1659 1452 statim
1670 1426 1702 1452 ad
1714 1431 1739 1452 te
1750 1426 1828 1452 navi—

1038 1468 1163 1499 gaturum
1175 1472 1233 1490 esse
1245 1463 1354 1494 diceret,
1371 1463 1418 1490 has
1432 1464 1456 1489 ei
1469 1463 1568 1490 litteras
1582 1463 1658 1489 dedi:
1680 1463 1782 1498 quibus
1792 1462 1827 1489 ad

1038 1509 1082 1527 eas
1098 1501 1232 1535 rescripsi,
1250 1509 1318 1536 quas
1333 1509 1486 1536 acceperam
1498 1509 1512 1527 a
1523 1501 1596 1527 Bruti
1607 1500 1755 1527 tabellario.
1794 1500 1828 1526 Et

1038 1538 1205 1573 respondebo
1225 1539 1344 1573 primum
1365 1543 1513 1573 postremae
1535 1543 1595 1564 tuae
1613 1538 1740 1573 paginae,
1757 1545 1827 1572 quae

1039 1575 1106 1601 mihi
1127 1584 1238 1611 magnae
1258 1575 1395 1602 molestiae
1417 1575 1479 1607 fuit;
1520 1574 1592 1610 quod
1607 1574 1640 1601 ad
1656 1580 1680 1600 te
1695 1575 1826 1609 scriptum

1037 1617 1078 1638 est
1092 1621 1106 1638 a
1121 1613 1213 1639 Cincio
1228 1613 1260 1639 de
1275 1613 1351 1639 Statii
1362 1621 1492 1643 sermone,
1506 1613 1532 1638 in
1544 1620 1597 1646 quo
1608 1611 1657 1638 hoc
1669 1611 1827 1638 molestissi—

1038 1658 1112 1675 mum
1137 1655 1185 1680 est,
1202 1649 1316 1676 Statium
1331 1649 1429 1679 dicere.
1443 1658 1456 1675 a
1473 1658 1514 1675 me
1525 1657 1633 1684 quoque
1644 1648 1671 1674 id
1681 1647 1826 1675 consilium

1037 1687 1154 1721 probari.
1193 1687 1302 1713 Probari
1318 1685 1424 1713 autem‘?
1447 1686 1483 1712 De
1498 1687 1548 1712 isto
1565 1686 1703 1711 hactenus.
1748 1685 1827 1711 Dixe—

1037 1725 1088 1750 rim
1109 1732 1151 1749 me
1171 1723 1213 1749 vel
1234 1723 1350 1758 plurima
1370 1722 1458 1749 vincla
1475 1728 1561 1749 tecum
1577 1731 1699 1748 summae
1713 1723 1827 1748 coniun-

1037 1761 1133 1787 ctionis
1150 1765 1254 1795 optare.
1276 1761 1326 1787 etsi
1341 1765 1404 1787 sunt
1417 1760 1516 1786 amoris
1533 1760 1696 1792 arctissima3
1723 1764 1827 1785 tantum

1037 1798 1121 1828 abest.
1143 1802 1172 1824 ut
1187 1806 1237 1833 ego
1251 1806 1285 1824 ex
1299 1806 1343 1828 eo,
1366 1806 1420 1832 quo
1434 1797 1535 1823 astricti
1549 1805 1658 1826 sumus,
1681 1796 1764 1822 laxari
1777 1795 1827 1822 ali-

1037 1835 1103 1870 quid
1115 1834 1207 1861 velim.
1233 1834 1349 1861 2.111um
1361 1839 1448 1861 autem
1460 1834 1544 1860 multa
1553 1834 1586 1859 de
1598 1834 1657 1860 istis
1664 1833 1826 1868 rebusaspe-

1037 1873 1093 1898 rius
1104 1871 1188 1898 solere
1201 1871 1284 1907 loqui,
1297 1880 1376 1906 saepe
1387 1880 1448 1898 sum
1459 1876 1594 1906 expertus.
1608 1879 1687 1905 saepe
1697 1871 1778 1896 etiam
1789 1869 1828 1896 le-

1037 1910 1095 1935 nivi
1110 1909 1216 1935 iratum.
1248 1909 1276 1935 ld
1287 1910 1356 1935 scire
1367 1914 1391 1935 te
1402 1909 1525 1935 arbitror.
1550 1909 1579 1934 In
1591 1908 1640 1934 hac
1651 1912 1739 1934 autem
1750 1915 1830 1942 pere-

1036 1947 1185 1982 grinatione
1206 1946 1336 1973 militiave
1353 1951 1441 1972 nostra
1457 1954 1537 1980 saepe
1552 1946 1693 1971 incensum
1709 1945 1747 1971 ira
1758 1943 1825 1975 vidi,

1036 1992 1115 2018 saepe
1130 1983 1274 2018 placatum.
1314 1983 1385 2015 Quid
1396 1983 1430 2009 ad
1441 1983 1555 2009 Statium
1565 1982 1712 2016 scripserit,
1726 1982 1826 2008 neseio.

1037 2020 1176 2055 Quidquid
1197 2025 1305 2047 acturus
1320 2020 1353 2046 de
1369 2020 1414 2046 tali
1430 2029 1457 2046 re
1473 2019 1532 2050 fuit,
1549 2018 1724 2045 scribendum
1739 2023 1827 2045 tamen

1037 2058 1070 2084 ad
1084 2058 1210 2084 libertum
1221 2067 1273 2084 non
1285 2057 1345 2084 fuit.
1372 2057 1439 2083 Mihi
1450 2062 1538 2087 autem
1549 2057 1599 2083 erit
1609 2057 1726 2082 maxime
1736 2063 1825 2086 curae.

1037 2103 1070 2121 ne
1083 2095 1150 2130 quid
1171 2095 1216 2121 fiat
1226 2103 1314 2125 secus,
1327 2103 1408 2129 quam
1420 2094 1554 2124 volumus.
1568 2101 1704 2128 quamque
1714 2097 1825 2127 oportet.

1037 2133 1092 2158 Nec
1112 2133 1177 2158 satis
1192 2137 1233 2159 est
1247 2133 1275 2158 in
1287 2131 1421 2158 eiusmodi
1435 2140 1472 2162 re,
1490 2139 1519 2157 se
1529 2138 1667 2166 quemque
1677 2134 1823 2164 praestare;

1037 2170 1170 2196 maximae
1191 2174 1279 2204 partes
1299 2169 1377 2195 istius
1399 2168 1482 2195 officii
1502 2173 1565 2194 sunt
1583 2168 1662 2202 pueri
1680 2166 1824 2196 Ciceronis,

1036 2207 1095 2232 sive
1111 2207 1164 2232 iam
1175 2206 1366 2233 adolescentis:
1389 2205 1461 2241 quod
1471 2205 1583 2241 quidem
1594 2204 1672 2231 illum
1682 2203 1754 2230 soleo
1764 2202 1827 2229 hor-

1037 2244 1097 2270 tari.
1119 2245 1156 2270 Ac
1167 2243 1234 2269 mihi
1246 2243 1354 2269 videtur
1363 2248 1475 2269 matrem
1486 2242 1574 2272 valde,
1587 2246 1617 2268 ut
1627 2241 1714 2271 debet,
1726 2247 1824 2271 amare,

1037 2285 1116 2315 teque
1136 2280 1258 2306 mirifice.
1298 2280 1352 2307 Sed
1367 2285 1407 2306 est
1424 2288 1554 2315 magnum
1567 2278 1635 2305 illud
1645 2277 1766 2312 quidem,
1779 2285 1827 2304 ve-

1037 2323 1187 2344 rumtamen
1198 2317 1341 2352 multiplex
1351 2318 1428 2352 pueri
1439 2317 1592 2352 ingenium3
1607 2323 1661 2350 quo
1671 2323 1721 2350 ego
1731 2322 1827 2349 regen-

1037 2355 1071 2381 do
1094 2355 1180 2381 habeo
1200 2355 1300 2390 negotii
1319 2355 1395 2381 satis.
1434 2356 1459 2380 3.
1484 2353 1616 2385 Quoniam
1636 2351 1763 2385 respondi
1777 2359 1827 2385 po-

1037 2396 1150 2418 stremae
1171 2397 1231 2418 tuae
1250 2392 1364 2427 paginae
1379 2392 1467 2426 prima
1481 2399 1552 2422 mea;
1575 2396 1647 2415 nunc
1661 2388 1695 2414 ad
1709 2389 1826 2423 primam

1038 2434 1154 2456 revertar
1173 2434 1256 2455 tuam.
1298 2428 1502 2463 Peloponnesias
1521 2427 1643 2453 civitates
1657 2433 1750 2451 omnes
1768 2433 1827 2451 ma-

1037 2467 1140 2493 ritimas
1160 2475 1228 2497 esse,
1246 2465 1364 2492 hominis
1378 2474 1430 2491 non
1441 2472 1565 2499 nequam,
1577 2462 1626 2489 sed
1636 2462 1715 2489 etiam
1726 2467 1771 2489 tuo
1783 2463 1827 2488 iu-

1036 2503 1108 2529 dicio
1126 2503 1240 2538 probati,
1257 2502 1411 2529 Dicaearchi
1426 2501 1524 2528 tabulis
1539 2499 1652 2526 credidi.
1691 2500 1716 2526 Is
1732 2498 1826 2541 multis

1037 2540 1193 2567 nominibus
1222 2541 1251 2566 in
1282 2539 1468 2574 Trophoniana
1495 2537 1640 2564 Chaeronis
1676 2541 1826 2563 narratione

1037 2577 1152 2604 Graecos
1172 2577 1200 2603 in
1219 2585 1251 2603 eo
1274 2575 1457 2611 reprehendit,
1479 2574 1551 2609 quod
1570 2582 1642 2600 mare
1662 2578 1716 2600 tam
1739 2573 1826 2599 secuti

1036 2619 1112 2647 sunt;
1125 2623 1174 2640 nec
1185 2613 1273 2640 ullum
1283 2614 1310 2639 in
1322 2612 1502 2647 Peloponneso
1513 2610 1601 2638 locum
1611 2611 1722 2645 excipit.
1734 2609 1825 2643 Quum

1037 2651 1106 2678 mihi
1116 2655 1207 2678 auctor
1216 2650 1342 2689 placeret,
1350 2649 1458 2685 (etenim
1469 2653 1525 2676 erat
1535 2647 1774 2684 to-rothozrmogaet
1783 2647 1825 2673 vi-
