1941 3052
507 139 799 167 PHILIPPICA
829 139 912 165 XIII.

45 212 163 240 lucrum!
195 220 262 247 quo,
280 216 305 238 te
321 212 433 243 victore,
453 211 536 246 (quod
551 211 588 238 dii
600 220 677 238 omen
693 210 838 245 avertantl)

43 251 118 277 beata
141 258 211 276 mors
235 258 326 275 eorum
348 249 437 276 futura
457 250 500 280 sit,
518 250 565 284 qui
582 257 595 275 e
611 249 664 275 vita
676 249 838 274 excesserint

43 289 101 315 sine
122 287 270 313 tormentis.
310 286 331 313 A
351 295 393 312 me
408 286 532 321 deceptos
543 287 579 312 ait
590 286 690 312 eisdem
703 294 839 312 ornamen-

44 328 76 352 tis
88 325 203 351 Hirtium
219 329 243 350 et
260 324 408 351 Caesarem.
448 323 533 356 Quod,
551 332 659 359 quaeso,
672 323 761 349 adbuc
771 331 784 348 a
797 330 838 348 me

43 366 83 389 est
97 362 228 388 tributum
240 362 323 388 Hirtio
339 360 544 387 ornamentum?
567 362 633 387 Nam
646 360 751 387 Caesari
763 359 838 394 plura

42 404 68 426 et
88 400 186 426 maiora
206 399 346 425 debentur.
387 399 531 433 Deceptum
547 402 635 424 autem
652 402 752 432 patrem
769 406 782 423 a
797 405 839 423 me

43 437 180 464 Caesarem
201 436 289 462 dicere
305 435 406 462 audes‘?
426 436 474 466 Tu,
492 440 530 467 tu,
548 436 667 470 inquam,
681 435 758 461 illum
770 434 840 461 occi-

42 474 104 500 disti
127 473 333 508 Lupercalibus:
373 474 460 504 cuius,
482 473 561 500 homo
581 472 776 508 ingratissime,
794 470 840 497 ssa-

42 511 157 538 minium
169 520 216 537 cur
226 510 378 545 reliquisti?
411 510 462 536 Sed
476 511 528 536 iarn
541 510 628 536 videte
639 510 728 545 magni
740 513 765 535 et
776 508 839 535 clari

43 549 94 574 viri
111 548 295 574 admirabilem
311 549 467 583 gravitatem
479 552 558 582 atque
569 547 755 573 constantiam.
797 547 837 572 42.

42 586 107 612 Mihi
124 588 224 619 quidem
243 590 347 615 constat,
363 595 408 611 nee
418 594 499 611 meam
514 586 698 613 contumeliam,
713 592 757 609 nec
772 592 840 608 meo-

41 632 100 649 rum
117 626 198 657 serre:
228 632 273 650 neo
290 625 404 649 deserere
419 628 516 656 partes,
528 630 593 655 quas
607 622 737 654 Pompeius
750 623 837 650 odivit,

41 669 87 686 nec
105 666 237 687 veteranos
254 662 355 686 sedibus
371 662 425 686 suis
438 662 533 686 moveri
543 662 608 692 pati,
624 667 668 684 nec
681 659 795 691 singulos
806 659 840 683 nd

43 701 187 724 cruciatum
203 699 279 727 trahi,
299 706 343 723 nec
361 699 451 731 fallere
464 699 546 730 fidem,
561 705 638 730 quam
648 698 706 721 decli
721 696 840 721 Dolabel-

43 737 94 761 lae.
135 734 233 762 Omitto
249 734 313 761 alia.-
339 736 412 768 fidem
427 735 582 764 Dolabellae,
600 733 763 759 sanctissimi
777 732 836 763 viri,

43 772 164 799 deserere
186 772 266 799 homo
286 772 347 806 pius
364 780 415 798 non
433 775 528 805 potest.
568 770 653 802 Quam
673 769 772 795 Iidem?
805 778 837 795 an

42 810 137 844 optimi
159 810 292 844 cuiusque
311 809 410 839 caedis,
433 808 512 834 Urbis
533 812 558 834 et
573 807 662 834 Italiae
678 807 836 842 partitionis,

41 848 99 874 suis
137 847 283 873 dandarum
318 845 586 881 diripiendarumque
622 843 840 880 provinciarum?

42 885 109 911 Nam
129 884 194 919 quid
214 888 269 910 erat
284 883 371 914 aliud,
389 883 460 918 quod
476 884 545 909 inter
565 882 709 908 Antonium
726 887 751 908 et
761 881 839 907 Dola-

41 921 149 952 bellam,
167 921 367 956 impurissimos
386 920 541 955 parricidas,
560 919 663 946 foedere
674 928 704 945 ac
716 919 766 945 fide
777 928 839 945 san—

41 958 157 986 ciretur‘?
187 959 238 985 Nec
253 959 342 991 Lepidi
359 961 504 985 societatem
513 959 620 988 violare,
633 959 745 990 piissimi
757 958 838 982 homi-

41 999 89 1023 nis.
129 997 170 1022 43.
187 996 247 1022 Tibi
260 1005 322 1022 cum
334 995 434 1030 Lepido
445 996 565 1025 societas,
579 999 624 1021 aut
634 1003 695 1020 cum
708 994 771 1025 ullo,
787 1003 837 1020 non

41 1033 128 1060 dicam
144 1034 213 1060 bono
228 1034 290 1064 civi,
309 1033 378 1060 sicut
396 1032 441 1059 ille
452 1037 500 1063 est,
516 1032 563 1058 sed
575 1032 682 1058 homine
697 1031 780 1058 sano‘?
808 1031 836 1057 Id

41 1072 107 1107 agis,
124 1075 154 1097 ut
169 1071 299 1105 Lepidum
315 1075 361 1097 aut
371 1071 486 1105 impium
498 1074 543 1096 aut
553 1070 677 1096 insanum
689 1069 836 1095 existimari

41 1109 118 1134 velis.
159 1108 232 1134 Nihil
261 1109 327 1143 agis.
368 1107 536 1142 Quamquam
558 1107 688 1133 affirmare
703 1107 736 1133 de
755 1106 837 1132 altero

41 1145 150 1172 difficile
165 1150 213 1177 est,
230 1145 263 1172 de
275 1145 376 1180 Lepido
387 1146 553 1180 praesertim,
567 1153 647 1179 quem
659 1153 708 1179 ego
720 1148 835 1170 metuam

41 1191 203 1218 numquam3
235 1183 302 1209 bene
314 1183 435 1218 sperabo,
449 1183 513 1209 dum
526 1182 625 1208 licebit.
665 1182 797 1208 Revocare
813 1186 836 1207 te

40 1229 54 1247 a
76 1220 164 1247 furore
181 1220 300 1255 Lepidus
315 1220 409 1251 voluit,
427 1229 479 1246 non
491 1219 595 1246 adiutor
605 1227 664 1246 esse
675 1219 834 1245 dementiae.

40 1259 80 1284 Tu
96 1266 172 1292 porro
188 1266 221 1284 ne
237 1258 294 1292 pios
305 1257 425 1292 quidem,
438 1257 484 1283 sed
497 1257 633 1292 piissimos
644 1257 766 1292 quaeris:
800 1261 834 1288 et,

40 1295 113 1331 quod
125 1295 236 1321 verbum
248 1296 357 1321 omnino
369 1295 474 1321 nullum
487 1295 513 1321 in
526 1294 616 1330 lingua
628 1295 720 1320 Latina
735 1298 783 1325 est,
797 1294 833 1325 id,

41 1338 147 1368 propter
159 1337 231 1359 tuam
245 1332 365 1359 divinam
381 1333 513 1368 pietatem,
527 1341 627 1358 novum
639 1331 755 1358 inducis.
793 1332 834 1358 44.

41 1371 93 1397 Nee
108 1370 230 1396 Plancum
246 1372 361 1403 prodere,
375 1373 528 1403 participem
542 1371 716 1396 consiliorum.
759 1368 836 1395 Plan-

39 1416 100 1434 cum
117 1407 292 1442 participem?
320 1408 398 1434 cuius
415 1407 596 1434 memorabilis
608 1415 637 1433 ac
648 1406 738 1433 divina
750 1407 835 1433 virtus

41 1445 127 1471 lucem
140 1445 212 1471 affert
224 1445 402 1480 reipublicae:
424 1445 486 1479 (nisi
499 1444 564 1471 sorte
575 1453 637 1470 eum
649 1444 773 1470 subsidio
787 1444 835 1470 tibi

40 1483 130 1509 venire
145 1483 281 1508 arbitraris
296 1491 358 1509 cum
375 1482 528 1508 fortissimis
545 1481 704 1517 legionibus,
719 1482 836 1508 maximo

39 1520 159 1555 equitatu
182 1520 355 1555 peditatuque
375 1519 540 1554 Gallorumz)
564 1520 675 1554 quique,
704 1520 755 1545 nisi
775 1524 836 1545 ante

39 1558 98 1583 eius
115 1557 260 1584 adventum
277 1557 440 1592 reipublicae
456 1566 556 1592 poenas
567 1557 682 1587 dederis.
696 1557 742 1583 ille
753 1557 835 1583 huius

38 1594 102 1622 belli
133 1594 198 1621 feret
226 1595 416 1630 principatum.
466 1594 636 1629 Quamquam
657 1595 728 1621 enim
750 1595 835 1628 prima

40 1632 171 1667 praesidia
197 1632 302 1659 utiliora
327 1632 490 1667 reipublicae
510 1636 586 1663 sunt,
609 1637 697 1658 tamen
718 1637 835 1658 extrema

39 1674 102 1696 sunt
121 1670 245 1706 gratiora.
285 1670 348 1696 XX.
373 1671 414 1696 45.
437 1669 490 1696 Sed
510 1670 564 1696 iam
585 1678 614 1695 se
633 1669 736 1705 colligit
756 1674 782 1695 et
802 1669 835 1695 a‹l
864 1692 866 1704 ,

39 1712 186 1734 extremum
199 1707 293 1742 incipit
304 1707 497 1742 philosophari.
538 1707 567 1734 Si
582 1716 618 1733 me
632 1710 709 1734 rectis
722 1709 836 1733 sensibus
864 1708 866 1747 ᾗ

38 1749 135 1771 euntem
145 1746 182 1770 dii
192 1747 647 1777 immortales,uzspero,adiuverint:
665 1746 833 1771 vivamliben-
864 1748 866 1763 ¹

39 1787 84 1808 ter.
114 1782 162 1809 Sin
178 1787 263 1808 aulem
277 1784 583 1816 aliudmesatummanet:
601 1784 836 1816 praecipioyaudia

37 1821 222 1852 suppliciorum
248 1825 400 1846 vestrorum.
449 1820 578 1853 Namque,
606 1822 630 1846 st*
652 1823 714 1846 victi
735 1820 836 1852 Pompe-

37 1858 93 1883 iani
103 1861 153 1883 tam
164 1858 298 1884 insolentes
310 1862 383 1883 sunt:
403 1859 512 1883 victores
524 1859 613 1890 quales
626 1859 709 1891 futuri
718 1859 777 1886 sint,
793 1866 837 1883 vos

35 1896 121 1928 potius
134 1896 309 1928 experiemini.
335 1895 485 1929 Praecipias
496 1894 557 1921 licet
567 1895 678 1930 gaudia:
702 1904 752 1921 non
765 1894 835 1921 enim
865 1901 867 1927 ς

37 1931 85 1958 tibi
96 1939 157 1957 cum
169 1932 346 1966 Pompeianis,
364 1931 410 1958 sed
422 1941 482 1958 cum
496 1932 620 1958 universa
633 1932 768 1967 republica
781 1931 838 1958 bel-
865 1932 867 1941 ¹

39 1968 94 1995 lum
110 1972 160 1994 est.
191 1968 291 1995 Omnes
307 1974 330 1994 te
345 1969 392 2000 dii,
407 1970 535 2000 homines.
549 1971 660 2001 summi,
672 1970 763 2001 medii,
777 1970 838 1996 inli-

37 2006 88 2038 mi;
120 2006 202 2037 cives,
222 2006 368 2041 peregrini:
404 2006 464 2036 viri,
482 2006 624 2039 mulieres;
661 2007 751 2038 liberi,
765 2007 835 2033 servi

37 2043 160 2070 oderunt.
202 2043 342 2069 Sensimus
365 2043 414 2070 lioc
434 2052 519 2078 nuper
540 2043 608 2070 falso
628 2045 734 2071 nuntio:
774 2053 835 2071 vero

37 2089 119 2116 prope
135 2080 205 2107 ‹liem
222 2082 378 2107 sentiemus.
419 2080 492 2113 Quae
509 2081 531 2107 si
549 2086 635 2108 tecum
651 2083 709 2116 ipse
725 2082 832 2109 recolis:

37 2119 161 2153 aequiore
178 2118 267 2144 animo
282 2123 308 2144 et
323 2118 421 2144 maiore
435 2118 613 2145 consolatione
629 2120 751 2146 moriere.
792 2121 832 2146 46.

37 2155 150 2189 Denique
163 2165 262 2181 sumina
277 2158 368 2182 iudicii
378 2159 426 2181 mei
439 2160 535 2189 spectat
548 2158 609 2185 huc,
627 2161 652 2183 ut
668 2166 778 2183 incorum
794 2160 835 2183 iu-

37 2193 121 2219 turias
133 2195 201 2226 serre
217 2195 325 2226 possim.
344 2195 367 2219 si
381 2198 426 2219 aul
445 2195 560 2219 obliuisci
578 2195 654 2220 velint
670 2196 719 2227 ipsi
736 2197 833 2228 secisse,

37 2234 82 2256 aut
100 2231 192 2257 ulcisci
207 2233 296 2263 parati
309 2233 359 2256 sint
375 2239 425 2256 unu
440 2232 568 2256 uobiscum
585 2231 705 2257 Caesaris
718 2237 832 2258 mortem.

37 2265 91 2294 Hac
105 2267 212 2294 Antonii
224 2267 354 2294 sententia
368 2267 482 2303 cognita.
495 2267 698 2295 dubitaturosne
710 2268 741 2294 A.
754 2269 834 2295 llirti-

37 2311 83 2331 um
105 2304 133 2331 C.
159 2305 271 2331 Pansam
291 2304 415 2331 consules
432 2305 539 2340 putatis,
556 2306 622 2340 quin
639 2305 670 2332 ad
689 2306 833 2333 Antonium

39 2342 190 2369 transeant?
219 2343 329 2369 Brutum
348 2341 506 2368 obsideant?
535 2342 663 2369 Mutinam
680 2352 834 2379 expugnare

37 2379 164 2414 cupiant?
195 2379 266 2412 Quid
286 2380 319 2406 de
340 2380 424 2406 Pansa
445 2384 470 2406 et
487 2380 571 2406 llirtio
587 2379 698 2414 loquor?
727 2380 831 2412 Cacsar,

38 2415 168 2452 singulari
189 2417 285 2452 pietate
306 2417 471 2447 adolescens,
495 2417 590 2451 poterit
610 2426 638 2443 se
656 2422 753 2448 tencre,
766 2419 832 2453 quin

38 2452 68 2479 D.
91 2453 163 2482 Bruti
180 2455 314 2491 sauguine
329 2464 427 2490 poenas
444 2455 542 2490 patrias
559 2454 753 2490 persequatur?
783 2456 832 2482 lin-

945 138 998 165 CA
1014 139 1042 166 P.
1067 141 1096 166 ⁴5
1116 155 1152 159 —
1173 141 1214 166 2¹.
1633 141 1683 166 655

888 219 941 245 que
953 209 1080 241 fecerunt,
1093 211 1141 242 uti⁷
1155 210 1197 237 his
1210 210 1303 237 litteris
1315 209 1398 240 lectis.
1412 209 1444 236 ad
1457 210 1617 236 munitiones
1625 219 1685 245 pro-

890 249 952 282 pius
968 248 1131 274 accederent.
1176 248 1235 280 Quo
1251 249 1334 274 maior
1347 247 1500 274 adolescens
1512 248 1614 277 Caesar,
1629 257 1685 273 ma-

890 286 998 320 ioreque
1018 285 1128 312 deorum
1148 285 1340 312 immortalium
1362 284 1498 316 beneficio.
1522 285 1685 319 reipublicae

891 327 969 349 natus
985 327 1034 354 est,
1047 324 1094 357 qui
1107 323 1179 349 nulla
1191 324 1279 357 specie
1291 323 1392 357 paterni
1405 323 1520 349 nominis
1531 331 1578 348 nec
1590 323 1685 356 pietate

891 360 1022 386 abductus
1039 369 1166 394 umquam
1178 365 1226 386 est.
1256 360 1391 395 Intelliff't,
1405 360 1548 386 maximam
1561 360 1685 394 pietatem

891 398 1089 423 conservatione
1102 398 1199 432 patriae
1210 398 1348 427 contineri.
1391 398 1430 423 47.
1453 397 1557 429 Quodsi
1570 397 1685 432 partium

891 439 1023 461 certamen
1045 439 1122 465 esset,
1144 444 1258 470 quarum
1279 435 1387 461 omnino
1408 443 1502 461 nomen
1523 435 1686 461 exstinctum

891 476 939 502 est,
962 472 1128 498 Antoniusne
1148 473 1237 507 potius
1258 477 1283 498 et
1303 471 1443 498 Ventidius
1463 476 1550 506 partes
1566 471 1686 498 Caesaris

891 509 1072 539 defenderent,
1090 518 1170 544 quarn
1188 510 1303 544 primum
1324 509 1427 539 Caesar.
1445 507 1598 535 adolescens
1610 517 1686 535 sum-

892 555 933 572 ma
950 547 1045 581 pietate
1061 551 1086 572 et
1101 547 1227 572 memoria
1243 547 1358 581 parentis
1369 546 1430 572 sui‘l
1458 546 1555 573 deinde
1565 547 1650 572 Pansa
1661 551 1687 572 et

892 584 1003 614 Hirtius,
1015 584 1062 618 qui
1073 585 1151 618 quasi
1163 593 1259 610 cornua
1271 584 1608 615 duotenueruntCaesaris,
1618 589 1683 615 tum,

891 630 975 655 quum
998 621 1059 647 illae
1081 630 1141 647 vere
1157 626 1244 655 partes
1261 620 1441 647 vocabantur?
1473 622 1526 647 Hae
1541 630 1603 648 vero
1617 629 1686 656 quae

891 663 955 684 sunt
974 663 1070 693 ρει-τες,
1092 667 1177 693 quum
1193 658 1281 684 alteris
1297 663 1405 684 senatus
1421 660 1574 689 auctoritas,
1592 658 1686 693 populi

891 696 1001 722 Romani
1017 695 1133 726 libertas,
1151 695 1314 730 reipublicae
1329 696 1402 721 salus
1418 697 1550 730 proposita
1567 697 1614 722 sit:
1646 695 1685 722 al-

892 733 954 759 teris
970 732 1064 758 caedes
1079 733 1303 764 bonorum,Urbis
1320 733 1463 767 Italiaeque
1479 733 1603 767 partitio‘.>
1634 734 1685 759 Ve—

891 771 997 796 niamus
1013 769 1157 804 aliquando
1171 770 1203 796 ad
1219 770 1376 796 clausulam.
1419 771 1522 803 Legatos
1541 773 1627 797 venire
1637 780 1686 796 non

892 810 975 833 credo.
1020 807 1094 833 XXI.
1119 808 1189 833 Bene
1210 816 1252 833 me
1273 808 1355 834 novit.
1398 808 1495 833 Bellum
1519 817 1567 841 quo
1588 811 1685 834 venial:

891 845 1025 879 proposito
1042 846 1197 879 praesertim
1214 844 1338 879 exemplo
1352 844 1512 871 Dolabellae.
1552 844 1686 871 Sanctiore

890 886 976 913 erunt,
995 882 1081 913 credo,
1099 883 1156 909 iure
1173 882 1260 917 legati,
1277 891 1358 917 quam
1374 882 1428 908 duo
1443 882 1580 913 consules.
1596 887 1686 908 contra

890 928 959 954 quos
980 928 1052 945 arma
1074 919 1137 946 fert:
1180 929 1261 954 quam
1278 920 1381 950 Caesar,
1399 921 1477 946 cuius
1493 921 1575 954 patris
1590 919 1685 946 flamen

890 962 943 983 est:
965 966 1047 992 quam
1058 956 1151 983 consul
1163 957 1327 993 designatus
1342 966 1422 992 quem
1435 963 1585 993 oppugnat:
1603 966 1685 992 quam

890 994 1000 1025 Mutina,
1013 1003 1095 1029 quam
1107 994 1224 1021 obsidet:
1246 1003 1327 1029 quam
1340 995 1482 1029 patria‚cui
1496 995 1550 1030 igni
1564 994 1686 1030 ferroque

890 1033 1037 1058 minitatur.
1068 1033 1109 1058 48.
1128 1032 1211 1064 Quum
1228 1035 1351 1062 venerint,
1367 1042 1432 1066 quae
1444 1034 1578 1066 postulent,
1595 1042 1687 1066 coquo-

889 1079 968 1096 scnm.
1009 1069 1080 1102 Quin
1101 1074 1129 1096 tu
1151 1069 1209 1095 abis
1230 1070 1256 1096 in
1278 1069 1374 1096 malam
1396 1075 1511 1104 pestem,
1530 1069 1686 1105 malumque

889 1106 1055 1133 cruciatum?
1075 1107 1115 1133 Ad
1130 1111 1154 1133 te
1174 1108 1319 1142 quisquam
1337 1108 1433 1138 veniat,
1453 1108 1503 1133 nisi
1516 1107 1632 1134 Ventidii
1649 1109 1686 1134 si-

889 1144 981 1171 milis?
1010 1144 1104 1171 Oriens
1116 1145 1271 1171 incendium
1285 1145 1333 1180 qui
1345 1145 1550 1180 restinguerent,
1564 1154 1685 1171 summos

889 1183 960 1208 viros
972 1182 1110 1208 misimus:
1133 1182 1295 1217 repudiasti:
1314 1191 1385 1208 nunc
1401 1183 1427 1208 in
1442 1187 1539 1209 tantam
1552 1181 1685 1208 flammam

889 1224 998 1254 tamque
1017 1221 1190 1246 inveteratam
1207 1220 1354 1251 mittamus,
1371 1228 1456 1254 quum
1475 1220 1561 1246 locum
1579 1220 1627 1246 tibi
1644 1228 1686 1246 re-

889 1257 994 1292 liquum
1016 1266 1068 1284 non
1083 1257 1161 1284 modo
1181 1257 1215 1284 ad
1236 1266 1337 1293 pacem,
1359 1257 1406 1283 sed
1427 1266 1459 1284 ne
1475 1258 1506 1283 ad
1523 1257 1685 1284 deditionem

887 1295 997 1330 quidem
1011 1294 1122 1321 feceris?

944 1333 1016 1358 Hanc
1037 1341 1086 1368 ego
1106 1331 1258 1367 epistolam,
1282 1337 1369 1367 patres
1389 1332 1546 1366 conscripti,
1565 1340 1616 1358 non
1632 1340 1686 1367 quo

887 1370 965 1396 illum
982 1370 1095 1405 dignum
1111 1374 1246 1404 putarem,
1264 1370 1385 1400 recitavi,
1404 1369 1450 1395 sed
1468 1374 1495 1395 ut
1511 1368 1686 1396 consessioni-

889 1408 939 1434 bus
961 1408 1048 1442 ipsius
1068 1408 1156 1433 omnia
1173 1406 1301 1442 patefacta
1317 1407 1375 1433 eius
1391 1406 1531 1442 parricidia
1549 1406 1684 1433 w'deretis.

889 1447 929 1472 49.
953 1445 1020 1471 Cum
1043 1444 1092 1471 boc
1112 1453 1203 1479 pacem
1224 1445 1260 1471 M.
1284 1444 1415 1479 Lepidus,
1438 1445 1479 1470 vir
1498 1445 1685 1470 ornatissimus

888 1483 1014 1509 omnibus
1030 1486 1056 1508 et
1071 1482 1179 1509 virtutis
1195 1487 1220 1508 et
1237 1481 1355 1508 fortunae
1372 1482 1457 1512 bonis
1475 1482 1496 1507 si
1509 1482 1572 1507 liaec
1585 1481 1686 1508 videret

888 1520 1013 1555 (leuique,
1022 1525 1067 1547 aut
1080 1520 1160 1546 vellet
1169 1524 1214 1546 aut
1226 1519 1281 1545 fieri
1294 1528 1372 1554 posse
1382 1518 1573 1545 arluitrarctur‘?
1611 1519 1686 1545 Prius

888 1560 964 1584 undis
977 1561 1088 1591 [lamma.
1109 1562 1137 1583 ut
1149 1558 1184 1583 ait
1197 1562 1280 1592 poeta,
1296 1558 1385 1583 nescio
1398 1557 1470 1591 quis,
1484 1557 1558 1591 prius
1569 1556 1686 1591 denique

887 1596 985 1625 omnia,
1007 1604 1088 1630 quam
1105 1599 1150 1621 aut
1164 1603 1225 1621 cum
1242 1595 1364 1620 Antoniis
1380 1594 1545 1629 respublica,
1563 1599 1608 1620 aut
1623 1603 1684 1620 cum

888 1633 1024 1667 republica
1037 1633 1142 1659 Antonii
1156 1632 1263 1658 redeant
1275 1633 1300 1658 in
1313 1633 1434 1667 gratiam.
1477 1632 1591 1657 Monstra
1603 1640 1686 1666 quae—

888 1670 948 1697 dam
963 1675 1026 1697 sunt
1038 1671 1088 1696 ista
1101 1675 1125 1696 et
1137 1674 1255 1705 portenta
1267 1674 1292 1695 et
1303 1669 1424 1705 prodigia
1436 1669 1607 1704 reipublicae.
1631 1669 1686 1695 Mo-

889 1708 943 1734 veri
960 1707 1072 1734 sedibus
1089 1708 1146 1734 suis
1163 1707 1226 1733 huic
1238 1707 1297 1733 urbi
1311 1706 1407 1733 melius
1419 1711 1467 1737 est,
1480 1711 1559 1741 atque
1571 1707 1597 1732 in
1609 1705 1683 1737 alias,

889 1746 911 1771 si
924 1746 978 1772 lieri
995 1746 1087 1780 possit,
1102 1750 1183 1772 terras
1197 1744 1355 1780 demigrare,
1370 1744 1440 1771 unde
1452 1745 1625 1770 Antoniorum
1639 1752 1686 1770 nec

890 1783 965 1814 facta,
984 1792 1032 1809 nec
1049 1791 1143 1809 nomen
1160 1782 1259 1813 audiat,
1276 1790 1357 1816 quam
1375 1782 1443 1812 illos,
1458 1782 1577 1808 Caesaris
1590 1782 1686 1808 virtute

889 1821 998 1852 eiectos,
1028 1821 1102 1847 Bruti
1128 1824 1256 1850 retentos,
1283 1820 1350 1845 intra
1377 1819 1440 1845 liacc
1461 1819 1563 1846 moenia
1585 1818 1684 1845 videre.

888 1858 1093 1893 Optatissimum
1106 1862 1146 1884 est
1158 1858 1277 1884 vincere:
1301 1856 1449 1883 secundum
1465 1861 1512 1888 est,
1526 1856 1631 1882 nullum
1644 1866 1687 1882 ca-

889 1905 949 1922 sum
971 1905 1018 1931 pro
1037 1896 1166 1931 (lignitate
1185 1899 1210 1921 et
1226 1894 1345 1921 libertate
1362 1895 1461 1929 patriae
1478 1903 1529 1921 non
1547 1893 1686 1920 serendum

889 1938 992 1968 putare.
1032 1933 1108 1966 Quod
1130 1932 1264 1968 reliquum
1286 1937 1338 1963 cst,
1362 1941 1413 1958 non
1435 1936 1473 1958 cst
1495 1932 1615 1962 tertium,
1639 1931 1686 1957 sed

888 1975 1053 2006 postremum
1073 1971 1209 2001 omnium,
1227 1969 1372 1996 maximam
1389 1969 1584 2004 turpitudinem
1599 1969 1687 1995 susci-

889 2017 951 2043 pere
973 2009 1041 2035 vitae
1061 2008 1217 2043 cupiditate.
1259 2009 1302 2034 50.
1325 2006 1397 2039 Quae
1418 2016 1502 2042 quum
1520 2007 1553 2032 ita
1569 2007 1635 2036 sint.
1653 2006 1686 2032 <le

889 2045 1022 2072 mandatis
1045 2045 1193 2080 litterisque
1214 2045 1249 2071 M.
1268 2044 1369 2079 Lepidi,
1389 2044 1438 2070 viri
1455 2044 1607 2071 clarissimi.
1624 2043 1686 2070 Ser-

889 2083 952 2109 vilio
963 2085 1106 2110 assentior:
1130 2088 1155 2109 et
1167 2083 1215 2108 lioc
1226 2082 1343 2117 amplius
1355 2090 1458 2111 censeo.
1474 2082 1599 2117 Magnum
1608 2081 1686 2107 I‘om-

888 2121 988 2155 pcium,
1012 2120 1091 2147 cnaei
1109 2120 1204 2151 tilimu,
1221 2128 1267 2154 pro
1284 2120 1366 2154 patris
1379 2119 1563 2153 maiorumque
1575 2127 1685 2144 suorum

887 2159 976 2184 auimo
999 2157 1142 2192 studioque
1168 2157 1194 2183 in
1220 2156 1427 2191 rempublicam.
1450 2165 1553 2191 suaque
1575 2156 1684 2190 pristina

888 2196 998 2225 virtute.
1026 2194 1170 2224 industria,
1198 2193 1346 2224 voluntate,
1375 2193 1482 2224 secisse,
1510 2193 1582 2228 quod
1608 2202 1684 2218 suam

863 2251 864 2258 1
887 2240 1120 2267 vorumque,quos
1131 2240 1221 2257 secum
1235 2231 1351 2261 liaberet,
1364 2239 1471 2265 operam
1484 2231 1586 2257 senatui
1600 2239 1685 2265 popu-

862 2265 864 2282 l
888 2269 966 2304 loqui·
983 2270 1100 2295 Romano
1121 2268 1256 2302 pollicitus
1277 2273 1361 2296 essct.
1378 2276 1492 2302 eamque
1509 2276 1562 2293 rcm
1580 2268 1683 2293 senatui

886 2306 1040 2342 populoque
1056 2307 1173 2332 Bouiano
1187 2310 1289 2340 gratnm
1306 2310 1496 2339 acceptamque
1511 2314 1582 2335 css-c,
1606 2305 1684 2339 ciqui¹

887 2344 978 2370 lionori
994 2343 1172 2379 dignitatique
1188 2351 1244 2368 cam
1263 2351 1316 2367 rcui
1333 2341 1396 2368 fore.
1438 2343 1490 2368 lloc
1507 2341 1545 2367 vel
1557 2342 1683 2376 coniungi

884 2390 946 2407 cum
964 2381 1012 2407 lioc
1027 2378 1260 2406 senatusconsulto
1276 2379 1348 2409 licet.
1367 2379 1406 2405 vcl
1422 2379 1528 2414 seiungi
1546 2383 1629 2414 potos:
1641 2388 1683 2404 sc-

886 2418 1050 2453 paratimque
1064 2417 1238 2452 perscri1›i‚ut
1252 2417 1357 2451 proprio
1367 2416 1683 2443 senatusconsultol’om-

885 2456 962 2490 peius
973 2454 1140 2482 collaudatus
1151 2464 1209 2481 csse
1223 2464 1232 2479 ι
1241 2453 1352 2480 idi-atur.

753 2543 966 2555 *κυοα-ν
