1941 3052
202 133 263 159 tuit
779 130 835 155 ¹25.
867 127 902 154 M.

197 203 268 230 cuim
280 203 318 229 ›u‹-
329 207 382 230 (Ἧι.
399 202 455 227 »iw-
469 200 513 226 illo
527 199 618 230 modo.
637 198 721 225 vidcri
733 203 846 233 possunt
856 197 986 233 permulta
1007 198 1016 219 :¹

197 240 393 267 munninnutms
409 238 471 264 [alsa
489 246 536 271 pro
552 237 630 263 veris.
673 237 738 262 Nam
754 241 780 262 ct
795 235 987 269 navigantibus

197 279 297 304 moveri
317 277 440 302 vnn-nnn-
455 283 497 304 υἷι,
520 283 588 309 qums
605 278 687 303 stant,
719 278 745 299 ct
759 273 875 307 quodam
892 272 986 298 obtutu
1008 299 1009 307 ἵ

195 314 332 340 oculorum
345 313 397 338 duo
409 321 455 346 pro
467 320 518 336 uno
531 310 652 336 lucernae
669 310 780 336 lumina,
802 310 872 342 Quid
887 310 985 339 ‹lic-am.
1008 317 1009 324 ¹

197 352 311 380 insanis,
332 349 411 384 quid.
435 349 517 374 ebriis
538 357 618 382 «piant
640 347 722 373 multa
744 346 808 373 falsa
831 346 989 373 videantur?

195 389 270 421 Quod
287 389 308 413 si
325 385 456 412 vius-nunti
473 386 538 410 visis
550 384 713 410 eredendum
725 393 776 410 non
788 389 840 414 cst,
857 393 904 410 cur
915 393 988 410 som-

196 426 248 452 niis
260 423 390 452 credatur.
405 423 503 448 num-io.
528 423 592 447 Nam
606 427 657 447 tam
671 421 731 447 licet
741 421 773 447 de
786 421 828 447 liis
839 421 984 451 erroribus,

195 463 217 488 si
244 461 322 490 telis.
345 469 425 494 (piam
447 459 480 485 dt·
503 459 615 485 somniis
633 459 784 493 disputare:
808 463 836 484 ut
851 468 894 488 ca,
917 467 986 493 quae
1007 487 1009 490 Α

194 503 276 528 stant.
295 498 317 523 si
337 497 437 523 moveri
454 496 608 526 videantur,
627 500 821 522 terraemotum
833 496 986 531 significare

193 536 276 565 dicas,
290 539 334 560 aut
346 534 509 568 repentinam
525 533 643 568 aliquam
656 533 760 568 sugam;
783 534 986 568 gcminoautem
1007 557 1009 562 ,

195 573 317 599 lucernae
335 571 435 597 lumine
453 571 596 600 declarari.
614 570 810 596 dissensionem
830 579 859 596 ac
875 570 987 596 scditio-
1007 581 1008 584 ¹

194 619 253 636 nem
267 609 378 635 moveri.
412 608 478 634 ΗΧ.
494 610 549 634 424.
564 609 616 634 lam
627 616 660 634 cx
674 608 827 633 insanorum
839 612 884 633 aut
897 607 987 633 ebrio-

194 656 252 673 rum
279 647 346 672 visis
370 645 576 672 innumerabilia
599 645 750 671 coniectura
773 645 841 671 tralii
863 649 984 679 possunt,
1006 655 1007 659 ¹

193 693 261 718 quae
282 683 369 709 sutura
391 683 540 709 videantur.
581 682 648 714 Quis
668 687 708 708 est
727 682 813 712 enim,
835 682 883 717 qui
902 686 985 708 totum

192 721 264 747 diem
277 720 395 747 iaculans
408 729 458 746 non
474 719 619 755 aliquando
629 719 769 746 collinceff!
807 719 885 745 Totas
897 724 986 745 noctes

192 758 355 789 dormimus·‚
379 766 465 792 neque
478 757 531 783 ulla
545 757 597 783 scre
609 762 662 787 est,
675 765 727 791 qua
740 765 791 782 non
803 757 983 782 somnicmus:

192 800 218 822 et
239 796 381 826 miramur,
399 795 544 829 aliquando
560 794 585 820 id
596 815 602 825 ,
619 794 691 829 quod
705 794 910 823 somniarimus.
923 802 987 819 eva-

192 832 272 859 dere‘?
292 832 362 864 Quid
378 837 418 858 cst
433 837 484 858 tam
498 833 643 862 incertum,
665 840 746 866 quam
759 831 872 857 talorum
884 830 987 857 iactus‘?

192 874 280 897 tamen
294 875 371 896 nemo
385 874 438 899 cst,
454 870 520 904 quin
535 877 614 904 saepe
626 870 739 899 iactans,
754 869 896 894 Venerium
909 869 986 894 iaciat

192 906 351 942 aliquando,
374 915 576 941 nonnumquam
597 907 676 932 etiam
699 907 794 932 iterum
815 914 844 931 ac
866 906 984 932 tertium.

191 945 262 970 Num
279 945 372 979 igitur,
387 949 414 970 ut
427 945 522 978 inepti,
537 944 647 970 Veneris
659 943 685 969 id
698 944 754 969 [ieri
767 943 886 978 impulsu
900 943 986 969 malu-

192 982 262 1011 mus,
275 990 356 1016 quam
370 990 444 1011 casu,
457 980 563 1007 dicere?
583 980 658 1013 Quod
670 981 694 1007 si
708 981 803 1007 ceteris
820 980 985 1014 temporibus

193 1018 268 1045 salsis
280 1019 347 1045 visis
357 1018 521 1045 credendum
534 1027 585 1044 non
599 1022 652 1050 est,
676 1027 727 1044 non
735 1018 821 1045 video,
835 1017 986 1052 quidprae-

191 1056 267 1091 cipui
281 1064 393 1082 somnus
411 1056 520 1087 babeat,
534 1056 561 1082 in
577 1064 630 1090 quo
646 1055 752 1082 valeant
768 1055 831 1081 salsa
845 1063 892 1089 pro
904 1055 984 1081 veris.

194 1095 251 1120 ⁴22.
269 1093 345 1125 Quod
361 1094 384 1119 si
403 1094 436 1119 ita
455 1098 546 1119 natura
563 1097 684 1127 paratum
700 1098 784 1123 esset,
802 1097 830 1118 ut
841 1101 871 1118 ea
885 1092 987 1118 dormi-

192 1135 266 1157 entes
278 1135 399 1166 agerent,
417 1139 486 1165 quae
498 1130 675 1156 somniarent:
698 1129 827 1165 alligandi
838 1138 931 1155 omnes
943 1138 987 1155 es-

191 1173 264 1198 sent.
277 1168 324 1202 qui
336 1168 458 1194 cubitum
472 1169 547 1194 irent.
568 1168 680 1193 Maiores
693 1168 774 1196 enim,
790 1175 871 1201 quam
884 1166 932 1192 ulli
944 1167 987 1192 in-

191 1205 264 1236 sani.
282 1204 417 1231 officerent
434 1210 520 1231 motus
537 1205 710 1230 somniantes.
750 1203 826 1236 Quod
842 1205 865 1229 si
878 1204 987 1230 insano-

191 1251 252 1269 rum
268 1243 334 1268 visis
346 1242 411 1268 {ides
423 1250 473 1268 non
486 1247 525 1268 est
537 1241 672 1272 habenda,
686 1242 750 1276 quia
763 1241 827 1267 falsa
839 1246 915 1272 sunt3
938 1250 986 1267 cur

191 1279 314 1306 credatur
328 1279 521 1305 somniantium
539 1279 619 1309 visis,
639 1287 708 1313 quae
724 1278 809 1305 multo
827 1279 907 1304 etiam
925 1287 987 1313 per-

192 1317 336 1343 turbatiora
353 1321 429 1347 sunt,
447 1326 498 1343 non
514 1316 646 1351 intelligo.
685 1317 739 1347 An.
753 1315 826 1350 quod
839 1317 926 1342 insani
937 1324 985 1341 sua

191 1355 248 1380 visa
268 1354 411 1380 coniectori
433 1362 484 1380 non
506 1358 624 1383 narrant.
649 1358 754 1380 narrant
769 1354 816 1388 qui
833 1353 987 1379 somniave-

191 1390 270 1417 runt‘?
290 1390 393 1423 Quaero
408 1392 500 1420 etiam,
518 1391 541 1416 si
555 1390 635 1416 velim
647 1391 764 1416 scribere
775 1390 842 1425 quid
854 1395 899 1416 aut
914 1390 987 1426 lege-

191 1437 218 1455 re
239 1433 284 1455 aut
298 1436 392 1454 canere
408 1428 449 1454 vel
471 1437 533 1454 voce
552 1428 592 1454 vel
605 1427 718 1458 fidibus.
737 1429 985 1463 autgeometricum

190 1465 320 1500 quiddam
347 1470 392 1492 aut
413 1465 556 1501 physicum
578 1470 623 1492 aut
646 1465 817 1492 dialecticum
838 1465 983 1500 explicare,

190 1504 361 1530 somniumne
373 1502 583 1537 exspectandum
595 1503 638 1533 sit,
651 1511 684 1529 an
697 1511 739 1529 ars
751 1502 914 1533 adhibenda,
927 1503 986 1528 sine

190 1549 243 1575 qua
259 1540 327 1566 niliil
343 1549 435 1566 earum
451 1549 540 1566 rerum
557 1549 605 1566 nec
617 1540 674 1566 [ieri
689 1549 737 1566 nec
748 1540 871 1574 expediri
883 1539 987 1574 potest‘?

190 1578 281 1612 Atqui,
296 1586 327 1604 ne
338 1578 362 1604 si
377 1578 503 1613 navigare
517 1577 627 1612 quidem
643 1577 734 1608 velim,
749 1578 782 1604 ita
794 1577 984 1613 gubernarem,

189 1620 220 1641 ut
231 1616 432 1641 somniaverim.
467 1616 594 1641 Praesens
605 1615 678 1641 enim
690 1623 774 1650 poena
785 1616 830 1641 sit.
866 1617 922 1641 ⁴23.
933 1614 987 1646 Qui

190 1652 274 1687 igitur
294 1653 433 1683 convenit,
457 1661 550 1688 aegros
564 1661 579 1678 a
599 1653 748 1678 coniectore
759 1653 926 1678 somniorum
939 1660 987 1686 po-

190 1690 254 1720 tius,
267 1698 348 1724 quam
360 1698 373 1715 a
386 1689 490 1715 medico
501 1695 591 1724 petere
605 1689 788 1716 medicinam?
806 1690 848 1716 An
858 1689 988 1715 Aescula-

190 1727 266 1761 pius,
284 1735 316 1752 an
328 1726 435 1761 Serapis
446 1731 532 1761 potest
543 1727 621 1753 nobis
632 1727 815 1762 praescribere
826 1735 874 1761 per
884 1727 988 1753 somni-

190 1772 238 1789 um
257 1764 423 1790 curationem
445 1764 620 1796 valetudinis3
649 1765 791 1799 Neptunus
810 1764 988 1799 gubernanti·
1014 1793 1016 1802 ,

189 1800 243 1827 bus
258 1810 308 1827 non
325 1800 429 1835 potest?
448 1806 473 1828 ct
488 1802 546 1827 sinc
558 1801 662 1827 medico
673 1801 834 1827 medicinam
850 1801 925 1827 dabit
936 1801 988 1826 Mi-

191 1846 286 1867 nerva;
312 1838 402 1864 Musae
421 1838 572 1869 scribendi,
590 1838 709 1873 legendi,
728 1843 876 1864 ceterarum
889 1839 985 1864 artium

190 1875 330 1901 scientiam
351 1875 549 1902 somniantibus
570 1884 622 1902 non
643 1875 764 1902 dabunt‘?
792 1876 826 1901 At
845 1876 869 1901 si
884 1876 987 1901 curatio

191 1911 299 1938 daretur
310 1912 487 1943 valetudinis,
506 1913 571 1939 haec
586 1921 708 1947 quoque,
724 1921 794 1947 quae
804 1912 876 1943 dixi,
890 1912 988 1939 daren-

190 1954 244 1975 tur.
284 1948 356 1980 Quae
367 1950 494 1984 quoniam
507 1958 558 1976 non
570 1949 675 1980 dantur,
690 1949 823 1976 medicina
834 1958 886 1976 non
897 1949 986 1977 datur.

190 1986 248 2018 Qua
259 1985 373 2017 sublata,
390 1985 492 2012 tollitur
502 1987 590 2012 omnis
602 1987 744 2013 auctoritas
757 1987 934 2013 somniorum.

246 2022 302 2049 LX.
327 2024 382 2049 ⁴24.
399 2023 452 2049 Sed
469 2024 533 2049 haec
547 2032 655 2058 quoque
672 2025 698 2050 in
715 2029 822 2058 promtu
849 2023 984 2060 [fuerint]:

190 2068 263 2086 nunc
276 2060 399 2087 interiora
411 2060 562 2087 videamus.
598 2061 650 2087 Aut
660 2062 733 2087 enim
744 2061 837 2087 divina
850 2062 891 2087 vis
903 2070 988 2096 quae-

191 2097 267 2128 dam,
283 2097 427 2124 consulcns
440 2098 530 2129 nobis,
547 2099 713 2124 somniorum
725 2098 936 2134 significationes
948 2098 987 2124 fa-

191 2135 239 2161 cit:
263 2139 308 2161 aut
323 2135 486 2161 coniectores
502 2144 536 2161 ex
550 2136 667 2170 quadam
683 2137 870 2162 convenientia
886 2141 911 2162 et
922 2145 987 2162 con-

190 2172 326 2198 iunctione
337 2177 454 2203 naturae,
468 2181 549 2207 quam
556 2177 651 2199 vocant
662 2173 843 2208 συμπάθειαν,
854 2173 921 2208 quid
927 2174 987 2199 cui-

190 2217 243 2244 que
259 2211 297 2235 rei
313 2210 465 2240 conveniat,
485 2218 519 2236 ex
529 2211 650 2241 somniis,
664 2214 689 2236 et
700 2210 767 2245 quid
779 2219 916 2245 quamque
930 2219 985 2236 rem

191 2251 332 2281 sequatur,
354 2246 521 2282 intelligunt:
553 2252 598 2274 aut
611 2256 704 2274 corum
719 2253 845 2274 neutrum
863 2252 916 2279 est,
938 2248 986 2274 sed

190 2283 322 2318 quaedam
351 2284 502 2310 observatio
526 2289 650 2311 constans
676 2289 755 2320 atque
780 2285 908 2311 diuturna
934 2290 983 2316 est,

190 2329 275 2355 quum
287 2320 353 2356 quid
365 2321 454 2347 visum
466 2321 616 2348 secundum
627 2322 746 2357 quietem
757 2323 801 2353 sit,
814 2322 882 2357 quid
892 2323 986 2348 eveni-

190 2366 218 2383 re
239 2363 264 2384 et
283 2358 350 2393 quid
366 2359 445 2393 sequi
460 2358 553 2385 soleat.
594 2360 714 2386 Primum
731 2360 815 2395 igitur
830 2359 986 2395 intelligen-

191 2394 256 2421 dum
274 2400 326 2426 est,
350 2395 451 2422 nullam
470 2396 527 2422 vim
538 2405 597 2422 esse
608 2396 730 2423 divinam
742 2397 901 2423 effectricem
913 2406 986 2423 som-

192 2432 306 2458 niorum.
345 2433 431 2468 Atque
447 2432 514 2459 illud
530 2433 642 2468 quidem
652 2435 828 2468 perspicuum
839 2439 892 2466 est,
911 2434 985 2460 nulla

192 2469 249 2494 visa
263 2470 427 2496 somniorum
444 2470 578 2504 proficisci
593 2480 607 2497 a
625 2472 736 2497 numine
747 2471 873 2498 deorum:
896 2477 985 2498 nostra

191 2506 264 2531 enim
277 2514 370 2532 caussa
381 2507 419 2533 dii
432 2508 458 2533 id
471 2507 595 2539 facerent,
608 2513 637 2534 ut
648 2508 789 2542 providere
797 2508 986 2543 futuraposse-

193 2550 263 2568 mus.
306 2544 361 2569 425.
382 2544 484 2576 Quotus
501 2545 584 2581 igitur
599 2550 640 2572 est
657 2546 789 2580 quisque,
811 2547 860 2580 qui
870 2547 984 2572 somniis

193 2578 300 2613 pareat‘?
319 2581 367 2614 qui
391 2581 540 2617 intelligat?
559 2583 607 2617 qui
619 2582 792 2609 meminerit‘.>
811 2591 893 2618 quam
905 2583 985 2610 multi

193 2624 269 2647 vero,
283 2617 330 2650 qui
340 2622 516 2650 contemnant,
539 2628 653 2655 eamque
664 2621 883 2654 superstitionem
897 2621 986 2646 imbe-

191 2652 248 2678 cilli
259 2654 341 2680 animi
352 2659 430 2689 atque
441 2655 632 2691 anilisputcnt!
654 2657 726 2690 Quid
737 2662 776 2684 est
787 2658 878 2693 igitur,
887 2666 935 2684 cur
942 2657 985 2684 his

934 128 964 155 Τ.
995 126 1266 154 (ΣΙΕΙΞΙΗ)Ν15

1039 198 1196 224 bominibus
1209 196 1352 224 consulens
1363 197 1431 224 deus
1450 199 1563 225 somnii.-
1579 203 1684 226 moneat
1698 207 1758 228 eoo.
1782 198 1831 234 qui

1040 236 1083 261 illa
1101 245 1151 261 non
1174 235 1252 261 modo
1266 244 1344 266 cura,
1366 235 1412 261 sed
1429 244 1462 262 ne
1481 237 1607 262 memoria
1622 235 1733 272 quidem
1749 235 1831 271 digna

1038 272 1155 298 ‹lun-ant?
1184 272 1238 298 Nec
1253 273 1324 298 enim
1342 273 1462 307 ignorare
1477 272 1544 299 deun
1560 279 1658 308 potest.
1676 282 1728 308 qua
1745 277 1832 299 mente

1039 310 1155 344 quisque
1171 309 1219 335 sit:
1247 318 1294 335 nec
1323 309 1419 335 trustra
1435 318 1465 335 ac
1481 310 1538 336 sinc
1553 319 1647 337 caussa
1663 310 1730 345 quid
1747 309 1833 336 facere

1039 347 1154 381 «lignum
1176 346 1226 372 dco
1247 351 1300 375 est:
1332 346 1404 381 quod
1420 346 1544 373 abhorret
1559 349 1638 374 etiam
1662 347 1696 373 ab
1716 347 1833 373 tiotninis

1038 384 1196 409 constantia.
1229 383 1263 409 ita
1276 384 1298 409 ni
1314 383 1441 418 pleraque
1452 384 1555 410 somnia
1566 390 1612 410 aut
1623 385 1778 420 ignorantur
1788 388 1834 410 aut

1039 421 1226 456 negliguntur:
1250 425 1295 446 aut
1306 421 1390 447 nescit
1402 421 1451 447 boc
1461 421 1542 451 deus.
1556 427 1601 448 aut
1612 421 1708 448 frustra
1715 422 1834 447 somnio-

1039 467 1097 483 rum
1119 458 1314 493 significatione
1335 458 1428 484 utitur.
1469 457 1521 484 Sed
1543 458 1638 484 borum
1660 463 1784 485 neutrum
1806 458 1832 484 in

1038 495 1118 520 deum
1139 494 1220 521 cadit.
1262 495 1334 521 Nihil
1352 495 1434 529 igitur
1456 504 1469 521 a
1485 495 1535 521 deo
1554 496 1668 522 somniis
1687 495 1833 531 significari

1039 531 1175 558 sau—ndum
1191 536 1240 558 cst.
1281 532 1349 558 Lxx.
1364 534 1420 558 ¹26.
1434 532 1501 558 {llud
1516 533 1596 559 ctiam
1609 533 1724 567 requiro,
1737 540 1794 562 cur,
1810 532 1833 557 si

1039 569 1107 595 deus
1125 570 1172 595 ista
1189 570 1245 595 visa
1259 569 1336 595 nobis
1348 569 1508 604 providendi
1519 578 1615 596 caussa
1626 569 1684 599 dat,
1699 578 1750 596 non
1762 569 1834 604 vigi-

1040 606 1161 633 lantibus
1173 607 1262 641 potius
1273 606 1330 636 det.
1343 615 1425 641 quam
1437 606 1644 633 dormientibus.
1686 606 1750 632 Sive
1760 607 1833 632 enim

1038 649 1164 670 externus
1187 649 1213 670 et
1232 643 1396 670 adventitius
1412 643 1508 678 pulsus
1523 645 1627 671 animos
1642 643 1833 670 dormientium

1037 686 1196 710 commovet.
1210 681 1267 707 sive
1279 690 1326 716 per
1336 690 1364 707 se
1377 681 1427 716 ipsi
1441 682 1523 708 animi
1537 687 1686 710 moventur,
1699 681 1833 715 sichuae

1037 727 1131 744 caussa
1143 718 1193 744 alia
1205 724 1254 749 est,
1266 727 1315 744 cur
1325 718 1475 744 secundum
1486 720 1605 754 quietem
1617 718 1721 754 aliquid
1731 718 1832 747 videre.

1037 756 1144 785 audire,
1169 764 1246 791 agere
1267 755 1420 788 videamur,
1438 756 1531 782 cadem
1546 765 1640 782 caussa
1657 755 1835 791 vigilantibus

1037 802 1096 819 esse
1118 798 1231 828 poterat:
1265 793 1346 828 idque
1366 793 1389 819 si
1409 799 1496 819 nostra
1514 802 1609 819 caussa
1625 793 1663 819 dii
1684 792 1834 819 secundum

1037 831 1155 865 quietem
1173 830 1302 859 tacerent.
1321 830 1498 865 vigilantibus
1515 831 1586 857 idem
1605 830 1734 861 facerent3
1758 837 1835 864 prac-

1037 868 1128 894 sertim
1141 876 1226 902 quum
1238 867 1421 903 Chrysippus,
1439 868 1614 894 Academicos
1626 867 1759 894 refellens.
1774 875 1834 902 per-

1038 905 1122 931 multo
1137 905 1247 931 clariora
1266 910 1291 930 et
1306 905 1416 931 certiora
1432 914 1491 931 esse
1507 905 1590 935 dicat.
1610 913 1680 941 quae
1698 904 1836 940 vigilanti-

1038 942 1089 968 bus
1102 942 1251 972 videantur,
1265 951 1346 976 quam
1357 950 1426 977 quae
1438 943 1646 969 somniantibus.
1682 942 1742 968 Fuit
1754 942 1836 977 igitur

1037 980 1129 1006 divina
1143 979 1317 1005 beneficentia
1328 979 1453 1015 dignius,
1466 989 1551 1015 quum
1562 979 1732 1006 consulerent
1745 978 1834 1009 nobis.

1037 1017 1148 1043 clariora
1166 1017 1222 1042 visa
1238 1016 1301 1042 darc
1319 1017 1510 1052 vigilantibus.
1526 1026 1607 1052 quam
1622 1017 1776 1043 obscuriora
1789 1024 1837 1050 pcr

1037 1055 1184 1080 somnium.
1215 1053 1291 1085 Quod
1303 1055 1430 1088 quoniam
1443 1063 1494 1081 non
1510 1055 1546 1085 sit,
1562 1055 1665 1081 somnia
1678 1054 1771 1080 divina
1784 1061 1837 1088 pu-

1038 1091 1115 1118 tanda
1133 1100 1184 1117 non
1199 1096 1272 1117 sunt.
1316 1092 1372 1117 ⁴27.
1386 1092 1438 1117 lam
1453 1100 1514 1117 vero
1525 1091 1592 1126 quid
1603 1100 1672 1126 opus
1685 1096 1725 1118 est
1736 1090 1836 1117 circui-

1038 1129 1107 1155 tione
1124 1133 1149 1154 et
1164 1127 1308 1158 amfractu,
1329 1133 1358 1154 ut
1369 1129 1404 1154 sit
1415 1128 1546 1154 utendum
1559 1129 1750 1164 interpretibus
1763 1135 1837 1154 som-

1038 1167 1142 1192 niorum
1155 1166 1259 1200 potius,
1273 1174 1354 1200 quam
1369 1165 1488 1192 directo?
1507 1167 1586 1197 Deus,
1599 1167 1623 1192 si
1635 1166 1746 1201 quidem
1758 1164 1836 1191 nobis

1014 1219 1015 1223 =
1037 1202 1202 1232 consulebat.
1226 1203 1279 1229 Hoc
1298 1205 1386 1235 facito,
1409 1203 1463 1230 Hoc
1478 1212 1508 1229 ne
1521 1206 1625 1236 seceris,
1647 1201 1766 1229 diceret?
1795 1201 1822 1228 id

1037 1250 1089 1275 quc
1109 1241 1199 1266 visum
1220 1239 1344 1276 vigilanti
1365 1241 1468 1275 potius,
1489 1249 1571 1275 quam
1586 1240 1729 1267 dormienti
1745 1238 1838 1266 daret?

1038 1278 1118 1304 Lxu.
1136 1278 1189 1303 lam
1209 1285 1272 1303 vero
1287 1279 1349 1312 quis
1364 1278 1454 1304 dicere
1472 1278 1580 1309 audeat,
1600 1286 1661 1304 vera
1677 1278 1766 1304 omnia
1777 1284 1837 1306 esse

1039 1314 1160 1342 somnia?
1189 1316 1292 1348 Anquoe
1311 1318 1409 1341 somnia
1431 1324 1507 1346 vern,
1535 1316 1624 1350 inquit
1643 1315 1761 1345 Ennius;
1793 1315 1837 1340 seat

1039 1362 1123 1379 omma
1139 1361 1188 1378 non
1204 1357 1239 1378 est
1256 1361 1363 1379 necesse.
1403 1352 1477 1384 Quae
1495 1358 1534 1379 est
1549 1352 1656 1379 tandem
1674 1353 1723 1379 ista
1738 1351 1838 1378 distin-

1038 1389 1108 1416 ctio'?
1137 1398 1206 1424 quae
1223 1398 1298 1419 vera.
1317 1398 1386 1425 quae
1403 1389 1468 1416 falsa
1486 1389 1583 1417 habet‘?
1611 1390 1643 1416 Et
1654 1391 1678 1416 si
1689 1398 1750 1416 vera
1762 1397 1775 1415 a
1787 1388 1838 1414 deo

1039 1428 1195 1457 mittuntur,
1217 1426 1282 1453 falsa
1299 1427 1370 1453 unde
1387 1427 1552 1454 nascuntur?
1576 1428 1642 1453 Nam
1654 1428 1676 1453 si
1688 1435 1717 1453 ea
1728 1434 1837 1461 quoque

1037 1465 1144 1495 divina,
1158 1464 1224 1499 quid
1237 1465 1432 1491 inconstantius
1443 1464 1511 1491 deo‘?
1533 1465 1600 1500 quid
1612 1465 1737 1491 inscitius
1748 1468 1837 1490 autem

1038 1508 1090 1533 est=
1109 1510 1190 1537 quam
1203 1507 1306 1528 mentes
1318 1502 1470 1530 mortalium
1484 1501 1559 1529 salsis
1570 1507 1596 1529 et
1607 1501 1784 1528 mendacibus
1795 1501 1838 1526 vi—

1038 1540 1076 1566 sis
1091 1539 1243 1566 concitare?
1263 1540 1309 1566 Sin
1322 1548 1383 1566 vera
1398 1540 1455 1566 visa
1467 1539 1560 1566 divina
1571 1544 1647 1571 sunt;
1671 1538 1736 1565 falsa
1748 1543 1836 1564 autem

1037 1582 1063 1603 et
1082 1577 1171 1603 inania
1189 1576 1319 1604 humana:
1342 1585 1412 1612 quae
1426 1582 1467 1603 est
1482 1578 1531 1604 ista
1543 1576 1705 1613 designandi
1719 1575 1836 1604 licentia.

1014 1639 1015 1642 ,
1038 1619 1067 1640 ut
1087 1614 1136 1640 hoc
1157 1613 1239 1645 deus,
1266 1614 1316 1641 hoc
1340 1619 1433 1641 natura
1454 1614 1547 1641 fecerit
1567 1615 1670 1649 potius,
1695 1621 1777 1648 quam
1792 1617 1839 1638 aut

1014 1663 1015 1667 ¹
1037 1653 1126 1677 omnia
1141 1651 1223 1681 deus.
1240 1651 1312 1686 quod
1329 1652 1446 1687 negatis,
1468 1656 1513 1678 aut
1523 1652 1613 1678 omnia
1625 1649 1737 1677 natura?
1764 1649 1837 1684 quod

1037 1690 1165 1723 quoniam
1187 1687 1255 1715 illud
1271 1689 1388 1725 negatis,
1414 1688 1464 1715 hoc
1485 1689 1636 1715 necessario
1655 1686 1836 1714 confitendum

1037 1731 1086 1752 est.
1130 1727 1186 1752 ⁴28.
1209 1726 1335 1752 Naturam
1353 1731 1440 1752 autem
1457 1734 1515 1752 eam
1531 1725 1605 1756 dico,
1623 1733 1676 1760 qua
1688 1732 1837 1760 numquam

1038 1764 1145 1789 animus
1161 1763 1289 1789 insistens
1305 1764 1448 1799 agitatione
1463 1768 1488 1789 et
1504 1768 1577 1789 motu
1592 1771 1652 1789 esse
1668 1770 1771 1788 vacuus
1789 1769 1838 1796 po-

1038 1805 1098 1826 test.
1139 1801 1163 1826 Is
1183 1808 1268 1834 quum
1291 1800 1417 1836 languore
1437 1801 1557 1835 corporis
1577 1808 1625 1826 nec
1647 1799 1777 1825 membris
1797 1799 1838 1824 uti

1039 1846 1086 1864 nec
1107 1837 1234 1863 sensibus
1255 1843 1350 1873 potest,
1374 1837 1469 1864 incidit
1489 1838 1516 1863 in
1534 1838 1591 1863 visa
1607 1837 1680 1863 varia
1697 1841 1722 1863 et
1738 1837 1837 1863 incerta

1038 1883 1072 1901 ex
1087 1873 1224 1909 reliquiis,
1243 1880 1272 1901 ut
1287 1875 1323 1901 ait
1337 1874 1506 1905 Aristoteles,
1524 1874 1729 1900 inhaerentibus
1745 1881 1837 1900 earum

1038 1920 1141 1942 rerum,
1160 1920 1228 1946 quas
1246 1911 1363 1947 vigilans
1378 1913 1492 1948 gesserit
1503 1916 1548 1938 aut
1558 1912 1725 1947 cogitaverit.
1765 1910 1839 1943 Qua-

1038 1958 1097 1975 rum
1114 1949 1313 1983 perturbatione
1332 1949 1470 1975 mirabiles
1482 1948 1618 1975 interdum
1629 1949 1764 1975 exsistunt
1774 1956 1839 1983 spe-

1037 1987 1092 2012 cies
1108 1986 1285 2013 somniorum.
1325 1986 1398 2019 Quae
1413 1987 1438 2013 si
1453 1986 1505 2013 alia
1524 1986 1604 2017 falsa,
1622 1986 1673 2012 alia
1685 1994 1762 2012 vera:
1783 1993 1837 2020 qua

1039 2028 1098 2050 nota
1115 2024 1342 2055 internoscantur,
1361 2025 1430 2050 scire
1446 2032 1511 2050 sane
1521 2023 1615 2050 velim.
1655 2022 1684 2049 Si
1696 2022 1770 2049 nulla
1780 2027 1835 2049 est:

1038 2061 1105 2096 quid
1122 2062 1187 2087 istos
1199 2061 1357 2096 interpretes
1371 2060 1533 2088 audiamus?
1561 2060 1610 2087 Sin
1624 2061 1769 2096 quaepiam
1779 2064 1835 2086 est:

1039 2107 1104 2124 aveo
1119 2098 1226 2129 audire,
1243 2107 1312 2133 quae
1323 2099 1368 2125 sit.
1408 2098 1460 2125 Sed
1471 2098 1630 2125 haerebunt.
1671 2097 1763 2124 Lxut.
1778 2098 1835 2123 429.

1038 2136 1116 2162 Venit
1131 2136 1203 2161 enim
1219 2137 1272 2162 iam
1288 2137 1315 2162 in
1330 2137 1540 2167 contentionem,
1557 2140 1649 2161 utrum
1664 2135 1699 2161 sit
1709 2134 1838 2169 probabi—

1038 2173 1106 2199 lius:
1124 2172 1223 2199 deosne
1242 2173 1420 2204 immortales,
1437 2181 1528 2199 rerum
1542 2173 1665 2199 omnium
1675 2171 1836 2207 praestantia

1037 2209 1213 2241 excellentes,
1229 2219 1388 2237 concursare
1398 2211 1521 2237 omnium
1533 2209 1701 2240 mortalium,
1714 2209 1762 2244 qui
1773 2208 1836 2235 ubi-

1036 2255 1091 2282 que
1113 2252 1185 2278 sunt.
1210 2256 1260 2274 non
1277 2247 1356 2274 modo
1372 2247 1466 2278 lectos,
1489 2255 1584 2273 verum
1604 2247 1685 2273 etiam
1699 2245 1833 2281 grabatos,

1037 2290 1075 2313 et.
1093 2293 1180 2320 quum
1191 2289 1332 2311 stertentes
1341 2284 1448 2320 aliquos
1459 2284 1590 2315 viderint,
1608 2283 1725 2310 obiicere
1737 2282 1780 2309 bis
1793 2283 1837 2309 vi-

1037 2331 1065 2348 sa
1085 2321 1220 2357 quaedam
1244 2327 1361 2349 tortuosa
1381 2327 1408 2349 et
1427 2322 1555 2352 obscura,
1573 2329 1643 2356 quae
1658 2320 1700 2347 illi
1714 2319 1836 2346 exterriti

1037 2360 1143 2385 somnio
1163 2359 1197 2385 ad
1219 2360 1397 2386 coniectorem
1421 2367 1498 2385 mane
1519 2358 1652 2390 deferant3
1687 2366 1720 2383 an
1741 2361 1836 2383 natura

1037 2396 1108 2427 fieri,
1128 2400 1158 2422 ut
1173 2396 1308 2423 mobiliter
1318 2397 1426 2423 animus
1437 2397 1566 2432 agitatus,
1579 2394 1652 2430 quod
1663 2394 1781 2429 vigilans
1793 2394 1836 2420 vi-

1036 2433 1118 2463 derit.
1133 2433 1270 2460 dormiens
1281 2433 1373 2460 videre
1384 2434 1517 2460 videatur.
1556 2432 1650 2459 Utrum
1662 2431 1835 2466 philosophia

1035 2471 1157 2506 dignius,
1179 2480 1304 2507 sagarum
1325 2471 1515 2505 superstitione
1527 2470 1578 2496 ista
1597 2468 1778 2503 interpretari,
1800 2477 1834 2495 an

1036 2508 1216 2543 explicatione
1237 2507 1366 2535 naturae?
1393 2508 1435 2539 Ut,
1457 2508 1482 2534 si
1501 2508 1555 2533 iam
1571 2506 1628 2532 fieri
1643 2506 1729 2540 possit
1743 2506 1836 2532 conie-

1035 2550 1110 2571 ctura
1132 2554 1195 2571 vera
1210 2546 1391 2576 somniorum,
1413 2549 1502 2571 tamen
1519 2544 1578 2574 isti,
1601 2543 1650 2578 qui
1664 2542 1832 2577 profitentur,

1036 2591 1094 2608 eam
1111 2582 1198 2609 facere
1214 2592 1266 2610 non
1281 2583 1399 2618 possint:
1421 2590 1456 2608 ex
1471 2581 1610 2607 levissimo
1628 2580 1700 2606 enim
1714 2584 1741 2606 et
1755 2579 1834 2606 iudo-

1035 2620 1158 2646 ctissimo
1178 2628 1275 2655 genere
1295 2623 1426 2646 constant.
1467 2618 1550 2645 Stoici
1571 2622 1661 2644 autem
1680 2617 1720 2643 tui
1735 2621 1834 2652 negant

1036 2665 1201 2692 quemquam
1210 2677 1216 2689 ,
1232 2657 1286 2684 nisi
1296 2657 1454 2692 sapientem,
1467 2655 1593 2682 divinum
1603 2662 1661 2681 esse
1672 2662 1760 2689 posse.
1776 2654 1832 2680 130.
