1941 3052
204 135 251 157 ¹10⁸

201 204 350 237 sium-ique
363 202 400 227 rei
414 200 527 227 mederi,
544 209 574 225 nt·
588 201 673 231 rugari
685 198 795 233 quidem
807 207 836 223 se
848 206 944 232 passus
956 202 995 223 est

200 240 233 265 «le
251 239 307 265 illo:
327 239 398 273 quod
414 237 524 272 quidem
543 236 609 261 mihi
627 235 768 261 molestum
781 244 832 261 non
849 240 902 261 est:
927 234 993 260 illud

201 276 349 303 molestius,
365 277 427 300 istas·
441 273 638 307 impetrationes
651 277 752 298 nostras
764 272 831 298 nihil
846 271 942 298 valere.
970 274 993 297 2.

201 313 284 342 Sulla,
300 318 327 338 ιιι
337 313 440 346 opinor,
454 319 512 335 cras
525 310 568 335 hic
578 309 627 335 erit
638 318 699 335 cum
712 309 844 335 Messalla.
878 309 996 335 Currunt

201 350 232 376 ud
247 350 321 376 illum
335 348 431 383 pulsia
444 347 590 377 militibus,
607 347 653 381 qui
665 355 694 372 ae
706 351 803 381 negant
815 354 939 380 usquam,
953 346 995 372 ni-

202 388 223 413 si
236 386 395 420 acceperint.
438 385 506 417 Ergo
519 383 562 410 ille
575 384 627 410 huc
640 384 741 409 veniet:
764 383 835 417 quod
854 392 904 409 non
917 387 995 417 puta-

203 425 277 450 lmut:
293 422 365 449 tarde
377 421 497 456 quidem.
535 421 629 447 Itinera
641 421 712 446 enim
726 421 759 446 ita
773 420 844 450 fucit,
858 425 886 446 ut
897 419 995 446 multos

203 462 259 486 ilii-s
277 461 302 486 in
321 458 451 494 oppidum
468 463 556 493 ponat.
598 459 746 484 Pharnaces
762 462 865 487 autem,
886 465 996 492 quoquo

203 498 280 523 modo
291 501 359 531 aget,
376 496 465 522 all‘errt
478 504 588 521 moram.
622 495 692 527 Quid
709 495 776 521 mihi
789 495 871 529 igitur
884 493 996 520 censes‘?
1016 493 1017 519 l

202 536 255 560 lam
266 534 338 560 enim
349 541 458 567 corpore
471 533 515 559 vix
527 534 647 559 sustineo
658 533 815 567 gravitatem
829 531 993 562 huiuscaeli,

201 571 349 606 quaemihi
363 570 477 596 laborem
490 569 599 596 attonio
611 569 711 596 dolore.
745 569 784 595 An
799 569 840 595 liis
854 568 918 595 illuc
929 577 996 595 eun-

203 609 275 635 tibus
292 608 430 637 mnndum,
455 612 482 633 ut
498 616 539 632 uie
558 611 699 637 excusent,
721 607 778 641 ipse
794 605 918 632 accedam
934 614 996 640 pro-

203 645 282 681 pius?
292 646 404 677 Quaeso,
413 644 532 675 attende,
545 649 571 670 et
582 652 633 675 me,
646 643 717 678 quod
729 643 818 669 adhuc
829 652 908 678 saepe
919 651 996 678 roga-

203 689 244 709 tus
257 692 306 709 non
321 681 536 712 l'e(.·isti,consili0
548 682 623 713 iuva,
637 682 693 707 scio
704 689 758 707 rem
769 680 909 707 difficilem
921 688 993 712 esse3

203 720 259 750 sed,
275 724 303 746 ut
314 720 339 746 in
353 719 440 745 matis.
481 719 567 745 Etiam
579 718 647 745 illud
660 726 716 744 mea
729 719 819 754 magni
832 719 954 747 interest,
972 722 996 744 te

205 762 231 783 ut
245 757 359 783 videam⁴
402 755 520 782 Profecto
531 755 634 791 aliquid
650 755 798 790 profecero,
816 756 839 782 si
852 754 879 782 id
891 754 996 782 accide—

205 795 246 821 rit.
288 795 323 821 De
335 798 500 824 testamento,
514 798 542 820 ut
553 793 659 823 scribis.
673 792 880 819 animadvertes.

258 863 343 884 xxm.
373 864 488 887 (Brundisii,
496 865 575 882 Can-ure
585 864 630 882 dict.
642 865 698 885 707.)

390 907 556 934 CICERO
586 906 752 933 ATTICO
781 906 807 933 S.

262 947 285 971 t.
304 942 387 976 Quod
403 945 436 971 ad
452 950 476 971 te
491 945 661 979 scripseram,
679 949 708 970 ut
721 953 783 970 cum
795 942 908 971 Camillo
923 951 997 969 com-

204 982 364 1013 niunicares,
378 982 410 1009 de
422 991 452 1009 eo
463 982 593 1009 Camillus
605 982 672 1008 mihi
683 982 800 1016 scripsit,
815 986 839 1008 te
850 989 942 1007 secum
959 980 997 1006 lo-

203 1025 307 1046 cutum.
347 1020 417 1046 Tuas
435 1020 533 1046 litteras
549 1019 751 1053 exspectaban13
774 1019 827 1045 nisi
846 1017 914 1044 illud
934 1018 997 1053 qui-

204 1058 265 1083 dem
280 1057 390 1087 mutari,
413 1057 436 1083 si
447 1056 524 1083 aliter
535 1062 574 1083 est
585 1062 610 1082 et
620 1060 735 1091 oportet,
753 1064 805 1082 non
817 1055 896 1082 video
907 1063 995 1089 posse.

204 1094 256 1120 Sed
268 1103 353 1129 quum
366 1094 399 1120 ab
412 1093 457 1120 illo
468 1095 632 1128 accepissem
646 1093 915 1124 litteras,desideravi
927 1097 995 1119 tuas.

205 1132 260 1158 Etsi
272 1132 399 1166 putabam
413 1136 435 1158 te
447 1132 585 1158 certiorem
598 1130 697 1157 factum
709 1139 759 1157 non
770 1139 839 1156 esse.
862 1129 939 1156 Modo
951 1138 998 1155 va-

206 1169 286 1195 leres!
304 1169 456 1204 Scripseras
471 1169 543 1195 enim
560 1174 583 1195 te
598 1168 714 1203 quodam
727 1167 890 1194 valetudinis
900 1175 998 1203 genere

204 1207 309 1233 tentari.
349 1208 374 1233 Ξ.
396 1206 513 1232 Acusius
528 1205 639 1240 quidam
656 1205 749 1232 Rhodo
765 1209 874 1231 venerat
888 1213 944 1230 vni.
958 1204 996 1230 Id.

203 1243 295 1276 Quint.
318 1244 342 1270 Is
354 1243 494 1270 nuntiabat
505 1242 635 1275 Quintum
648 1242 735 1268 filium
746 1242 779 1268 ad
786 1242 925 1269 Caesarem
936 1250 999 1276 pro-

205 1281 304 1307 fectum
317 1289 352 1307 iv.
365 1280 423 1306 Kal.
436 1281 495 1306 Iun.
515 1280 690 1306 Philotimum
701 1279 826 1306 Rhodum
837 1279 925 1314 pridie
935 1287 998 1305 eum

204 1318 277 1344 diem
290 1318 409 1350 venisse,
425 1317 522 1344 habere
534 1317 566 1343 ad
578 1326 620 1344 me
633 1317 742 1344 litteras.
763 1318 856 1352 Ipsum
867 1317 998 1343 Acusium

204 1355 313 1386 audies,
330 1355 377 1381 sed
389 1355 491 1382 tardius
506 1355 555 1381 iter
567 1354 689 1381 faciebat.
730 1355 767 1381 Eo
779 1354 843 1385 feci,
855 1359 886 1380 ut
897 1354 944 1380 has
955 1362 1000 1380 ce-

205 1393 295 1419 leriter
309 1393 384 1419 eunti
400 1392 502 1418 darem.
542 1392 613 1424 Quid
625 1393 697 1418 sitin
714 1392 747 1418 iis
765 1391 874 1422 litteris,
892 1391 996 1418 nescio:

204 1429 252 1456 sed
269 1430 336 1456 mihi
351 1429 428 1456 valde
440 1430 556 1462 Quintus
572 1429 651 1456 frater
665 1429 824 1465 gratulatur.
864 1428 999 1463 Equidem

205 1468 232 1493 in
245 1476 303 1493 meo
316 1471 386 1493 tanto
396 1472 503 1502 peccato
515 1466 582 1493 nihil
595 1475 628 1493 ne
637 1467 797 1502 cogitatione
808 1466 919 1501 quidem
926 1474 1000 1492 asse-

205 1506 252 1539 qui
263 1512 384 1539 possum,
399 1504 472 1539 quod
483 1504 551 1530 mihi
563 1503 700 1530 tolerabile
711 1504 797 1538 possit
807 1511 876 1530 esse.
917 1505 941 1530 3.
964 1503 1000 1529 Te

204 1551 263 1572 oro,
281 1546 311 1568 ut
322 1541 355 1568 de
367 1542 416 1568 hac
427 1542 524 1568 misera
536 1542 650 1577 cogites:
668 1546 694 1568 et
710 1541 792 1572 illud,
808 1540 842 1567 de
857 1549 911 1576 quo
926 1540 959 1567 ad
975 1545 1000 1567 te

205 1579 327 1614 proxime
337 1579 445 1614 scripsi,
453 1583 482 1606 ut
491 1578 595 1614 aliquid
607 1578 763 1605 conficiatur
773 1578 807 1604 ad
814 1579 932 1612 inopiam
938 1586 1001 1613 pro-

206 1616 366 1651 pulsandam
385 1621 412 1643 et
422 1617 502 1643 etiam
517 1616 550 1642 de
565 1617 624 1651 ipso
639 1620 807 1642 testamento.
846 1615 917 1642 Illud
932 1623 1001 1650 quo-

205 1662 258 1688 que
271 1653 367 1680 vellem
379 1658 468 1680 antea:
482 1653 529 1680 sed
541 1654 629 1680 omnia
641 1654 792 1680 timuimus.
830 1652 928 1679 Melius
938 1653 1001 1687 qui-

205 1691 267 1716 dem
278 1691 306 1717 in
318 1691 445 1726 pessimis
460 1691 527 1717 nihil
540 1690 591 1717 fuit
601 1690 726 1717 discidio.
767 1690 879 1725 Aliquid
890 1689 1001 1716 fecisse-

207 1737 277 1759 muS,
290 1733 320 1754 ut
330 1729 392 1759 viri,
405 1728 448 1755 vel
460 1727 613 1755 tabularum
625 1736 756 1754 novarum
768 1728 885 1759 nomine,
898 1727 940 1754 vel
953 1735 1002 1753 no-

205 1770 360 1791 cturnarum
371 1766 612 1801 expugnationum‚
629 1764 671 1791 vel
681 1765 811 1796 Metellae,
826 1764 868 1791 vel
878 1765 1000 1791 omnium

207 1802 351 1835 malorum;
369 1811 418 1829 nec
433 1811 475 1829 res
486 1803 601 1838 perisset
611 1807 637 1829 et
647 1802 801 1829 videremur
811 1801 915 1836 aliquid
926 1801 1001 1828 dolo-

207 1840 244 1865 ris
255 1839 342 1866 virilis
354 1840 492 1866 habuisse.
519 1840 629 1866 Memini
640 1840 750 1866 omnino
761 1844 820 1866 tuas
832 1839 941 1870 litteras,
953 1838 1000 1864 sed

206 1882 232 1903 et
243 1881 349 1911 tempus
360 1876 442 1903 illud:
456 1877 506 1903 etsi
516 1876 628 1912 quidvis
638 1877 780 1911 praestitit.
802 1877 879 1902 Nunc
889 1875 1001 1911 quidem

207 1914 265 1948 ipse
278 1914 384 1940 videtur
394 1914 561 1940 denuntiare.
596 1913 731 1940 Audimus
741 1914 813 1940 enim
823 1913 856 1939 de
868 1917 937 1940 statu
949 1913 1002 1939 rei-

206 1950 342 1985 publicae.
372 1950 394 1977 O
404 1951 456 1977 dii!
469 1959 634 1986 generumne
646 1955 766 1977 nostrum
777 1951 959 1985 potissimum,
973 1955 1002 1977 ut

207 1988 267 2018 hoc,
280 1987 322 2014 vel
335 1987 439 2014 tabulas
450 1987 550 2014 novas?
564 1987 652 2014 Placet
662 1987 731 2014 mihi
742 1988 834 2023 igitur,
847 1992 873 2014 et
884 1987 956 2014 idem
967 1988 1002 2014 ti-

206 2025 248 2055 bi,
267 2025 392 2052 nuntium
409 2025 518 2051 remitti.
560 2026 631 2052 Petet
646 2024 757 2051 fortasse
773 2025 876 2051 tertiam
892 2025 1002 2060 pensio-

206 2070 279 2089 nem.
318 2062 463 2089 Considera
475 2063 566 2098 igitur,
584 2067 686 2093 tumne,
697 2070 783 2097 quum
794 2062 827 2088 ab
839 2063 898 2096 ipso
909 2070 1002 2088 nasce-

207 2104 259 2131 tur,
271 2108 304 2126 an
320 2100 405 2134 prius.
436 2100 502 2135 Ego,
515 2100 538 2126 si
550 2099 605 2126 ullo
616 2099 694 2126 modo
705 2104 824 2134 potuero,
840 2099 882 2125 vel
894 2104 1003 2126 noctur—

207 2137 250 2163 nis
261 2136 405 2163 itineribus
415 2137 547 2172 experiar,
560 2141 590 2163 ut
601 2141 625 2163 te
637 2136 754 2163 videam.
794 2137 834 2162 Tu
845 2141 871 2163 et
881 2136 947 2163 haec
955 2157 961 2167 ,
977 2141 1003 2163 et

207 2174 231 2237 {Ti
247 2173 314 2237 quid
329 2174 392 2206 erit,
409 2173 481 2209 quod
497 2174 603 2201 intersit
616 2182 674 2200 mea
687 2174 772 2205 scire,
793 2173 897 2201 scribas
907 2173 1000 2201 velim.

231 2219 245 2237 a
257 2219 282 2237 e.

261 2280 348 2300 XXIV.
377 2281 490 2304 (Brundisii,
501 2282 579 2300 enus-re
587 2282 633 2300 dici.
645 2282 700 2304 :⁸07.)

395 2324 564 2351 CICERO
592 2324 762 2352 ATTICO
791 2324 820 2351 S.

268 2364 290 2388 l.
311 2356 391 2394 Quae
402 2361 507 2388 dudum
517 2362 551 2389 ad
562 2371 614 2393 me,
627 2367 661 2393 et,
674 2370 744 2397 quae
753 2362 835 2388 etiam
845 2366 905 2388 ante
915 2361 959 2388 bis
970 2361 1004 2388 ad

210 2398 326 2425 Tulliam
337 2398 370 2425 de
382 2407 424 2425 me
436 2400 579 2434 scripsisti.
592 2408 621 2426 ea
632 2400 718 2425 sentio
729 2407 788 2425 esse
798 2407 871 2425 vera.
892 2399 931 2425 Eo
941 2407 1004 2425 sum

211 2436 346 2467 miserior,
359 2436 418 2470 (etsi
430 2436 499 2462 nihil
511 2436 654 2463 videbatur
663 2436 726 2462 addi
740 2436 840 2471 posse,)
851 2435 925 2470 quod
935 2436 1004 2462 mihi

211 2481 263 2499 non
273 2473 352 2499 modo
363 2474 442 2499 irasci
452 2474 613 2509 gravissima
625 2473 724 2499 iniuria
735 2478 851 2508 accepta,
858 2472 945 2499 sedne
955 2473 1005 2499 do—

212 2508 265 2535 lere
285 2509 395 2543 quidem
419 2511 529 2545 impune
554 2510 625 2537 licet.
668 2509 755 2542 Quare
778 2510 851 2536 istud
874 2510 1002 2536 feramus.

211 2545 288 2577 Quod
299 2554 383 2580 quum
395 2547 546 2578 tulerimus,
559 2552 648 2574 tamen
659 2546 752 2573 eadem
763 2551 841 2573 erunt
850 2547 1005 2582 perpetien-

212 2582 259 2611 da,
276 2590 346 2616 quae
356 2587 398 2613 tu,
416 2593 448 2610 ne
460 2585 593 2615 accidant,
610 2589 640 2611 ut
649 2592 793 2610 caveamus
801 2604 807 2615 ‚
824 2593 927 2610 mones.
966 2584 1004 2610 Ea

213 2619 286 2644 enim
297 2623 360 2644 esta
370 2620 448 2646 nobis
460 2621 691 2656 contracta-culpa,
705 2626 734 2648 ut
744 2622 817 2648 omni
828 2621 1005 2652 statu,omni-
1026 2642 1028 2649 ,

214 2663 267 2690 que
277 2655 377 2690 populo
388 2658 513 2685 eumdem
524 2660 627 2686 exitum
638 2658 762 2685 habitura
772 2657 905 2684 videatur.
920 2657 1005 2685 2.Sed

380 134 432 157 tot).
457 131 489 156 tt.
512 130 541 155 'l'.
565 128 773 155 CICERONIS
794 127 970 154 EvtS'rot..
994 127 1040 153 AI)
1061 126 1233 153 ATTICUM
1257 126 1326 152 Liti.
1346 126 1481 153 xiim».
1507 129 1535 152 :15
1557 141 1590 145 —
1614 128 1643 151 253

1022 200 1024 205 ‘
1046 197 1077 223 :id
1096 205 1181 222 meam
1202 204 1309 222 manum
1330 196 1399 222 redi:
1422 196 1520 223 dehinc
1540 198 1612 223 enim
1628 196 1692 222 haec
1705 196 1836 222 occultius

1046 233 1158 266 agenda.
1176 233 1250 260 Vide,
1259 242 1368 267 quint-so.
1377 234 1456 259 etiam
1464 242 1535 260 nunc
1545 234 1578 259 ile
1591 232 1835 267 u·stanient11.qu0‹l

1047 276 1102 296 tum
1116 270 1224 299 sactum,
1238 279 1322 304 quum
1337 270 1380 295 illa
1392 278 1519 304 quat-rere
1530 276 1662 305 ‹tm-'mrim
1700 271 1765 296 Nun.
1780 279 1837 295 cre·

1046 308 1089 337 do,
1099 308 1285 335 teconiniuvit;
1301 316 1387 341 neque
1399 307 1608 342 enimroguvit',
1618 317 1650 334 ne
1662 317 1703 333 me
1713 307 1836 342 quidem.

1046 344 1098 371 Sed
1113 346 1190 379 quasi
1205 345 1238 370 ita
1250 344 1297 369 sit:
1314 345 1441 378 quoniam
1459 345 1485 370 in
1502 353 1650 371 sermonem
1663 346 1714 371 iam
1729 344 1835 372 *vni-ii.

1047 383 1146 416 poteris
1157 390 1215 407 eam
1228 390 1348 410 monere,
1367 386 1395 407 ut
1406 381 1487 407 alicui
1498 383 1658 411 committat,
1674 383 1752 407 cuiu-
1764 387 1837 407 extra

1047 418 1197 453 periculum
1211 418 1292 444 huius
1305 418 1368 444 belli
1381 417 1484 444 fortuna
1496 419 1540 444 sit.
1582 418 1712 453 Equidem
1729 419 1777 444 tibi
1790 427 1838 452 po-

1047 457 1182 482 tissimum
1196 455 1286 485 velini,
1299 456 1322 481 si
1336 455 1406 481 idem
1418 455 1462 481 illa
1477 455 1568 481 vellet:
1580 464 1660 490 quam
1672 455 1782 490 quidem
1794 464 1838 480 ce-

1048 493 1072 519 lo
1084 494 1218 523 miseram.
1233 501 1274 518 uie
1287 492 1336 518 hoc
1347 493 1449 518 timere.
1489 493 1524 518 De
1537 492 1582 518 illo
1592 492 1682 520 altero,
1696 494 1751 518 scio
1761 493 1839 527 equi-

1047 530 1108 556 dem
1126 532 1216 556 venire
1233 538 1303 555 nunc
1319 529 1356 556 nil
1374 538 1464 564 posse:
1490 529 1537 556 sed
1553 530 1647 564 seponi
1667 535 1692 555 et
1711 529 1838 555 occultari

1047 572 1168 602 possunt,
1183 572 1211 593 ut
1221 572 1293 592 extra
1306 567 1409 592 ruinam
1422 567 1476 593 sint
1486 575 1554 595 eam.
1567 575 1635 601 quae
1648 566 1792 601 impendet.
1812 569 1837 592 ³.

1048 606 1113 631 Nam
1125 604 1197 639 quod
1209 604 1315 634 scribis,
1330 604 1407 630 nobis
1421 609 1508 630 nostra
1520 609 1545 630 et
1557 609 1599 630 tua
1612 603 1714 629 Tulliae
1727 603 1780 629 l'orc
1792 612 1839 638 pa-

1047 647 1115 668 rata:
1130 647 1172 668 tua
1185 641 1276 667 credo:
1291 646 1379 667 nostra
1391 650 1459 676 quae
1471 646 1594 676 poterunt
1604 643 1681 667 esse?
1695 641 1730 667 De
1741 641 1839 667 Teren-

1048 677 1838 713 tiaautcm,(mittocetera.quaesuntinnumerabilia,)quid

1047 716 1079 743 ad
1093 716 1140 742 hoc
1153 716 1214 742 addi
1230 716 1333 750 potest?
1351 715 1516 750 Scripseras.
1534 720 1563 742 ut
1575 716 1637 741 ll-S
1651 723 1687 740 xu
1704 719 1840 749 permuta-

1048 762 1116 780 rem:
1132 758 1233 780 tantum
1246 761 1304 779 esse
1316 752 1450 787 reliquum
1462 752 1619 787 deargentn,
1636 752 1758 778 Misitilla
1766 760 1840 778 cem

1048 791 1125 821 mihi,
1138 795 1164 817 et
1174 791 1306 824 ascripsit,
1321 795 1422 816 tantum
1434 798 1492 816 esse
1505 789 1650 825 reliquum.
1690 791 1779 822 Quum
1791 789 1841 815 hoc

1048 832 1100 854 tam
1117 836 1229 862 parvum
1246 827 1279 853 dc
1297 836 1379 861 parvo
1394 827 1551 857 detraxerit,
1574 827 1705 862 perspicis
1725 825 1790 861 quid
1813 827 1839 853 in

1049 866 1165 891 maxima
1182 874 1208 891 re
1226 864 1335 891 fecerit?
1364 865 1388 891 4.
1411 864 1570 890 Philotimus
1587 873 1638 891 non
1655 864 1733 890 modo
1749 863 1841 890 nullus

1049 902 1185 932 venit,sed
1198 911 1230 928 ne
1242 911 1288 936 per
1301 901 1400 928 litteras
1411 901 1521 936 quidem
1533 907 1577 927 aut
1589 910 1636 936 per
1647 902 1771 927 nuntium
1783 909 1840 927 cer-

1049 940 1140 966 tiorem
1158 939 1220 965 lacit
1235 948 1289 968 me.
1310 939 1377 974 quid
1392 940 1487 975 egerit.
1527 939 1634 973 Epheso
1648 939 1695 973 qui
1718 939 1838 967 veniunt,

1049 977 1087 1003 ibi
1103 985 1131 1003 se
1147 985 1208 1003 eum
1225 976 1258 1003 de
1273 977 1331 1002 suis
1346 976 1536 1002 controversiis
1553 977 1579 1002 in
1593 976 1634 1001 ius
1645 975 1786 1002 adeuntem
1800 975 1841 1001 vi-

1049 1014 1122 1040 disse
1139 1014 1274 1045 nuntiant,
1291 1022 1360 1048 quae
1371 1013 1481 1048 quidem
1493 1014 1537 1047 (iia
1549 1013 1621 1039 enim
1633 1013 1780 1039 verisimile
1792 1013 1842 1046 est)

1049 1052 1076 1077 in
1088 1051 1232 1077 adventum
1244 1051 1365 1077 Caesaris
1377 1050 1486 1077 sortasse
1498 1051 1666 1076 reiiciuntur.
1696 1051 1732 1076 Ita
1744 1055 1788 1076 aut
1800 1050 1842 1075 ni-

1049 1088 1086 1115 hit
1099 1093 1163 1123 puto
1173 1097 1235 1115 eum
1248 1088 1354 1118 habere,
1363 1088 1435 1122 quod
1447 1092 1520 1122 putet
1530 1087 1563 1113 ad
1574 1096 1615 1113 me
1626 1087 1740 1113 celerius
1754 1086 1842 1122 perse-

1050 1126 1177 1156 rendum‚
1195 1131 1221 1152 et
1231 1134 1262 1151 eo
1274 1133 1315 1151 me
1327 1125 1414 1160 magis
1424 1133 1484 1151 esse
1495 1124 1667 1159 despectum:
1685 1130 1743 1154 aut,
1761 1125 1842 1150 etiam

1049 1164 1073 1189 si
1088 1162 1154 1198 quid
1171 1162 1264 1192 habet,
1279 1162 1320 1193 id,
1336 1163 1389 1188 nisi
1403 1162 1531 1188 omnibus
1545 1163 1604 1188 suis
1618 1162 1732 1197 negotiis
1752 1161 1843 1187 confe—

1049 1201 1108 1231 ctis,
1122 1200 1154 1226 ad
1167 1208 1209 1226 me
1220 1199 1317 1226 referre
1328 1208 1380 1226 non
1391 1204 1475 1226 curat.
1510 1199 1549 1225 Ex
1561 1207 1615 1234 quo
1625 1207 1754 1234 magnum
1765 1199 1843 1233 equi-

1049 1237 1111 1264 dem
1123 1238 1199 1272 capio
1210 1237 1339 1267 dolorem,
1351 1236 1399 1263 sed
1411 1245 1462 1264 non
1475 1241 1591 1267 tantum,
1607 1241 1738 1271 quantum
1750 1235 1844 1262 videor

1050 1275 1158 1301 debere.
1193 1274 1266 1301 Nihil
1278 1275 1351 1300 enim
1363 1282 1421 1301 mea
1432 1275 1523 1301 minus
1535 1274 1664 1300 interesse
1675 1278 1747 1308 puto,
1761 1281 1843 1308 quam

1050 1311 1117 1347 quid
1129 1311 1204 1339 illinc
1215 1311 1348 1338 afferatur.
1387 1311 1416 1338 Id
1427 1320 1508 1347 quam
1520 1311 1554 1337 ob
1566 1319 1635 1341 rem,
1653 1316 1678 1337 te
1694 1310 1844 1345 intelligere

1050 1354 1121 1376 certo
1134 1349 1200 1376 scio.
1240 1350 1266 1375 5.
1287 1348 1364 1381 Quod
1379 1356 1422 1375 me
1438 1357 1530 1375 mones
1545 1347 1578 1374 de
1594 1347 1670 1374 vultu
1685 1353 1711 1374 et
1725 1349 1844 1374 oratione

1050 1387 1084 1414 ad
1101 1392 1207 1422 tempus
1221 1385 1460 1419 accommodanda,
1483 1386 1533 1412 etsi
1551 1384 1663 1411 difficile
1679 1390 1732 1415 est,
1756 1390 1843 1411 tamen

1051 1425 1211 1459 imperarem
1231 1423 1313 1454 mihi,
1334 1424 1358 1450 si
1378 1432 1436 1450 mea
1451 1423 1602 1459 quidquam
1619 1423 1747 1449 interesse
1765 1427 1844 1457 puta-

1051 1470 1118 1488 rem.
1158 1460 1234 1494 Quod
1245 1461 1357 1492 scribis,
1376 1460 1472 1487 litteris
1487 1465 1580 1495 putare
1591 1459 1746 1486 Africanum
1762 1467 1845 1494 nego-

1051 1500 1120 1526 tium
1130 1498 1226 1525 confici
1237 1506 1329 1533 posse:
1347 1498 1445 1525 vellem
1459 1498 1604 1528 scriberes,
1620 1505 1668 1523 cur
1679 1497 1713 1523 ita
1725 1501 1843 1532 putares.

1051 1536 1118 1563 Mihi
1129 1535 1241 1571 quidem
1255 1535 1323 1562 nihil
1335 1536 1362 1562 in
1373 1540 1491 1562 mentem
1505 1535 1592 1565 venit,
1610 1542 1693 1569 quare
1709 1534 1737 1560 id
1752 1539 1844 1568 putem

1052 1573 1109 1600 lieri
1121 1581 1209 1608 posse.
1249 1573 1288 1599 Tu
1301 1577 1398 1603 tamen,
1411 1572 1502 1603 velim,
1514 1573 1538 1598 si
1549 1571 1616 1607 quid
1626 1572 1685 1601 erit.
1698 1570 1771 1606 quod
1781 1579 1846 1597 con-

1052 1610 1190 1637 solationis
1201 1609 1305 1645 aliquid
1317 1610 1422 1641 habeat,
1435 1609 1538 1636 scribas
1549 1608 1583 1636 ad
1594 1616 1646 1635 me.
1673 1608 1730 1639 Sin,
1743 1613 1773 1634 ut
1783 1615 1846 1643 per-

1051 1649 1147 1683 spicio,
1156 1646 1225 1674 nihil
1236 1648 1295 1678 erit,
1308 1647 1411 1673 scribas
1422 1646 1450 1673 id
1461 1647 1563 1681 ipsum.
1584 1646 1641 1682 Ego
1651 1645 1685 1671 ad
1696 1650 1729 1676 te,
1743 1645 1766 1671 si
1777 1644 1844 1680 quid

1052 1685 1164 1712 audiero
1173 1685 1263 1715 citius,
1276 1684 1404 1711 scribam.
1444 1683 1518 1710 Vale.
1558 1691 1616 1709 vui.
1638 1681 1677 1709 Id.
1690 1681 1765 1709 Sext.

1104 1757 1180 1778 XXV.
1208 1757 1321 1781 (anditii.
1331 1758 1409 1776 Caum
1417 1756 1464 1776 diet.
1475 1756 1531 1779 7⁰7.)

1234 1800 1401 1827 CICERO
1433 1799 1601 1827 ATTICO
1629 1799 1658 1826 S.

1111 1841 1133 1865 t.
1157 1834 1250 1865 Facile
1265 1839 1396 1864 assentior
1410 1838 1464 1864 tuis
1480 1836 1588 1869 litteris3
1611 1836 1713 1872 quibus
1732 1837 1847 1871 exponis

1052 1875 1178 1911 pluribus
1189 1875 1288 1905 verbis,
1303 1874 1409 1902 nullum
1421 1879 1445 1901 te
1456 1874 1554 1901 habere
1564 1873 1718 1905 consilium,
1731 1882 1785 1909 quo
1795 1881 1810 1900 a
1821 1878 1847 1900 te

1052 1914 1154 1949 possim
1165 1913 1263 1939 iuvari.
1285 1911 1435 1939 Consolatio
1445 1917 1515 1939 certe
1526 1910 1600 1938 nulla
1613 1915 1662 1942 est,
1677 1919 1747 1946 quae
1759 1910 1847 1938 levare

1053 1951 1138 1986 possit
1147 1949 1266 1977 dolorem
1277 1958 1378 1976 meum.
1404 1948 1479 1976 Nihil
1493 1953 1534 1976 est
1543 1949 1616 1975 enim
1627 1953 1790 1975 contractum
1802 1956 1848 1974 ca-

1052 1997 1098 2020 su;
1117 1988 1189 2022 (nam
1205 1987 1233 2014 id
1247 1991 1319 2013 esset
1334 1986 1501 2021 ferendum3)
1516 1986 1564 2013 sed
1578 1986 1668 2012 omnia
1683 1985 1797 2012 fecimus
1813 1985 1847 2011 iis

1052 2025 1189 2051 erroribus
1199 2029 1225 2051 et
1235 2024 1353 2051 miseriis
1364 2029 1390 2051 et
1400 2024 1482 2050 animi
1494 2028 1521 2050 et
1529 2023 1658 2058 corporis,
1672 2022 1774 2058 quibus
1785 2030 1848 2057 pro-

1054 2063 1121 2089 ximi
1132 2063 1234 2088 utinam
1246 2061 1349 2088 mederi
1359 2060 1528 2087 maluissent.
1558 2059 1645 2093 Quam
1654 2060 1689 2086 ob
1700 2068 1766 2091 rem,
1778 2067 1847 2094 quo—

1053 2100 1126 2126 niam
1140 2107 1228 2134 neque
1249 2098 1356 2126 consilii
1377 2099 1417 2125 tui
1437 2106 1525 2133 neque
1544 2096 1733 2124 consolationis
1753 2097 1847 2123 cuius-

1053 2145 1134 2172 quam
1146 2145 1209 2171 spes
1220 2135 1274 2162 ulla
1286 2135 1354 2162 mibi
1364 2135 1527 2166 ostenditur,
1546 2142 1599 2161 non
1614 2142 1741 2169 quaeram
1756 2133 1822 2160 haee
1832 2142 1846 2159 a

1054 2179 1078 2201 te
1094 2173 1214 2209 posthac.
1254 2173 1369 2199 Tantum
1387 2172 1484 2204 velim,
1506 2180 1539 2198 ne
1554 2172 1728 2198 intermittas:
1744 2170 1847 2197 scribas

1053 2211 1087 2237 ad
1097 2219 1140 2238 me
1148 2231 1154 2242 ,
1171 2209 1308 2245 quidquid
1318 2210 1408 2236 veniet
1418 2209 1469 2236 tibi
1479 2210 1508 2236 in
1519 2213 1636 2235 mentem
1644 2229 1650 2239 ,
1667 2216 1752 2243 quum
1763 2207 1847 2234 habe—

1054 2249 1106 2279 bis,
1118 2248 1164 2274 cui
1175 2247 1232 2278 des,
1245 2252 1271 2274 et
1279 2247 1346 2273 dum
1356 2247 1419 2278 erit,
1432 2246 1466 2273 ad
1476 2254 1559 2282 quem
1569 2245 1631 2272 des:
1652 2244 1724 2280 quod
1736 2244 1847 2280 longum

1054 2294 1106 2312 non
1121 2285 1182 2311 erit.
1221 2286 1247 2312 2.
1271 2284 1351 2311 Illum
1365 2283 1525 2310 discessisse
1535 2282 1696 2309 Alexandria
1706 2290 1797 2308 rumor
1807 2286 1848 2308 est

1054 2331 1106 2349 non
1118 2322 1221 2352 firmus,
1237 2326 1311 2348 ortus
1321 2330 1356 2348 ex
1366 2320 1482 2356 Sulpicii
1493 2320 1601 2347 litteris:
1617 2327 1684 2354 quas
1697 2319 1788 2345 cuncti
1798 2326 1848 2354 po-

1053 2364 1110 2386 stea
1121 2359 1209 2386 nuntii
1220 2359 1424 2385 confirmarunt:
1441 2357 1515 2393 quod
1525 2364 1619 2383 verum
1627 2376 1634 2386 ‚
1649 2364 1682 2382 an
1693 2355 1791 2382 falsum
1801 2356 1845 2386 sit,

1054 2397 1182 2432 quoniam
1195 2404 1255 2422 mea
1266 2395 1335 2422 nihil
1347 2396 1465 2426 interest,
1478 2399 1569 2421 utrum
1579 2392 1681 2423 malim,
1695 2393 1795 2419 nescio.
1821 2394 1846 2419 3.

1054 2433 1131 2466 Quod
1141 2433 1174 2460 ad
1185 2438 1210 2460 te
1221 2434 1275 2459 iam
1283 2432 1390 2468 pridem
1399 2432 1433 2458 de
1444 2435 1600 2458 testamento
1605 2430 1712 2464 scripsi,
1720 2429 1792 2464 apud
1803 2429 1848 2457 εὗ-

1054 2482 1148 2498 πισ-ιον
1159 2470 1219 2497 illas
1235 2470 1331 2502 velim3
1353 2474 1384 2496 ut
1398 2469 1512 2504 possint,
1525 2467 1657 2494 advenas.
1696 2467 1753 2502 Ego
1764 2466 1848 2493 buius

1055 2508 1222 2534 miserrimae
1236 2506 1356 2533 fatuitate
1366 2505 1504 2533 confectus
1514 2503 1658 2531 conflictor.
1698 2503 1773 2530 Nihil
1785 2512 1848 2530 um-

1054 2553 1136 2580 quam
1147 2544 1237 2571 simile
1249 2549 1341 2570 natum
1351 2548 1430 2578 puto:
1447 2543 1493 2568 cui
1507 2542 1531 2568 si
1543 2550 1597 2576 qua
1607 2549 1635 2567 re
1645 2540 1785 2567 consulere
1796 2540 1847 2567 ali-

1054 2581 1122 2616 quid
1131 2590 1253 2616 possum,
1261 2579 1544 2616 cupioateadmoneri.
1559 2577 1644 2604 Video
1653 2577 1776 2604 eamdem
1787 2585 1846 2604 esse

1054 2618 1251 2648 difficultatem,
1259 2626 1341 2653 quam
1352 2617 1380 2643 in
1390 2615 1503 2643 consilio
1512 2614 1600 2641 dando
1611 2619 1683 2641 ante:
1697 2619 1785 2642 tamen
1795 2613 1848 2641 hoc

1054 2664 1098 2683 me
1108 2655 1195 2691 magis
1206 2654 1340 2686 sollicitat,
1348 2661 1430 2689 quam
1435 2653 1535 2680 omnia.
1549 2653 1579 2679 In
1589 2653 1718 2687 pensione
1728 2650 1848 2679 secunda
