1941 3052
172 149 221 172 >⁴⁸2
744 144 785 169 97.
817 143 851 169 M,

170 225 262 251 opera,
280 223 364 249 quum
376 223 469 240 caussa
482 213 553 239 nulla
565 218 643 240 essi-t.
657 213 807 239 tabellarios·
818 213 850 239 ad
863 218 886 239 tc
897 220 959 238 cum

173 253 298 279 inanibus
317 251 437 286 epistolis
455 251 600 279 mitterem,
614 249 726 276 tacerem
738 251 839 284 inepte:
871 250 961 275 eunti-

172 291 223 317 bus
239 299 312 318 vern,
329 288 483 314 domesticis
499 288 666 321 praesertim,
688 292 716 313 ut
731 287 798 313 nibil
813 286 845 313 nd
861 291 884 312 te
898 286 960 312 dem

173 328 334 355 litterarum,
353 325 437 350 faeere
454 332 504 349 non
521 332 645 358 possum:
668 329 693 350 et
708 324 789 350 simul
805 323 893 358 (crede
909 324 961 349 mi-

173 365 210 398 lii)
225 372 362 397 requiesco
374 360 494 396 paullum
508 361 533 386 in
546 361 588 387 bis
600 361 725 391 miseriis,
739 369 822 396 quum
833 362 910 396 qutnd
923 365 961 387 tc-

172 410 232 426 cum
251 400 354 434 loquor:
391 406 475 432 quum
494 406 555 423 vero
571 402 628 424 tuns
643 399 770 433 epistolas
788 398 858 433 lego,
877 397 961 424 multo

172 438 250 464 etiam
268 436 363 468 magis.
403 434 519 461 Omnino
534 434 667 470 intelligo,
682 435 786 462 nullum
799 435 882 462 tuisse
895 440 960 462 tem-

173 483 223 509 pus
243 478 301 508 post
313 473 359 498 bns
373 471 449 507 [ugus
460 476 485 498 et
497 472 663 503 formidines,
676 473 748 508 quod
761 473 848 507 magis
859 472 961 498 debue-
988 475 991 484 ¹

173 513 205 537 rit
222 515 324 536 mutum
337 518 395 535 esse
409 518 422 535 a
436 509 542 535 litteris:
566 515 711 544 propterea,
725 510 797 545 quod
810 506 898 545 neque
911 509 962 535 tto-

173 584 315 612 Brundisio
330 584 428 610 absunt
444 584 567 618 propius,
582 593 662 618 quam
676 590 717 615 tu,
732 584 845 610 biduum
857 588 902 610 aut
914 584 961 610 tri—

172 622 267 648 duum.
307 621 443 648 Brundisii
456 626 543 647 autem
555 630 633 647 omne
644 626 775 648 certamen
790 622 900 648 vertitur
911 621 961 647 hu—

174 661 215 685 ius
230 659 310 694 primi
328 658 465 693 temporis.
505 658 560 690 Qua
577 658 688 693 quidem
699 659 897 694 exspectatione
909 663 962 685 tor-

173 705 266 731 queor.
307 696 360 721 Sed
375 696 465 721 omnia
480 700 539 722 ante
552 704 599 722 nos
610 697 737 722 sciemus.
778 696 878 723 Eodem
889 696 961 722 enim

173 734 215 760 die
233 733 311 759 video
327 733 465 759 Caesarem
482 743 496 759 a
512 733 627 759 Coi-linio
643 739 702 768 post
717 733 858 760 meridiem
873 732 962 768 profe-

172 776 244 797 ctum
256 779 327 798 esse.
343 770 428 799 idest,
443 770 590 800 Feralibus.
604 779 658 805 quo
669 771 784 797 Canusio
796 779 872 797 manc
884 771 962 796 Pom-

173 808 275 843 peium.
317 808 353 833 tio
370 806 447 833 modo
463 812 550 833 autem
569 808 689 834 ambulat
706 808 811 839 Caesar,
824 812 850 834 ct
860 808 893 834 iis
903 807 962 833 dia-

174 846 221 871 riis
236 843 352 871 militum
368 843 529 870 celeritatem
543 845 648 876 incitat,
662 850 690 871 ut
702 846 818 875 timeam,
836 853 869 871 ne
880 845 961 870 citius

173 882 204 908 ad
218 882 401 911 Brundisium,
414 890 495 916 quam
506 890 574 916 opus
585 883 629 913 sit,
643 883 793 908 accesserit.
834 884 859 908 2.
875 882 960 911 Dices,

173 918 238 954 quid
252 920 334 954 igitur
344 918 465 953 proficis,
481 919 528 954 qui
541 920 671 954 anticipes
682 920 741 946 eius
753 920 790 946 rei
803 919 960 948 molestiam,

173 965 253 992 (piam
272 956 360 983 triduo
372 956 489 982 sciturus
500 956 556 982 sis‘!
585 956 806 992 Niliilequidem.
847 956 912 987 Sed,
936 960 964 982 ut

173 1002 254 1028 supra
269 993 340 1023 dixi,
354 998 440 1019 tecum
453 993 615 1028 perlibenter
627 993 733 1029 loquor:
755 999 780 1020 et
791 993 873 1020 simul
886 994 961 1024 scito.

174 1031 262 1057 labare
279 1039 368 1057 meum
384 1030 541 1061 consilium,
560 1030 637 1061 illud,
654 1031 727 1066 quod
738 1032 802 1057 satis
815 1032 867 1057 iam
880 1031 964 1058 fixum

174 1068 326 1094 videbatur.
367 1068 424 1094 Non
446 1068 512 1094 mihi
533 1069 598 1094 satis
615 1068 703 1095 idonei
719 1073 783 1095 sunt
797 1073 918 1095 auctores
934 1068 962 1097 ii,

173 1106 220 1140 qui
241 1114 254 1131 a
271 1110 295 1132 te
311 1105 466 1139 probantur.
506 1104 582 1137 Quod
597 1106 669 1132 enim
689 1114 818 1140 umquam
833 1114 925 1132 eorum
937 1105 964 1131 in

173 1142 310 1177 republica
324 1141 389 1169 sorte
401 1141 499 1168 sactum
510 1142 630 1169 exstitit?
654 1148 699 1169 aut
709 1144 772 1178 quis
782 1143 816 1169 ab
827 1143 870 1169 his
881 1142 965 1169 ullam

173 1188 229 1206 rem
241 1179 318 1205 laude
330 1179 439 1215 dignam
452 1179 604 1206 desiderat?
628 1188 676 1206 nec
687 1180 841 1206 mehercule
853 1179 966 1206 laudau-

173 1216 221 1243 dos
242 1217 381 1247 existimo,
408 1217 455 1251 qui
480 1221 551 1243 trans
572 1225 643 1243 mare
663 1217 727 1243 belli
743 1217 855 1252 parandi
870 1225 965 1244 caussa

173 1253 284 1289 profecti
303 1259 378 1280 sunt:
400 1253 574 1289 (quamquam
591 1254 656 1281 haec
672 1254 779 1281 serenda
798 1263 851 1282 non
866 1254 966 1290 erantz)

174 1291 252 1317 video
263 1293 349 1322 enirn,
367 1295 498 1325 quantum
514 1291 541 1317 id
552 1291 664 1323 bellum,
677 1295 703 1318 et
713 1300 795 1327 quam
806 1291 965 1327 pestiferum

173 1328 294 1354 futurum
309 1329 357 1355 sit:
380 1327 427 1354 sed
439 1336 480 1354 me
493 1333 582 1355 movet
592 1337 662 1355 unus
674 1330 728 1362 vir3
751 1330 830 1356 cuius
837 1329 966 1365 fugientis

173 1374 274 1396 comes,
293 1364 489 1399 rempublicam
505 1367 688 1400 recuperantis
702 1367 792 1393 socius
804 1366 897 1393 videor
907 1374 966 1392 esse

173 1403 282 1429 debere.
322 1403 446 1428 Totiesne
461 1403 545 1438 igitur
559 1404 719 1430 sententiam
731 1403 838 1430 mutas?
859 1403 916 1439 Ego
927 1408 967 1430 te-

173 1449 235 1466 cum
247 1445 383 1475 tamquam
395 1448 501 1466 mecum
514 1439 616 1475 loquor.
656 1440 723 1473 Quis
734 1445 822 1467 autem
833 1446 882 1472 est,
896 1445 966 1467 tanta

173 1477 283 1512 quidem
295 1477 328 1503 de
340 1477 450 1511 re,quin
463 1477 536 1503 varie
547 1486 640 1504 secum
652 1478 710 1513 ipse
721 1477 858 1513 disputet‘.>
878 1477 965 1504 Simul

173 1520 198 1540 et
217 1514 314 1541 elicere
334 1515 414 1549 cupio
429 1515 588 1541 sententiam
600 1519 686 1548 tuam;
709 1516 733 1541 si
747 1520 849 1547 manet,
874 1520 904 1542 ut
922 1515 968 1542 lir-

174 1552 242 1578 mior
252 1553 318 1584 sim3
340 1552 364 1577 si
375 1556 474 1578 mutata
486 1556 535 1583 est,
548 1557 577 1578 ut
589 1552 638 1578 tibi
650 1554 789 1579 assentiar.
811 1554 835 1579 3.
851 1552 968 1579 Omnino

174 1589 206 1615 ad
219 1589 259 1616 id.
273 1589 306 1614 de
317 1597 371 1623 quo
385 1589 488 1617 dubito.
502 1589 618 1623 pertinet
637 1598 679 1615 me
690 1590 772 1621 scire,
793 1589 860 1624 quid
875 1590 968 1616 Domi-

174 1627 227 1652 tius
243 1631 350 1653 acturus
366 1627 414 1657 sit,
434 1626 499 1661 quid
516 1631 605 1653 noster
622 1627 761 1653 Lentulus.
801 1628 837 1653 De
854 1627 968 1654 Domitio

175 1664 247 1689 varia
262 1663 402 1693 audimus,
420 1662 512 1694 modo,
529 1671 587 1689 esse
602 1665 629 1690 in
640 1663 760 1695 Tiburti,
778 1663 851 1690 haud
863 1664 964 1699 lepide:

175 1700 266 1730 modo,
287 1700 360 1735 quod
373 1700 504 1735 lepidius,
523 1701 688 1727 accessisse‘
700 1701 734 1727 ad
744 1701 858 1728 Urbem:
894 1701 967 1736 quod

175 1738 238 1764 item
251 1737 348 1763 falsum
364 1738 443 1763 video
457 1745 526 1763 esse.
566 1738 611 1764 Ait
620 1738 693 1765 enim
704 1738 833 1773 Lepidus,
846 1747 909 1764 eum
920 1747 968 1764 ne-

174 1775 230 1800 scio
241 1783 295 1809 quo
310 1779 462 1809 penetrasse
474 1775 632 1801 itineribus:
655 1775 809 1802 occultandi
829 1776 873 1802 sui
889 1783 969 1802 caus—

173 1820 216 1842 sa,
234 1821 266 1838 an
283 1813 364 1837 maris
375 1811 532 1846 apiscendi?
558 1820 591 1838 ne
602 1812 630 1838 id
640 1812 752 1847 quidem
763 1813 824 1839 scit.
863 1813 970 1848 Ignorat

173 1849 253 1874 etiam
265 1848 298 1875 de
313 1848 376 1875 filio.
398 1848 480 1875 Addit
491 1848 568 1877 illud.
581 1849 808 1876 sanemolestum:
825 1850 968 1884 pecuniam

175 1886 290 1912 Domitio
312 1886 376 1912 satis
396 1885 535 1921 grandem,
557 1894 638 1921 quarn
659 1887 682 1913 is
703 1886 812 1913 Corfinii
833 1887 966 1916 habuerit,

175 1931 227 1949 non
247 1931 306 1949 esse
327 1922 466 1949 redditam.
506 1923 542 1949 De
566 1923 678 1949 Lentulo
697 1929 786 1950 autem
807 1923 875 1950 nihil
890 1923 969 1950 audi-

176 1968 246 1986 mus.
288 1960 356 1986 Haec
376 1960 458 1986 velim
481 1961 609 1995 exquiras
633 1961 666 1987 ad
688 1969 784 1996 meque
804 1961 966 1996 perscribas.

228 2029 280 2050 XV.
295 2030 390 2053 (Formiis,
400 2031 498 2051 Marcello.
508 2032 590 2050 Leutulu
600 2038 647 2050 coss.
667 2033 722 2055 70⁵.)

359 2074 526 2101 CICERO
556 2075 724 2101 ATTICO
754 2075 782 2102 S.

231 2113 253 2137 t.
274 2106 312 2136 A.
328 2110 357 2137 d.
374 2119 400 2137 v.
417 2112 485 2138 Non.
503 2112 579 2138 Mart.
592 2111 719 2147 epistolas
730 2112 799 2138 mihi
811 2117 869 2139 tuas
880 2113 970 2148 Aegy—

175 2153 219 2182 pta
230 2147 360 2179 reddidit;
383 2156 465 2175 unam
476 2154 592 2175 veterem
605 2158 640 2175 iv.
657 2149 727 2180 Kal.,
739 2158 821 2185 quam
836 2155 861 2176 te
871 2150 970 2176 scribis

175 2185 282 2211 dedisse
300 2185 418 2216 Pinario,
436 2194 518 2221 quem
534 2194 585 2213 non
602 2186 735 2219 vidimus3
769 2187 860 2222 inqua
872 2195 970 2222 exspe-

174 2227 239 2253 ctas,
253 2222 382 2257 quidnam
394 2224 560 2257 praemissus
571 2223 788 2259 agatVibullius;
806 2225 969 2259 quiomnino

176 2264 278 2286 nonest
290 2260 365 2286 visus
377 2269 391 2286 a
402 2260 526 2287 Caesare:
558 2261 595 2296 (in
617 2261 697 2288 altera
719 2261 832 2296 epistola
849 2261 928 2288 video
944 2266 968 2288 te

174 2297 253 2327 scire,
269 2297 304 2323 ita
319 2297 403 2333 esse:)
414 2302 447 2328 et,
461 2297 690 2333 quemadmodum
702 2299 970 2334 redeuntemexcipi-

175 2342 217 2359 am
229 2333 381 2362 Caesarem:
399 2343 481 2370 quem
492 2336 602 2362 omnino
613 2336 697 2362 vitare
707 2337 807 2371 cogit0;
826 2341 852 2363 et
862 2336 895 2362 ad
902 2337 970 2363 Hae-

176 2372 292 2397 moniam
318 2371 410 2407 fugam
427 2372 545 2399 intendis
563 2373 855 2408 commutationemque
866 2373 879 2386 ’
897 2374 968 2400 vitae

175 2413 248 2434 tuac:
266 2408 338 2442 quod
353 2409 402 2435 tibi
414 2414 479 2443 puto
489 2418 548 2436 esse
562 2409 731 2442 faciendum
752 2415 778 2437 et
788 2411 905 2446 ignoraS‚
917 2411 970 2437 Do-

177 2445 268 2470 mitius
283 2454 345 2471 cum
362 2445 516 2473 fascibusne
530 2447 578 2479 sit;
604 2447 677 2482 quod
686 2456 772 2482 quum
783 2448 861 2478 scies,
875 2447 966 2479 facies,

176 2486 204 2506 ut
217 2482 345 2508 sciamus.
368 2484 392 2509 Ξ,
406 2483 494 2510 Habes
509 2484 542 2510 ad
557 2484 673 2518 primam
684 2484 835 2519 epistolam.
857 2484 968 2511 Secutae

177 2523 238 2543 sunt
249 2518 317 2544 duae
326 2540 332 2549 ,
348 2520 436 2554 pridie
446 2520 506 2546 Kal.
519 2521 612 2547 ambae
624 2520 710 2552 datae,
723 2530 792 2556 quae
806 2530 848 2548 me
859 2522 969 2548 convel-

178 2553 265 2595 lerunt
287 2555 320 2581 de
343 2557 456 2590 pristino
475 2562 558 2588 statu.
582 2558 636 2584 iarn
652 2562 754 2589 tamen,
772 2563 802 2585 ut
816 2563 876 2585 ante
894 2558 928 2585 ad
944 2564 968 2585 te

177 2592 283 2624 scripsi.
299 2592 440 2620 labantem.
481 2595 536 2621 Nec
546 2603 590 2621 me
604 2600 701 2626 movet,
715 2595 788 2630 quod
798 2596 905 2626 scribis,
914 2596 970 2622 1ουί

177 2630 233 2669 ἐρεῖ.
241 2630 362 2661 iniquum.
392 2631 460 2657 Nam
471 2631 623 2666 periculum
638 2633 666 2658 in
676 2633 818 2668 utriusque
830 2632 968 2659 iracundia

176 2668 295 2698 positum
313 2670 365 2692 est:
400 2668 509 2695 victoria
524 2674 614 2696 autem
628 2669 663 2696 ita
679 2669 792 2700 incerta,
809 2674 839 2696 ut
853 2669 970 2697 deterior

989 521 991 526 ⁸
1012 510 1075 535 sint.

173 557 230 574 niae
245 547 394 582 quidquam
409 546 518 573 auditur
532 547 607 577 novi,
622 548 707 573 necin
721 547 762 573 bis
775 547 853 577 locis,
867 555 935 582 (luae
946 554 960 572 a
988 546 991 555 ¹

884 143 913 168 T.
944 141 1218 168 etcenors'ts

1011 221 1104 238 emissa
1121 213 1236 247 paratior
1251 212 1317 238 mihi
1333 219 1392 237 enne
1408 212 1538 238 videntur.
1581 212 1633 237 Nec
1649 221 1690 238 me
1703 221 1800 239 ‹vinnu—

1013 250 1050 275 lvs
1065 253 1185 278 movent.
1201 249 1248 283 qui
1266 249 1317 283 ipsi
1332 247 1422 282 pluma
1437 255 1482 275 aut
1497 249 1559 275 tutio
1573 248 1680 275 invitm»
1692 258 1801 276 'noven-

1012 292 1062 313 tur.
1103 285 1191 311 Officii
1209 295 1250 312 me
1265 285 1423 311 deliberatio
1436 287 1537 312 cruciat
1554 288 1738 321 cruciavitque
1755 287 1801 312 ad-

1013 323 1074 349 buc.
1114 323 1222 349 Cnutior
1235 327 1305 348 certe
1321 327 1361 347 est
1375 323 1491 348 mansio:
1518 323 1801 350 honestiorem-tima-

1013 366 1055 386 tur
1071 361 1198 386 traiectio.
1239 359 1307 386 Malo
1329 359 1476 389 interdum,
1498 360 1574 386 multi
1592 369 1633 386 me
1649 369 1699 387 non
1715 366 1800 389 caute,

1011 406 1092 433 cpiam
1111 397 1188 432 pauci
1205 405 1255 423 non
1273 397 1382 423 honeste
1397 396 1492 423 secisse
1503 398 1666 424 existiment.
1708 398 1741 423 ΙΝ·
1755 398 1803 423 l.e-

1013 434 1076 470 pido
1089 439 1115 460 et
1130 433 1208 460 Tullo
1223 433 1295 469 quod
1311 434 1433 468 ‹fluat-wis:
1467 433 1505 460 itti
1527 442 1589 460 vero
1603 442 1654 460 non
1667 434 1801 460 dubitant.

1012 472 1078 506 quin
1099 471 1205 498 Caesari
1227 476 1331 506 praesto
1355 470 1437 496 Iuturi
1461 471 1486 497 in
1502 476 1679 506 senatumque
1696 473 1802 498 venturi

1116 511 1140 534 3.
1163 509 1354 534 nocentissima
1371 513 1414 534 tua
1429 513 1469 534 est
1484 507 1595 543 epistt-la
1608 508 1666 534 Kal.
1679 508 1752 535 data:
1777 510 1802 534 in

1012 555 1064 581 qua
1079 551 1154 580 optas
1169 553 1343 579 congressum
1356 553 1503 580 pacemque
1514 554 1564 571 non
1576 545 1712 579 desperas.
1752 545 1803 571 Sed

1012 591 1075 619 ego,
1092 591 1177 618 quum
1194 582 1258 608 baec
1273 582 1439 612 scribebam,
1457 590 1505 608 nec
1524 582 1583 608 illos
1602 590 1802 616 congressurus,

1013 629 1074 650 ner,
1092 621 1115 646 si
1134 619 1270 655 congressi
1282 624 1383 645 essent.
1402 619 1559 655 Pompeium
1571 619 1602 645 ad
1616 619 1696 645 ullam
1711 619 1805 645 condi·

1012 658 1110 684 tionem
1127 665 1297 683 accessurum
1317 656 1453 692 putabam.
1492 656 1568 688 Quod
1580 656 1679 682 videris
1692 665 1742 683 non
1754 656 1805 682 du-

1012 695 1110 724 bitare,
1136 695 1159 720 ei
1175 693 1300 720 consules
1315 698 1462 723 transeant,
1480 693 1546 728 quid
1563 702 1610 720 nos
1626 693 1711 719 facere
1726 702 1806 728 opor-

1013 737 1077 759 teat:
1106 737 1176 758 certe
1192 736 1338 759 transeunt.
1352 731 1403 760 vel.
1416 739 1470 766 quo
1482 730 1560 757 modo
1572 739 1643 757 nunc
1656 736 1705 760 est,
1720 736 1806 756 truns-

1013 770 1110 796 ierunt.
1150 768 1201 795 Sed
1235 773 1376 796 memento.
1399 772 1503 803 praeter
1526 769 1644 802 Appium
1670 768 1805 794 neminem

1013 814 1071 833 esse
1088 805 1155 836 fere,
1173 807 1220 841 qui
1237 814 1288 832 non
1306 806 1348 831 ius
1366 805 1461 831 habeat
1475 805 1641 832 transeundi.
1683 805 1748 830 Nam
1761 809 1806 831 aut

1013 852 1074 870 cum
1087 844 1200 878 imperio
1212 848 1287 871 sunt.
1301 847 1329 869 ut
1344 843 1496 877 Pompeius,
1509 847 1538 868 ut
1549 842 1649 876 Scipio.
1662 841 1804 870 Sufenns‘.

1015 881 1145 911 Fannius,
1169 881 1314 909 Voconius,
1336 880 1458 909 Sextius.
1482 881 1533 914 ipsi
1549 879 1686 907 consules,
1704 879 1807 914 quibus

1015 927 1086 944 more
1104 919 1235 944 maiorum
1252 925 1409 943 concessum
1425 922 1477 947 cst,
1499 916 1540 943 vel
1555 924 1649 943 omnes
1660 916 1733 942 adire
1745 923 1807 950 pro-

1015 956 1130 987 vincias3
1153 960 1198 981 aut
1215 955 1293 990 legati
1308 960 1371 981 sunt
1385 963 1487 981 eorum.
1527 953 1578 979 Sed
1595 953 1663 979 nibil
1681 953 1805 979 decerno.

1015 992 1085 1025 Quid
1110 992 1212 1027 placeat
1236 992 1284 1018 tibi
1305 997 1331 1018 et
1349 991 1416 1026 quid
1433 991 1626 1026 propemodum
1644 995 1744 1016 rectum
1761 991 1805 1018 sit,

1016 1029 1146 1065 intelligo.
1187 1029 1264 1055 Plura
1285 1029 1444 1057 scriberem,
1470 1029 1492 1054 si
1514 1029 1571 1063 ipse
1587 1036 1704 1063 possem.
1743 1026 1805 1057 Sed,

1016 1071 1045 1093 ut
1061 1067 1128 1093 mihi
1141 1066 1246 1096 videor,
1259 1071 1350 1101 potero
1361 1066 1454 1092 biduo.
1495 1065 1569 1092 Balbi
1581 1064 1696 1092 Cornelii
1709 1064 1809 1090 littera·

1016 1113 1075 1130 rum
1086 1103 1251 1138 exemplum,
1264 1111 1332 1138 quas
1343 1103 1436 1130 eodem
1447 1102 1491 1129 die
1502 1103 1600 1137 accepi.
1614 1106 1742 1137 quotuas,
1757 1102 1809 1127 rni-

1016 1142 1039 1167 si
1055 1141 1088 1168 ad
1104 1146 1142 1172 te,
1159 1146 1189 1167 ut
1202 1148 1289 1167 meam
1302 1141 1388 1167 vicem
1399 1139 1518 1170 doleres,
1537 1147 1623 1175 quum
1635 1147 1678 1166 me
1690 1138 1808 1166 derideri

1017 1178 1132 1205 videres.

1067 1255 1092 1273 Λ.
1121 1253 1230 1277 (Materno,
1240 1253 1322 1271 Lentulo
1333 1259 1380 1270 tou.
1391 1252 1446 1273 705.)

1158 1295 1307 1324 BALBUS
1328 1294 1519 1323 CICERONI
1536 1294 1614 1321 mr.
1635 1292 1664 1320 S.

1073 1337 1096 1361 t.
1112 1329 1236 1361 Obsecro
1248 1339 1281 1364 te,
1297 1333 1398 1364 Cicero,
1411 1333 1519 1367 suscipe
1530 1339 1621 1358 curam
1635 1335 1661 1357 et
1671 1330 1811 1365 cogitatio-

1018 1380 1079 1399 nem
1097 1371 1287 1408 dignissimam
1299 1375 1360 1397 tuae
1374 1370 1492 1400 virtutis,
1505 1374 1535 1396 ut
1545 1368 1684 1396 Caesarem
1695 1372 1721 1394 et
1731 1367 1811 1394 Pom-

1018 1410 1119 1445 peium,
1135 1408 1248 1443 pertidia
1261 1408 1402 1435 hominum
1416 1406 1565 1437 distractos,
1579 1413 1673 1432 rursus
1685 1404 1811 1439 inpristi—

1018 1455 1079 1474 nam
1102 1445 1271 1473 concordiam
1294 1445 1417 1472 reducas.
1457 1443 1542 1471 Crede
1563 1442 1644 1473 mihi,
1669 1441 1810 1468 Caesarem

1018 1492 1070 1511 non
1085 1483 1174 1510 solum
1191 1482 1245 1510 sore
1256 1483 1283 1509 iu
1295 1486 1339 1509 tua
1351 1485 1492 1517 potestate,
1509 1479 1557 1506 sed
1567 1480 1646 1506 etiam
1661 1479 1811 1505 maximum

1018 1520 1179 1548 beneficium
1192 1525 1216 1547 te
1227 1520 1281 1546 sibi
1295 1519 1403 1546 dedisse
1415 1518 1607 1547 iudicaturum,
1620 1517 1644 1543 si
1655 1516 1709 1542 huc
1715 1520 1740 1542 te
1747 1515 1812 1542 reii—

1018 1559 1067 1585 cis.
1107 1557 1194 1585 Velim
1202 1578 1208 1588 ,
1221 1557 1293 1584 idem
1304 1556 1448 1591 Pompeius
1458 1555 1546 1586 saciat,
1558 1555 1606 1590 qui
1617 1558 1646 1580 ut
1655 1552 1754 1579 adduci
1765 1551 1811 1579 tali

1019 1601 1138 1630 tempore
1161 1594 1194 1621 ad
1213 1594 1297 1621 ullam
1315 1593 1497 1621 conditionem
1515 1592 1613 1627 possit,
1637 1590 1723 1626 magis
1737 1594 1809 1632 opto,

1019 1641 1100 1668 quam
1111 1640 1200 1667 spero.
1241 1631 1304 1663 Sed,
1317 1639 1403 1666 quum
1415 1629 1573 1659 constiterit,
1587 1633 1613 1655 et
1623 1626 1812 1654 timeredesie-

1019 1670 1064 1699 rit,
1083 1674 1140 1696 tum
1156 1669 1284 1704 incipiam
1299 1677 1352 1695 non
1367 1667 1523 1702 desperare,
1540 1670 1612 1692 tuam
1627 1665 1810 1691 auctoritatem

1019 1706 1168 1742 plurimum
1183 1705 1256 1741 apud
1270 1713 1333 1732 eum
1344 1705 1498 1731 valituram.
1538 1704 1563 1729 2.
1578 1701 1655 1734 Quod
1667 1699 1811 1728 Lentulum

1019 1752 1119 1774 meum,
1132 1742 1281 1774 consulem,
1295 1742 1404 1769 voluisti
1416 1741 1461 1767 hic
1472 1747 1618 1770 remanere,
1630 1738 1736 1765 Caesari
1750 1746 1813 1773 gra-

1019 1786 1091 1811 tum,
1113 1780 1182 1806 mihi
1203 1788 1267 1806 vero
1286 1779 1472 1815 gratissimum
1491 1776 1599 1803 medius
1614 1775 1695 1802 fidius
1712 1774 1810 1801 fecisti.

1020 1818 1086 1844 Nam
1103 1817 1180 1843 illum
1197 1818 1263 1843 tanti
1277 1815 1358 1847 Iacio,
1375 1816 1487 1851 quinon
1498 1814 1639 1841 Caesarem
1650 1813 1737 1848 magis
1747 1811 1813 1838 dili-

1019 1863 1095 1891 gam:
1132 1855 1180 1889 qui
1195 1855 1219 1880 si
1234 1863 1331 1889 passus
1345 1858 1429 1883 esset,
1447 1860 1495 1879 nos
1505 1859 1612 1881 secum,
1626 1854 1655 1892 ut
1668 1857 1813 1876 consuera-

1020 1900 1090 1922 mus,
1114 1890 1202 1926 loqui,
1220 1896 1245 1918 et
1261 1899 1313 1917 non
1329 1899 1357 1917 se
1373 1895 1458 1917 totum
1475 1889 1555 1915 etiam
1571 1892 1597 1914 et
1611 1892 1691 1914 etiam
1707 1886 1741 1913 ab
1755 1894 1813 1913 ser—

997 1951 998 1958 ,
1020 1937 1098 1955 mone
1109 1933 1199 1955 nostro
1208 1929 1361 1958 avertisset,
1374 1928 1466 1954 minus
1477 1927 1573 1957 miser,
1587 1933 1670 1960 quam
1681 1931 1743 1950 sum
1751 1943 1757 1954 ,
1769 1931 1814 1949 es-

1019 1974 1088 1993 sem.
1128 1966 1195 1992 Nam
1206 1974 1271 1992 cave
1285 1970 1377 2000 putes,
1396 1965 1446 1991 hoc
1456 1969 1576 1998 tempore
1589 1961 1652 1997 plus
1663 1969 1706 1988 me
1716 1968 1814 2003 queui-

1020 2012 1102 2038 quam
1119 2003 1246 2033 cruciari,
1265 2002 1337 2038 quod
1348 2011 1424 2033 eum,
1441 2009 1524 2036 quem
1537 2004 1597 2026 ante
1611 2007 1654 2026 me
1664 1998 1757 2034 diligo,
1772 2006 1814 2024 vi-

1020 2041 1070 2067 deo
1092 2041 1119 2067 in
1134 2039 1275 2067 consulatu
1290 2039 1402 2074 quidvis
1417 2039 1507 2074 potius
1522 2045 1595 2068 esse,
1617 2044 1700 2072 quam
1715 2042 1813 2062 consu-

1021 2077 1084 2104 lem.
1124 2076 1201 2110 Quod
1212 2078 1236 2103 si
1257 2076 1373 2104 voluerit
1382 2076 1433 2103 tibi
1447 2075 1631 2110 obtemperare
1646 2077 1673 2100 et
1686 2072 1764 2099 nobis
1779 2071 1814 2098 de

1020 2115 1132 2142 Caesare
1161 2114 1270 2141 credere
1305 2119 1332 2141 et
1359 2112 1530 2140 consulatum
1554 2111 1691 2146 reliquum
1715 2110 1813 2136 Romae

1020 2160 1162 2188 peragere,
1188 2152 1317 2186 incipiam
1332 2159 1453 2186 sperare,
1469 2151 1551 2176 etiam
1565 2147 1679 2175 consilio
1692 2150 1810 2176 senams,

1020 2194 1127 2216 auctore
1142 2194 1181 2219 te.
1203 2188 1249 2215 illo
1260 2188 1379 2219 relatore,
1392 2187 1552 2222 Pompeium
1562 2191 1589 2212 et
1599 2185 1737 2226 Caesarem
1748 2191 1813 2226 opn-

1020 2226 1098 2262 iungi
1112 2234 1202 2261 posse.
1242 2225 1320 2258 Quod
1336 2226 1361 2252 si
1376 2225 1475 2252 factum
1491 2224 1554 2254 erit,
1572 2231 1615 2249 me
1630 2221 1695 2248 satis
1709 2228 1813 2247 vinsse

1020 2264 1130 2298 putabo.
1155 2265 1181 2290 3.
1196 2263 1306 2290 Factum
1317 2263 1440 2289 Caesaris
1450 2261 1483 2288 de
1494 2259 1610 2288 Corfinio
1620 2263 1704 2286 totum
1715 2261 1741 2284 te
1751 2265 1813 2292 pro-

1020 2301 1145 2327 baturum
1165 2301 1232 2327 scio.
1271 2299 1410 2332 Quomodo
1424 2300 1453 2326 in
1468 2296 1677 2326 huiusmodire,
1694 2302 1814 2337 commo-

1020 2338 1082 2364 dius
1102 2337 1196 2364 cadere
1215 2346 1268 2364 non
1288 2338 1389 2372 potuit,
1406 2345 1489 2372 quam
1503 2339 1533 2362 ut
1547 2342 1589 2361 res
1606 2333 1665 2359 sine
1679 2340 1814 2367 sanguine

1019 2375 1154 2402 confieret.
1193 2374 1270 2401 Balbi
1290 2375 1344 2400 mei
1359 2374 1454 2409 tuique
1468 2372 1585 2399 adventu
1599 2369 1761 2396 delectatum
1777 2373 1811 2400 te,

1021 2412 1099 2439 valde
1113 2411 1227 2448 gaudeo.
1267 2412 1292 2438 Is
1302 2418 1491 2446 quaecumque
1501 2408 1552 2436 tibi
1561 2407 1595 2434 de
1605 2406 1718 2449 Caesare
1731 2406 1810 2436 dixit,

1019 2458 1143 2484 quaeque
1154 2449 1251 2476 Caesar
1261 2449 1382 2484 scripsit,
1394 2448 1464 2478 scio,
1477 2454 1505 2472 re
1514 2445 1566 2472 tibi
1575 2443 1713 2486 probabit,
1729 2451 1814 2479 quae-

1019 2495 1138 2522 cumque
1151 2485 1257 2513 fortuna
1267 2486 1327 2512 eius
1337 2485 1427 2516 fuerit,
1441 2482 1582 2510 verissime
1592 2488 1745 2516 scripsisse.

1073 2559 1138 2581 XVI.
1162 2560 1261 2582 (Formiis,
1270 2559 1370 2580 Marcello,
1378 2558 1460 2577 lentulo
1468 2563 1514 2575 ens-
1524 2556 1580 2578 70⁵.)

1205 2592 1374 2622 CICERO
1402 2589 1571 2619 ATTICO
1599 2589 1628 2616 S.

1076 2635 1099 2660 l.
1124 2628 1228 2659 Omnia
1243 2631 1312 2658 mihi
1329 2630 1437 2665 provisa
1451 2632 1514 2655 sunt
1528 2631 1633 2663 praeter
1640 2625 1776 2653 oecultum
1787 2630 1814 2652 et

1020 2674 1108 2698 tutum
1119 2670 1169 2697 iter
1179 2669 1213 2696 ad
1224 2676 1296 2696 mare
1307 2675 1446 2702 superum.
1482 2666 1535 2692 Hoc
1546 2664 1619 2692 enim
1630 2663 1698 2691 mari
1709 2663 1749 2690 uti
1759 2670 1812 2689 non
