1941 3052
516 115 567 141 DE
598 115 804 141 OFFICIIS
834 115 914 141 LIB.

74 186 188 213 maiores
204 189 307 212 nostros
322 185 496 211 exstiterunt:
519 194 626 220 semper
641 187 714 212 enim
730 185 784 212 fere
798 185 869 212 bella

73 223 245 260 gerebantur.
286 223 340 248 Tua
361 227 451 248 autem
467 227 538 249 aetas
554 223 649 249 incidit
668 224 695 249 in
711 223 738 249 id
754 222 866 254 bellum,

73 262 153 288 cuius
172 260 252 287 altera
268 268 329 294 pars
345 259 454 285 sceleris
467 260 582 286 nimium
595 260 702 291 babuit,
716 260 797 287 altera
809 260 870 286 feli—

73 298 161 325 citatis
177 306 282 332 parurn.
323 296 381 329 Quo
397 301 484 323 tamen
504 297 531 323 in
549 297 632 328 bello,
649 306 735 332 quum
751 303 776 324 te
792 298 869 324 Pom-

72 336 152 371 peius
172 335 228 362 alae
249 334 324 360 alteri
345 333 530 369 praefecisset,
548 343 673 369 magnam
690 334 796 361 laudem
812 339 838 361 et
856 344 869 361 a

72 381 180 399 summo
200 373 258 398 viro
273 376 299 398 et
312 371 345 397 ab
361 372 480 397 exercitu
496 372 696 406 consequebare
712 372 867 407 equitando,

72 409 228 441 iaculando,
241 409 315 436 omni
330 408 440 435 militari
452 408 540 435 labore
554 409 699 435 tolerando.
740 410 827 445 Atque
839 418 868 435 ea

72 447 184 483 quidem
197 452 240 473 tua
253 446 310 473 laus
322 447 421 481 pariter
431 455 493 472 cum
505 446 643 480 republica
654 447 761 473 cecidit.
802 446 869 473 Mihi

72 490 161 511 autem
179 485 245 510 haec
259 484 342 510 oratio
360 488 485 517 suscepta
501 492 552 509 non
564 483 597 509 de
613 488 637 510 te
648 488 700 514 est,
719 484 766 510 sed
778 484 810 510 de
822 492 870 519 ge-

72 531 135 549 nere
156 526 218 548 toto.
260 521 441 553 Quamobrem
459 529 606 556 pergamus
625 521 658 547 ad
674 530 717 552 ea,
741 530 810 556 quae
827 530 870 547 re-

72 563 152 586 stant.
193 560 234 585 46.
256 559 290 585 Ut
305 559 388 594 igitur
404 559 431 584 in
446 557 560 593 reliquis
576 558 657 584 rebus
674 558 758 585 multo
770 559 869 585 maiora

71 601 135 623 sunt
150 605 230 631 opera
246 596 344 627 animi,
360 604 442 630 quam
458 596 594 630 corporis:
617 596 657 622 sic
668 605 713 622 eae
726 604 780 627 res,
801 604 869 631 quas

71 636 172 668 ingenio
185 643 216 660 ac
226 636 326 660 ratione
340 633 543 668 persequimur,
556 634 686 668 gratiores
698 638 773 664 sunt,
787 642 869 668 quam

71 671 147 703 illae,
165 680 232 706 quas
245 671 360 697 viribus.
401 671 489 697 Prima
504 671 588 706 igitur
600 671 797 697 commendatio
808 679 870 705 pro-

72 708 202 735 ficiscitur
224 718 240 735 a
260 711 384 735 modestia
399 717 456 734 cum
472 711 567 741 pietate
582 710 609 734 in
624 713 753 741 parentes,
774 713 826 734 tum
844 711 869 733 in

70 755 130 773 suos
156 747 336 773 benevolentia.
375 745 515 772 Facillime
536 749 625 771 autem
646 750 671 772 et
692 746 719 772 in
740 745 869 780 optimam

71 788 173 818 partem
188 787 388 819 cognoscuntur
405 784 588 813 adolescentes,
605 786 650 816 qui
662 792 688 809 se
701 785 735 809 ad
749 784 833 809 claros
847 788 869 809 et

69 823 196 854 sapientes
214 824 296 851 viros,
316 823 375 847 bene
398 822 555 847 consulentes
573 822 743 853 reipublicae,
757 822 866 847 contule-

69 863 145 885 runt:
166 858 332 893 quibuscum
344 858 368 884 si
381 857 534 893 frequentes
545 863 621 889 sunt,
639 859 794 893 opinionem
806 857 869 883 affe—

70 900 132 922 runt
148 895 261 930 populo,
278 904 370 922 eorum
387 895 441 921 fore
458 894 506 932 [se]
524 895 641 926 similes,
664 904 732 930 quos
747 895 800 921 sibi
816 895 868 929 ipsi

70 932 220 969 delegerint
235 932 267 959 ad
284 932 456 959 imitandum.
498 933 539 959 47.
562 933 590 959 P.
607 933 701 959 Rutilii
713 932 869 959 adolescen—

69 971 133 997 tiam
150 970 183 996 ad
199 970 354 1005 opinionem
368 975 393 997 et
409 970 590 1001 innocentiae,
609 975 634 996 et
651 971 718 996 iuris
729 971 866 1001 scientiae,

68 1008 98 1034 P.
111 1008 193 1034 Mucii
205 1007 404 1034 commendavit
415 1007 522 1034 domus.
546 1008 612 1034 Nam
625 1008 654 1034 L.
667 1007 778 1042 quidem
790 1008 868 1034 Cras-

69 1054 130 1076 sus,
148 1054 234 1080 quum
250 1050 321 1071 esset
336 1045 482 1071 admodum
498 1045 668 1076 adolescens,
690 1054 742 1071 non
759 1045 868 1071 aliunde

68 1087 208 1109 mutuatus
219 1087 271 1113 est,
290 1083 337 1108 sed
349 1082 402 1108 sibi
416 1083 473 1117 ipse
487 1083 591 1117 peperit
602 1084 747 1109 maximam
761 1082 867 1108 laudem

68 1129 102 1146 ex
122 1120 168 1146 illa
188 1121 356 1147 accusatione
376 1120 461 1146 nobili
480 1125 505 1146 et
524 1120 650 1155 gloriosa.
691 1121 736 1151 Et,
755 1129 807 1155 qua
824 1128 869 1146 ae-

67 1162 120 1184 tate
131 1158 179 1192 qui
191 1162 362 1188 exercentur,
380 1157 457 1183 laude
469 1157 539 1183 afliei
553 1157 653 1188 solent,
672 1162 701 1184 ut
712 1157 869 1184 Demosthe-

69 1204 129 1221 nem
146 1196 313 1229 accepimus,
331 1203 360 1220 ea
379 1199 462 1221 aetate
478 1196 508 1221 L.
525 1195 639 1221 Crassus
653 1195 782 1226 ostendit,
802 1195 828 1220 id
839 1203 867 1221 se

68 1233 96 1258 in
121 1232 176 1259 foro
197 1233 298 1267 optime
318 1233 370 1258 iam
388 1232 486 1264 facere,
509 1232 582 1267 quod
598 1233 676 1259 etiam
694 1237 750 1258 tum
768 1237 868 1267 poterat

67 1269 141 1296 domi
157 1278 219 1296 cum
237 1269 315 1296 laude
328 1269 462 1296 meditari.
503 1270 574 1297 le.
597 1271 638 1296 48.
655 1270 708 1297 Sed
719 1279 804 1305 quum
816 1270 868 1296 du-

67 1307 131 1342 plex
152 1307 217 1333 ratio
237 1308 272 1334 sit
291 1310 428 1338 orationis,
448 1316 563 1342 quarum
580 1308 607 1333 in
626 1307 706 1334 altera
722 1316 804 1333 sermo
822 1308 865 1338 sit,

67 1345 95 1371 in
114 1344 195 1371 altera
212 1347 349 1375 contemto,
368 1354 420 1371 non
439 1345 517 1371 estid
529 1345 640 1380 quidem
652 1345 782 1376 dubium,
800 1345 867 1379 quin

67 1383 200 1408 contentio
221 1383 348 1409 orationis
365 1383 493 1408 maiorem
510 1383 566 1408 vim
584 1383 680 1409 babeat
694 1383 727 1409 ad
742 1382 865 1418 gloriam.

66 1420 102 1446 Ea
115 1420 243 1450 estenim,
257 1420 650 1454 quameloquentiumdicimus.
663 1436 699 1440 -—
714 1420 766 1446 Sed
779 1424 867 1446 tamen

66 1456 178 1484 difficile
189 1456 263 1483 dictu
275 1462 328 1487 est,
342 1462 442 1492 quanto
453 1466 531 1492 opere
538 1458 772 1484 concilietanimos
780 1458 868 1484 homi·
897 1488 898 1497 ἵ

67 1503 132 1521 num
158 1498 263 1521 comitas
285 1497 478 1528 affabilitasque
500 1498 631 1521 sermonis.
676 1496 789 1521 Exstant
809 1495 868 1529 epi-

66 1532 162 1563 stolae,
186 1536 212 1558 et
232 1532 351 1567 Philippi
372 1532 405 1558 ad
423 1532 621 1564 Alexandnnn,
643 1537 668 1559 et
684 1533 816 1567 Antipatri
834 1532 867 1559 ad

67 1569 259 1600 Cassandrum,
273 1575 298 1596 et
312 1570 438 1605 Antigoni
453 1569 486 1596 ad
502 1570 659 1605 l'liilippum
673 1570 768 1601 lilium,
785 1570 865 1596 trium

66 1607 354 1642 prudentissimorum,
384 1607 434 1642 (sic
459 1608 531 1633 enim
557 1607 738 1643 accepimus,)
762 1607 865 1642 quibus

65 1645 243 1679 praecipiunt,
266 1649 293 1671 ut
319 1647 435 1670 oratione
453 1647 560 1678 beniynn
577 1648 749 1671 multitudiuis
767 1648 866 1671 animos

66 1684 101 1708 (ul
123 1683 321 1708 benevolentiam
346 1684 474 1712 alliciant,
502 1685 644 1716 militesque
669 1685 759 1709 blande
779 1684 867 1715 appel-

67 1721 143 1745 tando
157 1721 292 1745 ‹teteniaut.
322 1719 395 1751 Quae
407 1725 495 1745 autem
510 1720 535 1746 in
549 1720 722 1746 multitudine
734 1729 795 1746 cum
808 1729 868 1746 con-

67 1760 175 1783 tentione
196 1756 310 1783 liabetur
324 1757 420 1787 oratio,
444 1766 473 1783 ea
490 1766 569 1791 saepe
587 1758 742 1783 universam
758 1758 865 1784 excitat.

67 1794 162 1829 Magna
179 1799 220 1820 est
235 1795 306 1820 enim
324 1794 465 1821 admiratio
481 1796 588 1829 copiose
609 1795 801 1830 sapienterque
824 1794 868 1821 di-
889 1814 890 1819 ,

66 1832 166 1858 centis:
189 1840 270 1866 quem
282 1832 330 1866 qui
343 1832 467 1862 audiunt,
483 1832 631 1867 intelligere
643 1833 724 1859 etiam
736 1837 761 1859 et
772 1840 867 1867 sapere

65 1868 137 1904 plus,
151 1877 233 1903 quam
245 1873 355 1900 ceteros,
369 1869 542 1896 arbitrantur.

66 1980 133 2012 Sed,
156 1989 241 2015 quum
260 1981 315 2007 sint
330 1980 407 2015 plura
423 1989 580 2007 caussarum
596 1990 709 2016 genera,
727 1990 795 2016 quae
811 1982 867 2008 elo-

65 2018 204 2053 quentiam
225 2017 392 2049 desiderent,
415 2017 547 2052 multique
570 2019 596 2044 in
619 2024 707 2045 nostra
729 2019 867 2053 republica

65 2055 249 2082 adolescentes
265 2060 290 2082 et
305 2055 377 2090 apud
395 2055 498 2081 iudices
514 2060 539 2082 et
554 2056 625 2090 apud
638 2060 761 2082 senatum
774 2056 868 2082 dicen-

65 2092 100 2119 do
121 2092 228 2119 laudem
250 2093 366 2119 assecuti
387 2093 454 2123 siut,
478 2094 595 2119 maxima
616 2093 757 2119 admiratio
778 2098 819 2119 est
840 2094 866 2119 in

66 2129 190 2162 iudiciis;
219 2139 335 2165 quornm
350 2131 416 2156 ratio
427 2129 529 2164 duplex
542 2135 590 2157 est.
633 2131 698 2157 Nam
711 2140 743 2157 ex
756 2139 868 2157 accusa-

66 2168 137 2194 tione
159 2172 185 2194 ct
200 2167 357 2194 defensione
373 2172 489 2194 constat:
512 2176 627 2202 quarum
642 2169 692 2194 etsi
706 2167 868 2194 laudabilior

66 2210 106 2231 est
121 2204 257 2236 defensio,
281 2209 368 2231 tamen
385 2205 465 2231 etiam
481 2206 616 2231 accusatio
634 2205 742 2240 probata
759 2214 867 2240 persae-

64 2251 98 2277 pe
110 2246 159 2268 est.
200 2242 261 2268 Dixi
283 2242 374 2277 paullo
393 2247 452 2268 ante
468 2241 501 2267 de
513 2242 618 2269 Crasso.
645 2243 717 2269 idem
731 2242 792 2269 feeit
803 2242 867 2268 ado-

66 2279 170 2306 lescens
182 2280 217 2306 M.
230 2279 374 2306 Antonius.

65 2318 199 2344 accusatio
213 2316 370 2348 illustravit,
384 2326 469 2352 quum
482 2317 641 2343 seditiosum
653 2323 679 2344 et
691 2317 814 2344 inutilem
827 2318 867 2343 ei-

65 2362 137 2386 vem,
159 2354 188 2381 C.
207 2354 377 2385 Norbanum,
399 2355 425 2380 in
443 2354 576 2381 iudicium
594 2356 708 2382 vocavit.

65 2390 116 2419 hoc
131 2392 242 2427 quidem
259 2401 310 2418 non
326 2396 366 2418 est
381 2400 459 2426 saepe
478 2392 644 2423 faciendum,
662 2401 710 2418 nec
726 2401 864 2427 umquam.

65 2429 118 2455 nisi
134 2434 180 2456 aut
190 2429 357 2464 reipublicae
368 2438 473 2459 caussa,
491 2434 519 2456 nt
532 2430 563 2459 ii,
574 2438 642 2464 quos
654 2434 713 2456 ante
725 2429 797 2462 (lixi,
821 2434 867 2455 aut

65 2466 229 2499 ulciscendi,
252 2471 283 2494 ut
302 2466 356 2493 duo
378 2466 498 2498 Luculli,
526 2471 571 2493 ant
594 2467 748 2501 patrocinii,
772 2471 801 2493 ut
817 2476 864 2493 nos
895 2490 897 2495 ,

896 2510 897 2518 ’
919 2503 1054 2534 tiendum,
1068 2503 1115 2529 sed
1127 2503 1272 2537 diligenter
1283 2508 1361 2537 atque
1375 2501 1517 2527 moderate.

63 2541 184 2568 cusando
195 2542 275 2568 etiam
292 2542 335 2568 Μ’.
351 2540 469 2576 Aquillio
483 2542 511 2567 L.
533 2541 600 2567 Futii
615 2541 720 2575 cognita
734 2541 865 2567 industria
896 2565 897 2568 ,

64 2512 112 2538 pro
132 2503 245 2537 Siculis,
273 2513 321 2539 pro
341 2503 432 2530 Sardis
453 2504 478 2530 in
500 2503 614 2530 Albueio
635 2503 729 2530 [iilius.
771 2504 799 2530 ln
822 2513 866 2530 uc-

63 2582 114 2605 est.
735 2579 782 2604 ¹S'in
803 2579 862 2609 erit,

64 2616 109 2642 cui
130 2615 285 2643 faciendum
305 2617 341 2643 sit
361 2616 483 2650 saepius,
511 2615 676 2650 reipublicae
698 2615 797 2642 tribuat
816 2615 864 2642 lioc

64 2653 198 2685 muneris,
216 2654 295 2680 cuius
313 2654 438 2680 inimicos
455 2653 549 2680 ulcisci
565 2654 689 2688 saepius,
705 2661 755 2679 non
771 2658 810 2679 cst
823 2661 864 2679 re—

155 2578 244 2605 Semel
269 2580 351 2615 igitur
371 2583 417 2605 ant
441 2587 492 2604 non
513 2587 593 2613 saepe
615 2583 695 2605 eerte.

898 994 899 998 ,
921 971 1018 996 naetio.

896 1552 897 1557 ,
919 1533 1000 1559 altera
1022 1541 1056 1558 ex
1071 1541 1143 1561 arca,
1162 1532 1242 1558 altera
1262 1542 1295 1558 ex
1313 1532 1600 1567 virtutedepromitur:

896 1573 897 1582 ¹
920 1571 1024 1605 tioquc,
1045 1579 1113 1604 quae
1134 1570 1161 1596 lit
1177 1578 1210 1595 ex
1227 1579 1254 1595 re
1267 1569 1407 1600 familiari,
1427 1569 1524 1595 fontem
1538 1571 1626 1604 ipsum
1641 1571 1717 1596 beni-

583 1870 611 1896 s'i
625 1878 686 1896 vero
698 1870 867 1896 inestinora-
897 1894 898 1900 ,

66 1907 137 1932 tione
149 1906 232 1932 mixta
243 1905 389 1932 modestiae
400 1907 528 1941 gravitas,
543 1907 610 1933 nibil
623 1907 868 1934 admirabiliuslie-
897 1930 898 1934 ,

66 1943 89 1969 ri
103 1947 202 1978 potest3
226 1952 310 1978 coque
323 1945 418 1978 magis,
432 1944 495 1969 sica
507 1949 571 1970 sunt
584 1945 609 1970 in
622 1944 800 1971 adolescente.
824 1946 865 1971 49.
890 1949 891 1954 ¹

416 2280 502 2306 litium
517 2280 542 2306 Ι).
556 2280 672 2314 Sulpicii
684 2280 865 2315 eloquentium
889 2306 897 2311 „

749 2356 791 2381 50.
813 2355 866 2381 Sed
889 2353 890 2357 ’

895 2674 897 2679 ,
918 2658 961 2680 tur
982 2652 1149 2689 largitionem
1172 2653 1289 2687 rapinae.

945 117 980 142 ΙΙ.
1012 116 1030 142 C
1043 117 1062 142 Α
1075 117 1104 143 P.
1139 119 1283 144 11-15,
1654 124 1715 148 ⁴253

921 186 1154 220 prehendendum.
1204 188 1300 214 Modus
1321 194 1408 216 tamen
1429 189 1509 217 adsit.
1558 192 1621 217 Duri
1643 194 1715 219 enim

922 223 1053 255 hominis,
1072 224 1112 251 vel
1131 226 1219 259 potius
1235 226 1282 252 vix
1294 226 1411 253 hominis
1426 227 1545 259 videtur,
1564 230 1716 263 periculum

920 262 1016 295 capitis
1037 261 1135 288 inferre
1159 263 1262 289 multis.
1304 263 1332 290 Id
1353 273 1438 299 quum
1459 265 1641 299 periculosum
1664 268 1716 301 ipsi

921 303 973 329 est,
1003 304 1059 324 tum
1084 300 1163 325 etiam
1188 300 1328 326 sordidum
1349 302 1382 327 ad
1404 301 1515 333 famam,
1538 305 1713 335 committere,

922 341 950 361 ut
961 341 1098 362 accusator
1109 337 1260 363 nominere:
1283 338 1355 372 quod
1367 340 1478 373 contigit
1488 341 1523 366 M.
1535 341 1627 371 Bruto,
1641 351 1717 368 sum-

921 381 964 399 mo
974 381 1071 408 genere
1083 379 1156 404 nato,
1176 374 1250 401 illius
1263 375 1326 406 lilio,
1342 377 1389 410 qui
1403 377 1469 402 iuris
1480 378 1570 404 civilis
1582 379 1608 404 in
1621 380 1716 413 primis

921 411 1023 444 peritus
1040 410 1099 437 fuit.
1140 413 1181 438 5⁴.
1197 412 1283 446 Atque
1299 414 1379 439 etiam
1392 414 1439 440 boe
1452 421 1623 450 praeceptum
1634 416 1717 442 oflicii

920 447 1065 482 diligenter
1079 448 1224 475 tenendum
1241 455 1293 480 est,
1312 459 1344 476 ne
1356 460 1435 485 quem
1449 460 1576 486 umquam
1590 455 1718 480 innocen-

921 489 974 510 tem
999 485 1099 511 indicio
1120 487 1215 520 capitis
1239 496 1371 514 arcessas:
1404 488 1430 514 id
1449 490 1520 515 enim
1543 491 1601 516 sine
1617 491 1717 517 scelere

922 522 979 547 fieri
995 522 1069 548 nullo
1085 528 1160 557 pacto
1176 529 1271 558 potest.
1313 526 1378 550 Nam
1391 526 1456 560 quid
1471 532 1510 553 est
1525 531 1577 553 tam
1591 528 1716 554 inhuma—

922 568 1000 590 num,
1019 569 1100 594 quam
1113 560 1307 595 eloquentiam,
1326 572 1339 588 a
1351 568 1442 589 natura
1455 563 1487 589 ad
1500 564 1613 590 salutem
1630 566 1717 592 homi-

922 605 987 622 num
1007 602 1033 623 et
1047 597 1080 623 ad
1097 599 1325 625 conservationem
1341 600 1442 630 datam,
1463 601 1496 627 ad
1518 601 1647 628 bonorum
1670 612 1716 637 pe-

921 638 988 660 stem
1009 635 1211 670 perniciemque
1226 638 1398 662 convertere?
1428 639 1480 664 Nec
1497 644 1598 665 tamen.
1620 645 1647 666 ut
1667 641 1716 666 boc

922 671 1082 706 fugiendum
1098 677 1150 703 est,
1170 673 1233 698 item
1245 679 1284 699 est
1297 674 1449 700 babendum
1463 676 1599 709 religioni,
1619 686 1717 703 noeen-

922 713 974 734 tem
986 708 1173 743 aliquando—
1186 710 1263 737 modo
1271 711 1440 738 nent-sarium
1451 708 1716 748 impiumque—de—

922 745 1040 772 fendere.
1082 747 1145 773 Vult
1165 747 1214 773 hoc
1235 749 1392 779 multitudo,
1419 752 1518 783 patitur
1538 752 1713 781 consuetudo,

922 782 971 809 fert
984 784 1064 809 etiam
1081 784 1244 811 humanitas.
1286 786 1385 812 Iudicis
1401 792 1454 817 est,
1472 796 1578 821 semper
1595 790 1620 814 in
1637 798 1716 814 caus-

921 821 959 846 sis
976 829 1069 846 verum
1085 824 1176 856 sequi3
1200 824 1317 856 patroni,
1337 832 1539 858 nonnumquam
1558 826 1714 855 verisimile,

921 858 1000 883 etiam
1017 859 1040 884 si
1053 859 1142 885 minus
1154 860 1189 885 sit
1204 869 1310 890 verum,
1325 860 1481 887 defendere:
1504 862 1575 896 quod
1588 863 1712 889 scribere.

921 896 1078 929 praesertim
1094 905 1179 930 quum
1196 897 1229 923 de
1245 897 1416 932 philosophia
1429 899 1586 929 scriberem,
1605 909 1655 925 non
1669 910 1717 926 an-

921 932 1025 964 derem,
1047 934 1099 959 nisi
1116 933 1187 959 idem
1205 934 1319 969 placeret
1333 937 1495 969 gravissimo
1507 936 1655 963 Stoicorum
1668 938 1717 963 l'a-

1060 971 1176 997 Maxime
1201 977 1289 998 autem
1314 978 1339 998 et
1358 973 1442 1008 gloria
1467 974 1568 1007 paritur
1588 980 1612 1000 et
1633 976 1716 1007 ,uratia

921 1007 1139 1039 defensionibus,
1163 1017 1248 1043 eoque
1270 1010 1362 1040 maior,
1385 1011 1408 1036 si
1429 1011 1535 1044 quando
1557 1011 1665 1038 aecidit.
1690 1017 1717 1038 ut

920 1046 945 1071 ei
962 1045 1153 1076 subveniatur,
1174 1047 1222 1081 qui
1235 1047 1349 1081 potentis
1361 1047 1476 1073 alicuius
1487 1048 1585 1082 opibus
1600 1050 1718 1075 eircum-

921 1083 1009 1108 veniri
1022 1083 1168 1118 urgerique
1184 1083 1319 1110 videatur:
1347 1089 1376 1111 ut
1392 1094 1438 1111 nos
1457 1090 1482 1111 et
1498 1094 1576 1119 saepe
1593 1086 1672 1115 alias,
1693 1092 1718 1112 et

920 1120 1103 1146 adolescentes
1139 1126 1229 1147 contra
1246 1122 1276 1147 L.
1295 1121 1385 1148 Sullae
1400 1122 1565 1148 dominantis
1585 1132 1649 1157 opes
1671 1132 1717 1157 pro

920 1158 946 1183 S.
969 1158 1064 1184 Roscio
1089 1158 1216 1185 Amerino
1232 1158 1359 1185 fecimus:
1395 1168 1477 1195 quae,
1498 1165 1526 1186 nt
1546 1161 1609 1191 scis,
1633 1166 1719 1187 exstat

919 1195 1012 1221 oratio.

975 1232 1034 1258 XV.
1065 1233 1108 1258 52.
1140 1232 1193 1258 Sed
1218 1234 1348 1267 expositis
1372 1233 1584 1260 adolescentium
1609 1234 1715 1265 officiis,

920 1278 988 1304 quae
1006 1269 1110 1296 valeant
1126 1270 1159 1295 ad
1175 1270 1288 1303 gloriani
1304 1271 1521 1305 adipiscendam,
1541 1272 1668 1306 deinceps
1684 1273 1717 1298 de

920 1309 1092 1340 beneficientia
1111 1317 1140 1333 ac
1160 1307 1192 1333 de
1209 1310 1363 1333 liberalitate
1381 1308 1526 1334 dicendum
1543 1314 1592 1335 est.
1633 1310 1717 1335 (tinus-

919 1350 959 1371 est
970 1345 1035 1371 ratio
1046 1344 1158 1379 duplex.
1201 1346 1265 1371 Nam
1277 1350 1322 1371 aut
1338 1355 1413 1379 open-n
1427 1346 1541 1381 benigne
1555 1347 1580 1372 tit
1594 1346 1718 1381 indigen-

920 1383 993 1409 tibus
1014 1386 1059 1408 aut
1077 1385 1197 1414 pecunia.
1239 1383 1352 1409 Facilior
1374 1389 1412 1409 est
1436 1383 1499 1409 baec
1517 1385 1658 1417 posterior,
1680 1385 1717 1409 lo-

896 1416 898 1422 ’
919 1419 1019 1455 cupleti
1041 1420 1212 1454 praesertim:
1244 1420 1291 1446 sed
1314 1420 1358 1446 illa
1381 1421 1475 1446 lautior
1495 1430 1524 1446 ae
1540 1421 1716 1455 splendidior.

920 1462 945 1484 et
961 1458 1019 1483 viro
1037 1457 1097 1483 forti
1113 1457 1238 1491 claroque
1255 1457 1372 1491 dignior.
1414 1459 1582 1492 Quamquam
1599 1459 1671 1484 enim
1689 1460 1715 1484 in

920 1500 1033 1530 utroque
1055 1495 1124 1520 inest
1139 1495 1307 1530 gratita-andi
1326 1495 1444 1521 liberalis
1462 1495 1597 1524 voluntas,
1617 1502 1714 1522 tamen,

1636 1533 1718 1568 largi-

919 1608 1029 1643 gnitatis
1050 1607 1185 1634 exhaurit.
1227 1608 1262 1633 Ita
1283 1607 1448 1641 benignitate
1473 1607 1624 1642 benignitas
1647 1608 1717 1634 tolli-

920 1650 975 1675 tur,
998 1653 1050 1679 qua
1067 1654 1120 1679 quo
1137 1645 1163 1670 in
1180 1643 1271 1678 plures
1288 1653 1351 1670 usus
1363 1645 1414 1673 sis,
1432 1654 1463 1670 eo
1476 1646 1566 1670 minus
1579 1647 1604 1670 in
1618 1646 1716 1671 multus

919 1684 957 1709 uti
970 1683 1068 1716 possis.
1109 1684 1150 1708 53.
1171 1682 1203 1708 At
1214 1683 1260 1716 qui
1273 1691 1351 1716 opera
1361 1703 1366 1712 ,
1386 1682 1411 1708 id
1423 1688 1476 1711 est,
1491 1683 1588 1708 virtute
1600 1688 1624 1708 et
1638 1683 1717 1708 indu-

896 1730 898 1743 i
919 1721 996 1750 stria,
1016 1720 1129 1745 benefici
1141 1724 1166 1745 et
1179 1719 1302 1745 liberales
1314 1725 1404 1749 erunt,
1423 1720 1552 1753 primuni,
1566 1728 1620 1754 quo
1631 1720 1717 1754 pluri-

921 1758 971 1783 bus
988 1757 1145 1791 profuerint,
1167 1765 1198 1783 eo
1215 1756 1305 1791 plures
1321 1757 1353 1782 ad
1372 1757 1487 1791 benigue
1505 1756 1656 1783 faeiendum
1669 1757 1718 1783 ad-

921 1797 1019 1821 iutores
1037 1794 1187 1820 habebunt:
1222 1794 1319 1820 deinde
1340 1795 1533 1820 consuetudine
1556 1794 1717 1820 beneficien-

920 1833 970 1858 tiae
995 1832 1140 1867 paratiores
1161 1837 1250 1861 crunt,
1273 1837 1297 1858 et
1317 1837 1453 1866 tamquam
1470 1832 1668 1857 exercitatiores
1684 1832 1716 1857 ad

920 1870 988 1896 bene
1012 1870 1044 1895 de
1066 1869 1158 1895 inultis
1180 1869 1396 1903 promerendum.
1449 1869 1583 1895 l‘raerlare
1605 1869 1716 1903 epistola

919 1907 1035 1942 quadam
1052 1906 1234 1933 Alexandrum
1252 1906 1337 1932 lilium
1351 1907 1493 1941 l'liilippus
1505 1912 1624 1934 aeensat,
1645 1906 1716 1941 (pind

921 1945 1060 1980 largitione
1091 1943 1305 1970 benevolentiam
1333 1945 1507 1970 Macedonum
1535 1949 1714 1969 consectetur:

922 1984 992 2014 Quae
1003 1987 1034 2013 te,
1052 1984 1154 2011 anulum,
1169 1982 1266 2016 inquit,
1284 1985 1351 2007 ratio
1363 1985 1388 2007 in
1401 1984 1474 2007 istum
1485 1991 1550 2014 spem
1563 1984 1674 2008 untnxil.
1692 1987 1717 2005 nt

919 2029 960 2046 eos
971 2022 1017 2046 tibi
1025 2021 1110 2053 fideles
1118 2025 1224 2052 putares
1234 2022 1295 2052 sore,
1304 2028 1365 2052 quos
1374 2028 1481 2052 pecuum
1494 2019 1669 2051 t'ttt‘t'ttpissi'sss‘
1681 2021 1717 2043 ,1η

920 2062 946 2083 tu
960 2059 986 2083 id
997 2059 1066 2090 nqis,
1084 2061 1110 2082 tt!
1122 2057 1273 2082 illuct-dones
1285 2066 1332 2082 non
1347 2062 1369 2081 te
1385 2066 1465 2089 reqem
1481 2066 1567 2083 sutem.
1583 2059 1626 2081 sei!
1643 2059 1716 2081 ruini-

897 2123 898 2129 ¹
918 2099 999 2120 strum
1016 2099 1038 2119 et
1052 2096 1223 2126 praebitorem
1238 2099 1337 2126 sperent
1353 2094 1426 2127 sore?
1448 2094 1516 2119 liene
1534 2096 1675 2118 rnitn'strum
1695 2097 1716 2117 et

897 2132 898 2140 ¹
917 2133 1101 2164 praebitorem:
1116 2131 1179 2164 quin
1192 2130 1332 2156 sordidum
1346 2132 1414 2164 regi:
1430 2130 1527 2156 melius
1541 2131 1629 2156 etiam.
1644 2129 1714 2164 qnod

920 2171 1080 2201 faryitiotwm
1092 2169 1261 2200 corruptelam
1273 2167 1343 2193 «lixit
1353 2176 1422 2193 esse.
1456 2168 1493 2193 Fit
1507 2169 1577 2192 enini
1591 2167 1712 2192 ‹leion-a:

918 2206 966 2240 qui
978 2205 1089 2239 accipit,
1107 2209 1186 2238 atque
1201 2204 1232 2229 inl
1247 2204 1316 2230 idem
1328 2213 1435 2239 semper
1445 2205 1655 2238 exspeetannlum
1670 2213 1714 2237 pa-

919 2243 1008 2268 ratior.
1049 2243 1091 2268 54.
1114 2242 1166 2267 ttoe
1184 2241 1228 2267 ille
1245 2242 1313 2267 lilio:
1336 2241 1382 2267 setl
1400 2248 1571 2275 praeceptum
1590 2247 1715 2275 putemus

917 2280 1055 2306 omnibus.
1096 2279 1276 2310 Quamobrem
1295 2278 1319 2304 id
1336 2279 1446 2313 quidem
1465 2288 1515 2304 nun
1531 2279 1645 2304 ‹lnbnnn
1664 2284 1713 2308 est,

918 2318 984 2352 quin
999 2317 1042 2342 illa
1055 2316 1557 2350 benignitus,quaeeonstetexoperae!
1573 2316 1712 2342 nutu-iria,

918 2360 943 2381 et
961 2354 1096 2380 honestior
1111 2355 1145 2379 sit
1160 2359 1184 2379 et
1198 2353 1276 2379 latius
1289 2359 1373 2387 pateat
1385 2358 1409 2378 et
1421 2355 1503 2387 possit
1517 2354 1641 2386 pizul-usse
1655 2353 1714 2386 plu-

919 2392 1004 2418 ribus.
1047 2392 1254 2425 Nonnumquam
1268 2396 1354 2416 tamen
1367 2395 1404 2415 est
1418 2392 1589 2422 turon-atum.
1607 2399 1654 2415 nee
1667 2390 1714 2415 boe

919 2429 1094 2463 benignitatis
1105 2437 1191 2461 genus
1202 2429 1312 2454 omnino
1325 2427 1522 2461 repudiandum
1534 2433 1582 2453 est.
1599 2433 1622 2452 et
1635 2436 1714 2462 >nepe

920 2467 1023 2492 idoneis
1036 2466 1192 2492 bominibus
1207 2465 1391 2499 indigentibus
1402 2464 1434 2489 de
1447 2473 1472 2489 re
1482 2463 1606 2490 fmnilniri
1615 2473 1714 2499 inlper-

1555 2501 1629 2527 Multi
1641 2503 1713 2528 enim

919 2541 1078 2575 patrimonia
1102 2540 1253 2566 elluderunt
1280 2538 1428 2565 inconsulte
1455 2538 1601 2572 largiendo.
1642 2539 1714 2571 Qnut

918 2584 1006 2604 {uitem
1019 2583 1058 2604 est
1069 2577 1188 2605 stultius.
1201 2576 1372 2612 qnam,quo‹l
1386 2576 1498 2602 libenter
1510 2575 1711 2605 tactas-murare,

919 2621 946 2641 ut
963 2615 988 2641 id
1005 2615 1108 2641 diutius
1122 2615 1206 2640 faeere
1219 2623 1269 2640 non
1283 2613 1389 2648 possis?
1404 2613 1490 2647 Atque
1501 2614 1581 2640 etiam
1594 2623 1714 2649 sequun-

1330 2653 1419 2683 Quum
1441 2652 1514 2676 enim
1532 2651 1621 2678 dmido
1635 2659 1713 2687 egere

1437 2700 1480 2724 155
1498 2699 1507 2708 “
