1941 3052
231 160 293 184 ttztss
794 156 849 180 ⁴211.
884 154 919 179 Μ.

227 229 310 254 mitri-t
325 228 442 262 optimus
458 226 587 260 (piisque,
611 226 728 250 virorum
742 223 849 250 fortium
863 223 1018 249 memoriam

229 267 325 291 bonore
341 265 450 290 ‹lt-nrum
468 260 657 288 immortalium
673 266 863 286 consecratam.
904 260 945 286 Ob
960 269 1018 286 eam

226 304 297 329 enim
312 303 395 336 ipsam
410 297 1019 332 cati-mianiErechtheusAthenisfiliaequeeius
1048 325 1049 334 ἵ

229 341 253 366 in
267 348 377 365 numero
391 337 501 362 deorum
518 341 590 362 sunt.
631 336 750 370 Itemque
764 334 909 361 Leoiduin'
922 340 961 360 est
972 334 1019 360 de-

228 377 333 402 lubrum
345 374 464 403 Athenis.
476 373 547 408 quod
561 373 702 398 Lem-orion
714 373 875 399 nominatur.
903 372 1019 398 Alaban-

226 414 321 439 denses
333 411 443 446 quidem
455 411 574 437 sanetius
586 409 754 436 Alabandum
767 409 871 439 colunt,
890 419 902 434 a
915 417 968 444 quo
980 414 1019 434 est

226 450 289 476 urbs
304 449 346 474 illa
358 448 472 477 condita,
481 456 733 482 quninqueniquam
747 446 879 473 nobilium
891 446 1015 473 deorum:

225 487 294 521 apud
307 495 374 520 quoa
387 494 437 512 non
451 485 581 511 inurbane
593 485 768 514 Stratonicus,
783 488 811 510 ut
823 483 905 510 multa
914 504 919 514 ‚
933 492 1017 518 quum

224 524 334 558 quidmn
350 523 373 548 ci
391 522 519 549 molestus
532 521 700 548 Alabandum
711 521 792 547 deum
803 530 861 547 esse
876 521 1017 547 confirma-

225 566 274 591 ret,
290 559 428 586 llerculcni
441 564 560 594 negaret:
584 559 684 594 vargo,
703 559 803 593 inquit.
822 559 889 584 mihi
903 557 1018 584 Alaban-

223 598 287 629 dus¹
307 597 354 624 tibi
367 596 492 623 llercules
503 597 538 623 sit
553 597 668 622 iratuslu
709 596 769 621 XX.
792 597 833 622 51,
857 595 902 621 Illa
917 600 1015 626 autem,

223 635 315 665 Balbe,
329 643 397 670 quae
410 639 436 660 tu
449 644 462 660 a
473 634 547 660 caelo
558 634 691 668 astrisque
701 633 833 663 ducebas,
847 641 927 668 quam
941 632 1017 668 longe

222 677 338 707 serpant,
347 680 399 698 non
412 670 506 698 vides‘?
516 671 603 697 Solem
616 671 697 697 deum
709 671 1018 705 esse1.unamque,quo-

223 718 282 736 rum
298 709 409 736 alterum
425 708 576 743 Apollinem
594 708 702 739 Graeci,
720 708 828 734 alteram
842 708 950 733 Dianam
966 716 1018 742 pu-

223 751 286 773 tant.
327 746 403 779 Quod
415 747 437 772 si
450 747 524 773 Luna
536 745 584 772 dea
596 751 648 772 est:
662 754 725 781 ergo
736 746 815 771 ctiam
829 744 935 771 Lucifer
945 749 1017 770 eete-

222 792 319 819 raeque
331 789 448 810 errantes
461 792 603 810 numerum
615 783 726 809 deorum
738 782 911 814 obtinebunt,
935 782 1017 817 igitur

221 822 301 848 etiam
317 822 472 848 inerrantes.
500 821 553 847 Cur
562 825 651 846 autem
663 821 723 846 Arci
734 821 839 854 species
851 828 902 846 non
916 820 940 845 in
953 819 1017 845 deo-

222 867 281 885 rum
293 867 404 885 numero
416 857 576 893 reponatur?
597 858 643 884 Est
657 858 728 884 enim
742 857 863 892 pulcher,
877 862 902 883 et
912 856 946 882 ob
957 865 1015 882 eam

221 896 424 930 eaussam,quia
431 896 550 930 speciem
565 895 645 922 habet
656 894 854 924 admirabilem,
863 894 1017 920 Thauman-

221 939 245 960 te
256 933 356 959 dicitur
366 942 424 959 esse
437 938 524 959 natus,
547 932 631 959 Cuius
642 933 666 958 si
677 932 770 958 divina
783 937 874 958 natura
887 936 935 960 est.
948 931 1015 966 quid

222 970 302 997 facies
315 970 453 996 nubibus?
473 971 557 996 Arcus
571 970 643 996 enim
656 971 713 1004 ipse
724 978 758 995 ex
769 969 890 995 nubibus
901 968 1016 994 eflicitur

219 1007 336 1043 quodam
349 1007 427 1034 modo
438 1007 580 1034 coloratus.
620 1007 738 1039 Quarum
751 1015 803 1033 una
815 1007 894 1032 etiam
901 1006 1016 1033 Centau-

220 1054 262 1072 ros
274 1046 411 1080 peperisse
423 1045 531 1071 dicitur.
547 1044 623 1077 Quod
635 1045 658 1070 si
670 1044 755 1070 nubes
767 1044 890 1070 retuleris
902 1044 928 1070 in
940 1043 1013 1073 deos.

220 1082 373 1109 referendae
389 1087 459 1109 certe
473 1086 551 1108 erunt
567 1087 750 1116 tempestates,
773 1090 842 1116 quae
858 1081 950 1116 populi
967 1081 1017 1107 iio-

704 1119 774 1154 Ergo
787 1119 900 1147 imbres,
917 1118 1014 1149 nimbi,

733 1157 821 1182 Nostri
837 1156 948 1190 quidem
964 1156 1016 1182 du-

220 1121 292 1146 mani
304 1120 402 1146 ritibus
413 1124 580 1146 consecratae
592 1124 663 1145 sunt.

219 1156 364 1191 procellae.
383 1157 503 1183 turbines
517 1157 555 1183 dii
570 1156 692 1191 putandi.

218 1203 276 1224 ces,
295 1203 366 1220 mare
383 1194 578 1230 ingredientes,
602 1193 740 1220 immolare
757 1193 872 1220 hostiam
888 1193 1015 1220 fluctibus
1044 1223 1046 1232 .

217 1237 426 1258 consueverunt.
466 1233 508 1257 52.
531 1232 585 1257 Iam
606 1231 630 1257 si
650 1236 690 1257 est
704 1231 784 1257 Ceres
803 1239 817 1256 a
837 1231 954 1267 gerendo
970 1232 1015 1265 (ita

218 1269 291 1295 enim
302 1268 434 1302 dicebas),
453 1273 521 1295 terra
533 1269 591 1303 ipsa
602 1268 651 1294 dea
662 1272 703 1295 est
716 1273 741 1295 et
753 1269 788 1294 ita
800 1268 927 1295 habetur:
946 1277 1015 1303 quae

217 1310 258 1332 est
271 1306 343 1332 enim
354 1305 405 1332 alia
417 1304 525 1332 Tellus?
539 1306 567 1332 Si
579 1310 660 1332 terra:
678 1314 749 1332 mare
761 1306 855 1337 etiam,
869 1315 951 1341 quem
963 1307 1016 1332 Ne-

218 1348 332 1377 ptunum
344 1352 403 1369 esse
413 1343 536 1369 dicebas:
559 1351 622 1378 ergo
634 1348 658 1369 et
669 1342 779 1369 flumina
791 1348 816 1370 et
828 1343 923 1370 sontes.
964 1344 1016 1370 Ita-

216 1388 270 1415 que
285 1385 310 1407 et
322 1381 412 1406 Fontis
428 1380 572 1406 delubrum
584 1381 656 1406 Maso
671 1389 704 1407 ex
716 1380 823 1407 Corsica
840 1380 975 1407 dedicavit
990 1386 1016 1407 et

218 1419 244 1443 in
256 1426 390 1453 augurum
402 1419 553 1452 precatione
564 1418 736 1448 Tiberinum,
749 1418 910 1453 Spinonem,
922 1418 1015 1445 Almo-

217 1463 287 1485 nem,
304 1454 449 1485 Nodinum.
463 1455 514 1481 alia
525 1456 739 1490 propinquorum
751 1455 894 1482 fluminum
906 1457 1014 1482 nomina
1044 1454 1045 1490 l

1036 1495 1045 1510 v*
1068 1491 1135 1521 lant,
1152 1490 1225 1525 quod
1241 1491 1274 1517 ab
1287 1499 1318 1517 eo
1329 1499 1357 1517 se
1370 1490 1442 1526 teges
1454 1491 1542 1518 ferunt
1553 1493 1698 1527 accepisse.

217 1492 351 1518 videmus.
389 1492 459 1528 Ergo
474 1492 524 1519 hoc
545 1497 590 1519 aut
611 1493 637 1519 in
659 1493 822 1519 immensum
844 1498 946 1528 serpet,
969 1498 1015 1520 aut

216 1529 284 1555 nihil
307 1529 402 1556 horum
422 1530 598 1564 recipiemus,
621 1538 669 1556 nec
693 1530 739 1556 illa
760 1530 864 1557 infinita
887 1531 952 1557 ratio
967 1539 1016 1557 su—

215 1567 381 1601 perstitionis
402 1567 570 1602 probabitur.
607 1567 680 1594 Nihil
702 1576 765 1604 ergo
786 1568 882 1594 horum
898 1568 1015 1603 proban-

214 1603 280 1630 dum
292 1608 341 1630 est.

272 1641 345 1668 XXI.
367 1643 409 1668 53.
431 1642 557 1669 Dicamus
572 1642 669 1678 igitur.
686 1641 782 1673 Balbe,
800 1647 904 1677 oportet
923 1647 1014 1669 contra

216 1677 276 1704 illos
292 1679 371 1705 etiam
380 1700 386 1710 ,
408 1680 456 1714 qui
472 1679 520 1706 hos
532 1679 596 1706 deos
607 1688 641 1706 ex
654 1679 794 1706 hominum
804 1688 902 1716 genere
914 1680 941 1706 iu
953 1688 1014 1706 cae—

217 1714 272 1741 lum
287 1715 393 1742 tralatos
409 1725 461 1743 non
478 1725 519 1747 re.
535 1716 582 1743 sed
597 1717 724 1751 opinione
740 1725 800 1743 esse
815 1717 922 1748 dicunt,
944 1726 1013 1752 quos

215 1757 328 1788 auguste
343 1762 437 1780 omnes
451 1759 596 1789 sancteque
611 1762 781 1780 veneramur.
822 1755 958 1789 Principio
972 1755 1014 1780 lo-

216 1798 263 1816 ves
284 1794 336 1816 tres
356 1796 498 1818 numerant
521 1792 554 1822 ii,
576 1792 624 1826 qui
640 1791 758 1827 theologi
772 1792 958 1824 nominantur:
979 1800 1014 1818 ex

214 1826 316 1861 quibus
331 1828 451 1862 primum
467 1833 493 1855 et
508 1828 658 1854 secundum
674 1834 749 1855 natos
763 1829 792 1854 in
803 1828 929 1859 Arcadia,
948 1828 1014 1855 alte-

215 1872 275 1890 rum
285 1869 359 1899 patre
371 1865 498 1896 Aethere,
521 1874 555 1892 ex
567 1874 622 1900 quo
632 1865 713 1891 etiam
726 1866 912 1900 Proserpinam
924 1870 1013 1892 natam

216 1899 305 1927 ferunt
315 1906 340 1928 et
352 1902 492 1928 Liberum:
510 1902 624 1928 alterum
635 1907 708 1937 patre
720 1902 812 1933 Caelo,
825 1903 874 1938 qui
884 1903 1013 1938 genuisse

215 1938 363 1964 Minervam
383 1939 495 1969 dicitur,
517 1948 599 1974 quam
620 1939 771 1974 principem
791 1944 817 1966 et
835 1940 1012 1966 inventricem

216 1974 280 2001 belli
292 1974 394 2002 ferunt:
407 1977 516 2002 tertium
527 1976 690 2006 Cretensem.
704 1976 812 2003 Saturni
824 1977 920 2008 filium,
932 1978 1012 2004 cuius

216 2012 243 2038 in
255 2011 300 2038 illa
311 2012 399 2039 insula
409 2013 563 2048 sepulcrum
575 2013 734 2040 ostenditur.
761 2013 917 2049 Διόσκουροι
931 2015 1010 2041 etiam

215 2048 286 2084 apud
302 2049 396 2076 Graios
413 2050 505 2077 multis
521 2050 608 2077 modis
623 2052 804 2078 nominantur.
845 2051 928 2078 Primi
947 2057 1009 2083 tres.

213 2086 262 2121 qui
277 2086 447 2121 appellantur
463 2087 578 2118 Anaces.
597 2088 710 2114 Athenis
725 2096 759 2114 ex
774 2089 849 2119 Iove,
866 2097 928 2124 rege
943 2090 1013 2115 anti-

213 2124 361 2158 quissimo,
379 2129 405 2151 et
416 2125 573 2160 Proserpina
586 2126 654 2156 nati,
672 2125 848 2160 Tritopatres,
865 2127 1010 2162 Zagreus‘,

214 2160 368 2192 Eubuleus,
382 2162 529 2197 Dionysus:
551 2162 664 2188 secundi
674 2162 741 2193 duo,
759 2163 820 2189 Iove
832 2164 909 2190 tertio
921 2164 976 2190 nati
987 2168 1013 2190 et

216 2198 294 2229 Leda,
306 2198 398 2225 Castor
409 2204 434 2225 et
446 2199 553 2226 Pollux:
571 2200 641 2226 tertii
652 2199 780 2226 dicuntur
791 2209 805 2226 a
816 2200 954 2227 nonnullis
965 2200 1013 2227 AI-

213 2244 253 2266 co,
267 2234 416 2270 Melampus
427 2241 453 2262 et
463 2236 600 2267 Tmolus*,
613 2236 685 2263 Atrei
698 2236 756 2268 lilii,
769 2238 818 2272 qui
825 2237 921 2272 Pelope
933 2243 1012 2265 natus

213 2273 274 2299 tuit.

214 2347 289 2373 tertio
299 2351 326 2373 et
336 2348 510 2384 Mnemosyne
520 2353 682 2383 procreatae,
696 2357 806 2375 novem:
820 2350 922 2381 tertiae,
936 2351 1011 2376 Piero

214 2388 288 2410 natae
299 2384 453 2420 etAntiopa,
467 2394 535 2420 quas
542 2386 661 2412 Pieridas
672 2391 698 2412 et
708 2386 809 2412 Pierias
819 2386 907 2413 solent
916 2392 1010 2422 poetae

214 2421 460 2455 appellare,iisdem
472 2423 638 2454 nominibus,
647 2423 741 2449 eodem
753 2432 874 2455 numero,
883 2433 938 2459 quo
948 2433 1011 2459 pro-

215 2458 286 2483 xime
297 2460 458 2493 superiores.
497 2460 642 2495 Quumque
654 2465 682 2487 tu
694 2460 792 2490 Solem,
806 2462 870 2496 quia
881 2461 956 2488 solus
967 2470 1011 2488 es-

213 2499 266 2523 set,
283 2495 446 2529 appellatum
461 2505 520 2523 esse
537 2497 624 2524 dicas:
648 2497 723 2524 Soles
740 2498 793 2532 ipsi
808 2506 890 2533 quam
905 2499 1009 2526 multia
1032 2497 1041 2530 3,

214 2530 345 2566 theologis
357 2533 540 2566 proferuntur!
563 2535 638 2561 Unus
649 2543 742 2561 eorum
753 2535 814 2561 Iove
825 2541 913 2566 natus,
926 2545 1009 2571 nepos
1032 2550 1033 2557 κ

214 2567 348 2594 Aetheris:
362 2569 426 2596 alter
437 2572 602 2606 Hyperione:
620 2573 714 2599 tertius
726 2571 853 2603 Vulcano,
870 2573 925 2599 Nili
938 2574 1006 2606 filio3

213 2605 293 2645 cnuius
304 2605 398 2632 urbem
410 2608 534 2643 Aegyptii
547 2609 641 2639 volunt
651 2618 711 2635 esse
722 2617 790 2639 eam.
803 2618 873 2644 quae
884 2610 1010 2645 Heliopo-

214 2640 248 2667 lis
259 2641 421 2676 appellatur:
438 2650 550 2678 quartus
567 2647 604 2677 is,
621 2655 702 2681 quem
715 2646 830 2673 heroicis
842 2648 1009 2683 temporibus

214 2678 332 2706 Achanto
338 2679 425 2707 Rhodi
436 2683 572 2717 peperisse
582 2683 691 2716 dicitur,
699 2683 789 2720 Ialysi,
797 2683 898 2712 Camiri
908 2690 934 2712 et
943 2685 1009 2712 Lin-

314 2273 356 2299 54.
379 2274 432 2299 Iam
445 2274 535 2300 Musae
546 2275 648 2308 primae
660 2279 798 2309 quattuor,
812 2279 888 2301 natae
900 2276 961 2302 Iove
972 2275 1012 2302 al-
1040 2290 1042 2306 ,-

213 2315 277 2340 tero,
286 2310 442 2341 Thelxinoe,
451 2310 654 2342 Aoede‚Arche,
667 2311 775 2338 Melete:
791 2312 936 2343 secundae,
949 2313 1011 2339 Iove
1034 2320 1042 2340 Ἀ

950 154 979 179 Τ.
1011 153 1284 179 CICERONIS

1047 230 1049 243 ¹
1070 222 1110 248 di.
1129 227 1255 257 quintus,
1272 225 1319 258 qui
1331 223 1437 250 Colchis
1450 223 1532 250 fertur
1544 226 1649 251 Aeetam
1661 231 1686 251 et
1697 226 1791 252 Circen
1803 235 1863 261 pm·

1047 250 1049 297 l
1070 261 1213 285 creavisse.
1256 260 1339 286 xxii.
1362 262 1402 286 55.
1427 261 1536 288 Vulcani
1553 263 1614 288 itetn
1625 264 1789 298 complures:
1809 265 1864 298 pri-

1072 306 1131 322 mus
1143 297 1221 322 Caelo
1233 302 1324 326 natue,
1347 307 1380 324 ex
1395 307 1449 332 quo
1460 303 1485 324 et
1496 299 1613 325 Minerva
1625 301 1775 334 Apollinem
1790 310 1862 331 eum.

1047 354 1049 367 4
1070 335 1149 359 euius
1167 335 1192 359 in
1209 334 1288 360 tutela
1307 334 1422 360 Athenas
1439 336 1542 370 antiqui
1558 336 1676 363 historici
1691 347 1750 364 esse
1773 338 1865 363 volue-

1071 376 1145 397 runt:
1160 371 1296 397 secundus
1309 372 1368 397 Nilo
1380 377 1466 401 natus.
1476 373 1582 402 t'bttnas.
1597 379 1625 399 ut
1636 374 1760 410 Aegyptii
1772 375 1865 410 appel-

1072 408 1139 438 lant,
1155 417 1236 442 quem
1252 409 1390 435 custodem
1407 418 1466 435 esse
1478 410 1591 445 Aegypti
1605 410 1709 438 volunt:
1727 414 1819 438 tertius
1832 421 1864 438 ex

1047 475 1048 478 Ἰ
1071 446 1212 471 tertiolove
1225 447 1364 475 etlunone.
1378 456 1384 469 c
1398 447 1425 472 ui
1435 447 1526 473 Lemni
1539 447 1653 474 fabricae
1665 449 1777 475 traditur
1788 458 1865 484 prae-

1047 505 1048 508 ,
1071 482 1168 508 fuisse:
1185 488 1296 517 quartus
1309 455 1422 509 Menalio
1432 489 1518 514 natus.
1535 485 1582 519 qui
1595 486 1679 512 tenuit
1691 486 1792 512 insulas
1804 495 1865 521 pro-

1046 522 1048 560 ᾗ
1070 525 1127 554 pter
1139 519 1270 550 Siciliam,
1283 529 1352 555 quae
1366 520 1508 547 Vulcaniae
1521 523 1701 549 nominantur.
1738 525 1779 549 56.
1796 524 1865 550 Mer-

1046 570 1048 591 ,
1069 558 1162 583 curius
1175 566 1244 583 unus
1255 557 1333 584 Caelo
1349 563 1436 592 patre,
1453 559 1498 584 Dia
1515 564 1596 585 matre
1614 565 1704 589 natus.
1722 561 1801 586 cuius
1815 561 1865 587 ob-

1069 595 1178 620 scenius
1189 595 1301 621 excitata
1315 600 1405 621 natura
1419 595 1539 625 traditur,
1554 597 1625 631 quod
1638 603 1746 631 aspectu
1759 598 1865 624 Proser-

1070 632 1304 665 pinaecommotus
1315 633 1363 658 sit:
1377 632 1442 658 alter
1450 633 1567 659 Valentis
1579 635 1768 661 etCoronidis'
1781 635 1863 665 fitius.

1071 669 1106 699 is,
1123 669 1170 703 qui
1187 669 1239 695 sub
1251 670 1328 695 terris
1339 670 1464 700 habetur.
1485 670 1554 696 idem
1566 671 1749 706 Trophonius:
1771 673 1865 698 tertius

1069 706 1129 731 Iove
1143 708 1217 732 tertio
1229 712 1307 733 natus
1318 712 1343 733 et
1355 708 1432 737 Maia,
1448 716 1482 734 ex
1493 717 1547 743 quo
1557 713 1583 734 et
1594 709 1724 744 Penelopa
1738 710 1805 735 Pana
1818 718 1865 735 na-

1069 748 1125 769 tum
1139 743 1238 770 ferunt:
1257 749 1369 779 quartus
1381 745 1440 770 Nilo
1455 750 1540 779 patre.
1559 754 1639 780 quern
1651 747 1775 782 Aegyptii
1791 746 1865 773 nefas

1045 793 1047 820 i
1070 780 1169 806 habent
1185 782 1335 808 nominare:
1358 782 1485 817 quintus,
1501 791 1582 817 quem
1598 783 1689 810 colunt
1706 785 1862 814 Pheneatae.

1045 827 1047 863 Ι
1068 818 1115 852 qui
1128 818 1229 853 Argum
1246 818 1346 845 dicitur
1362 820 1543 850 interemisse,
1566 820 1600 846 ob
1616 830 1729 856 eamque
1740 830 1864 847 caussam

1045 868 1047 877 ·
1069 855 1095 881 in
1107 855 1259 890 Aegyptum
1273 856 1424 892 profugisse
1436 858 1662 893 atqueAegyptiis
1675 858 1747 893 leges
1757 864 1783 885 et
1795 859 1865 885 litte-

1069 901 1110 918 ras
1125 893 1278 919 tradidisse.
1321 894 1395 920 llunc
1407 895 1531 929 Aegyptii
1548 895 1633 921 Thoth
1650 896 1798 930 appellant.
1819 904 1864 922 eo-

1067 930 1184 965 demque
1192 931 1298 957 nomine
1306 932 1367 957 anni
1376 932 1479 965 primus
1491 934 1592 958 mensis
1603 933 1674 967 apud
1687 942 1731 959 eos
1745 939 1862 959 vocatur.

1067 968 1109 993 57.
1126 968 1347 1002 Aesculapiorum
1360 969 1478 1003 primus,
1491 969 1638 1003 Apollinis,
1654 979 1735 1005 quem
1748 970 1864 997 Arcades

1067 1004 1170 1037 colunt;
1194 1006 1241 1040 qui
1262 1005 1404 1040 specillum
1429 1007 1565 1033 invenisse
1585 1009 1744 1042 primusque
1764 1008 1864 1034 vulnus

1044 1051 1046 1065 :
1067 1041 1167 1068 dicitur
1181 1042 1360 1077 obligavisse:
1382 1043 1532 1073 secundus,
1549 1045 1662 1071 secundi
1674 1046 1798 1071 Mercurii
1811 1045 1864 1071 fra-

1069 1083 1116 1105 ter.
1155 1080 1188 1110 Is,
1203 1079 1316 1106 fulmine
1326 1089 1482 1115 percussus.
1495 1081 1594 1107 dicitur
1606 1082 1731 1108 humatus
1743 1091 1801 1108 esse
1812 1083 1862 1118 Cy-

1068 1117 1189 1142 nosuris:
1216 1118 1322 1147 tertius,
1345 1118 1453 1152 Arsippi
1473 1123 1499 1144 et
1519 1119 1660 1150 Arsinoae:
1689 1121 1737 1154 qui
1759 1121 1864 1154 primus

1067 1155 1254 1189 purgationem
1279 1154 1332 1180 alvi
1353 1154 1496 1189 dentisque
1511 1156 1694 1187 evulsionem,
1715 1162 1743 1183 ut
1764 1157 1861 1184 ferunt.

1069 1192 1185 1217 invenit:
1204 1192 1283 1217 cuius
1300 1192 1326 1217 in
1343 1192 1455 1218 Arcadia
1471 1201 1522 1219 non
1539 1192 1616 1228 longe
1632 1202 1645 1219 a
1658 1194 1739 1220 Lusio
1753 1193 1864 1220 flumine

1067 1227 1223 1263 sepulcrum
1244 1234 1270 1255 et
1290 1228 1368 1255 lucus
1388 1229 1548 1256 ostenditur.
1590 1231 1686 1257 xxm.
1707 1231 1863 1266 Apollinum

1067 1267 1275 1300 antiquissimus
1288 1267 1319 1297 is,
1330 1275 1411 1301 quem
1424 1266 1515 1301 paullo
1525 1273 1585 1294 ante
1595 1276 1629 1294 ex
1642 1268 1760 1295 Vulcano
1772 1274 1863 1295 natum

1067 1311 1126 1329 esse
1140 1303 1529 1331 dixicustodemAthenarum:
1543 1304 1772 1341 alterCorybantis
1780 1306 1861 1336 filius.

1067 1346 1145 1367 natus
1158 1342 1184 1367 in
1196 1341 1285 1372 Creta,
1299 1342 1378 1367 cuius
1390 1341 1422 1367 de
1435 1341 1478 1368 illa
1490 1342 1578 1368 insula
1589 1351 1651 1369 cum
1664 1344 1724 1369 Iove
1737 1344 1795 1378 ipso
1805 1352 1864 1370 cer-

1067 1383 1155 1404 tamen
1172 1378 1256 1405 fuisse
1273 1378 1399 1405 traditur:
1417 1380 1511 1405 tertius
1522 1380 1582 1406 love
1599 1381 1675 1407 tertio
1686 1386 1763 1407 natus
1777 1386 1803 1407 et
1814 1381 1864 1407 La·

1067 1421 1140 1447 tona;
1155 1424 1237 1451 quem
1249 1416 1467 1451 exllyperboreis
1478 1416 1594 1452 Delphos
1607 1417 1694 1445 ferunt
1704 1418 1861 1444 advenisse:

1066 1458 1179 1488 quartus
1191 1454 1217 1479 in
1229 1453 1351 1484 Arcadia,
1364 1462 1445 1488 quem
1457 1454 1572 1481 Arcades
1579 1454 1757 1492 Nomion[em]
1770 1455 1864 1490 appel-

1738 1494 1780 1519 58.
1802 1493 1864 1519 Dia-

1067 1537 1115 1554 nae
1127 1528 1190 1554 item
1202 1527 1307 1563 plures:
1321 1529 1483 1563 primalovis
1494 1530 1708 1565 effroserpinae,
1721 1538 1790 1565 quae
1802 1531 1864 1565 pin—

1066 1570 1159 1592 natum
1173 1565 1336 1600 Cupidinem
1351 1566 1480 1601 genuisse
1497 1566 1610 1593 dicitur:
1632 1567 1750 1594 secunda
1766 1568 1861 1598 notior.

1065 1611 1148 1638 quam
1160 1603 1220 1629 love
1237 1603 1312 1629 tertio
1325 1607 1351 1629 et
1362 1603 1460 1629 Latona
1476 1609 1564 1630 natam
1580 1606 1748 1639 accepimus:
1772 1605 1864 1631 tertiae

1066 1645 1141 1675 pater
1152 1640 1218 1675 Upis
1229 1640 1352 1671 traditur,
1368 1639 1468 1667 Glauce
1481 1646 1574 1667 mater.
1599 1642 1665 1668 Eam
1677 1642 1772 1668 Graeci
1783 1649 1863 1677 saepe

1067 1678 1146 1712 Upim
1167 1682 1278 1712 paterno
1299 1678 1406 1703 nomine
1427 1678 1573 1712 appellant.
1612 1679 1744 1715 Dionysos
1764 1678 1863 1705 multos

1066 1714 1212 1740 habemus:
1230 1715 1349 1749 primum
1361 1715 1421 1740 Iove
1435 1720 1461 1741 et
1472 1715 1630 1750 Proserpina
1641 1721 1747 1742 natum:
1764 1724 1863 1742 secun-

1043 1753 1045 1781 [
1065 1751 1131 1778 dum
1148 1751 1221 1782 Nilo,
1243 1752 1291 1786 qui
1312 1752 1412 1787 Nysam
1432 1751 1532 1778 dicitur
1550 1752 1719 1779 condidisse:
1742 1754 1860 1784 tertium,

1042 1783 1045 1826 l
1065 1789 1183 1815 Cabiro'
1199 1793 1287 1824 patre,
1309 1796 1426 1824 eumque
1445 1798 1537 1825 regem
1550 1790 1629 1817 Asiae
1648 1790 1799 1825 praefuisse
1819 1790 1863 1816 di—

1043 1833 1044 1846 1
1065 1832 1141 1859 cunt3
1155 1826 1329 1853 cuieabiria·
1341 1831 1404 1852 sunt
1415 1826 1551 1853 instituta:
1564 1832 1690 1862 quartum
1702 1828 1762 1854 Iove
1773 1832 1799 1854 et
1809 1828 1863 1854 Lu-

1065 1872 1108 1895 na,
1121 1864 1166 1890 cui
1177 1872 1251 1889 sacra
1265 1863 1382 1898 Orphica
1394 1868 1523 1898 putantur
1533 1864 1642 1891 confici:
1659 1866 1787 1900 quintum
1797 1865 1862 1891 Niso

1065 1906 1157 1928 natum
1169 1906 1195 1927 et
1204 1901 1324 1936 Thyone,
1340 1909 1354 1927 a
1365 1909 1419 1935 quo
1425 1901 1586 1928 Trieterides
1596 1903 1754 1929 constitutae
1765 1906 1863 1937 putan-

1065 1944 1117 1965 tur.
1157 1940 1200 1965 59.
1222 1939 1313 1964 Venus
1324 1939 1411 1973 prima
1422 1938 1501 1965 Caelo
1511 1944 1537 1965 et
1546 1939 1593 1965 Die
1605 1945 1678 1970 nata,
1694 1940 1773 1966 cuius
1784 1939 1862 1966 Elide

1064 1976 1210 2002 delubrum
1222 1975 1356 2002 vidimus:
1372 1975 1462 2006 altera,
1471 1982 1719 2011 spumaprocreata,
1727 1985 1762 2003 ex
1771 1985 1825 2012 qua
1836 1982 1863 2003 et

1064 2014 1195 2044 Mercurio
1215 2013 1378 2048 Cupidinem
1399 2013 1550 2039 secundum
1575 2019 1667 2040 natum
1691 2015 1859 2049 accepimus:

1064 2051 1149 2081 tertia,
1163 2051 1224 2077 Iove
1236 2055 1296 2077 nata
1307 2051 1434 2083 etDiona;
1448 2059 1518 2085 quae
1529 2050 1755 2086 nupsitVulcano,
1768 2050 1816 2077 sed
1827 2059 1862 2078 ex

1063 2096 1094 2114 ea
1105 2087 1217 2115 etMarte
1228 2093 1306 2115 natus
1313 2088 1425 2115 Anteros
1435 2087 1549 2115 dicitur:
1562 2093 1665 2123 quarta.
1674 2088 1751 2124 Syria
1758 2088 1861 2124 Cypro-

1063 2126 1133 2160 que·
1145 2130 1285 2160 concepta,
1307 2134 1377 2160 quae
1390 2125 1495 2152 Astarte
1509 2131 1632 2157 vocatur,
1650 2134 1732 2161 quam
1743 2125 1860 2152 Adonidi

1064 2163 1190 2197 nupsisse
1200 2162 1336 2197 proditum
1348 2167 1398 2189 est.
1438 2163 1558 2189 Minerva
1569 2164 1656 2198 prima
1664 2184 1670 2194 ,
1685 2172 1768 2198 quam
1777 2162 1861 2198 Apol-

1064 2201 1127 2227 linis
1138 2205 1251 2227 matrem
1261 2208 1342 2235 supra
1354 2200 1490 2226 diximus:
1503 2200 1621 2227 secunda
1633 2205 1688 2227 orta
1695 2200 1764 2231 Nilo,
1777 2208 1859 2235 quam

1062 2238 1189 2274 Aegyptii
1199 2237 1286 2264 Saitae
1297 2237 1402 2264 colunt:
1420 2238 1497 2263 tertia
1508 2237 1553 2263 illa
1561 2258 1567 2268 ,
1584 2246 1666 2273 quam
1678 2238 1738 2264 Iove
1747 2245 1860 2272 genera-

1062 2280 1116 2302 tam
1135 2283 1216 2310 supra
1236 2274 1372 2301 diximus:
1397 2279 1492 2309 quarta
1514 2275 1575 2301 Iove
1598 2280 1659 2301 nata
1679 2279 1705 2301 et
1724 2273 1856 2310 Coryphe,

1062 2313 1160 2339 Oceani
1177 2312 1244 2344 tilia;
1262 2321 1345 2347 quam
1356 2311 1472 2338 Arcades
1482 2311 1587 2338 Coriam
1603 2312 1742 2338 nominant
1755 2315 1781 2337 et
1791 2319 1860 2346 qua-

1062 2349 1201 2385 drigarum
1217 2349 1395 2376 inventricem
1409 2348 1511 2375 ferunt:
1526 2349 1621 2384 quinta
1631 2348 1771 2379 Pallantis,
1788 2356 1859 2382 quae

1033 2392 1034 2397 ¹
1061 2392 1164 2422 patrem
1175 2387 1276 2414 dicitur
1286 2387 1464 2417 interemisse,
1473 2386 1656 2422 virginitatem
1669 2393 1746 2411 suam
1758 2385 1858 2411 violare

1032 2425 1041 2463 ’ἵ
1061 2429 1211 2455 conantem,
1225 2425 1269 2451 cui
1280 2425 1425 2459 pinnarum
1436 2423 1529 2450 talaria
1539 2422 1662 2459 affigunt.
1695 2424 1737 2448 60.
1752 2422 1858 2457 Cupido

1032 2471 1041 2491 ,⁴
1061 2462 1167 2496 primus
1181 2462 1312 2488 Mercurio
1323 2461 1436 2487 etDiana
1446 2462 1534 2495 prima
1545 2465 1622 2486 natus
1633 2459 1746 2486 dicitur:
1759 2468 1859 2486 secun-

1061 2499 1113 2525 dus
1126 2499 1259 2526 Mercurio
1269 2503 1295 2525 et
1305 2499 1408 2525 Venere
1418 2497 1550 2524 secunda:
1573 2497 1681 2527 tertius.
1702 2497 1751 2531 qui
1762 2496 1834 2523 idem
1845 2496 1856 2508 ⁸

1060 2541 1102 2562 est
1111 2537 1236 2567 Anteros,
1252 2536 1335 2562 Marte
1345 2540 1372 2562 et
1381 2536 1482 2562 Venere
1494 2535 1580 2561 tertia.
1619 2534 1706 2569 Atque
1719 2534 1784 2560 haee
1794 2534 1858 2569 qui-

1059 2573 1122 2600 dem
1142 2578 1168 2600 et
1187 2573 1322 2600 eiusmodi
1342 2581 1377 2599 ex
1395 2577 1485 2599 vetere
1505 2571 1632 2598 Graeciae
1652 2571 1723 2598 fama
1746 2570 1856 2597 collecta

1059 2615 1136 2641 sunt.
1156 2610 1259 2646 quibus
1275 2609 1406 2645 intelligis
1421 2608 1601 2635 resistendum
1617 2616 1689 2639 esse,
1706 2617 1739 2635 ne
1750 2612 1857 2643 pertur-

1059 2647 1157 2674 bentur
1171 2647 1327 2683 religiones.
1367 2646 1454 2673 Vestri
1469 2650 1559 2672 autem
1569 2654 1622 2672 non
1634 2646 1713 2672 modo
1726 2646 1792 2672 haec
1803 2653 1856 2671 nou

1060 2684 1195 2716 refellunt,
1204 2693 1298 2712 verum
1308 2685 1389 2712 etiam
1394 2682 1766 2718 confirmantinterpretando,
1773 2690 1856 2718 quor-
