1941 3052
245 112 292 137 ami
814 111 854 136 75.
890 110 923 136 M.

245 181 405 214 flagitabam,
415 180 446 206 ad
455 180 550 206 lIrlwm
564 185 586 205 ιι·
597 180 791 205 otiosissimum
804 189 862 205 esse
874 179 1031 206 arbitrabar.

245 220 319 244 Nunc
332 224 417 244 tamen
427 238 432 247 .
447 222 474 242 ut
486 218 541 251 ipse
553 216 700 250 polliceri-4.
714 225 761 251 pro
771 219 940 248 anyurumnm
952 219 1032 247 libris,

243 259 370 281 muudum-x
386 260 443 280 tun-⁴
457 253 589 279 confer-tas
604 262 696 278 ‹unni-et
711 254 882 288 exspectabo.

245 292 305 323 tius,
319 292 361 317 eui
375 291 496 317 mandatu
509 290 540 315 ad
554 300 594 316 uu:
606 290 719 321 dedisti,
739 300 788 316 nou
804 296 964 318 convenerat
976 300 1030 317 ute:
1054 319 1055 332 χ

243 338 290 355 ιιι-α
302 333 356 354 erat
369 329 419 353 iam
431 328 576 362 quisquam
589 335 694 353 mecum
711 332 816 353 tuorum
832 332 1033 362 praeternam-¹³
1053 349 1055 355 ,

243 375 328 395 ineos,
342 366 388 399 qui
400 369 462 390 sunt
473 373 566 390 omues
578 364 625 390 tui.
666 364 893 391 Stomachosiores
905 374 977 391 meas
990 365 1032 391 lit-
1054 366 1055 369 ’

243 409 310 429 u-rus·
321 411 388 436 quas
400 401 472 427 dieas
484 410 551 431 esse,
565 410 615 427 uon
628 401 757 434 intelligo.
790 402 833 428 Bis
844 402 876 428 ad
889 407 912 429 te
924 403 1030 437 scripsi,

243 449 283 465 rue
295 448 412 473 purgans
423 437 575 471 diligenter,
588 442 611 464 te
625 438 718 464 leniter
728 447 857 465 accusans
870 440 895 465 in
907 448 946 470 eo,
960 440 1032 474 quod

240 477 273 502 de
286 484 326 501 me
337 476 389 501 cito
399 473 574 501 credidisses:
587 475 658 509 quod
669 484 756 509 genus
767 476 1032 512 querelaemihiqui-

240 513 301 539 dem
315 512 455 538 videbatur
466 520 525 538 csse
536 512 629 544 amici,
642 513 684 538 sin
698 513 745 539 tibi
757 513 895 548 displicet,
910 523 961 540 non
974 519 1032 540 utar
1052 524 1053 531 ¹

240 559 270 576 eo
281 550 400 584 posthac.
423 549 476 575 Sed
487 550 520 580 si,
534 554 563 576 ut
574 549 734 580 scribis,eae
747 549 847 577 litterae
859 560 909 577 nou
924 551 1031 578 fuerunt
1051 577 1052 582 ,

239 587 364 617 disertae,
378 587 443 613 scito
456 595 528 613 meas
540 595 590 613 non
605 586 697 613 tuisse.

239 625 344 650 Homeri
359 632 466 650 versum
478 628 566 659 negat.
579 632 660 659 quem
673 633 723 650 non
735 625 842 660 probat:
859 626 898 651 sic
910 630 946 656 tu,
955 626 1031 660 (libet

239 662 311 687 euim
324 661 389 687 milii
403 661 504 696 iocari,)
515 661 586 696 quod
598 661 728 688 disertum
741 670 792 689 non
804 663 866 693 erit,
883 672 915 689 nc
927 664 1030 698 putaris

240 707 339 724 meum.
374 698 447 729 Vale,
461 699 525 725 etin
536 707 659 729 censura,
673 699 696 725 si
709 699 760 725 iam
772 708 800 726 es
812 708 914 731 censor,
929 705 957 727 ut
968 709 1030 736 spe-

239 745 276 766 ro,
289 735 322 762 de
333 744 432 770 proavo
443 735 558 762 multum
570 737 684 771 cogitato
697 741 750 762 tuo.

291 805 343 826 xn.
360 805 376 825 Λ
384 805 435 825 Ro,
451 804 582 825 Gratulatur
598 805 670 832 Appio
690 805 784 826 nmlnitun
803 805 915 826 absoluto:
939 810 1031 827 exeunt.

238 839 327 867 uuptin
337 840 440 860 't'uuiaez
452 840 524 866 Appio
535 847 558 860 se
568 840 610 860 ian·
621 840 686 867 plane
697 840 861 862 reconciliatum
871 841 956 862 scribit.

444 878 514 898 (Sidae.
525 877 598 897 I'nulln.
609 878 701 896 Maraeu·-
711 884 757 895 σου,
769 880 823 898 704.)

339 920 374 946 Μ.
396 920 426 946 Τ.
448 919 477 946 C.
500 919 528 946 S.
550 920 580 946 D.
602 920 717 947 APPIO
737 920 927 947 PULCllRO.
1050 929 1051 945 l

295 963 315 986 t.
338 957 501 988 Gratulabor
513 961 562 988 tibi
573 962 662 996 prius:
677 963 711 989 ita
723 963 795 989 enim
808 971 896 989 rerum
907 962 971 989 ordo
982 971 1030 998 po-

236 997 331 1024 stulat:
344 998 442 1025 deinde
454 998 487 1024 ad
501 1007 543 1025 me
554 1004 702 1026 convertar.
742 1000 799 1035 Ego
811 1008 872 1026 vero
884 1000 1030 1027 vehemen-

236 1040 276 1062 ter
285 1035 404 1069 gratulor
414 1035 446 1062 de
459 1035 559 1062 iudicio
570 1036 700 1063 ambitus:
715 1046 802 1072 neque
815 1037 850 1067 id,
859 1037 931 1071 quod
943 1039 1030 1064 nemi-

236 1073 263 1099 ni
275 1072 390 1098 dubium
403 1072 465 1103 fuit,
484 1072 636 1100 absolutum
652 1082 710 1100 esse
727 1079 763 1106 te;
786 1074 833 1100 sed
845 1074 927 1105 illud,
945 1075 1026 1109 quod,

235 1118 289 1144 quo
300 1109 394 1136 melior
404 1110 487 1141 civis,
505 1119 558 1146 quo
573 1111 614 1137 vir
624 1111 734 1142 clarior,
751 1120 805 1146 quo
820 1111 911 1138 fortior
926 1113 1028 1139 amicus

235 1155 277 1177 es,
297 1155 405 1182 quoque
421 1146 498 1182 plura
514 1148 620 1174 virtutis
636 1153 662 1175 et
676 1148 824 1175 industriae
834 1154 988 1175 ornamenta
1002 1150 1028 1176 in
1049 1159 1050 1174 ι

235 1188 260 1210 te
271 1188 342 1215 sunt,
351 1193 382 1210 eo
393 1184 546 1210 mirandum
558 1190 597 1211 est
609 1186 704 1221 magis,
719 1185 820 1212 nullam
833 1195 865 1212 ne
876 1187 903 1212 in
915 1186 1028 1213 tabellae

234 1220 345 1255 quidem
367 1221 465 1248 latebra
488 1221 572 1247 fuisse
593 1222 776 1249 absconditam
800 1223 1025 1255 malevolentiam.
1048 1230 1050 1251 ἱ

234 1266 302 1292 quae
315 1262 338 1284 te
352 1259 512 1294 impugnare
523 1259 642 1286 auderet.
683 1260 740 1286 Non
753 1260 848 1287 horum
865 1265 1025 1296 temporum,

234 1303 286 1321 non
303 1295 397 1321 horum
413 1295 554 1322 hominum
570 1301 649 1332 atque
665 1305 770 1324 morum
785 1298 935 1333 negotium!
959 1298 1027 1325 nihil

233 1332 287 1358 iam
298 1341 358 1358 sum
372 1333 477 1367 pridem
489 1333 635 1360 admiratus
646 1335 743 1370 magis.
783 1337 808 1361 Ξ.
824 1336 861 1361 De
873 1344 915 1362 me
926 1340 1025 1367 autem,

232 1370 341 1404 suscipe
356 1369 506 1405 paullisper
520 1379 593 1397 meas
603 1375 706 1406 partes.
728 1375 754 1398 et
764 1380 826 1398 eum
838 1377 862 1399 te
874 1381 933 1399 esse
945 1373 1024 1409 finge,

232 1406 280 1441 qui
291 1415 351 1433 sum
363 1415 425 1442 ego:
439 1408 463 1433 si
474 1407 551 1434 facile
563 1409 709 1440 inveneris,
718 1409 784 1444 quid
791 1409 874 1441 dicas,
883 1410 938 1436 noli
949 1411 1028 1445 igno-

232 1452 305 1470 scere
321 1443 490 1471 haesimtioni
505 1454 590 1472 meae.
630 1446 687 1482 Ego
702 1455 766 1473 vero
780 1446 863 1473 velim
877 1447 946 1474 mihi
962 1447 1027 1474 Tul-

232 1479 337 1516 liaeque
349 1490 432 1513 meae,
441 1482 511 1509 sicut
521 1487 549 1509 tu
559 1483 724 1510 amicissime
735 1488 761 1510 et
771 1485 932 1511 suavissime
939 1489 1024 1520 optas,

230 1526 357 1554 prospere
373 1519 481 1545 evenire
497 1528 540 1551 ea,
563 1528 632 1555 quae
647 1529 689 1546 me
706 1521 836 1548 insciente
852 1521 919 1548 facta
934 1526 997 1548 sunt
1011 1531 1026 1549 a

231 1555 313 1582 meis:
327 1555 374 1582 sed
386 1556 422 1583 ita
432 1556 572 1588 cecidisse,
581 1562 611 1584 ut
621 1562 764 1593 agerentur
775 1567 805 1585 eo
817 1562 945 1594 tempore,
953 1559 1026 1594 (spe-
1053 1586 1055 1591 ,

231 1601 259 1620 ro
269 1593 379 1620 omnino
389 1602 451 1620 cum
462 1593 552 1629 aliqua
564 1594 690 1621 felicitate
698 1615 704 1626 ,
721 1600 747 1622 et
757 1595 828 1630 opto)
839 1600 1024 1623 verumtamen

230 1629 293 1665 plus
308 1638 350 1657 me
366 1631 394 1657 in
409 1631 459 1657 hac
470 1639 518 1666 spe
532 1636 576 1658 tua
588 1632 719 1667 sapientia
730 1637 755 1660 et
767 1632 920 1660 humanitas
930 1641 1026 1660 conso-

231 1667 308 1698 latur,
321 1676 403 1702 quam
414 1669 599 1703 opportunitas
610 1670 748 1704 temporis.
779 1670 881 1705 Itaque,
894 1670 1026 1706 quemad-
1045 1676 1053 1695 κ

230 1704 341 1730 modum
357 1705 500 1740 expediam
515 1706 619 1733 exitum
634 1706 717 1733 huius
733 1707 870 1734 institutae
884 1709 1022 1739 orationis,
1045 1709 1046 1715 ¹

230 1750 283 1768 non
299 1742 412 1776 reperio.
452 1743 545 1777 Neque
560 1743 633 1769 enim
650 1744 754 1770 tristius
769 1744 858 1770 dicere
873 1745 1023 1780 quidquam

229 1778 315 1804 debeo
325 1787 355 1805 ea
367 1778 399 1805 de
411 1787 447 1810 re,
460 1788 542 1814 quam
553 1784 581 1807 tu
592 1781 651 1815 ipse
661 1781 800 1807 ominibus
811 1782 920 1816 optimis
931 1791 1024 1817 prose-

229 1816 335 1850 queris:
358 1824 444 1851 neque
461 1825 513 1843 non
529 1825 571 1843 me
582 1822 670 1844 tamen
681 1818 784 1844 mordet
794 1818 912 1853 aliquid:
930 1820 958 1846 in
969 1828 1023 1854 quo

229 1861 315 1879 unum
331 1861 383 1879 non
399 1861 504 1885 vereor,
522 1859 595 1881 netu
606 1863 701 1889 parum
712 1856 874 1890 perspicias,
891 1864 935 1887 ea,
953 1865 1022 1892 quae

228 1894 304 1924 gesta
315 1894 390 1921 sunt,
404 1890 437 1917 ab
448 1890 509 1917 aliis
520 1899 579 1918 esse
589 1896 664 1927 gesta
672 1913 678 1923 ,
691 1892 793 1927 quibus
803 1901 853 1928 ego
864 1894 900 1920 ita
911 1894 1022 1920 manda—
1042 1907 1043 1910 =

229 1935 300 1958 ram,
314 1931 355 1958 ut,
369 1935 453 1963 quum
466 1931 519 1954 tam
531 1927 608 1964 longe
620 1928 763 1956 abfuturus
775 1938 876 1961 essem,
890 1930 923 1957 ad
935 1939 977 1957 me
988 1939 1021 1958 ne

228 1963 365 1995 referrent,
378 1969 495 2000 agerent,
508 1965 580 2000 quod
591 1966 759 2000 probassent.
790 1968 815 1993 3.
831 1968 859 1994 In
871 1967 921 1994 hoc
931 1973 1020 1995 autem

227 2001 296 2027 mihi
308 2000 376 2027 illud
387 2002 515 2029 occurrit:
529 2001 599 2034 Quid
611 2008 639 2030 tu
651 2004 742 2039 igitur,
756 2004 779 2030 si
791 2003 945 2031 adfuisses?
955 2006 1020 2032 Rem

227 2038 398 2073 probassem.-
411 2038 444 2065 de
456 2043 583 2074 tempore,
592 2040 660 2066 nihil
673 2045 697 2067 te
708 2041 802 2073 invito,
811 2041 945 2069 nihilsine
956 2051 1021 2070 eon-

227 2074 289 2102 silio
299 2076 416 2111 egissem
428 2080 482 2102 tuo.
510 2076 590 2103 Vides
601 2077 698 2104 sudare
709 2087 761 2109 me,
775 2079 935 2106 iamdudum
946 2079 1021 2107 labo-

227 2117 339 2143 rantem,
351 2113 485 2147 quomodo
495 2122 526 2140 ea
537 2118 620 2146 tuear,
636 2123 704 2150 quae
715 2115 784 2142 mihi
796 2116 894 2143 tuenda
905 2122 982 2149 sunt,
995 2122 1021 2145 et

228 2154 252 2176 te
263 2157 316 2176 nou
326 2149 469 2177 offendam.
510 2151 580 2177 Leva
596 2160 638 2178 me
649 2153 732 2188 igitur
743 2152 793 2179 hoc
803 2161 893 2180 onere.
934 2155 1020 2181 Num-

227 2195 308 2221 quam
329 2187 401 2213 enim
417 2187 485 2214 mihi
500 2188 593 2215 videor
608 2194 733 2216 tractasse
748 2198 872 2217 caussam
883 2191 1021 2219 difficilio-

226 2232 293 2250 rem.
333 2223 378 2251 Sic
389 2224 484 2251 habeto
496 2230 597 2252 tamen:
611 2227 664 2253 nisi
676 2228 728 2253 iam
739 2231 803 2254 tunc
813 2229 903 2254 omnia
913 2230 1019 2265 negotia

225 2269 288 2287 cum
298 2269 405 2288 summa
415 2266 460 2288 tua
471 2262 600 2297 dignitate
611 2263 821 2300 diligentissime
830 2265 1016 2298 confecissem,

226 2299 331 2325 tametsi
352 2298 421 2325 nihil
441 2299 584 2326 videbatur
598 2300 632 2327 ad
646 2309 738 2327 meum
753 2310 816 2337 erga
831 2307 856 2328 te
870 2303 1018 2338 pristinum

225 2335 346 2362 studium
357 2335 419 2362 addi
431 2345 523 2371 posse:
542 2342 643 2369 tamen,
662 2338 711 2365 hac
726 2339 795 2365 mihi
808 2339 936 2367 affinitate
947 2349 1019 2367 nun-

226 2372 301 2403 tiata.
319 2381 371 2399 non
387 2374 485 2400 maiore
500 2374 628 2409 equidem
639 2375 742 2407 studio,
761 2376 809 2402 sed
820 2378 922 2408 acrius,
940 2386 1019 2413 aper-

225 2409 288 2439 tius,
302 2410 500 2445 significantius
511 2411 673 2447 dignitatem
682 2417 755 2439 tuam
767 2412 960 2441 defendissem.
991 2416 1015 2442 4.

225 2445 367 2473 Decedenti
378 2447 454 2478 mihi,
471 2453 497 2474 et
506 2449 560 2474 iam
571 2449 684 2484 imperio
694 2458 783 2476 annuo
794 2452 944 2484 terminato,
957 2457 1016 2478 ante

225 2481 298 2508 diem
309 2491 347 2509 ιιι,
359 2484 447 2510 Nonas
454 2484 578 2517 Sextiles,
591 2495 677 2521 quum
688 2486 722 2512 ad
728 2486 821 2513 Sidam
833 2489 895 2514 navi
906 2489 1017 2516 accede-

226 2526 291 2549 rem,
304 2523 330 2545 et
339 2528 445 2547 mecum
456 2521 487 2554 Q.
501 2522 633 2550 Servilius
644 2528 722 2554 esset.
737 2523 838 2550 litterae
849 2533 863 2551 a
875 2527 942 2552 meis
953 2531 1017 2553 sunt

225 2554 354 2582 redditae.
375 2557 435 2583 Dixi
446 2559 535 2585 statim
547 2560 670 2591 Servilio,
683 2561 792 2596 (etenim
803 2561 947 2590 videbatur
956 2571 1016 2590 esse

224 2593 394 2628 commotus,)
404 2598 433 2620 ut
442 2596 531 2622 omnia
541 2605 555 2622 a
566 2605 608 2623 me
619 2598 719 2625 maiora
729 2603 904 2633 exspectaret.
943 2600 1016 2632 Quid

225 2628 326 2656 multa‘?
346 2629 546 2660 benevolentior
561 2634 625 2666 tibi,
641 2643 724 2670 quam
735 2634 789 2666 fui,
807 2635 894 2664 nihilo
903 2646 964 2665 sum
975 2637 1015 2664 fa-

922 255 946 279 5.
970 254 1033 280 Tul·
1054 258 1063 275 π’

734 587 766 614 Ut
776 588 847 614 enim
861 589 1030 615 Aristarchus
1058 587 1059 591 ¹

956 110 1290 137 T.(:t‹;131«›Nts

1085 186 1157 210 ctus,
1170 181 1326 215 diligentior
1336 181 1368 207 ad
1381 181 1567 209 declarandam
1580 182 1793 210 benevolentiam
1807 185 1877 211 mul-

1086 223 1120 244 10.
1163 219 1242 247 Nam,
1267 223 1293 244 ut
1311 224 1386 245 vetus
1402 224 1489 245 nostra
1501 220 1623 246 simultas
1635 226 1710 247 anu-³
1722 223 1877 249 stimulabat

1086 263 1136 285 uic,
1151 259 1178 280 ut
1189 264 1322 285 caverem.
1331 265 1363 282 nc
1374 256 1418 282 cui
1430 257 1611 291 suspicionem
1624 258 1681 284 tir-u·
1693 260 1877 285 remnv‘ntiatae

1084 292 1183 325 gratiae
1195 292 1300 318 darem:
1315 293 1353 318 sit:
1365 293 1481 319 affinitas
1493 302 1559 319 nova
1571 303 1661 320 curam
1674 296 1740 322 mihi
1753 297 1878 323 attonsa-

1087 329 1180 359 vendi,
1204 338 1235 355 ne
1251 329 1317 363 quid
1333 330 1366 356 de
1381 339 1488 356 summo
1502 339 1560 357 mco
1575 340 1635 367 erga
1654 337 1677 358 te
1689 341 1778 360 amore
1789 333 1878 360 detra-

1084 371 1156 392 ‹·tu¹n
1168 375 1226 392 esse
1240 366 1371 393 videatur.
1413 366 1508 403 [Vale]

1111 460 1172 481 xm.
1189 461 1265 481 Atto.
1282 461 1354 488 Appio
1369 461 1452 485 gntin
1468 462 1513 486 ιςίι
1529 463 1556 482 de
1571 462 1733 489 supplicati-mo
1743 464 1791 484 elus
1802 464 1877 485 unici„

1083 496 1179 515 urci-run:
1191 495 1265 516 ustiti-
1275 503 1315 516 ιυι
1325 495 1454 523 puluerem-2
1465 496 1597 518 nul-mune
1605 505 1652 518 eu·
1663 499 1828 521 rotundum-u
1838 499 1876 523 iti.

1083 534 1103 550 et
1113 537 1224 551 ten-utem
1236 531 1332 551 futurum
1345 534 1425 558 uper-1.

1275 567 1304 590 (Ιιι
1315 567 1367 588 Asu,
1379 567 1451 589 Paullo,
1461 569 1552 587 ΜιιιιΗυ
1563 576 1611 588 mn.

1159 618 1193 644 M.
1215 618 1245 644 T.
1268 618 1297 645 C.
1319 618 1346 644 S.
1369 619 1397 645 P.
1420 619 1449 645 D.
1473 619 1588 646 Appio
1613 620 1802 647 PULCttRo.

1140 665 1161 689 t.
1185 658 1274 695 Quasi
1290 663 1455 692 divinarem.
1474 664 1518 691 tali
1536 666 1561 691 in
1577 665 1666 692 officio
1683 666 1736 693 rore
1748 667 1814 693 mihi
1826 667 1877 694 ali-

1081 700 1189 735 quando
1200 701 1380 735 expetendum
1393 702 1513 728 studium
1526 704 1668 733 tuum,sie,
1681 713 1765 739 quum
1777 704 1810 730 de
1822 705 1876 731 tuis

1082 738 1163 764 rebus
1174 739 1258 773 gestis
1269 738 1411 773 agebatur.
1431 739 1611 766 inserviebam
1627 740 1719 767 honori
1736 746 1790 768 tuo.
1831 742 1876 768 Di-

1082 784 1140 801 cam
1158 780 1244 802 tamen
1263 784 1337 801 vere:
1356 775 1431 811 plus,
1449 785 1531 811 quam
1548 786 1702 812 acceperas.
1722 778 1873 805 reddidisti.

1081 813 1147 845 Quis
1159 813 1229 839 enim
1245 812 1277 838 ad
1289 821 1330 839 me
1343 822 1394 839 non
1406 814 1572 848 perscripsit,
1587 819 1610 841 te
1622 824 1672 842 non
1686 815 1772 842 solum
1784 821 1875 842 aucto-

1082 851 1157 876 ritate
1170 850 1312 881 orationis.
1330 851 1459 877 sententia
1477 856 1534 881 tua.
1553 852 1654 887 quibus
1669 861 1719 888 ego
1732 862 1745 878 a
1757 853 1802 879 tali
1818 853 1875 879 viro

1081 892 1221 913 contentus
1231 895 1312 917 eram,
1322 887 1368 913 sed
1379 889 1458 914 etiam
1470 897 1558 923 opt-ra,
1571 889 1692 919 consilio,
1706 890 1815 916 domum
1829 899 1875 916 ve-

1082 924 1188 954 niendo.
1201 925 1394 951 conveniendis
1406 926 1481 954 meis.
1497 925 1601 952 nullum
1614 935 1711 953 munus
1722 927 1804 954 oflicii
1815 928 1874 953 cui-

1624 571 1677 589 70⁴4

1058 970 1059 986 ς
1081 970 1162 996 quam
1179 961 1313 996 reliquum
1335 962 1443 988 secisse!
1467 963 1536 989 llaec
1557 964 1623 990 mihi
1643 964 1771 999 ampliora
1791 964 1875 990 multo

1050 1117 1051 1122 ¹
1081 1111 1166 1136 virtus
1183 1115 1278 1145 potest.

1081 1004 1156 1029 sunt,
1179 1007 1260 1033 quam
1277 999 1321 1025 illa
1338 999 1409 1034 ipsa,
1427 1005 1535 1034 propter
1549 1009 1617 1035 quae
1634 1001 1698 1027 haee
1711 1001 1872 1028 laborantur.

1081 1036 1199 1071 Insignia
1215 1036 1287 1062 enim
1303 1037 1411 1062 virtutis
1426 1037 1504 1063 multi
1521 1038 1600 1063 etiam
1617 1039 1675 1064 sine
1692 1039 1789 1064 virtute
1800 1047 1874 1064 asse-

1080 1074 1134 1099 cuti
1151 1078 1227 1099 sunt:
1246 1073 1338 1099 talium
1356 1074 1475 1100 virorum
1497 1079 1566 1100 tanta
1587 1075 1675 1101 studia
1692 1076 1799 1110 assequi
1818 1075 1872 1101 sola

1318 1112 1343 1137 2.
1366 1111 1456 1146 ltaque
1468 1111 1535 1137 mihi
1548 1120 1666 1146 propono
1677 1112 1792 1139 fructum
1805 1114 1874 1139 ami-

1079 1148 1157 1173 citiae
1169 1152 1273 1174 nostrae
1285 1148 1371 1182 ipsam
1383 1149 1542 1174 amicitiam:
1556 1157 1608 1184 qua
1620 1149 1688 1175 nihil
1700 1155 1740 1176 est
1751 1149 1870 1181 uberius,

1079 1185 1236 1219 praesertim
1248 1185 1275 1211 in
1287 1185 1321 1211 iis
1332 1185 1443 1216 studiis.
1457 1186 1559 1220 quibus
1571 1191 1682 1222 uterque
1694 1192 1813 1213 nostrum
1825 1187 1873 1214 de·

1080 1223 1186 1248 vinctus
1206 1226 1256 1248 est.
1298 1222 1364 1248 Nam
1385 1223 1435 1248 tibi
1456 1231 1498 1248 me
1514 1223 1638 1258 profiteor
1652 1229 1676 1250 et
1692 1225 1718 1250 in
1734 1224 1871 1259 republica

1079 1260 1196 1290 socium⁷
1214 1259 1247 1285 de
1258 1267 1311 1294 qua
1324 1259 1395 1285 idem
1407 1261 1552 1291 sentimus,
1572 1265 1597 1287 et
1613 1261 1639 1287 in
1651 1261 1805 1296 quotidiana
1818 1263 1871 1288 vita

1078 1297 1253 1323 coniunctum
1264 1296 1299 1322 iis
1310 1296 1413 1323 artibus
1423 1297 1586 1332 studiisque.
1595 1298 1793 1333 quaecolimus.
1810 1298 1872 1325 Vet-

1079 1333 1132 1360 lem
1144 1335 1178 1360 ita
1191 1333 1295 1360 fortuna
1308 1333 1426 1365 tulisset,
1441 1339 1479 1366 ut,
1491 1335 1584 1370 quanti
1596 1343 1645 1371 ego
1655 1343 1748 1362 omnes
1758 1341 1817 1362 tuos
1833 1335 1872 1362 fa-

1078 1371 1132 1402 cio,
1152 1371 1217 1397 tanti
1234 1375 1262 1398 tu
1273 1379 1347 1398 meos
1359 1371 1444 1398 facere
1456 1380 1563 1406 posses:
1585 1372 1658 1407 quod
1669 1377 1756 1399 tamen
1769 1374 1869 1408 ipsum.

1078 1409 1169 1435 nescio
1178 1416 1231 1443 qua
1242 1413 1380 1443 permotus
1395 1409 1478 1435 animi
1490 1408 1666 1440 divinatione,
1684 1418 1736 1437 non
1747 1410 1869 1446 despero.

1077 1445 1129 1471 Sed
1145 1445 1195 1472 hoe
1210 1445 1278 1471 nihil
1295 1445 1328 1472 ad
1344 1450 1382 1472 te:
1404 1451 1526 1473 nostrum
1539 1451 1580 1473 est
1588 1455 1668 1473 onus.
1707 1447 1777 1474 Illud
1788 1447 1870 1474 velim

1077 1483 1116 1509 sic
1128 1482 1241 1514 habeas,
1258 1482 1331 1517 quod
1342 1482 1492 1519 intelliges,
1510 1483 1559 1510 hac
1574 1492 1602 1510 re
1617 1488 1725 1515 novata,
1747 1484 1870 1511 additum

1076 1520 1166 1555 potius
1178 1519 1282 1554 aliquid
1293 1519 1326 1546 ad
1337 1528 1427 1546 meum
1438 1529 1499 1556 erga
1511 1525 1536 1547 te
1546 1520 1676 1552 studium,
1693 1522 1737 1548 cui
1749 1521 1816 1548 nihil
1828 1523 1871 1548 vi-

1076 1556 1191 1583 debatur
1201 1556 1264 1583 addi
1274 1565 1367 1591 posse,
1385 1566 1468 1592 quam
1479 1557 1629 1593 quidquam
1641 1567 1699 1585 esse
1709 1558 1867 1586 detractum.

1053 1599 1054 1604 ¹
1076 1593 1166 1626 Quum
1178 1594 1243 1620 haec
1258 1594 1425 1625 scribebam.
1442 1603 1579 1621 censorem
1596 1600 1620 1621 te
1634 1595 1686 1621 iam
1702 1604 1761 1622 esse
1777 1604 1870 1631 spera-

1052 1627 1054 1645 ³
1076 1631 1149 1657 bam.
1188 1631 1227 1657 Eo
1242 1631 1349 1658 brevior
1363 1636 1403 1658 est
1416 1631 1481 1658 haec
1497 1631 1622 1667 epistola,
1640 1636 1678 1664 et,
1696 1638 1725 1659 ut
1738 1632 1868 1660 adversus

1076 1668 1235 1705 magistrum
1246 1677 1360 1701 morum,
1377 1668 1530 1696 modestior.
1571 1668 1644 1696 Vale.

1371 1774 1563 1792 ...ῃ-..-

1447 1951 1490 1977 74.

1226 2014 1398 2044 LIBER
1428 2013 1712 2049 QUARTUS.

1097 2149 1114 2169 1.
1130 2149 1207 2170 ΔΒΕ.
1223 2148 1324 2176 Sulpicio
1338 2149 1365 2170 tle
1379 2149 1493 2177 republica
1506 2156 1570 2175 agere
1583 2149 1683 2177 cupienti
1693 2149 1785 2171 eon-ilii
1793 2149 1864 2170 inter-

1071 2187 1152 2212 pretem
1162 2184 1290 2205 mittendum
1301 2187 1372 2211 putat.

1212 2221 1242 2243 (ln
1251 2221 1298 2239 vill·
1308 2221 1398 2245 quantun,
1407 2222 1507 2243 Marcello,
1517 2221 1600 2240 Lentulo
1609 2227 1655 2239 ems.
1665 2221 1721 2241 7⁰5.)

1178 2264 1214 2290 M.
1236 2264 1267 2291 T.
1288 2264 1318 2291 C.
1340 2264 1369 2291 S.
1390 2265 1421 2291 D.
1446 2264 1529 2291 SER.
1553 2262 1745 2291 SULPICIO.

1127 2307 1150 2332 ⁴.
1171 2301 1258 2332 Caius
1268 2306 1424 2338 Trebatius,
1440 2305 1581 2332 familiaris
1590 2313 1680 2336 meus,
1693 2303 1727 2330 ad
1741 2312 1783 2330 me
1794 2305 1863 2331 scri-

1068 2342 1131 2377 psit,
1144 2347 1169 2369 te
1180 2351 1215 2369 ex
1223 2351 1252 2369 se
1263 2344 1416 2378 quaesisse,
1429 2343 1531 2378 quibus
1541 2342 1569 2368 in
1581 2341 1646 2368 locis
1657 2350 1759 2368 essem:
1777 2341 1862 2368 mole—

1067 2384 1162 2414 steque
1176 2384 1201 2407 te
1216 2379 1297 2411 ferre,
1315 2380 1389 2416 quod
1405 2389 1448 2407 me
1462 2383 1571 2415 propter
1581 2377 1763 2405 valetudinem
1774 2382 1858 2410 tuam,

1067 2425 1153 2451 quum
1168 2416 1203 2443 ad
1216 2417 1316 2443 Urbem
1331 2418 1519 2447 accessissem,
1540 2424 1593 2442 non
1612 2415 1742 2449 vidisses3
1765 2420 1791 2442 et
1810 2415 1861 2442 hoc

1067 2458 1186 2490 tempore
1197 2453 1266 2480 velle
1278 2459 1302 2481 te
1313 2462 1420 2481 mecum
1428 2475 1434 2486 ,
1456 2454 1480 2480 si
1492 2453 1604 2488 propius
1616 2453 1790 2479 accessissem
1798 2473 1804 2483 ,
1825 2451 1860 2479 de

1066 2490 1154 2518 officio
1174 2491 1317 2526 utriusque
1340 2496 1460 2518 nostrum
1487 2490 1698 2517 communicare.
1740 2489 1857 2520 Utinam,

1066 2527 1142 2554 Servi
1150 2549 1156 2559 ,
1169 2527 1253 2554 salvis
1264 2528 1345 2555 rebus
1353 2549 1359 2560 ,
1371 2528 1420 2564 (sic
1431 2528 1503 2554 enim
1513 2531 1554 2553 est
1563 2526 1731 2562 dicendum,)
1741 2526 1861 2561 colloqui

1066 2565 1249 2599 potuissemus
1260 2566 1330 2592 inter
1339 2574 1387 2592 nos
1395 2565 1403 2590 1
1412 2564 1530 2600 profecto
1540 2563 1645 2599 aliquid
1655 2565 1715 2599 opis
1724 2563 1859 2590 occidenti

1066 2602 1231 2637 reipublicae
1242 2602 1411 2629 tulissemus.
1453 2602 1601 2638 Cognoram
1612 2602 1685 2627 enim
1695 2601 1749 2627 iam
1759 2600 1858 2627 absens

1066 2643 1105 2670 te,
1126 2639 1192 2666 haee
1206 2639 1275 2666 mala
1292 2639 1376 2666 multo
1391 2644 1452 2666 ante
1466 2638 1667 2675 providentem,
1688 2637 1857 2665 defensorem
