1941 3052
0 2080 2 2089 '
26 2081 27 2084 ’
55 2077 158 2105 clarum
174 2077 320 2104 adventum
337 2083 413 2105 tuum
431 2078 484 2105 fore
501 2079 632 2116 intelligo.

319 101 651 128 EPISTOLARUM
681 101 737 127 AD
765 100 997 127 DIVERSOS
1028 101 1108 127 LIB.
1131 101 1194 127 XV.
1225 101 1286 127 ΕΡ.
1309 102 1379 126 9-
1403 102 1440 126 15.

60 173 239 201 amicissimos
250 172 385 199 redderes.
426 173 517 203 Nunc,
532 181 618 207 quum
633 176 677 199 tua
689 180 794 198 summa
807 180 855 206 po-

59 216 139 238 testas
151 219 311 245 summaque
323 210 480 241 auctoritas,
498 214 613 245 notaque
627 209 754 236 omnibus
766 214 854 236 nostra

60 248 230 275 necessitudo
241 248 284 278 sit,
297 247 469 273 vehementer
481 252 504 273 te
516 256 588 283 rogo,
604 252 632 273 ut
642 252 667 273 et
678 256 759 282 quam
772 246 856 273 hono-

59 285 257 312 rificentissime
273 293 351 311 cures
365 284 565 311 decernendum
581 284 614 310 de
630 284 697 310 meis
713 284 794 310 rebus
808 293 856 319 ge-

60 323 122 353 stis,
143 327 168 348 et
183 331 265 357 quam
280 322 429 348 celerrime.
470 322 570 357 Dignas
586 330 628 347 res
643 330 702 347 esse
718 321 816 348 honore
831 325 856 347 et

59 359 250 396 gratulatione,
272 368 418 395 cognosces
433 368 467 386 ex
482 360 516 385 iis
533 359 641 389 litteris,
659 367 727 393 quas
742 359 775 385 ad
791 364 815 384 te
831 363 856 384 et

59 397 189 433 collegam
201 402 226 423 et
237 402 360 423 senatum
376 396 485 431 publice
501 397 577 422 misi:
594 396 772 430 omniumque
783 404 856 422 mea—

60 443 119 461 rum
144 434 311 469 reliquarum
337 443 426 461 rerum
452 435 624 468 maximeque
648 433 855 459 existimationis

59 480 133 498 meae
153 472 368 506 procurationem
393 476 547 506 susceptam
572 470 655 497 velim
676 470 786 496 habeas.
827 471 855 496 In

59 509 210 545 primisque
230 509 280 535 tibi
300 518 379 535 curae
398 510 446 540 sit,
469 508 542 543 quod
562 508 610 534 abs
626 513 650 534 te
669 508 856 542 superioribus

59 555 167 581 quoque
184 546 279 573 litteris
300 547 397 581 petivi,
421 555 454 572 ne
475 546 543 572 mihi
559 550 666 580 tempus
686 549 854 580 prorogetur.

58 583 145 619 Cupio
156 589 180 610 te
190 583 328 610 consulem
335 583 427 610 videre
433 584 586 618 omniaque,
595 591 663 617 quae
674 591 760 617 spero,
770 591 855 617 quum

59 621 165 653 absens,
180 626 237 648 tum
248 622 329 648 etiam
340 629 467 656 praesens
479 626 503 647 te
513 620 623 647 consule
634 620 753 655 assequi.
780 619 854 646 Vale.

112 695 175 716 XIV.
194 694 271 715 ARG.
288 693 367 715 Cassio
378 693 470 714 Fadium
481 692 642 714 commendanti
653 699 677 713 se
689 692 854 713 satisfacturum

59 729 191 758 pollicetur;
203 729 248 750 sibi
257 736 301 749 non
311 728 433 753 contigisse
443 728 511 752 ululet,
522 732 546 748 ut
557 735 605 748 eum
616 734 627 747 e
637 726 752 754 provincia
763 727 855 747 redeun-

58 768 101 785 tem
111 765 207 789 vinleret3
218 768 288 789 rogat,
299 770 386 791 operam
397 764 440 788 det,
452 770 479 783 ue
489 763 533 783 sihi
544 766 629 790 tempus
638 765 776 789 prorogetur.

245 802 275 823 (ln
285 801 358 822 Cili-zia,
366 801 441 821 Paullo,
450 801 542 819 Marcello
554 807 600 818 coss.
611 801 665 821 704.)

58 846 93 872 M.
117 846 146 871 T.
168 845 198 871 C.
220 845 287 871 IMP.
310 844 338 870 S.
360 845 389 870 P.
412 844 441 870 D.
465 843 494 870 C.
516 843 633 870 CASSIO
645 841 854 874 PROQUAEST.

115 884 137 909 l.
151 877 195 908 M.
209 882 321 908 Fadium
332 881 405 916 quod
417 881 485 907 mihi
497 881 615 907 amicum
627 885 671 907 tua
682 879 857 907 commenda·-

58 921 129 947 tione
140 919 202 951 das,
220 919 324 946 nullum
341 920 368 945 in
380 928 410 945 eo
421 918 489 945 facio
500 923 654 953 quaestum.
694 917 771 944 Multi
783 917 855 942 enim

58 957 121 985 anni
133 961 204 988 sunt,
219 965 303 992 quum
317 956 362 983 ille
372 957 399 982 in
411 965 471 982 aere
483 965 542 982 meo
553 960 602 987 est,
616 960 642 982 et
652 964 666 981 a
678 964 720 981 me
732 954 856 990 diligitur

58 999 165 1030 propter
175 1003 309 1020 summam
322 994 516 1020 humanitatem
528 998 554 1019 et
564 993 774 1019 observantiam.
802 991 855 1017 Sed

58 1037 160 1063 tamen,
174 1031 246 1067 quod
257 1031 289 1058 ab
301 1040 331 1058 eo
343 1035 366 1058 te
378 1032 485 1067 egregie
497 1031 575 1066 diligi
587 1031 673 1061 sensi,
692 1030 776 1056 multo
788 1029 856 1055 ami-

57 1069 113 1096 cior
132 1070 157 1096 ei
177 1078 238 1095 sum
255 1069 350 1096 factus.
390 1070 482 1104 Itaque
498 1077 664 1103 quamquam
685 1067 857 1102 profecerunt

57 1106 159 1134 litterae
178 1111 252 1133 tuae:
275 1111 364 1133 tamen
384 1106 521 1141 aliquanto
536 1105 599 1141 plus
614 1104 856 1132 commendationis
877 1122 880 1143 Ξ

57 1144 130 1179 apud
145 1153 187 1170 me
203 1144 298 1170 habuit
313 1144 420 1170 animus
438 1144 525 1178 ipsius
541 1152 602 1179 erga
620 1148 644 1169 te
660 1142 728 1169 mihi
744 1150 857 1177 perspe-

57 1186 116 1208 ctus
128 1186 153 1208 et
163 1182 297 1217 cognitus.
337 1183 362 1208 2.
385 1180 436 1207 Sed
451 1181 484 1206 de
496 1180 578 1207 Fadio
590 1180 721 1206 faciemus
735 1179 855 1206 studiose

57 1227 126 1254 quae
138 1227 229 1255 rogas:
243 1223 271 1245 tu
282 1218 375 1245 multis
387 1218 420 1244 de
431 1219 536 1244 caussis
548 1217 647 1244 vellem
658 1226 700 1244 me
712 1217 855 1243 convenire

56 1257 206 1292 potuisses:
219 1257 348 1291 primum,
362 1261 391 1282 ut
402 1261 526 1290 te,quem
539 1255 641 1281 iamdiu
652 1255 765 1290 plurimi
777 1254 854 1284 facio,

56 1297 129 1320 tanto
146 1293 286 1320 intervallo
301 1293 436 1320 viderem:
453 1293 565 1324 deinde,
586 1297 616 1319 ut
631 1293 694 1323 tibi,
716 1291 789 1327 quod
804 1291 856 1317 feci

56 1339 105 1366 per
116 1330 226 1362 litteras,
240 1340 346 1366 possem
358 1339 486 1366 praesens
497 1330 640 1365 gratulari:
663 1335 729 1360 tum,
742 1334 780 1360 ut,
794 1329 857 1364 qui-

57 1368 109 1395 bus
124 1368 156 1394 de
173 1369 255 1395 rebus
271 1368 416 1398 vellemus,
439 1372 466 1394 tu
483 1368 550 1398 tuis,
569 1376 618 1403 ego
634 1368 702 1393 meis
724 1368 792 1393 inter
808 1375 855 1392 nos

56 1407 331 1439 communicaremus;
349 1410 492 1440 postremo,
506 1410 535 1431 ut
545 1405 663 1431 amicitia
675 1409 772 1436 nostra,
786 1411 856 1438 quae

57 1443 172 1469 summis
183 1443 280 1470 officiis
291 1443 325 1469 ab
336 1448 449 1478 utroque
460 1442 531 1468 culta
543 1447 595 1474 est,
613 1442 661 1468 sed
674 1442 761 1477 longis
773 1442 856 1467 inter-

57 1480 136 1506 vallis
152 1485 303 1515 temporum
321 1481 496 1515 interruptam
513 1480 736 1506 consuetudinem
750 1479 853 1509 habuit,

55 1518 260 1544 confirmaretur
274 1518 473 1544 vehementius,
514 1519 538 1543 3.
561 1517 590 1543 ld
606 1518 734 1552 quoniam
747 1525 798 1543 non
811 1524 856 1542 ac-

55 1555 130 1586 cidit,
145 1560 252 1582 utemur
262 1555 332 1582 bono
345 1555 502 1585 litterarum,
511 1559 536 1581 et
545 1554 639 1581 eadem
653 1554 706 1581 fere
717 1554 853 1584 absentes,

55 1601 134 1628 quae,
148 1593 171 1619 si
183 1601 271 1620 coram
283 1601 414 1623 essemus,
428 1600 635 1627 consequemur.
665 1592 740 1618 Unus
752 1591 856 1618 scilicet

55 1629 101 1657 ille
113 1629 230 1661 fructus,
244 1630 291 1665 qui
305 1631 330 1656 in
343 1634 367 1656 te.
379 1629 497 1656 videndo
508 1634 561 1660 est,
578 1630 681 1664 percipi
695 1629 790 1655 litteris
803 1637 854 1655 non

55 1671 151 1702 potest.
191 1667 265 1694 Alter
285 1667 487 1703 gratulationis,
512 1671 553 1693 est
573 1668 595 1693 is
615 1667 726 1702 quidem
748 1666 852 1697 exilior,

55 1713 137 1740 quam
148 1705 171 1731 si
183 1705 232 1732 tibi
245 1705 361 1740 teipsum
375 1705 482 1731 intuens
493 1704 656 1740 gratularer3
670 1704 717 1731 sed
730 1709 818 1731 tamen
830 1708 856 1730 et

55 1741 107 1769 feci
119 1747 192 1774 ante,
206 1747 231 1769 et
243 1741 310 1769 facio
320 1751 406 1774 nune,
424 1742 528 1777 tibique
540 1751 625 1777 quum
636 1751 685 1777 pro
696 1751 785 1769 reruni
798 1750 856 1768 ma-

55 1779 211 1816 gnitudine,
228 1788 296 1815 quas
307 1780 430 1816 gessisti,
450 1784 506 1806 tum
518 1788 565 1814 pro
576 1781 774 1814 opportunitate
787 1785 855 1806 tem—

54 1817 129 1852 poris
139 1817 266 1853 gratulor,
275 1817 348 1853 quod
360 1822 384 1844 te
396 1817 429 1843 de
440 1818 579 1852 provincia
591 1817 765 1844 decedentem
777 1826 855 1844 sum-

55 1862 98 1880 ma
110 1853 169 1880 laus
180 1859 206 1880 et
215 1863 321 1881 summa
333 1855 417 1890 gratia
428 1855 584 1889 provinciae
595 1860 736 1889 prosecuta
747 1859 796 1882 est.
829 1856 853 1881 4.

54 1891 176 1918 Tertium
187 1896 236 1923 est,
253 1896 282 1918 ut
293 1892 330 1923 id,
343 1892 415 1927 quod
427 1892 460 1918 de
472 1893 570 1919 nostris
585 1892 666 1919 rebus
678 1901 766 1919 coram
781 1901 855 1919 com-

55 1928 273 1955 municassemus
289 1929 357 1955 inter
375 1938 436 1960 nos,
457 1930 634 1956 conficiamus
652 1930 725 1957 idem
748 1930 853 1957 litteris.

53 1965 112 2002 Ego
127 1970 277 1992 ceterarum
292 1974 382 1992 rerum
400 1975 495 1993 caussa
516 1966 565 1993 tibi
582 1967 692 1994 Romam
708 1976 855 2002 properan-

54 2003 121 2030 dum
138 2011 235 2039 magno
245 2011 325 2039 opere
335 2012 442 2031 censeo.
483 2005 549 2030 Nam
564 2008 590 2030 et
601 2013 644 2035 ea,
662 2013 732 2039 quae
744 2005 852 2040 reliqui,

55 2040 201 2075 tranquilla
213 2040 245 2067 de
258 2045 282 2067 te
292 2046 375 2072 erant,
394 2046 419 2068 et
430 2041 479 2068 hac
492 2046 536 2068 tua
548 2042 648 2068 recenti
660 2043 772 2069 victoria
784 2046 853 2068 tanta

673 2079 725 2106 Sed
741 2080 764 2106 si
785 2087 854 2114 quae

55 2120 119 2142 sunt
129 2124 208 2142 onera
221 2120 340 2146 tuorum,
359 2117 381 2142 si
395 2121 464 2142 tanta
475 2121 551 2147 sunt,
567 2122 596 2144 ut
606 2126 635 2143 ea
647 2118 780 2144 sustinere
793 2125 855 2151 pos-

55 2152 106 2184 sis,
124 2161 250 2188 propera:
269 2153 337 2179 nihil
355 2153 403 2180 tibi
420 2154 470 2180 erit
482 2153 594 2185 lautius,
613 2154 852 2191 nihilgloriosius:

55 2190 97 2216 sin
108 2191 221 2221 maiora,
238 2190 388 2222 considera,
397 2199 429 2217 ne
442 2191 468 2217 in
480 2191 679 2218 alienissimum
691 2198 799 2227 tempus
810 2200 855 2217 ca-
877 2205 878 2210 =

55 2226 101 2254 dat
110 2227 243 2254 adventus
259 2232 332 2254 tuus.

55 2269 105 2291 est.

373 2229 459 2254 lluius
474 2229 511 2254 rei
524 2233 607 2255 totum
619 2229 764 2256 consilium
777 2234 854 2256 tuum

145 2265 184 2291 Tu
197 2265 269 2291 enim
282 2265 349 2296 scis,
362 2265 428 2300 quid
441 2266 574 2292 sustinere
587 2267 685 2301 possis.
726 2268 755 2294 Si
767 2272 851 2302 potes,

57 2299 192 2329 laudabile
207 2307 286 2338 atque
302 2302 432 2338 populare
448 2308 496 2329 est.
537 2303 583 2330 Sin
600 2304 678 2339 plane
695 2313 746 2331 non
766 2309 851 2340 potes,

56 2338 153 2366 absens
165 2339 306 2366 hominum
317 2348 454 2366 sermones
468 2340 574 2367 facilius
584 2341 743 2368 sustinebis.
775 2343 800 2368 5.
819 2342 854 2367 De

56 2383 98 2403 me
109 2381 198 2403 autem
210 2377 282 2404 idem
295 2381 382 2404 tecum
396 2378 438 2404 his
449 2386 498 2413 ago
511 2378 620 2410 litteris,
641 2379 713 2414 quod
729 2379 854 2414 superio-

56 2412 132 2440 ribus
147 2415 204 2450 egi,
222 2419 251 2441 ut
265 2423 359 2441 omnes
375 2420 434 2442 tuos
451 2424 547 2442 nervos
564 2416 590 2442 in
602 2424 632 2442 eo
643 2416 802 2446 contendas,
821 2424 853 2442 ne

56 2450 122 2486 quid
133 2451 201 2478 mihi
212 2451 246 2478 ad
258 2451 326 2479 hanc
333 2453 509 2488 provinciam,
518 2461 600 2488 quam
612 2457 637 2479 et
648 2458 757 2480 senatus
769 2458 794 2481 et
806 2462 853 2488 po-

56 2486 138 2522 pulus
148 2497 265 2516 annuam
276 2498 335 2517 esse
348 2490 441 2522 voluit,
457 2491 585 2525 temporis
596 2496 763 2527 prorogetur.
799 2491 853 2517 lloc

57 2532 72 2551 a
83 2528 108 2552 te
123 2525 158 2552 ita
173 2527 316 2558 contendo,
335 2532 364 2554 ut
379 2528 406 2554 in
422 2536 453 2554 eo
465 2527 584 2554 fortunas
601 2537 674 2554 meas
689 2529 789 2564 positas
802 2537 853 2563 pu-

57 2564 119 2589 tem.
159 2563 246 2590 Habes
258 2564 382 2592 Paullum
398 2570 519 2592 nostrum
531 2565 613 2592 nostri
625 2566 850 2601 cupidissimum:

57 2603 97 2641 est
106 2599 199 2627 Curio:
212 2605 253 2628 est
262 2602 390 2629 Furnius.
420 2602 464 2629 Sic
476 2602 558 2629 velim
569 2603 680 2634 enitare,
692 2604 771 2639 quasi
784 2604 810 2630 in
822 2612 852 2630 eo

57 2641 111 2664 sint
121 2637 189 2664 mihi
199 2640 288 2666 omnia
334 2642 359 2666 6.
381 2640 540 2667 Extremum
552 2640 620 2667 illud
631 2645 671 2668 est
682 2640 714 2668 de
726 2641 769 2672 iis,
783 2649 852 2676 quae

1649 102 1699 127 787

906 180 1111 206 proposueram,
1130 171 1295 198 confirmatio
1311 177 1415 198 nostrae
1431 171 1578 197 amicitiae:
1599 171 1632 197 de
1648 180 1701 206 qua

906 209 1032 244 pluribus
1049 209 1140 235 verbis
1156 209 1225 235 nihil
1239 218 1307 244 opus
1321 213 1371 235 est.
1411 209 1450 235 Tu
1464 217 1532 243 puer
1543 218 1585 235 me
1597 210 1702 243 appeti-

906 247 954 272 sti:
977 255 1027 282 ego
1036 251 1126 273 autem
1142 255 1248 281 semper
1263 251 1419 273 ornamento
1434 251 1458 272 te
1471 246 1540 272 mihi
1557 245 1611 272 fore
1623 246 1700 272 duxi.

907 284 994 311 Fuisti
1009 285 1089 310 etiam
1105 284 1241 318 praesidio
1256 285 1421 310 tristissimis
1438 284 1506 310 meis
1523 283 1701 318 temporibus.

907 321 1027 347 Accessit
1042 326 1101 356 post
1116 326 1192 347 tuum
1209 321 1361 347 discessum
1377 320 1546 347 familiaritas
1561 320 1628 346 mihi
1640 329 1702 346 cum

907 359 987 384 Bruto
999 363 1043 384 tuo
1054 359 1182 385 maxima.
1223 359 1316 394 Itaque
1328 359 1355 385 in
1368 363 1455 385 vestro
1466 359 1575 393 ingenio
1586 363 1611 384 et
1622 357 1704 384 indu-

907 396 972 421 stria
983 396 1051 421 mihi
1063 395 1213 430 plurimum
1225 400 1250 422 et
1263 397 1405 422 suavitatis
1417 400 1442 422 et
1453 395 1593 431 dignitatis
1604 395 1705 422 consti-

907 437 994 459 tutum
1006 438 1080 467 puto.
1120 433 1148 459 Id
1164 438 1191 459 tu
1209 438 1237 460 ut
1253 438 1297 460 tuo
1312 433 1402 460 studio
1413 433 1568 464 confirmes,
1586 437 1610 459 te
1622 432 1705 459 vehe-

908 475 1010 496 menter
1021 479 1097 505 rogo,
1112 470 1268 506 litterasque
1279 471 1312 497 ad
1324 480 1367 497 me
1381 475 1406 497 et
1417 471 1544 497 continuo
1555 471 1654 501 mittas,
1667 474 1701 500 et,

907 516 992 542 quum
1004 508 1113 534 Romam
1125 509 1243 539 veneris,
1256 517 1338 543 quam
1350 508 1520 544 saepissime.

961 602 1012 623 XV.
1029 603 1046 623 Α
1054 602 1106 622 RG.
1123 602 1246 623 Consilium
1263 609 1324 623 nuum
1339 610 1351 623 a
1361 602 1420 623 bello
1431 602 1559 623 discedendi
1569 602 1705 623 demonstrat

908 640 936 663 et,
948 638 1000 664 quid
1011 637 1089 659 Cassio
1101 638 1207 662 agendum
1217 637 1326 663 videntur,
1337 638 1468 663 interrogat.

1179 683 1267 704 (Caesare
1277 683 1366 701 dictatore
1377 684 1432 706 707.)

1045 721 1081 748 M.
1103 721 1134 747 T.
1156 721 1185 748 C.
1207 721 1234 749 S.
1257 723 1284 748 P.
1306 723 1336 748 D.
1366 722 1395 749 C.
1417 721 1565 749 CASSIO.

964 768 987 792 l.
1008 762 1070 792 Etsi
1083 771 1196 802 uterque
1207 772 1341 798 nostrum,
1360 776 1407 802 spe
1419 768 1494 802 pacis
1505 772 1531 794 et
1540 767 1602 793 odio
1613 766 1705 793 civilis

907 804 1060 839 sanguinis,
1078 804 1173 830 abesse
1185 813 1198 831 a
1210 804 1275 831 belli
1288 805 1434 831 necessarii
1445 805 1592 839 pertinacia
1604 804 1702 830 voluit:

908 846 1010 872 tamen,
1033 842 1142 876 quando
1157 843 1217 868 eius
1232 842 1339 869 consilii
1356 843 1483 877 princeps
1497 850 1546 877 ego
1562 841 1646 867 fuisse
1663 843 1705 867 vi-

907 878 984 909 deor,
1002 878 1065 913 plus
1077 878 1188 906 fortasse
1200 880 1250 906 tibi
1261 884 1396 915 praestare
1409 880 1468 914 ipse
1481 879 1579 910 debeo,
1597 887 1679 913 quam
1691 887 1705 904 a

908 920 931 942 te
943 921 1108 951 exspectare.
1148 917 1215 948 Etsi,
1229 922 1258 944 ut
1268 926 1348 952 saepe
1359 917 1432 944 soleo
1442 925 1548 943 mecum
1560 915 1703 946 reeordari,

907 962 996 980 sermo
1012 953 1154 980 familiaris
1171 963 1247 981 meus
1264 960 1366 986 tecum,
1385 959 1411 981 et
1426 955 1490 981 item
1506 962 1612 980 mecum
1630 958 1703 983 tuus,

907 991 1023 1018 adduxit
1042 996 1188 1027 utrumque
1205 998 1326 1019 nostrum
1341 992 1374 1018 ad
1389 992 1418 1018 id
1433 991 1593 1021 consilium,
1612 995 1641 1017 ut
1653 999 1706 1016 uno

907 1028 1009 1063 praelio
1020 1034 1187 1063 putaremus,
1201 1031 1224 1056 si
1236 1039 1289 1057 non
1300 1035 1382 1057 totam
1392 1038 1526 1059 caussam,
1540 1033 1565 1055 at
1575 1033 1646 1054 certe
1658 1036 1707 1054 no-

907 1071 993 1092 strum
1004 1066 1139 1093 iudicium
1151 1067 1259 1094 definiri
1270 1068 1424 1094 convenire.
1454 1067 1547 1101 Neque
1558 1066 1706 1101 quisquam

908 1104 977 1130 hanc
988 1110 1105 1131 nostram
1121 1106 1282 1132 sententiam
1298 1114 1360 1132 vere
1376 1113 1507 1140 umquam
1521 1102 1704 1138 reprehendit,

907 1146 1012 1175 praeter
1022 1151 1081 1173 eos,
1095 1143 1143 1177 qui
1155 1143 1319 1170 arbitrantur
1330 1142 1428 1169 melius
1440 1150 1508 1173 esse,
1521 1141 1605 1167 deleri
1617 1141 1707 1167 omni-

909 1187 942 1204 no
962 1179 1173 1214 rempublicam,
1194 1189 1277 1215 quam
1296 1181 1470 1207 imminutam
1491 1184 1517 1206 et
1537 1178 1706 1205 debilitatam

908 1224 1026 1243 manere.
1106 1218 1164 1253 Ego
1175 1223 1264 1245 autem
1275 1227 1310 1244 ex
1320 1218 1431 1244 interitu
1443 1218 1502 1244 eius
1514 1216 1617 1243 nullam
1629 1224 1706 1250 spem

907 1253 1011 1280 scilicet
1022 1254 1091 1280 mihi
1102 1256 1299 1290 proponebam:
1317 1264 1351 1282 ex
1366 1255 1491 1290 reliquiis
1503 1262 1639 1289 magnam.
1680 1254 1704 1279 2.

907 1291 959 1317 Sed
970 1300 1000 1317 ea
1015 1297 1079 1318 sunt
1093 1298 1249 1324 consecuta,
1267 1298 1297 1320 ut
1308 1294 1395 1328 magis
1406 1293 1506 1318 mirum
1518 1292 1566 1322 sit,
1584 1289 1706 1317 accidere

908 1328 954 1354 illa
965 1330 1186 1364 potuisse,quam
1198 1340 1246 1357 nos
1258 1339 1310 1357 non
1322 1330 1425 1357 vidisse
1437 1338 1467 1356 ea
1480 1329 1578 1359 futura,
1587 1336 1645 1358 nec⁷
1657 1327 1707 1353 ho-

909 1367 996 1392 mines
1007 1376 1093 1401 quum
1104 1376 1241 1399 essemus,
1259 1368 1383 1394 divinare
1399 1367 1529 1401 potuisse.
1570 1365 1705 1400 Equidem

908 1403 1004 1435 fateor,
1022 1413 1108 1430 meam
1120 1405 1301 1431 coniecturam
1313 1405 1382 1432 hanc
1393 1404 1490 1435 fuisse,
1509 1408 1550 1434 ut,
1569 1402 1616 1429 illo
1627 1403 1705 1437 quasi

907 1441 1024 1476 quodam
1038 1441 1110 1467 fatali
1126 1442 1227 1476 praelio
1239 1442 1320 1473 facto,
1343 1447 1369 1469 et
1384 1442 1500 1468 victores
1510 1441 1648 1467 communi
1663 1448 1706 1466 sa-

909 1478 958 1504 luti
973 1479 1078 1505 consuli
1095 1479 1208 1511 vellent,
1226 1485 1251 1506 et
1267 1481 1331 1506 victi
1351 1488 1428 1506 suae:
1452 1484 1597 1513 utrumque
1616 1482 1705 1504 autem

908 1517 1026 1550 positum
1041 1525 1100 1543 esse
1115 1517 1265 1544 arbitrabar
1280 1519 1308 1544 in
1323 1517 1458 1543 celeritate
1471 1516 1591 1542 victoris.
1632 1516 1706 1547 Quae

907 1554 930 1579 si
946 1553 1054 1585 fuisset,
1072 1554 1194 1581 eamdem
1210 1555 1381 1581 clementiam
1397 1559 1506 1588 experta
1519 1558 1590 1579 esset
1605 1552 1704 1583 Africa,

907 1599 989 1625 quam
1001 1592 1127 1627 cognovit
1138 1592 1214 1623 Asia,
1233 1601 1314 1627 quam
1327 1593 1406 1618 etiam
1418 1591 1531 1621 Achaia,
1551 1595 1588 1621 te,
1607 1596 1635 1616 ut
1646 1591 1706 1625 opi-

908 1637 964 1659 nor,
978 1629 1037 1663 ipso
1049 1629 1162 1664 allegato
1173 1639 1202 1655 ac
1214 1630 1394 1664 deprecatore.
1410 1630 1526 1655 Amissis
1537 1633 1626 1654 autem
1638 1633 1706 1654 tem-

907 1666 1033 1701 poribus,
1052 1675 1121 1701 quae
1132 1667 1281 1702 plurimum
1295 1667 1398 1697 valent,
1416 1667 1572 1701 praesertim
1589 1666 1615 1692 in
1626 1664 1706 1691 bellis

907 1704 1051 1735 civilibus,
1070 1705 1245 1740 interpositus
1260 1714 1348 1731 annus
1362 1704 1429 1731 alios
1441 1704 1563 1734 induxit,
1582 1708 1610 1729 ut
1622 1704 1707 1729 viclo-

907 1742 974 1767 riam
986 1748 1137 1776 sperarent,
1156 1743 1236 1774 alios,
1255 1748 1284 1769 ut
1300 1743 1390 1778 ipsum
1408 1742 1479 1768 vinci
1495 1745 1704 1768 contemnerent.

906 1779 994 1814 Atque
1006 1779 1102 1806 horum
1114 1780 1245 1807 malorum
1257 1781 1379 1807 omnium
1392 1779 1499 1814 culpam
1508 1778 1612 1805 fortuna
1624 1777 1708 1804 susti-

907 1822 960 1843 net.
1001 1816 1067 1849 Quis
1084 1819 1156 1844 enim
1173 1822 1218 1844 aut
1229 1817 1405 1844 Alexandrini
1417 1817 1481 1843 belli
1493 1821 1592 1843 tantam
1605 1823 1706 1842 moram

908 1855 971 1880 liuic
982 1854 1053 1881 bello
1064 1855 1223 1882 adiunctum
1231 1855 1272 1886 iri,
1281 1861 1329 1882 aut
1339 1856 1429 1882 neseio
1440 1863 1521 1889 quem
1534 1853 1707 1880 istumPhar-

907 1901 1000 1919 nacem
1012 1892 1091 1919 Asiae
1107 1898 1233 1919 terrorem
1250 1893 1389 1920 illaturum
1404 1891 1528 1927 putaret?
1556 1893 1580 1917 3.
1603 1891 1655 1917 Nos
1668 1895 1707 1916 ta-

907 1939 979 1961 men,
994 1931 1021 1956 in
1036 1930 1150 1957 consilio
1161 1931 1228 1965 pari,
1246 1940 1310 1957 casu
1322 1930 1452 1957 dissimili
1463 1930 1505 1956 usi
1518 1937 1624 1955 sumus.
1666 1928 1705 1954 Tu

906 1968 979 1994 enim
990 1977 1049 1994 eam
1061 1973 1164 2003 partem
1176 1969 1276 2003 petisti,
1291 1974 1319 1995 ut
1330 1973 1355 1995 et
1366 1967 1487 1994 consiliis
1499 1968 1652 1996 interesses,
1670 1970 1704 1995 et,

906 2006 978 2041 quod
995 2006 1112 2032 maxime
1128 2014 1220 2032 curam
1239 2005 1321 2036 levat,
1339 2005 1426 2032 futura
1443 2005 1534 2031 animo
1553 2004 1706 2038 prospicere

906 2052 1010 2078 posseS.
1051 2044 1116 2079 Ego,
1130 2044 1178 2078 qui
1191 2043 1331 2074 festinavi,
1346 2048 1374 2070 ut
1385 2044 1526 2069 Caesarem
1539 2042 1565 2067 in
1579 2041 1652 2067 ltalia
1665 2041 1706 2066 vi-

906 2081 1012 2111 derem,
1025 2080 1075 2115 (sic
1085 2082 1158 2107 enim
1171 2080 1391 2115 arbitrabamur.)
1401 2088 1533 2115 eumque,
1552 2078 1645 2105 multis
1658 2078 1706 2104 lio-

907 2118 1070 2144 nestissimis
1087 2118 1153 2144 viris
1168 2119 1348 2149 conservatis,
1371 2117 1542 2148 redeuntem,
1563 2115 1596 2142 ad
1613 2124 1706 2150 pacem

905 2159 1071 2185 currentem,
1090 2160 1119 2181 ut
1129 2156 1218 2185 aiunt,
1237 2156 1390 2182 incitarem:
1408 2155 1441 2181 ab
1454 2154 1500 2181 illo
1512 2154 1669 2189 longissime
1681 2157 1707 2178 et

905 2193 1003 2219 absum
1015 2197 1041 2218 ct
1051 2191 1136 2218 abfui.
1168 2193 1264 2218 Versor
1275 2197 1364 2219 autem
1378 2193 1404 2218 in
1414 2192 1516 2227 gemitu
1529 2191 1627 2219 ltaliae,
1642 2195 1666 2216 ct
1679 2190 1705 2216 in

907 2230 986 2257 Urbis
997 2229 1158 2255 miserrimis
1169 2229 1302 2264 querelis:
1315 2229 1417 2264 quibus
1429 2228 1532 2263 aliquid
1545 2229 1604 2262 opis
1612 2227 1706 2254 fortas-

905 2277 934 2294 se
945 2276 995 2303 ego
1007 2276 1054 2301 pro
1066 2275 1134 2297 mea,
1143 2271 1171 2292 tu
1183 2275 1230 2301 pro
1242 2272 1295 2296 tua,
1305 2275 1352 2301 pro
1362 2275 1410 2292 sun
1422 2267 1539 2301 quisque
1551 2270 1625 2300 parte
1638 2264 1705 2290 ferro

906 2306 1051 2340 potuisset.
1074 2305 1097 2330 si
1114 2309 1206 2330 auctor
1221 2303 1364 2330 adfuisset.
1406 2305 1429 2330 t,
1451 2303 1538 2335 Qunre
1560 2302 1641 2328 velim
1658 2309 1706 2335 pro

907 2348 950 2369 tua
967 2347 1094 2376 perpetua
1115 2350 1176 2375 erga
1199 2350 1240 2367 me
1265 2340 1451 2367 benevolentia
1473 2340 1575 2366 scribas
1596 2339 1629 2365 ad
1651 2347 1703 2368 uic,

905 2381 972 2414 quid
986 2379 1091 2409 videas,
1107 2378 1174 2413 quid
1185 2379 1299 2408 sentias,
1318 2377 1384 2413 quid
1397 2377 1624 2412 exspectandum,
1637 2375 1704 2411 quid

905 2417 1041 2452 agendum
1057 2416 1135 2443 nobis
1151 2416 1300 2442 existimes.
1343 2416 1431 2449 Magni
1452 2419 1531 2441 erunt
1554 2414 1622 2440 milii
1644 2418 1704 2440 tuae

907 2455 1021 2485 litterae;
1040 2458 1120 2488 atque
1137 2455 1239 2479 utinam
1252 2453 1348 2488 primis
1360 2452 1428 2482 illis,
1445 2461 1514 2487 quas
1527 2452 1638 2478 Luceria
1653 2451 1705 2477 mi—

882 2507 884 2510 ·
905 2501 987 2522 seros,
1002 2491 1168 2526 paruisseml
1186 2491 1245 2517 sine
1258 2490 1312 2517 ulla
1324 2491 1396 2516 enim
1409 2489 1531 2516 molestia
1542 2488 1702 2525 dignitatem

906 2538 991 2556 ineam
1005 2529 1188 2556 retinuissem.
1230 2528 1304 2555 Vale.

958 2615 1020 2636 xw.
1040 2616 1057 2636 A
1065 2615 1116 2636 RG.
1133 2615 1197 2636 Ridet
1206 2614 1327 2642 opinione-
1339 2615 1495 2642 Epicureorum
1507 2616 1529 2634 οι
1539 2613 1641 2634 ennium
1649 2628 1654 2637 ,
1666 2619 1703 2633 τοι

905 2658 951 2672 mut
961 2650 1117 2679 philosophi-e
1127 2650 1259 2672 nundin-um.
1287 2652 1375 2676 (Rom-e,
1386 2652 1464 2670 Cau-are
1476 2651 1507 2669 lv.
1519 2657 1556 2668 mn.
1566 2657 1580 2668 ι.
1592 2651 1635 2668 που,
1650 2651 1703 2672 7⁰⁹.)

1433 2686 1495 2714 99⁶
