1941 3052
410 135 457 162 IX
489 136 690 165 VERREM
723 137 822 164 ACT.
857 139 887 164 11.

66 207 149 242 possit
159 207 324 237 Hortensius,
341 210 365 233 et
376 215 405 232 ea
416 206 512 238 dicere,
529 209 644 242 opprimi
658 217 742 239 reum,
759 207 791 234 de
805 217 859 243 quo

66 244 132 270 nihil
147 244 217 270 dicat
230 248 379 276 accusator:
396 244 462 270 nihil
477 254 535 271 esse
550 250 602 271 tam
614 245 794 280 periculosum
807 245 860 271 for·
887 253 889 259 ⁸

66 282 138 308 tuuis
155 282 352 311 innocentium,
372 290 452 316 quam
473 286 558 308 tacere
576 282 754 308 adversarios:
783 287 807 308 et
827 291 859 309 ne

66 318 153 349 aliter,
181 327 262 352 quam
286 327 334 353 ego
352 318 447 349 velim,
476 328 566 345 meum
594 319 683 345 laudet
708 320 856 355 ingenium,

65 364 151 390 quum
169 355 251 386 dicat,
272 363 326 386 me,
347 356 370 381 si
389 356 471 382 multa
490 356 633 387 dixissem,
654 356 858 383 sublevaturum

66 392 150 419 fuisse
163 401 234 423 eum,
251 401 331 427 quem
346 398 435 419 contra
448 393 577 420 dicerem:
593 394 656 428 quia
671 403 722 420 non
733 394 856 424 dixerim,

65 429 228 464 perdidisse:
254 439 353 456 morem
372 430 412 456 illi
429 439 532 465 geram,
558 436 617 456 utar
635 433 751 457 oratione
765 439 860 465 perpe-

66 472 124 500 tua:
153 475 205 493 non
218 468 345 502 quoniam
360 467 408 493 hoc
422 469 456 494 sit
469 477 590 499 necesse:
618 477 710 494 verum
731 472 761 494 ut
778 477 860 503 expe-

66 505 126 535 riar,
144 508 234 530 utrum
248 504 294 530 ille
309 504 373 530 ferat
388 505 536 536 molestius,
553 513 595 531 me
609 509 672 531 tunc
686 506 809 536 tacuisse,
826 514 859 531 an

66 550 138 568 nunc
156 541 253 568 dicere.
293 543 334 568 25.
361 543 407 568 Hic
425 547 453 568 tu
472 542 582 568 fortasse
600 543 651 568 eris
673 542 800 577 diligens,
827 551 860 568 ne

65 588 148 614 qnam
166 588 215 615 ego
234 579 324 605 horam
342 579 374 605 de
393 580 459 605 meis
478 579 604 614 legitimis
622 579 694 605 horis
716 580 858 605 remittam.

66 617 124 643 Nisi
143 617 215 643 omni
234 621 364 651 tempore,
385 617 457 651 quod
476 617 542 642 mihi
561 616 619 651 lege
637 625 794 642 concessum
809 621 856 647 est,

66 654 168 680 abusus
182 662 234 685 ero,
251 663 370 688 querere,
387 654 467 680 deum
478 658 557 688 atque
567 654 707 680 hominum
718 653 860 679 1111001101-

66 691 197 726 plorabis:
226 691 413 717 circumveniri
432 691 460 717 C.
481 691 601 722 Verrem,
630 691 702 725 quod
725 696 860 717 accusator

67 728 133 755 nolit
146 728 258 759 tamdiu,
274 728 404 763 quamdiu
420 728 505 759 liceat,
521 728 618 754 dicere.
645 727 721 760 Quod
736 728 802 754 mihi
818 728 860 754 lex

66 774 124 792 mea
142 774 237 792 caussa
255 765 311 797 det,
332 774 363 792 eo
380 765 447 791 mihi
465 774 517 792 non
535 765 574 791 uti
593 774 645 791 non
660 764 767 791 licebit?
792 765 859 791 Nam

66 803 208 829 accusandi
232 803 299 829 mihi
322 807 428 837 tempus
450 811 508 829 mea
526 811 619 828 caussa
638 802 730 828 datum
749 807 803 833 est,
831 806 860 828 ut

66 849 172 875 possem
190 840 306 866 oratione
324 848 383 866 mea
401 840 511 866 crimina
525 848 702 874 caussamque
715 839 858 874 explicare.

65 878 119 904 Hoc
133 878 155 903 si
171 886 222 904 non
236 882 308 908 utor,
325 886 376 904 non
390 877 438 903 tibi
453 877 579 903 iniuriam
593 877 672 908 facio,
693 877 741 903 sed
754 877 787 903 de
801 885 860 903 meo

65 915 124 941 iure
142 914 244 949 aliquid
262 919 288 941 et
305 914 444 941 commodo
466 914 584 941 detraho.
625 915 753 941 Caussam
776 915 856 945 enim,

66 952 164 987 inquit,
180 953 303 988 cognosci
317 957 428 987 oportet.

65 989 235 1016 condemnari
250 998 320 1021 reus,
336 990 461 1024 quamvis
476 990 509 1016 sit
523 998 629 1020 nocens,
647 998 698 1016 non
713 994 808 1024 potest.
831 990 859 1015 ld

65 1027 148 1063 igitur
165 1031 194 1053 tu
214 1027 323 1053 moleste
341 1027 439 1058 tulisti,
461 1036 474 1052 a
493 1036 535 1053 me
553 1027 656 1062 aliquid
675 1027 774 1053 factum
789 1035 857 1058 esse,

65 1073 120 1100 (1110
133 1065 223 1091 minus
237 1065 287 1091 iste
301 1064 471 1091 condemnari
485 1064 594 1099 posset?
619 1065 685 1090 Nam
703 1073 798 1091 caussa
816 1073 860 1091 co-

65 1102 139 1138 gnita
152 1102 229 1128 multi
245 1106 357 1137 possunt
371 1101 487 1128 absolvi:
515 1102 649 1138 incognita
668 1102 778 1137 quidem
797 1111 860 1128 con-

65 1139 184 1166 demnari
199 1148 277 1166 nemo
291 1144 384 1174 potest.
424 1141 465 1166 26.
481 1139 577 1166 Adimo
591 1141 662 1166 enim
676 1140 860 1175 comperendi-

66 1181 168 1203 natum.
203 1176 278 1209 Quod
294 1177 372 1203 habet
387 1177 430 1203 lex
444 1177 471 1203 in
485 1186 513 1203 se
527 1177 758 1209 molestissimum,
775 1178 816 1203 bis
831 1181 860 1203 ut

65 1222 159 1241 caussa
173 1214 284 1246 dicatur,
301 1214 328 1240 id
342 1218 387 1241 aut
400 1223 458 1241 mea
471 1223 565 1241 caussa
579 1215 668 1249 potius
680 1219 720 1241 est
729 1215 860 1241 constitu-

65 1255 137 1283 tum,
157 1260 238 1286 quam
256 1256 314 1283 tua,
335 1256 380 1278 aut
399 1251 483 1278 nihilo
500 1256 544 1278 tua
562 1253 665 1287 potius,
686 1261 768 1288 quam
789 1261 858 1278 mea.

65 1289 133 1315 Nam
150 1289 173 1315 si
190 1289 232 1315 bis
250 1289 337 1316 dicere
355 1294 395 1316 est
416 1290 600 1321 commodum,
625 1294 695 1316 certe
718 1290 860 1325 utriusque

65 1334 207 1353 commune
221 1330 269 1352 est.
310 1326 337 1352 Si
351 1335 422 1358 eum,
438 1327 485 1361 qui
501 1327 631 1362 posterius
646 1327 722 1359 dixit,
738 1335 806 1362 opus
820 1331 861 1354 est

65 1363 203 1399 redargui:
220 1364 379 1390 accusatoris
393 1373 496 1395 caussa,
513 1368 542 1390 ut
556 1364 597 1390 his
611 1369 743 1399 ageretur,
760 1365 860 1391 consti-

65 1406 154 1427 tutum
169 1405 217 1427 est.
258 1401 366 1432 Verum,
384 1406 412 1427 ut
425 1402 527 1436 opinor,
544 1401 654 1428 Glaucia
669 1403 773 1436 primus
788 1402 857 1433 tulit,

66 1443 95 1465 ut
108 1438 388 1473 comperendinaretur
402 1447 476 1471 reus3
501 1443 575 1465 antea
590 1438 631 1464 vel
647 1439 758 1465 iudicari
773 1440 860 1474 primo

65 1480 174 1510 poterat,
192 1476 232 1501 vel
248 1476 364 1510 amplius
378 1476 554 1510 pronuntiari.
581 1476 671 1503 Utram
686 1477 768 1512 igitur
782 1481 859 1511 putas

66 1513 151 1548 legem
167 1513 334 1539 molliorem?
348 1514 442 1548 opinor
456 1513 528 1539 illam
543 1518 668 1544 veterem,
685 1523 737 1549 qua
752 1514 793 1540 vel
808 1515 860 1540 cito

65 1550 177 1581 absolvi,
194 1550 236 1576 vel
251 1551 323 1576 tarde
336 1551 506 1577 condemnari
522 1550 626 1577 licebat.
652 1551 709 1587 Ego
723 1552 770 1578 tibi
785 1551 858 1577 illam

66 1588 178 1614 Aciliam
195 1587 281 1623 legem
295 1589 418 1619 restituo,
439 1597 492 1623 qua
512 1588 569 1623 lege
587 1588 666 1614 multi
684 1588 766 1615 semel
781 1597 860 1615 accu-

65 1625 114 1651 sati
129 1625 211 1651 semel
225 1625 294 1651 dicta
308 1633 411 1657 caussa,
427 1625 509 1651 semel
524 1625 623 1652 auditis
637 1626 750 1652 testibus
762 1626 860 1652 conde-

65 1663 147 1689 mnati
161 1666 237 1694 sunt,
258 1671 428 1698 nequaquam
447 1667 499 1689 tam
516 1663 664 1689 manifestis
679 1672 766 1698 neque
780 1664 858 1690 tantis

65 1700 232 1731 criminibus,
248 1701 356 1735 quantis
371 1705 399 1726 tu
413 1701 588 1727 convinceris.
628 1701 694 1727 Puta
709 1705 733 1727 te
748 1710 799 1727 non
811 1701 859 1727 hac

64 1741 118 1764 tam
137 1738 231 1769 atroci,
251 1737 299 1764 sed
317 1737 361 1764 illa
382 1737 438 1774 lege
457 1738 599 1764 mitissima
618 1746 740 1764 caussam
759 1739 857 1765 dicere.

64 1774 216 1801 Accusabo:
236 1775 420 1810 respondebis.
461 1775 586 1802 Testibus
601 1775 688 1807 editis,
705 1776 739 1802 ita
755 1777 857 1802 mittam

64 1812 93 1839 in
106 1812 258 1844 consilium,
275 1816 313 1844 ut,
329 1813 433 1839 etiamsi
446 1812 488 1839 lex
498 1812 643 1848 ampliandi
655 1813 732 1840 faciat
744 1818 859 1848 potesta—

65 1853 132 1881 tem,
149 1853 235 1876 tamen
249 1850 294 1876 isti
309 1854 386 1885 turpe
400 1850 452 1876 sibi
467 1851 632 1882 existiment,
649 1859 701 1877 non
716 1851 802 1886 primo
816 1852 859 1877 iu-

64 1886 161 1913 dicare.
183 1886 219 1913 X.
235 1888 276 1915 27.
292 1887 400 1919 Verum,
415 1888 438 1914 si
453 1896 574 1914 caussam
589 1888 711 1923 cognosci
726 1897 794 1923 opus
808 1893 856 1920 est,

65 1932 197 1960 parumne
210 1925 314 1960 cognita
328 1924 386 1951 est‘?
405 1925 622 1956 Dissimulamus,
639 1926 770 1957 Hortensi,
786 1925 859 1961 quod

65 1969 143 1996 saepe
161 1962 262 1997 experti
280 1963 308 1988 in
327 1962 440 1989 dicendo
457 1971 562 1989 sumus.
603 1962 669 1994 Quis
693 1971 740 1989 nos
763 1972 860 1999 magno

64 2007 142 2034 opere
157 1999 267 2025 attendit
281 2008 423 2034 umquam,
444 2000 471 2026 in
485 1999 534 2026 1100
547 2000 658 2034 quidem
671 2008 767 2036 genere
781 2009 859 2027 caus-

65 2044 165 2067 sarum,
185 2037 232 2062 ubi
247 2036 349 2071 aliquid
363 2041 484 2072 ereptum
503 2041 548 2063 aut
562 2037 680 2063 ablatum
699 2046 711 2063 a
731 2038 858 2072 quopiam

65 2072 181 2100 dicitur‘?
202 2082 288 2100 nonne
307 2078 352 2100 aut
370 2074 397 2100 in
411 2074 524 2105 tabulis,
544 2079 590 2100 aut
603 2075 630 2100 in
644 2075 757 2101 testibus
770 2076 858 2101 omnis

65 2111 227 2146 exspectatio
241 2110 360 2137 iudicum
375 2111 433 2138 est‘?
456 2111 515 2137 Dixi
530 2112 615 2146 prima
630 2112 731 2138 actione
745 2121 787 2138 me
801 2112 859 2147 pla-

65 2156 130 2175 num
149 2156 207 2174 esse
226 2147 371 2179 facturum,
393 2148 422 2175 C.
438 2148 543 2175 Verrem
558 2148 622 2175 l{-S
639 2149 858 2185 quadringenties

65 2189 154 2213 contra
169 2185 255 2221 legem
270 2185 423 2212 abstulisse.
445 2185 534 2218 Quid?
547 2186 596 2213 hoc
610 2186 717 2221 planius
731 2188 856 2222 egissem,

65 2223 88 2250 si
106 2223 142 2249 ita
160 2222 328 2249 narrassem?
358 2224 405 2250 Dio
422 2223 532 2258 quidam
551 2223 601 2250 fuit
619 2223 774 2255 Halesinus,
799 2225 855 2259 qui,

65 2268 150 2296 quum
165 2261 223 2287 eius
238 2260 304 2292 filio,
321 2265 439 2296 praetore
453 2260 606 2291 Sacerdote,
623 2261 755 2288 hereditas
769 2271 782 2287 a
797 2270 858 2296 pro-

65 2298 167 2333 pinquo
180 2306 324 2333 permagna
339 2298 468 2329 venisset,
485 2297 551 2324 nihil
567 2298 660 2325 habuit
674 2307 761 2333 neque
776 2307 859 2333 nego—

65 2335 95 2362 tii
110 2343 196 2370 neque
208 2336 412 2362 controversiae.
452 2335 555 2366 Verres,
572 2335 685 2362 simulac
699 2336 785 2371 tetigit
798 2345 859 2371 pro-

65 2372 195 2404 vinciam,
215 2373 304 2399 statim
319 2373 438 2399 Messana
454 2372 553 2399 litteras
566 2373 651 2405 dedit,
672 2373 781 2399 Dionem
795 2382 859 2400 evo-

65 2409 147 2441 cavit,
168 2409 372 2437 calumniatores
386 2419 419 2436 ex
432 2410 493 2436 sinu
507 2418 557 2436 suo
570 2410 706 2444 apposuit,
723 2411 770 2445 qui
785 2410 858 2436 illam

66 2446 237 2474 hereditatem
256 2447 351 2474 Veneri
370 2448 404 2474 Er
424 2447 498 2473 cinae
516 2447 686 2473 commissam
705 2455 764 2473 esse
786 2447 859 2474 dice-

65 2488 132 2510 rent.
173 2484 226 2511 Hac
239 2484 272 2511 de
286 2493 312 2511 re
326 2457 441 2511 ostendit
454 2485 573 2519 seipsum
593 2485 774 2519 cogniturum.
814 2486 856 2511 28.

67 2520 178 2548 Possum
192 2521 318 2557 deinceps
332 2526 412 2548 totam
426 2530 481 2548 rem
496 2521 643 2556 explicare:
659 2521 756 2547 deinde
770 2521 801 2548 ad
812 2529 859 2548 ex-

65 2562 180 2585 tremum
194 2558 231 2590 id,
247 2559 319 2594 quod
333 2559 436 2590 accidit,
452 2559 552 2585 dicere:
569 2559 677 2584 Dionem
692 2558 756 2585 }{-S
770 2558 858 2585 decies

65 2599 174 2622 centena
195 2595 279 2623 millia
302 2604 470 2628 numerasse,
496 2601 525 2622 ut
542 2604 663 2622 caussam
682 2596 857 2622 certissimam

66 2632 209 2660 obtineret:
228 2638 361 2668 praeterea
379 2641 474 2669 greges
493 2641 622 2668 equarum
641 2633 700 2659 eius
713 2633 795 2659 istum
811 2633 856 2658 ah-

66 2669 177 2706 igeudos
194 2678 318 2697 curasse:
346 2671 446 2707 argenti
470 2671 607 2706 vestisque
630 2670 763 2706 stragulae
785 2670 856 2705 quod

468 952 506 978 Ea
519 961 547 978 re
560 952 680 987 quidem,
697 952 769 987 quod
784 952 860 978 aliter
881 967 882 976 1

923 139 1007 164 LIB.
1042 139 1062 165 Ι.
1098 139 1187 165 CAP.
1222 141 1354 165 6-12.
1652 143 1700 168 2⁴59

911 207 1003 239 fuerit,
1023 217 1131 236 curasse
1149 209 1332 237 auferendum.
1372 211 1440 236 Haec
1454 219 1540 246 neque
1554 219 1637 246 quum
1653 220 1702 247 ego

910 246 1037 277 dicerem,
1067 255 1153 281 neque
1171 256 1256 282 quum
1275 253 1303 274 tu
1323 256 1444 283 negareS,
1467 249 1555 283 magni
1575 250 1701 275 momenti

911 288 997 309 nostra
1012 288 1081 309 esset
1094 285 1186 310 oratio.
1226 284 1284 316 Quo
1303 290 1419 319 tempore
1433 286 1515 320 igitur
1529 294 1606 311 aures
1620 286 1703 312 iudex

910 321 1021 355 erigeret
1036 321 1211 356 animumque
1225 321 1388 348 attenderet?
1405 322 1494 354 Quum
1508 323 1556 348 Dio
1569 323 1628 357 ipse
1642 332 1703 357 pro-

911 357 987 387 diret,
1004 366 1087 391 quum
1102 359 1190 389 ceteri,
1207 359 1254 393 qui
1269 363 1325 384 tum
1340 360 1366 385 in
1381 359 1470 386 Sicilia
1486 361 1598 393 negotiis
1611 361 1703 386 Dionis

911 394 1108 427 interfuissent,
1122 404 1206 430 quum
1218 404 1265 430 per
1275 405 1320 422 eos
1331 397 1404 431 ipsos
1415 396 1481 428 dies,
1490 394 1537 431 per
1547 406 1614 431 quos
1625 406 1705 423 caus-

911 440 967 457 sam
983 432 1029 457 Dio
1043 432 1149 463 diceret,
1167 433 1326 467 reperiretur
1339 435 1466 468 pecunias
1479 435 1628 469 sumpsisse
1642 443 1704 461 mu—

912 473 984 499 tuas;
1002 470 1107 495 nomina
1119 478 1166 495 sua
1178 471 1308 505 exegisse,
1322 471 1428 505 praedia
1439 471 1606 498 vendidisse:
1617 480 1703 507 quum

912 505 1016 531 tabulae
1035 507 1153 532 virorum
1172 507 1301 533 bonorum
1321 508 1512 542 proferrentur,
1540 518 1635 544 quum,
1655 509 1703 544 qui

912 543 1051 576 pecuniam
1062 544 1137 569 Dioni
1148 544 1286 575 dederunt,
1303 545 1419 572 dicerent
1432 555 1461 571 se
1475 547 1527 572 iam
1541 551 1598 572 tum
1612 546 1704 572 audis-

911 588 948 609 se,
965 588 1009 605 eos
1024 589 1147 606 nummos
1161 581 1241 611 sumi,
1258 587 1287 607 ut
1297 582 1370 608 Verri
1385 582 1522 609 darentur:
1538 592 1622 618 quum
1637 584 1705 610 ami-

910 617 947 647 ci,
968 617 1098 651 hospites,
1120 619 1223 652 patroni
1242 619 1345 650 Dionis,
1370 620 1490 646 homines
1510 620 1701 652 honestissimi,

912 653 975 679 haec
993 654 1085 680 eadem
1099 663 1128 680 se
1147 655 1254 681 audisse
1273 656 1403 682 dicerent:
1426 658 1468 684 29.
1492 659 1597 692 opinor,
1618 667 1703 693 quum

912 690 975 716 haec
989 691 1093 722 fierent,
1114 696 1170 718 tum
1186 701 1232 718 vos
1246 693 1386 724 audiretis,
1407 694 1476 720 sicut.
1494 695 1620 727 audistis,
1647 700 1703 721 tum

911 736 1004 753 caussa
1019 729 1061 763 agi
1077 729 1220 756 xideretur.
1245 730 1288 756 Sic
1300 739 1313 756 a
1328 740 1370 756 me
1384 736 1447 757 sunt
1461 736 1514 757 acta
1529 734 1617 758 omnia
1632 733 1704 767 prio—

912 773 938 790 re
957 765 1071 796 actione,
1094 771 1122 792 ut
1139 767 1167 792 in
1184 768 1344 794 criminibus
1362 769 1488 794 omnibus
1504 769 1608 795 nullum
1623 775 1700 799 esset,

910 803 938 828 in
956 811 1010 837 quo
1029 804 1174 838 quisquam
1193 809 1312 830 vestrum
1331 811 1484 839 perpetuam
1509 808 1703 833 accusationem

911 840 1066 874 requireret.
1107 841 1180 877 Nego
1197 850 1255 867 esse
1273 842 1421 877 quidquam
1436 852 1450 868 a
1466 844 1576 869 testibus
1590 844 1700 875 dictum,

910 877 980 911 quod
997 882 1042 904 aut
1055 883 1174 904 vestrum
1188 880 1304 913 cuipiam
1319 884 1389 906 esset
1402 880 1546 907 obscurum
1557 886 1601 907 aut
1612 881 1704 907 cuius-

911 923 992 949 quam
1010 916 1120 942 oratoris
1138 916 1317 951 eloquentiam
1336 922 1483 952 quaereret.
1525 918 1570 944 XI.
1598 918 1703 944 Etenim

911 953 950 978 sic
963 961 1005 978 me
1019 953 1110 987 ipsum
1124 954 1210 989 egisse
1225 955 1351 980 memoria
1370 955 1476 986 tenetis,
1498 960 1527 981 ut
1545 956 1572 981 in
1591 956 1704 981 testibus

888 988 889 996 ¹
911 989 1106 1025 interrogandis
1124 991 1212 1017 omnia
1230 992 1341 1018 crimina
1359 1000 1533 1027 proponerem
1548 998 1572 1019 et
1586 993 1704 1027 explica-

911 1036 980 1058 rem,
1002 1032 1045 1058 ut,
1066 1036 1151 1062 quum
1171 1037 1226 1054 rem
1246 1033 1324 1055 totam
1343 1030 1370 1055 in
1389 1030 1475 1056 medio
1494 1031 1701 1064 proposuissem,

911 1068 968 1090 tum
982 1064 1101 1100 denique
1115 1070 1208 1091 testem
1222 1066 1423 1102 interrogarem.
1457 1068 1546 1102 ltaque
1561 1077 1612 1094 non
1627 1068 1705 1094 1110110

912 1111 971 1133 vos,
992 1103 1093 1136 quibus
1108 1107 1147 1128 est
1161 1103 1349 1135 iudicandum,
1371 1109 1458 1130 nostra
1473 1106 1583 1131 crimina
1599 1106 1701 1136 tenetis,

911 1139 958 1165 sed
968 1140 1046 1165 etiam
1059 1140 1175 1174 populus
1186 1141 1321 1167 Romanus
1332 1146 1411 1168 totam
1423 1143 1616 1168 accusationem
1626 1151 1704 1168 caus-

911 1185 1023 1211 samque
1040 1178 1173 1212 cognovit.
1214 1178 1328 1205 Tametsi
1348 1179 1382 1205 ita
1400 1179 1432 1205 (10
1447 1188 1505 1206 0100
1519 1179 1586 1206 facto
1601 1180 1701 1214 loquor,

911 1215 988 1249 quasi
1007 1223 1055 1249 ego
1074 1214 1142 1241 illud
1160 1224 1218 1241 mea
1236 1215 1370 1243 voluntate
1391 1217 1491 1251 potius,
1517 1226 1598 1252 quam
1617 1222 1703 1243 vestra

911 1252 1007 1278 iniuria
1022 1252 1154 1278 adductus
1168 1252 1286 1279 fecerim.
1327 1256 1368 1280 30.
1384 1255 1582 1288 Inter-posuistis
1596 1263 1705 1281 accusa-

912 1293 1003 1320 torem,
1020 1289 1081 1324 qui‚
1097 1298 1182 1324 quum
1197 1299 1246 1326 ego
1259 1291 1326 1317 mihi
1341 1300 1355 1317 c
1369 1296 1394 1317 et
1406 1300 1424 1316 x
1440 1292 1496 1318 dies
1510 1292 1580 1318 solos
1595 1292 1621 1318 in
1636 1292 1704 1318 Sici-

912 1326 975 1353 liam
994 1327 1185 1361 postulassem,
1207 1336 1222 1353 c
1237 1332 1263 1354 et
1275 1336 1323 1353 vm
1337 1329 1388 1355 sibi
1403 1329 1430 1354 111
1445 1329 1570 1355 Achaiam
1585 1330 1704 1364 postula-

911 1368 959 1390 ret.
1000 1364 1105 1390 Menses
1122 1365 1188 1391 mibi
1208 1369 1261 1391 tres
1279 1374 1364 1400 quum
1383 1366 1549 1400 eripuissetis
1568 1367 1600 1392 ad
1623 1375 1704 1402 agen-

911 1401 976 1427 dum
991 1402 1107 1428 maxime
1121 1403 1269 1437 appositos,
1290 1403 1425 1438 reliquum
1440 1412 1517 1429 omne
1533 1409 1637 1438 tempus
1653 1405 1704 1430 hu-

912 1439 954 1464 ius
973 1439 1034 1465 anni
1053 1448 1096 1465 me
1114 1440 1190 1465 vobis
1209 1440 1385 1466 remissurum
1401 1443 1528 1475 putastis:
1557 1446 1597 1472 ut,
1618 1450 1702 1476 quum

911 1475 984 1501 horis
999 1477 1095 1503 nostris
1110 1485 1157 1502 nos
1172 1486 1294 1503 essemus
1308 1478 1364 1507 usi,
1385 1483 1427 1508 tu,
1447 1478 1518 1504 binis
1538 1478 1608 1505 ludis
1623 1480 1704 1505 111101-

911 1513 1018 1547 positis,
1040 1514 1244 1549 quadragesimo
1263 1520 1322 1549 post
1336 1515 1379 1541 die
1393 1515 1579 1549 responderes;
1607 1515 1703 1542 deinde

911 1551 945 1576 ita
961 1555 1067 1585 tempus
1081 1551 1236 1581 duceretur,
1256 1557 1286 1578 ut
1303 1561 1316 1578 a
1331 1553 1374 1578 Μ’.
1391 1553 1533 1579 Glabrione
1548 1558 1665 1587 praetore
1679 1558 1704 1579 et

887 1597 889 1605 1
911 1596 924 1613 a
943 1596 1039 1623 magna
1058 1594 1131 1623 parte
1151 1589 1245 1615 horum
1264 1589 1385 1616 iudicum
1405 1590 1436 1616 ad
1456 1595 1601 1624 praetorem
1620 1590 1702 1616 alium

910 1625 1067 1660 iudicesque
1082 1626 1147 1652 alios
1162 1627 1325 1653 veniremus.
1361 1629 1400 1653 31.
1417 1628 1484 1653 111100
1498 1628 1520 1653 51
1535 1636 1583 1663 ego
1597 1637 1648 1654 1100
1663 1629 1704 1654 vi-

910 1662 1024 1696 dissem3
1041 1664 1063 1689 si
1078 1672 1121 1689 me
1135 1672 1186 1689 non
1200 1673 1292 1690 omnes
1308 1665 1360 1690 noti
1376 1665 1512 1699 ignotique
1526 1666 1701 1696 monuissent,

910 1700 938 1726 id
956 1701 1013 1735 agi,
1039 1701 1065 1726 id
1084 1701 1207 1736 cogitari,
1232 1702 1260 1727 in
1279 1710 1309 1727 eo
1327 1702 1467 1732 elaborari,
1493 1707 1521 1728 ut
1539 1703 1621 1729 resin
1636 1702 1703 1729 illud

911 1742 1017 1772 tempus
1032 1738 1192 1770 reiiceretur,
1208 1738 1295 1770 credo,
1312 1739 1334 1765 si
1351 1740 1416 1765 meis
1431 1740 1502 1765 horis
1518 1740 1544 1766 in
1556 1740 1704 1767 accusando

911 1775 948 1801 uti
965 1774 1119 1806 voluissem,
1137 1784 1249 1807 vererer,
1267 1784 1298 1802 ne
1312 1777 1378 1802 mibi
1393 1778 1503 1803 crimina
1515 1785 1565 1803 11011
1577 1782 1705 1812 suppete-

910 1816 980 1844 rent3
1002 1821 1034 1839 00
1051 1814 1133 1839 oratio
1151 1813 1269 1846 deesset3
1290 1822 1322 1840 00
1341 1822 1392 1840 vox
1412 1815 1534 1849 viresque
1548 1815 1702 1847 delicerent;

911 1858 956 1881 00,
972 1858 1052 1885 (111001
1068 1859 1146 1877 00010
1159 1852 1244 1885 prima
1259 1851 1359 1877 actione
1373 1851 1513 1878 defendere
1528 1861 1610 1878 ausus
1624 1857 1702 1883 esset,

910 1895 971 1913 eum
986 1896 1034 1923 ego
1049 1888 1089 1913 1115
1104 1896 1227 1914 accusare
1241 1897 1292 1915 non
1307 1897 1422 1923 possem.
1464 1889 1520 1925 Ego
1538 1898 1627 1915 mcum
1642 1898 1705 1916 con-

910 1924 1001 1951 silium
1017 1929 1073 1951 tum
1088 1925 1237 1957 iudicibus,
1259 1931 1315 1952 tum
1335 1926 1434 1961 populo
1447 1926 1564 1953 Romano
1579 1927 1701 1961 probavi:

911 1970 988 1988 nemo
1010 1967 1062 1993 est,
1091 1963 1138 1997 qui
1161 1963 1211 1989 alia
1234 1964 1333 1990 ratione
1357 1964 1466 1990 istorum
1490 1965 1601 1990 iniuriae
1625 1970 1704 1999 atque

911 1999 1092 2034 impudentiae
1106 2001 1225 2035 potuisse
1239 2001 1332 2027 obsisti
1348 2001 1498 2027 arbitretur.
1533 2002 1636 2028 Etenim
1651 2011 1703 2036 qua

910 2037 1021 2063 stultitia
1037 2037 1162 2069 fuissem,
1178 2038 1214 2069 si,
1230 2047 1311 2073 quam
1326 2038 1411 2069 diem,
1432 2039 1478 2073 qui
1494 2039 1574 2065 istum
1589 2040 1704 2073 eripien-

910 2073 974 2100 dum
990 2074 1168 2105 redemerunt,
1185 2076 1211 2101 in
1225 2076 1346 2102 cautione
1361 2076 1497 2106 viderunt,
1513 2085 1597 2110 quum
1613 2077 1647 2102 ita
1661 2085 1704 2102 ca-

910 2116 1014 2142 verent,
1035 2112 1057 2137 si
1074 2117 1133 2146 post
1147 2113 1279 2139 Kalendas
1294 2114 1347 2139 lau.
1364 2114 1390 2139 iu
1405 2114 1546 2139 consilium
1562 2114 1655 2143 iretur,
1676 2114 1702 2140 in

910 2156 967 2174 eam
982 2149 1053 2175 diem
1068 2158 1130 2183 030,
1150 2159 1234 2184 (1111101
1250 2151 1396 2184 potuissem
1415 2151 1509 2179 vitare,
1531 2150 1704 2176 incidissem?

910 2187 951 2212 32⁰..
967 2186 1043 2213 Nunc
1058 2187 1123 2213 mihi
1139 2188 1264 2222 temporis
1278 2188 1345 2218 cius,
1359 2187 1430 2222 quod
1442 2188 1506 2213 mihi
1518 2188 1549 2213 ad
1560 2188 1702 2214 dicendum

909 2223 999 2254 datur,
1021 2225 1148 2258 quoniam
1167 2225 1194 2251 in
1212 2225 1300 2250 animo
1314 2230 1354 2251 est
1367 2233 1488 2250 caussam
1503 2234 1608 2250 0010001
1622 2234 1703 2259 expo-

909 2269 984 2291 nere,
1005 2261 1126 2287 habenda
1141 2262 1205 2287 ratio
1219 2267 1258 2287 cst
1271 2262 1422 2296 diligenter.
1464 2262 1521 2288 Xll.
1544 2263 1634 2296 ltaque
1650 2263 1703 2296 pri-

910 2306 984 2323 mum
1002 2298 1080 2324 illum
1099 2303 1186 2324 actum
1206 2300 1283 2324 istius
1304 2300 1370 2325 vitae
1390 2299 1575 2334 turpissimum
1590 2298 1703 2334 01111131-

910 2335 1086 2361 tiosissimum
1101 2336 1315 2369 praetermittam.
1357 2336 1427 2362 Nihil
1443 2345 1456 2362 a
1471 2345 1512 2362 010
1526 2336 1559 2362 de
1575 2337 1702 2370 pucritiae

909 2380 973 2397 suae
988 2371 1094 2407 flagitiis
1109 2373 1277 2407 peccatisque
1291 2373 1392 2402 attdiet,
1410 2373 1475 2399 011111
1492 2382 1524 2399 cx
1539 2373 1583 2399 11111
1598 2374 1702 2408 impura

909 2409 1085 2435 adolescentia
1100 2418 1162 2436 sua:
1190 2418 1259 2444 quac
1272 2410 1360 2444 qualis
1375 2410 1466 2440 fucrit,
1483 2415 1528 2436 aut
1542 2411 1702 2437 meministis

910 2451 955 2472 aut
968 2455 1001 2473 ex
1014 2455 1057 2476 co,
1077 2455 1158 2481 quem
1173 2448 1216 2473 sui
1230 2447 1399 2473 simillimum
1419 2447 1556 2482 produxit,
1577 2456 1703 2483 recogno-

910 2492 982 2509 scere
997 2485 1116 2518 potestis.
1156 2484 1250 2510 Omnia
1266 2485 1425 2519 praeteribo,
1445 2493 1514 2519 quae
1532 2485 1598 2511 mihi
1615 2486 1702 2521 turpia

910 2520 982 2547 dictu
998 2521 1173 2547 videbuntur:
1200 2530 1286 2556 neque
1300 2521 1401 2552 solum,
1421 2522 1488 2557 quid
1502 2522 1583 2548 istum
1599 2523 1699 2553 audire,

911 2566 1003 2584 verum
1019 2558 1111 2589 etiam,
1136 2558 1202 2593 quid
1221 2568 1263 2585 ma
1282 2559 1371 2585 deceat
1393 2559 1494 2590 dicere.
1518 2560 1700 2587 considerabo.

909 2595 974 2626 Vos,
994 2604 1107 2630 quaeso,
1127 2596 1186 2622 date.
1206 2596 1254 2622 hoc
1272 2601 1296 2622 et
1314 2597 1448 2623 concedite
1467 2597 1562 2632 pudori
1581 2606 1652 2628 meo,
1674 2604 1702 2624 ut

909 2632 1025 2667 aliquam
1041 2638 1140 2667 partem
1155 2634 1187 2659 (10
1202 2634 1280 2659 istius
1295 2634 1458 2668 impudentia
1470 2635 1578 2662 reticere
1588 2636 1699 2670 possim.

887 2689 889 2696 ,
909 2671 950 2695 33,
972 2669 1056 2696 Omne
1071 2670 1137 2696 illud
1154 2676 1271 2705 tempus,
1288 2671 1359 2706 quod
1375 2671 1432 2702 fuit,
1449 2677 1591 2707 antequam
1607 2675 1656 2699 iste
1669 2674 1701 2699 1111

1461 2722 1492 2745 32
