1941 3052
231 157 278 180 :³98
420 158 460 181 ¹2⁰.
490 156 523 180 M.
551 156 579 180 'l'.

232 226 289 252 lecti
309 225 340 251 ml
360 235 437 251 ‹mmo
458 225 574 254 lin-inus,
600 234 613 249 a
636 224 796 250 ‹leci-inviris
813 224 1024 250 collocabuntur.

231 264 275 294 lit,
296 263 386 292 cri-«lo,
406 272 458 297 qun
479 264 504 288 in
526 263 590 287 urbe
610 262 731 287 hominem
751 262 776 287 in
799 261 877 287 veteri
897 261 1026 296 (lignitate

231 301 389 336 [ortum-que
405 302 457 326 nnti
471 301 573 333 copi-‘im
590 307 677 324 rerum
694 298 826 324 moderate
838 298 905 324 l'erre
916 307 967 324 non
981 307 1027 332 po-

231 343 351 368 tuerunt,
373 338 398 363 in
418 347 446 362 va
467 337 508 363 isti
529 336 608 361 vestri
627 335 755 361 satellites
774 335 891 361 modeste
910 335 1026 361 insolen-
1048 343 1049 346 ¹

231 377 293 402 tiam
317 385 394 401 sunm
418 374 601 400 continebunt.
638 374 678 398 ⁴9.
703 373 815 398 Maiores
834 373 916 399 nostri
937 373 1026 407 Capua

231 414 415 446 iringistrntns,
437 415 572 440 sennium.
592 410 735 436 consilium
754 418 910 440 commune.
936 410 1025 436 omnia
1048 440 1049 445 ¹

230 451 346 484 ‹ln—nique
362 449 476 481 insignia
489 447 650 481 reipublicae
660 447 837 478 sustulerunt,
854 456 941 482 neque
952 447 1026 473 aliud

230 488 392 522 quidquam,
419 486 469 511 nisi
494 486 571 511 inane
595 494 690 511 nomcn
715 484 819 519 Capuae
843 485 1024 519 reliquerunt:

232 534 281 550 non
297 523 461 553 crudelitate,
477 522 553 557 (quid
569 523 640 548 enim
656 522 710 548 illis
726 522 775 548 l'uit
789 522 962 553 clementius,
979 522 1024 556 qui

230 563 309 588 etiam
329 561 446 586 externis
466 560 589 586 hostibus
609 560 687 586 viniis
701 568 749 585 sua
765 560 923 594 saepissime
938 559 1027 585 reddi—

229 597 354 631 ‹l‹·runt‘?)
367 597 414 623 sed
429 597 553 624 consilio:
570 597 641 632 quod
658 597 796 628 videbant,
812 598 834 623 si
849 596 921 632 quod
936 597 1027 631 reipu-

231 636 314 662 blicae
330 635 474 668 vestigium
490 634 543 661 illis
559 635 700 661 moenibus
714 635 907 664 contineretur,
932 634 1025 660 urbem

231 675 315 708 ipsam
332 673 444 707 imperio
458 672 625 698 domicilium
642 673 766 707 praebere
778 680 866 707 posse.
889 672 940 698 Vos
952 672 1025 702 baec,

230 712 281 737 nisi
297 714 413 736 evertere
429 709 622 744 rempublicam
636 710 778 745 cuperetis,
795 718 825 735 ac
839 709 916 736 vobis
930 718 1025 736 novam

229 748 438 774 dominationem
450 755 612 782 comparare,
628 747 715 778 credo,
731 755 812 782 quam
827 747 973 782 perniciosa
985 755 1027 773 es-

229 790 302 816 sent,
323 794 374 811 non
395 784 539 811 videretis?
571 785 624 811 vlt.
640 787 681 811 20.
702 785 772 817 Quid
791 785 862 811 enim
877 784 1025 811 cavendum

229 828 270 849 est
284 823 310 849 in
325 822 435 849 coloniis
450 821 633 849 deducendis?
655 823 678 849 si
695 822 828 853 luxuries.
850 821 1024 848 Hannibalem

230 861 320 895 ipsum
335 860 425 894 Capua
443 860 574 894 corrupit:
609 860 632 886 si
651 861 791 895 superbia,
813 864 871 886 nata
885 859 952 886 inibi
968 868 1026 885 esse

229 906 262 924 ex
277 898 472 932 Campanorum
488 897 595 924 fastidio
606 897 724 924 videtur:
747 898 770 924 si
783 897 957 932 praesidium,
975 906 1025 923 non

230 935 402 970 praeponitur
417 935 479 961 buic
494 935 553 961 urbi
569 936 617 961 ista
631 935 742 966 colonia,
759 935 806 961 sed
820 935 973 970 opponitur.
994 935 1027 960 At

229 972 458 1007 quemadmodum
474 972 608 998 armatur‘?
622 973 661 999 Dii
677 972 854 999 immortales!
875 973 941 998 Num
957 972 1026 998 bello

229 1010 338 1041 Punico,
354 1010 490 1045 quidquid
504 1011 589 1045 potuit
604 1010 701 1045 Capua,
719 1011 804 1045 potuit
817 1011 874 1044 ipsa
891 1019 937 1044 per
950 1018 1023 1036 sese:

231 1056 302 1074 nunc
315 1056 409 1074 omnes
424 1047 518 1079 urbeS,
535 1056 603 1082 quae
617 1048 717 1074 circum
733 1048 850 1082 Capuam
866 1052 937 1079 sunt,
954 1056 967 1073 a
982 1056 1026 1073 co-

205 1096 209 1102 ·
231 1085 298 1112 lonis
318 1093 365 1120 per
386 1084 493 1111 eosdem
512 1085 678 1112 decemviros
700 1086 912 1120 occupabuntur.
954 1085 1026 1111 lianc

229 1123 300 1149 enim
315 1122 349 1149 ob
362 1131 485 1149 caussam
500 1123 629 1158 permittit
642 1124 701 1157 ipsa
716 1123 766 1154 lex,
788 1132 814 1149 is
829 1132 933 1153 ouNIA.
949 1131 1025 1153 ουΑε

229 1169 349 1192 VEMNT,
381 1169 486 1186 ΟΡΡΙΒΛ
517 1169 645 1187 001.οΝθὸ
675 1170 708 1187 UT
734 1169 902 1187 DECEMVMU
929 1169 1027 1186 DEBU-

229 1207 315 1229 csnr,
331 1207 403 1228 Quos
417 1207 533 1224 vantur.
563 1198 651 1233 Atque
665 1198 708 1224 his
722 1197 823 1224 colonis
838 1206 932 1233 agrum
947 1197 1027 1224 Cam—

230 1244 330 1270 panum
345 1239 370 1261 et
385 1234 520 1262 Stellatem
535 1243 661 1269 campum
675 1235 761 1262 dividi
775 1235 859 1262 iubet.

285 1275 326 1300 2⁴.
347 1273 403 1299 Non
422 1281 519 1308 queror
536 1272 742 1299 diminutionem
763 1272 949 1309 vectigalium,
974 1280 1026 1298 non

228 1309 359 1346 flagitium
379 1310 460 1336 buius
478 1311 595 1336 iacturae
613 1315 693 1345 atque
716 1310 820 1341 damni.
846 1310 1027 1345 praetermitto

227 1348 282 1378 illa,
299 1355 368 1383 quae
383 1356 460 1374 nemo
473 1352 514 1374 est
527 1348 593 1382 quin
607 1348 767 1383 gravissime
777 1353 802 1374 et
812 1347 953 1374 verissime
963 1356 1027 1374 con-

228 1386 305 1420 queri
320 1385 418 1419 possit:
444 1393 491 1411 nos
509 1389 590 1419 caput
604 1386 756 1420 patrimonii
771 1385 883 1420 publici.
900 1384 1026 1422 pulcher—

228 1423 323 1449 rimam
338 1422 431 1457 populi
446 1423 557 1449 Romani
572 1423 783 1457 possessionem,
804 1423 960 1451 subsidium
979 1433 1027 1450 an-

229 1469 326 1491 nonae,
344 1460 468 1486 borreum
483 1460 561 1491 belli,
583 1461 634 1486 sub
649 1461 727 1498 signo
741 1460 921 1497 claustrisque
934 1463 1027 1496 reipu—

227 1497 313 1524 blicae
331 1498 448 1534 positum
469 1497 581 1534 vectigal
600 1507 706 1526 servare
725 1509 778 1526 non
800 1500 936 1535 potuisse:
962 1508 1026 1526 eum

228 1535 345 1571 denique
363 1545 411 1563 nos
430 1545 524 1571 agrum
543 1537 571 1563 P.
593 1537 672 1564 Rullo
693 1538 872 1568 concessisse,
897 1537 946 1572 qui
963 1545 1026 1573 ager

227 1575 286 1608 ipse
301 1583 348 1609 per
362 1583 421 1600 sese
437 1579 462 1600 et
478 1573 603 1600 Sullanae
618 1575 794 1601 dominationi
808 1580 834 1601 et
844 1575 1026 1602 Gracchorum

229 1611 362 1647 largitioni
376 1612 527 1638 restitisset.
568 1612 626 1639 Non
640 1612 712 1643 dico,
738 1612 826 1639 solum
841 1613 891 1639 hoc
904 1613 931 1639 in
946 1620 1027 1647 repu-

227 1649 297 1675 blica
310 1648 422 1685 vectigal
434 1658 502 1680 esse,
519 1649 600 1684 quod,
616 1650 724 1677 amissis
735 1649 804 1681 aliis,
821 1654 968 1682 remaneat3
984 1650 1027 1676 in-

228 1687 374 1718 termissis,
396 1695 448 1713 non
467 1687 653 1721 conquiescam
673 1688 701 1714 in
720 1696 783 1722 pace
798 1688 892 1717 niteat,
913 1688 941 1713 in
955 1686 1026 1713 bello

227 1733 280 1751 non
294 1723 456 1757 obsolescat;
482 1724 596 1751 militem
614 1729 759 1756 sustentet,
780 1724 884 1751 hostem
899 1733 951 1750 non
965 1733 1027 1759 per-

227 1762 360 1788 timescat.
400 1762 583 1788 Praetermitto
608 1770 714 1788 omnem
742 1762 810 1788 hanc
832 1762 978 1788 orationem
1001 1765 1027 1787 et

227 1799 348 1825 concioni
363 1807 483 1825 reservo:
504 1799 537 1825 de
555 1799 675 1834 periculo
688 1799 784 1826 salutis
798 1808 828 1826 ac
843 1799 973 1826 libertatis
989 1799 1027 1825 lo-

227 1845 305 1871 quor.
345 1837 388 1863 522.
411 1836 482 1868 Quid
496 1837 568 1862 enim
583 1837 742 1863 existimatis
757 1837 892 1873 integrum
907 1837 983 1863 vobis
997 1836 1026 1862 in

227 1873 365 1909 republica
383 1872 438 1900 fore
457 1878 502 1900 aut
519 1874 547 1900 in
561 1878 649 1900 vestra
663 1874 784 1901 libertate
798 1883 828 1901 ac
841 1874 971 1910 dignitate
985 1882 1026 1900 re-

228 1911 349 1942 tinenda,
369 1919 456 1946 quum
470 1910 567 1938 Rullus
585 1916 666 1946 atque
683 1912 716 1943 ii,
736 1920 806 1947 quos
824 1912 910 1938 multo
927 1912 1023 1947 magiS,

227 1957 309 1984 quam
327 1948 452 1980 Rullum,
475 1949 588 1980 timetis,
612 1958 674 1975 cum
694 1950 767 1976 omni
785 1950 922 1985 egentium
946 1954 1026 1984 atque

228 1986 411 2021 improborum
425 1995 520 2017 manu,
540 1995 603 2012 cum
617 1987 743 2013 omnibus
756 1987 855 2021 copiis,
876 1995 938 2013 cum
953 1987 1026 2013 omni

227 2027 336 2059 argento
355 2028 381 2049 et
397 2032 462 2050 auro
481 2023 600 2058 Capuam
619 2029 645 2050 et
662 2025 742 2051 urbes
761 2025 830 2051 circa
853 2023 1027 2059 occuparint?

227 2061 273 2087 His
288 2069 337 2096 ego
350 2061 445 2092 rebus,
461 2065 551 2096 patres
564 2062 721 2097 conscripti,
743 2063 866 2088 resistam
881 2062 1026 2088 vehemen-

228 2103 266 2124 ter
279 2103 359 2133 atque
372 2098 476 2130 acriter,
493 2107 581 2134 neque
594 2100 692 2134 patiar,
710 2099 831 2126 homines
845 2108 889 2130 ea,
906 2108 949 2125 me
962 2107 1027 2126 con-

227 2136 300 2167 sule,
321 2144 490 2170 expromere,
510 2144 581 2171 quae
599 2141 688 2163 contra
707 2136 902 2172 rempublicam
920 2136 968 2163 diu
982 2145 1027 2163 co-

226 2173 344 2209 gitarint.

283 2212 325 2238 23.
344 2211 473 2242 Errastis,
489 2210 580 2242 Rulle,
598 2211 769 2238 vehementer
783 2216 808 2238 et
821 2216 850 2238 tu
864 2215 890 2238 et
903 2211 1027 2238 nonnulli

227 2248 345 2284 collegae
359 2249 411 2279 tui,
427 2249 475 2283 qui
490 2249 631 2283 sperastis,
648 2258 696 2276 vos
710 2254 801 2276 contra
815 2248 963 2280 consulem,
979 2257 1027 2275 ve-

227 2286 312 2317 ritate,
330 2294 381 2312 non
396 2286 572 2312 ostentatione
586 2286 753 2321 popularem,
769 2295 849 2322 posse
863 2287 890 2313 in
905 2291 1027 2313 everten-

227 2323 260 2349 da
275 2323 412 2358 republica
426 2323 570 2358 populares
585 2325 744 2350 existimari.
785 2325 898 2351 Lacesso
916 2332 978 2356 vos;
998 2324 1026 2350 in

227 2361 381 2387 concionem
409 2369 487 2393 voco;
516 2361 616 2396 populo
638 2362 756 2388 Romano
782 2361 961 2397 disceptatore
985 2362 1026 2388 uti

229 2398 297 2424 volo.
320 2399 386 2424 V111.
402 2398 517 2429 Etenim,
535 2403 564 2424 ut
576 2399 828 2434 circumspiciamus
841 2400 940 2430 omnia,
956 2407 1025 2434 quae

228 2435 328 2469 populo
341 2439 414 2471 grata
429 2440 509 2471 atque
522 2436 640 2463 iucunda
655 2441 730 2467 sunt,
752 2436 820 2463 nibil
839 2441 892 2463 tam
912 2436 1026 2472 popula-

608 155 821 180 ‹llttlithts
846 154 988 179 ‹illt'rttt
1015 155 1032 179 l.
1060 154 1105 180 DE
1133 154 1233 180 LEGE
1262 154 1448 180 [tonanti.
1476 155 1556 181 (ΑΡΔ
1579 156 1680 182 ’7-9,

1053 222 1056 228 ’
1079 232 1114 252 re.
1130 232 1212 258 quam
1227 233 1332 258 pacem,
1349 233 1429 259 quam
1444 226 1621 256 com-ordiam.
1637 235 1725 261 qusm.
1733 228 1818 253 otium
1833 236 1872 254 re-

1079 261 1224 295 periemus.
1247 261 1394 287 Sollicitam
1410 263 1475 288 mibi
1487 264 1621 289 civitatem
1632 264 1796 298 suspicione,
1813 273 1874 291 sus-

1079 307 1189 332 pensam
1213 303 1298 328 metu.
1326 299 1505 333 perturbatam
1527 302 1623 326 vestris
1643 301 1749 334 legibus
1767 306 1794 328 et
1811 310 1875 329 con-

1078 335 1201 361 cionibus
1220 340 1246 361 et
1265 335 1444 362 seditionibus
1463 337 1622 364 tradidistis:
1648 347 1724 373 spem
1744 339 1875 374 improbis

1077 372 1247 405 ostendistis3
1269 374 1390 399 timorem
1406 374 1483 400 bonis
1498 375 1641 401 init-cistis:
1666 376 1745 402 tidem
1761 375 1794 402 dc
1809 376 1873 406 lom.

1078 410 1235 445 «lignitatem
1255 410 1287 436 de
1306 411 1443 445 republica
1463 412 1622 438 sustulistis.
1662 414 1704 439 26.
1729 413 1782 439 lloc
1800 418 1874 440 motu

1078 452 1157 482 utque
1185 447 1233 473 bac
1261 449 1458 482 perturbatione
1485 449 1635 475 animorum
1662 454 1741 486 atque
1774 459 1873 481 rerum,

1048 500 1049 515 3
1078 493 1163 519 quum
1183 485 1282 520 populo
1295 486 1412 512 nomano
1432 495 1482 512 vox
1500 491 1526 512 et
1543 487 1686 513 auctoritas
1700 488 1820 514 consulis
1834 496 1877 514 ro-

1079 526 1157 556 pente
1176 523 1202 548 in
1223 524 1302 549 tantis
1322 523 1439 550 tent-bris
1458 523 1590 550 illuxerit:
1615 533 1700 559 quum
1719 525 1874 556 ostenderit,

1079 559 1145 585 nibil
1165 567 1224 586 esse
1247 560 1435 591 metuendum,
1460 561 1565 587 nullum
1589 562 1748 593 exercitum,
1773 562 1875 589 nullam

1054 611 1055 614 =
1079 605 1202 628 manum,
1223 597 1311 624 nullas
1325 598 1455 628 colonias.
1477 599 1577 625 nullam
1598 599 1779 626 venditionem
1794 600 1877 626 vecti-

1077 634 1194 669 galium,
1222 635 1326 661 nullum
1342 636 1486 670 imperium
1502 645 1615 667 novum,
1641 636 1747 663 nullum
1762 645 1875 673 regnum

1078 672 1268 702 decemvirale,
1295 672 1396 699 nullam
1416 673 1524 699 alteram
1540 674 1664 704 Romam,
1690 683 1777 710 neque
1795 674 1875 701 aliam

1078 709 1168 736 sedem
1185 711 1290 745 imperii
1306 711 1382 737 nobis
1397 711 1555 737 consulibus
1574 711 1706 742 suturam,
1726 720 1877 738 summam-

1078 756 1131 782 que
1146 748 1366 782 tranquillitatem
1381 749 1454 783 pacis
1468 753 1548 783 atque
1561 749 1621 775 otii:
1646 749 1803 781 verendum,
1818 757 1876 776 cro-

1078 785 1124 815 do.
1151 785 1227 811 nobis
1246 786 1308 816 erit,
1335 794 1367 812 ne
1386 791 1473 812 vestra
1492 786 1541 812 ista
1561 786 1694 821 praeclara
1714 786 1757 813 lex
1774 787 1875 823 agraria
1915 783 1917 786 ’

1079 823 1164 858 magis
1180 822 1317 857 popularis
1331 831 1390 849 esse
1404 823 1536 850 videatur.
1577 825 1618 850 25.
1638 823 1728 856 Quum
1742 832 1806 851 vero
1818 833 1877 851 sce-

1080 859 1132 886 lera
1146 860 1319 887 consiliorum
1335 866 1484 887 vestrorum
1501 860 1676 896 fraudemque
1692 861 1758 897 legis
1772 866 1798 888 et
1809 862 1877 888 insi-

1078 897 1150 928 dias,
1170 906 1239 932 quae
1258 899 1310 933 ipsi
1325 898 1425 933 populo
1439 899 1557 925 Romano
1570 907 1584 925 a
1599 898 1775 934 popularibus
1790 899 1877 926 tribu·

1079 935 1121 961 nis
1137 934 1223 969 plebis
1238 935 1314 966 liant,
1330 936 1484 962 ostendero:
1509 937 1709 971 pertimescam,
1729 936 1822 967 credo,
1843 943 1877 963 no

1079 972 1146 998 mihi
1170 981 1221 999 non
1247 972 1323 999 liceat
1344 978 1433 999 contra
1456 982 1504 1000 vos
1526 973 1553 1000 in
1576 974 1703 1001 concione
1719 975 1874 1006 consistere,

1079 1010 1235 1044 praesertim
1258 1019 1344 1045 quum
1368 1011 1435 1037 mibi
1456 1011 1634 1038 deliberatum
1657 1016 1682 1038 et
1699 1012 1876 1038 constitutum

1079 1048 1122 1078 sit,
1138 1048 1173 1074 ita
1187 1056 1278 1083 gerere
1292 1047 1472 1079 consulatum,
1487 1057 1542 1084 quo
1556 1057 1610 1075 uno
1623 1048 1703 1076 modo
1715 1049 1771 1085 geri
1786 1049 1878 1085 gravi-

1079 1089 1118 1111 ter
1132 1089 1158 1111 et
1171 1084 1254 1111 libere
1268 1090 1366 1120 potest.
1383 1091 1413 1112 ut
1427 1094 1513 1120 neque
1527 1086 1706 1120 provinciam,
1726 1094 1814 1121 neque
1828 1086 1877 1114 bo-

1054 1131 1056 1139 .
1079 1131 1184 1154 norem,
1205 1131 1292 1158 neque
1310 1128 1496 1150 ornamentum
1511 1123 1620 1158 aliquod
1634 1128 1680 1150 aut
1693 1123 1874 1154 commodum.

1079 1168 1166 1195 neque
1185 1168 1240 1186 rem
1260 1160 1356 1191 ullam,
1381 1169 1450 1195 quae
1472 1169 1486 1186 a
1510 1161 1618 1187 tribuno
1640 1160 1728 1196 plebis
1750 1161 1876 1196 impediri

1079 1198 1173 1232 possit.
1189 1199 1358 1232 appetiturus
1372 1198 1434 1224 sim.
1461 1199 1502 1225 26.
1518 1198 1587 1224 Dicit
1601 1197 1821 1233 frequentissimo
1833 1207 1877 1225 se-

1080 1239 1142 1261 natu
1156 1235 1250 1261 consul
1266 1234 1393 1262 Kalendis
1404 1236 1534 1266 Ianuarii,
1554 1243 1622 1266 sese,
1638 1236 1661 1262 si
1672 1240 1758 1262 status
1770 1236 1814 1263 hie
1825 1237 1878 1263 rei-

1079 1272 1204 1307 publicae
1218 1277 1335 1303 maneat,
1356 1281 1444 1307 neque
1457 1272 1568 1308 aliquod
1582 1273 1719 1309 negotium
1734 1274 1875 1305 exstiterit,

1079 1309 1151 1345 quod
1167 1310 1277 1337 honeste
1291 1309 1479 1346 subterfugere
1492 1319 1545 1337 non
1559 1311 1653 1345 possit.
1669 1312 1697 1337 in
1711 1312 1876 1346 provinciam

1080 1356 1131 1374 non
1146 1348 1258 1374 iturum.
1281 1347 1325 1374 Sic
1338 1356 1381 1374 me
1394 1348 1423 1374 in
1437 1347 1487 1374 hoc
1500 1348 1659 1384 magistratu
1673 1356 1773 1384 geram,
1789 1353 1877 1384 patroe

1079 1386 1233 1420 conscripti,
1247 1389 1277 1412 ut
1285 1386 1388 1420 possim
1400 1385 1538 1412 tribunum
1550 1385 1638 1421 plebis
1649 1386 1814 1421 reipublicae
1822 1386 1876 1413 ira-

1080 1427 1136 1450 tum
1151 1431 1284 1454 coercere,
1301 1422 1368 1449 mibi
1382 1423 1490 1454 iratum.
1505 1427 1685 1450 contemnere.

1134 1460 1182 1488 IX.
1207 1460 1400 1493 Quamobrem,
1417 1469 1465 1496 per
1477 1461 1542 1488 deos
1555 1460 1734 1488 immortales!
1757 1460 1877 1497 colligite

1077 1508 1135 1531 vos,
1152 1498 1255 1526 tribuni
1268 1498 1371 1534 plebis:
1394 1498 1510 1525 deserite
1524 1507 1579 1530 eos,
1594 1507 1609 1525 a
1622 1499 1733 1534 quibus,
1749 1499 1802 1525 nisi
1815 1506 1877 1534 pro-

1077 1537 1192 1572 spicitis,
1208 1537 1284 1563 brevi
1300 1540 1417 1571 tempore
1431 1535 1606 1562 deseremini:
1621 1537 1772 1571 conspirate
1785 1535 1878 1562 nobis-

1077 1583 1153 1601 cum:
1178 1574 1325 1601 consentite
1343 1582 1405 1600 cum
1423 1573 1514 1600 bonis:
1538 1581 1709 1600 communem
1727 1573 1878 1608 rempubli-

1078 1620 1136 1638 cam
1150 1612 1288 1639 communi
1302 1610 1393 1638 studio
1406 1615 1486 1646 atque
1500 1619 1588 1637 amore
1606 1610 1751 1637 defendite.
1792 1610 1876 1637 Multa

1077 1654 1141 1676 sunt
1159 1649 1261 1676 occulta
1280 1648 1444 1684 reipublicae
1462 1648 1588 1674 vulnera:
1611 1647 1695 1674 multa
1714 1647 1877 1674 nefariorum

1077 1687 1178 1713 civium
1190 1687 1339 1722 perniciosa
1352 1686 1477 1713 consilia:
1494 1685 1601 1712 nullum
1615 1690 1756 1713 externum
1770 1685 1878 1721 pericu-

1078 1723 1134 1750 lum
1148 1729 1202 1751 est:
1227 1732 1279 1751 non
1293 1732 1354 1755 rex,
1369 1732 1423 1750 non
1436 1732 1502 1760 gens
1516 1723 1581 1754 ulla,
1598 1732 1650 1750 non
1664 1724 1736 1750 natio
1749 1723 1878 1758 pertime-

1077 1761 1175 1788 scenda
1194 1766 1248 1788 est:
1268 1761 1405 1788 inclusum
1425 1761 1539 1792 malum,
1560 1761 1718 1787 intestinum
1736 1769 1766 1787 ac
1783 1760 1878 1787 dome-

1077 1799 1175 1825 sticum
1190 1804 1240 1825 est.
1269 1798 1338 1825 Huic
1351 1807 1399 1834 pro
1412 1807 1442 1825 se
1455 1799 1573 1834 quisque
1587 1803 1708 1825 nostrum
1722 1797 1824 1825 mederi
1837 1803 1878 1825 at-

1077 1845 1130 1872 que
1145 1836 1194 1863 hoc
1207 1845 1301 1863 omnes
1315 1844 1408 1862 sanare
1422 1836 1492 1862 velle
1506 1835 1647 1863 debemus.
1669 1836 1712 1863 27.
1727 1835 1837 1867 Erratis,
1852 1835 1877 1862 si

1077 1878 1200 1900 senatum
1215 1874 1327 1909 probare
1340 1882 1379 1904 ea,
1395 1882 1464 1909 quae
1477 1873 1604 1900 dicuntur
1613 1882 1628 1899 a
1638 1882 1690 1904 me,
1707 1874 1816 1908 putatis,
1828 1881 1878 1908 po-

1078 1911 1174 1946 pulum
1188 1916 1276 1938 autem
1291 1920 1350 1938 esse
1364 1912 1392 1938 in
1406 1911 1457 1937 alia
1471 1910 1616 1938 voluntate.
1657 1910 1770 1942 Omnes,
1785 1911 1834 1946 qui
1847 1918 1877 1937 se

1078 1948 1227 1975 incolumes
1245 1949 1352 1980 volunt,
1377 1953 1526 1984 sequentur
1543 1949 1726 1975 auctoritatem
1743 1947 1874 1979 consulis,

1078 1986 1160 2013 soluti
1173 1995 1188 2013 a
1201 1986 1410 2021 cupiditatibus,
1428 1986 1506 2012 liberi
1519 1995 1534 2012 a
1547 1985 1662 2017 delictis,
1678 1985 1749 2013 cauti
1762 1985 1791 2012 in
1805 1985 1878 2021 peri-

1077 2024 1160 2055 culis,
1185 2032 1238 2051 non
1256 2024 1346 2050 timidi
1363 2024 1392 2050 in
1410 2023 1636 2050 contentionibus..
1676 2022 1754 2056 Quod
1771 2023 1796 2049 si
1813 2023 1876 2058 quis

1078 2066 1199 2088 vestrum
1213 2070 1261 2096 spe
1274 2061 1395 2093 ducitur,
1411 2069 1441 2087 se
1454 2069 1533 2096 posse
1547 2060 1701 2087 turbulenta
1715 2060 1815 2087 ratione
1828 2060 1878 2087 bo·

1079 2100 1136 2125 nori
1158 2099 1287 2126 velificari
1310 2107 1373 2131 suo3
1398 2099 1517 2134 primum
1539 2107 1584 2125 me
1601 2097 1711 2125 consule
1728 2097 1757 2124 id
1769 2105 1877 2133 sperare

1078 2136 1202 2163 desistat:
1227 2136 1325 2163 deinde
1342 2136 1438 2162 babeat
1455 2144 1500 2162 me
1516 2136 1608 2171 ipsum
1629 2136 1683 2162 sihi
1704 2135 1875 2166 documento.

1078 2182 1160 2209 quem
1174 2174 1294 2209 equestri
1307 2178 1395 2201 ortum
1410 2173 1467 2200 loco
1483 2173 1622 2200 consulem
1640 2172 1727 2204 videt,
1747 2180 1818 2208 quae
1835 2172 1877 2199 vi·

1078 2217 1120 2238 tae
1134 2212 1177 2238 via
1191 2211 1318 2238 facillime
1332 2212 1404 2238 viros
1417 2211 1502 2238 bonos
1516 2211 1550 2237 ad
1563 2210 1690 2237 honorem
1704 2209 1876 2246 dignitatem-

1077 2257 1131 2284 que
1150 2249 1287 2284 perducat.
1327 2248 1406 2282 Quod
1422 2249 1447 2275 si
1465 2257 1512 2275 vos
1526 2252 1646 2275 vestrum
1660 2247 1729 2273 mihi
1742 2247 1875 2277 studium,

1077 2291 1165 2321 patres
1183 2287 1341 2321 conscripti,
1367 2286 1400 2313 ad
1417 2294 1589 2313 communem
1606 2285 1765 2321 dignitatem
1783 2284 1878 2311 defen-

1077 2323 1192 2350 dendam
1206 2324 1382 2359 profitemini,
1398 2323 1534 2358 perficiam
1548 2322 1666 2358 profecto
1679 2322 1717 2353 id,
1732 2321 1806 2357 quod
1818 2329 1878 2348 ms-

1077 2362 1149 2388 xime
1163 2361 1315 2397 respublica
1329 2361 1476 2392 desiderat,
1499 2365 1527 2387 ut
1544 2360 1627 2386 huius
1645 2359 1747 2386 ordinis
1761 2359 1876 2385 auctori-

1076 2403 1125 2430 tas,
1141 2407 1211 2434 quae
1225 2399 1298 2434 apud
1311 2399 1425 2425 maiores
1440 2402 1544 2424 nostros
1554 2396 1614 2428 ruit,
1631 2396 1724 2423 eadem
1734 2405 1807 2423 nunc
1817 2395 1876 2422 lon-

1075 2444 1110 2472 go
1123 2436 1265 2464 intervallo
1278 2435 1444 2472 reipublicae
1457 2435 1580 2462 restituta
1593 2442 1654 2461 esse
1666 2433 1800 2461 videatur.

942 2550 954 2554 ,
957 2543 1166 2559 *ecee——
