1941 3052
251 133 287 159 M.
313 133 343 159 T.
369 132 581 159 CICERONIS
606 132 651 158 DE
674 131 828 158 FINIBUS
848 131 934 157 BON.
956 131 1004 157 ET
1024 131 1168 158 MALOR.
1190 131 1262 159 LlB.
1284 132 1302 157 1.
1324 131 1405 157 cAP.
1432 132 1438 156 l
1462 145 1498 150 —
1518 132 1543 156 5.

78 204 204 230 deterret:
222 204 262 229 sic
273 204 316 229 isti
328 203 441 234 curiosi,
460 211 528 238 quos
538 203 649 229 offendit
659 207 747 229 noster
758 203 870 228 minime

78 241 155 268 nobis
169 240 336 267 iniucundus
349 240 431 267 labor.
472 241 504 266 11.
522 241 545 266 4.
567 241 614 266 llis
626 241 709 275 igitur
719 245 760 266 est
772 239 871 265 diffiei-

79 278 131 304 lius
152 277 318 307 satisfacere,
341 279 389 312 qui
405 286 432 303 se
451 278 543 303 Latina
559 278 656 312 scripta
673 277 766 303 dicunt
781 282 871 303 conte-

78 323 183 342 mnere:
204 315 231 341 in
244 315 346 349 quibus
363 315 412 341 hoc
427 316 546 349 primum
562 319 615 345 est,
634 315 660 340 in
675 323 728 349 quo
745 314 869 344 admirer,

77 361 125 379 cur
138 353 166 378 in
181 352 351 387 gravissimis
367 352 446 378 rebus
459 361 509 378 non
522 352 635 378 delectet
646 360 690 377 eos
702 352 803 386 patrius
815 360 872 377 ser-

78 398 222 424 mo‚quum
236 389 317 415 iidem
331 389 442 415 fabellas
450 390 565 420 Latinas,
579 389 612 415 ad
625 389 736 415 verbum
749 389 872 415 deGrae-

77 427 116 453 cis
127 435 283 461 expressas.
301 435 352 452 non
363 427 442 452 inviti
454 426 552 461 legant.
592 426 659 458 Quis
670 428 742 452 enim
754 432 807 452 tam
820 427 872 452 ini-

78 464 165 490 micus
177 472 261 498 paene
276 464 379 490 nomini
391 465 506 490 Romano
522 468 574 494 est,
597 465 645 498 qui
659 464 739 490 Ennii
752 463 871 489 Medeam

78 506 123 528 aut
134 501 275 535 Antiopam
290 501 399 527 Pacuvii
411 505 519 535 spernat
529 505 575 527 aut
586 500 705 527 reiiciat‘?
725 501 812 535 quise
825 501 873 526 iis-

77 538 138 566 dem
150 538 290 572 Euripidis
303 538 402 564 fabulis
413 538 538 564 delectari
550 537 757 574 dicat[,Latinas
773 538 872 564 litteras

77 574 193 611 oderit]‘?
204 575 379 610 Synephebos
391 584 453 610 ego,
471 576 573 610 inquit,
591 577 680 610 potius
691 575 814 606 Caecilii,
828 579 873 601 aut

77 613 206 640 Andriam
218 614 347 643 Terentii,
368 622 449 647 quam
465 618 606 647 utramque
617 613 755 639 Menandri
768 611 874 647 legam‘?

77 652 103 677 5.
116 650 137 676 Α
148 650 250 685 quibus
261 654 363 676 tantum
375 650 514 680 dissentio,
527 654 565 680 ut,
577 658 662 684 quum
674 650 818 684 Sophocles
830 649 871 675 vel

77 688 179 722 optime
199 688 338 721 scripserit
353 687 498 718 Electram,
521 691 609 713 tamen
631 687 699 713 male
715 695 872 713 conversam

78 725 163 752 Attilii
175 725 242 751 mihi
256 725 395 760 legendam
407 729 511 759 putem,
525 724 558 750 de
569 733 622 759 quo
634 725 767 750 Licinius:

151 762 273 789 Ferreum
291 765 455 795 scriptarem:
478 770 578 792 verum,
601 764 703 795 opinor,
724 764 873 795 scriptore-'m

521 803 613 830 lamen,

152 840 180 864 tit
192 839 309 870 legendus
318 839 361 863 sit.

78 874 182 901 Rudem
199 874 270 900 enim
287 882 345 899 esse
359 874 468 900 omnino
479 874 506 899 in
519 874 616 900 nostris
628 874 726 908 poetis,
745 878 790 900 aut
801 873 873 899 iner-

78 912 197 938 tissimae
208 911 338 946 segnitiae
350 915 398 941 est,
414 916 460 937 aut
471 910 572 937 fastidii
583 911 780 937 delicatissimi.
806 911 872 937 Mihi

77 949 188 984 quidem
209 948 279 974 nulli
299 949 365 974 satis
384 948 483 975 eruditi
504 948 643 976 videntur.
666 948 768 983 quibus
784 953 872 974 nostra

77 987 167 1022 ignota
177 990 249 1012 sunt.
290 985 340 1017 An,

154 1024 257 1049 Utinam
271 1031 301 1049 ne
311 1026 338 1048 in
350 1032 457 1054 nemore,
471 1038 484 1043 -
494 1038 508 1042 —
518 1038 532 1043 -

77 1059 388 1095 nihilominuslegimus,
402 1069 483 1095 quam
496 1061 545 1087 hoc
557 1060 628 1087 idem
636 1060 787 1087 Graecum?
800 1060 873 1093 Quae

77 1102 166 1125 autem
182 1097 215 1124 de
231 1098 299 1123 bene
315 1098 446 1132 beateque
462 1098 579 1124 vivendo
591 1107 604 1124 a
616 1098 722 1124 Platone
739 1098 873 1132 disputata

77 1140 149 1166 sunt,
163 1135 228 1161 haec
239 1134 369 1169 explicari
381 1144 432 1161 non
443 1135 561 1170 placebit
572 1135 681 1162 Latine?
714 1137 739 1162 6.
761 1135 838 1167 Quod
850 1136 873 1161 si

77 1180 125 1199 nos
140 1181 192 1199 non
207 1173 384 1207 interpretum
401 1172 541 1208 fungimur
556 1181 680 1204 munere,
703 1172 750 1199 sed
766 1177 874 1199 tuemur

77 1218 117 1241 ea,
132 1218 201 1245 quae
213 1209 283 1236 dicta
295 1214 358 1236 sunt
369 1210 402 1236 ab
413 1210 456 1240 iis,
471 1219 538 1245 quos
551 1210 706 1244 probamus,
720 1211 813 1244 eisque
826 1219 874 1236 no—

77 1251 163 1274 strum
179 1247 311 1273 iudicium
327 1251 353 1273 et
363 1252 483 1273 nostrum
495 1247 632 1273 scribendi
643 1248 763 1274 ordinem
776 1247 874 1273 adiun-

76 1285 182 1320 gimus:
195 1284 262 1319 quid
275 1284 386 1315 habent,
400 1293 448 1311 cur
459 1285 559 1311 Graeca
571 1290 731 1319 anteponant
743 1286 789 1316 iis,
804 1294 871 1319 quae

77 1326 104 1348 et
118 1321 260 1356 splendide
277 1321 346 1348 dicta
358 1323 424 1353 sint,
443 1331 530 1357 neque
542 1323 596 1349 sint
606 1331 733 1349 conversa
745 1323 778 1348 de
791 1323 874 1349 Grae—

77 1358 135 1385 cis‘?
154 1360 221 1385 Nam
233 1359 256 1385 si
268 1359 370 1390 dicent,
388 1359 421 1385 ab
434 1359 488 1385 illis
501 1359 548 1385 has
560 1368 602 1385 res
613 1369 671 1386 esse
683 1364 819 1386 tractatas:
840 1368 873 1385 ne

76 1397 151 1431 ipsos
157 1396 268 1431 quidem
276 1396 391 1423 Graecos
402 1401 442 1423 est
451 1405 499 1423 cur
510 1401 563 1423 tam
573 1397 672 1423 multos
684 1397 781 1433 legant,
791 1406 871 1432 quam

77 1433 185 1469 legendi
196 1438 268 1460 sunt.
295 1433 366 1465 Quid
380 1435 452 1460 enim
464 1439 504 1461 est
514 1443 528 1460 a
539 1434 690 1470 Chrysippo
702 1435 874 1469 praetermis—

76 1479 138 1497 sum
153 1471 180 1497 in
197 1470 312 1497 Stoicis?
332 1471 459 1507 Legimus
475 1476 563 1498 tamen
579 1473 737 1507 Diogenem,
760 1472 872 1506 Antipa-

76 1512 147 1535 trum
156 1529 162 1539 ,
175 1508 377 1539 Mnesarchum,
391 1509 561 1540 Panaetium,
575 1509 673 1536 multos
685 1509 764 1539 alios,
779 1510 805 1535 in
818 1510 875 1544 pri—

76 1546 184 1580 misque
196 1544 356 1572 familiarem
364 1550 484 1573 nostrum
493 1546 676 1573 Posidonium.
688 1546 758 1579 Quid
765 1546 778 1572 ⁶?
788 1547 874 1573 Theo-

76 1583 204 1618 phrastus
219 1583 424 1610 mediocriterne
440 1583 566 1614 delectat,
589 1592 673 1619 quum
695 1588 788 1611 tractat
804 1584 874 1610 locos

77 1620 110 1646 ab
121 1619 262 1646 Aristotele
273 1625 333 1646 ante
345 1620 486 1647 tractatos?
502 1620 591 1653 Quid‘?
611 1622 738 1656 Epicurei
750 1630 814 1648 num
827 1622 875 1647 de-

76 1657 176 1684 sistunt
190 1657 223 1683 de
238 1657 350 1689 iisdem,
367 1657 401 1684 de
416 1658 518 1693 quibus
535 1663 560 1685 et
570 1658 603 1685 ab
614 1659 731 1693 Epicuro
743 1659 873 1693 scriptum

76 1699 117 1721 est
131 1699 157 1721 et
172 1694 205 1721 ab
221 1695 354 1729 antiquis,
378 1695 411 1721 ad
429 1695 570 1722 arbitrium
586 1705 666 1722 suum
683 1696 818 1723 scribere?
847 1697 872 1723 7.

76 1731 153 1764 Quod
169 1732 192 1758 si
206 1731 302 1758 Graeci
318 1731 444 1768 leguntur
458 1741 471 1759 a
487 1733 611 1764 Graecis,
630 1733 727 1760 iisdem
743 1734 776 1760 de
793 1733 874 1760 rebus

76 1769 128 1796 alia
139 1769 239 1796 ratione
250 1770 419 1804 compositis:
443 1770 510 1805 quid
525 1775 578 1802 est,
595 1779 643 1797 cur
658 1771 739 1798 nostri
751 1780 764 1797 a
776 1771 874 1798 nostris

77 1815 130 1833 non
146 1806 285 1842 legantur?
317 1807 360 1833 111.
381 1807 550 1843 Quamquam
567 1808 590 1834 si
602 1808 680 1843 plane
692 1809 731 1834 sic
743 1813 873 1835 verterem

76 1843 212 1870 Platonem
224 1848 270 1870 aut
280 1843 462 1876 Aristotelem,
486 1849 515 1872 ut
532 1850 670 1872 verterunt
685 1846 768 1872 nostri
782 1850 874 1881 poetae

77 1879 196 1907 fabulas:
214 1880 298 1912 male,
311 1881 404 1913 credo,
418 1890 534 1908 mererer
545 1882 578 1909 de
591 1884 657 1908 meis
669 1883 791 1914 civibus,
805 1884 828 1909 si
840 1883 873 1909 ad

77 1926 170 1944 eorum
185 1918 365 1953 cognitionem
381 1919 474 1945 divina
493 1919 539 1946 illa
560 1920 667 1955 ingenia
687 1920 872 1946 transferrem!

78 1954 131 1981 Sed
144 1954 171 1981 id
183 1963 270 1989 neque
282 1954 333 1981 feci
344 1955 446 1987 adhuc,
465 1965 514 1982 nec
525 1956 593 1982 mihi
605 1961 706 1988 tamen,
721 1966 753 1983 ne
765 1957 871 1989 faciam,

77 1992 251 2019 interdictum
264 1996 338 2026 puto.
379 1993 461 2019 Locos
473 1993 583 2028 quidem
595 1994 741 2028 quosdam,
759 1995 782 2020 si
799 1995 875 2021 vide—

77 2029 161 2060 bitur,
175 2028 342 2060 transferam,
356 2033 381 2056 et
392 2030 509 2056 maxime
521 2030 553 2056 ab
566 2031 608 2061 iis,
617 2039 685 2065 qnos
698 2031 776 2057 modo
787 2033 875 2058 nomi-

78 2067 150 2097 navi,
164 2075 249 2101 quum
261 2066 394 2097 inciderit,
408 2071 437 2093 ut
449 2067 475 2093 id
487 2072 547 2102 apte
560 2068 616 2094 lieri
628 2068 725 2102 possit:
739 2073 768 2095 ut
778 2069 811 2095 ab
824 2069 875 2095 llo-

77 2112 151 2131 mero
162 2104 280 2134 Ennius,
298 2103 425 2131 Afranius
436 2113 450 2131 a
462 2104 606 2131 Menandro
618 2105 694 2132 solet.
735 2106 789 2132 Nec
801 2114 872 2137 vero,

77 2145 108 2168 ut
119 2145 207 2168 noster
223 2140 358 2172 Lucilius,
372 2142 516 2173 recusabo,
533 2150 587 2177 quo
602 2143 692 2168 minus
707 2151 800 2169 omnes
817 2152 874 2169 mea

78 2178 177 2214 legant.
218 2179 324 2205 Utinam
337 2183 407 2205 essct
418 2178 463 2205 illc
476 2180 596 2206 Persiusl
609 2179 699 2214 Scipio
711 2189 773 2206 vero
783 2185 809 2207 et
822 2181 875 2206 llu-

77 2215 153 2242 tilius
161 2215 245 2242 multo
256 2216 335 2242 etiam
348 2217 448 2252 magis:
462 2225 578 2251 quorum
590 2216 634 2242 illo
647 2217 778 2244 iudicium
792 2217 871 2244 refor-

77 2252 198 2284 midans,
221 2253 373 2280 Tarentinis
397 2254 434 2280 ait
453 2262 481 2279 so
501 2258 527 2280 et
541 2254 712 2281 Consentinis
732 2259 758 2281 et
773 2255 873 2281 Siculis

77 2290 205 2317 scribere.
245 2290 338 2317 Facete
355 2291 378 2316 is
392 2290 517 2326 quidem.
535 2291 606 2317 sicut
621 2291 700 2318 alias:
722 2292 769 2318 sed
786 2301 873 2326 neque

76 2332 131 2354 tam
145 2327 215 2354 docti
230 2331 293 2354 tunc
304 2332 386 2358 erant.
401 2328 559 2363 adquorum
572 2328 703 2355 iudicium
715 2329 871 2360 elaboraret,

77 2369 103 2391 et
112 2369 176 2391 sunt
186 2364 260 2391 illius
272 2365 370 2400 scripta
383 2365 494 2396 leviora,
513 2370 543 2392 ut
557 2365 695 2392 urbanitas
708 2375 814 2393 sunnna
826 2375 874 2401 ap—

77 2406 181 2437 pareat,
198 2401 317 2429 doctrina
333 2402 487 2430 mediocris.
529 2404 553 2429 8.
576 2403 632 2438 Ego
646 2408 734 2430 autem
746 2412 826 2438 quem
840 2404 874 2430 ti-

77 2447 165 2465 meam
182 2438 319 2471 tectorem,
337 2449 422 2475 quum
438 2440 470 2466 ad
485 2444 523 2470 te,
541 2448 574 2466 nc
585 2441 695 2466 Graecis
706 2441 817 2475 quidem
829 2449 874 2466 ee-

77 2475 186 2502 dentem
196 2476 224 2502 in
237 2476 417 2512 philosophia,
430 2477 543 2503 audeam
555 2476 690 2503 scribere?
703 2479 872 2512 annquam

77 2521 92 2539 a
104 2517 128 2540 te
140 2513 198 2548 ipso
212 2513 239 2540 id
250 2514 362 2549 quidem
375 2514 443 2541 facio
459 2519 617 2549 provocatus
634 2515 788 2549 gratissimo
805 2515 872 2541 mihi

78 2549 156 2581 libro,
169 2558 250 2585 quem
262 2550 295 2577 ad
308 2560 349 2578 me
359 2554 390 2578 de
400 2555 493 2578 virtute
505 2552 612 2578 misisti.
645 2551 697 2577 Sed
709 2561 741 2577 ex
753 2560 783 2577 eo
794 2552 873 2578 credo

76 2587 243 2622 quibusdam
254 2596 305 2614 usn
316 2590 422 2620 venire,
436 2594 464 2616 nt
476 2589 635 2615 abhorreant
645 2597 659 2615 a
673 2589 787 2619 Latinis,
800 2589 872 2624 quod

77 2624 222 2651 inciderint
241 2625 269 2651 in
290 2625 390 2653 inculta
410 2626 543 2661 quaedam
564 2631 590 2653 et
610 2625 730 2657 horrida,
751 2626 784 2652 de
804 2626 872 2653 male

78 2661 188 2689 Graecis
202 2662 295 2690 Latine
310 2664 409 2699 scripta
424 2663 554 2691 deterius.
593 2663 699 2696 Quibus
715 2672 764 2699 ego
779 2672 872 2690 assen-

1667 131 1715 156 997

923 203 984 233 tior,
1005 202 1152 229 dummodo
1167 203 1199 229 de
1215 202 1312 228 iisdem
1329 202 1410 228 rebus
1426 210 1458 227 ne
1473 201 1588 227 Graecos
1605 200 1717 235 quidem

924 240 1050 275 legendos
1066 244 1168 274 putent.
1210 241 1260 266 Res
1277 248 1339 265 vero
1355 239 1438 265 bonas
1450 239 1541 265 verbis
1552 238 1644 264 electis
1655 247 1717 273 gra-

923 279 991 303 viter
1001 283 1145 312 ornateque
1157 278 1241 303 dictas
1253 277 1315 312 quis
1327 285 1377 302 non
1391 276 1477 311 legat?
1497 277 1549 302 nisi
1561 276 1609 310 qui
1621 284 1648 301 se
1660 275 1717 310 pla-

923 324 955 341 ne
968 316 1098 341 Graecum
1110 314 1163 340 dici
1179 315 1257 340 velit:
1281 319 1309 340 ut
1324 323 1338 340 a
1355 313 1481 340 Scaevola
1493 318 1532 339 est
1544 318 1662 347 praetore
1675 322 1718 339 sa-

924 351 1023 378 lutatus
1034 352 1146 377 Athenis
1158 352 1300 377 Albucius.
1340 353 1365 377 9,
1385 351 1470 382 Quem
1482 350 1594 385 quidem
1607 348 1716 385 [locum]

924 398 985 415 cum
997 389 1080 415 multa
1093 394 1230 415 venustate
1242 394 1267 415 et
1277 388 1412 414 omnisale
1420 388 1490 414 idem
1497 387 1632 414 Lucilius:
1647 387 1718 422 apud

923 435 1003 461 quem
1016 426 1149 461 praeclare
1161 426 1297 457 Scaevola,

1000 465 1126 490 Graecum
1142 469 1176 493 te,
1193 465 1295 493 Albuci,
1312 472 1388 497 quam
1403 463 1543 488 Romanum
1554 467 1630 495 atque
1643 462 1720 487 Sabi-

1370 509 1437 529 num,

997 540 1148 570 municipem
1161 538 1240 568 Pontf,
1257 538 1382 567 Tritanni,
1396 540 1579 567 centurionum,

997 577 1192 608 praeclarorum
1206 576 1334 601 hominum.
1345 584 1375 600 m·
1385 577 1540 607 primorum,
1556 576 1720 607 siyniscrum-

1368 621 1423 645 que.

998 648 1113 690 maluisti
1123 666 1184 690 dici.
1228 664 1324 690 Graece
1336 672 1395 697 erqo
1403 668 1509 696 praetor
1521 664 1631 693 Athenis,

1184 701 1191 712 st

999 716 1029 741 Id
1039 718 1106 748 quod
1117 717 1239 743 maluisti.
1254 720 1283 745 te,
1298 724 1375 748 quum
1386 718 1420 741 <ul
1431 724 1469 740 me
1480 716 1583 743 nccetli',
1599 715 1698 740 saluto:

995 752 1076 788 χαῖρ’,
1089 755 1203 785 inquam,
1219 754 1285 778 Tite:
1302 754 1410 781 lictores,
1426 757 1511 778 turma
1521 752 1604 782 ornni‘,
1618 753 1721 777 cohors-

1368 798 1423 823 que,

995 828 1082 862 χαῖρε,
1098 828 1158 857 Tite,
1170 829 1228 853 hinc
1239 829 1317 853 hostc's
1327 827 1362 852 mi
1370 828 1500 856 Albucius,
1513 828 1571 851 hinc
1584 828 1710 851 inimicus.

981 873 1020 898 ⁴0.
1037 873 1089 898 Sed
1104 873 1161 899 iure
1173 874 1286 900 Mucius.
1317 874 1372 908 Ego
1384 878 1470 898 autem
1487 874 1551 898 satis
1564 873 1653 897 mirari
1666 881 1718 897 non

924 917 1002 944 queo,
1021 910 1093 936 unde
1106 910 1155 936 boc
1169 912 1204 937 sit
1215 916 1267 937 tam
1280 911 1397 937 insolens
1409 910 1616 935 domesticarum
1631 917 1719 935 rernm

925 946 1073 974 fastidium.
1099 948 1156 974 Non
1168 952 1208 974 est
1218 949 1327 974 omnino
1339 948 1382 973 hic
1394 947 1506 972 docendi
1520 947 1606 973 locus:
1626 946 1672 972 sed
1686 947 1720 971 ita

925 986 1010 1011 sentio
1025 990 1050 1011 et
1065 993 1144 1019 saepe
1161 985 1292 1015 disserui,
1312 986 1432 1011 Latinam
1445 985 1566 1019 linguam
1580 992 1630 1009 non
1644 983 1722 1009 modo

925 1031 976 1048 non
998 1023 1119 1056 inopem,
1142 1027 1171 1048 ut
1192 1022 1274 1057 vulgo
1294 1027 1430 1056 putarent,
1453 1022 1500 1047 sed
1522 1021 1722 1055 locupletiorem

925 1061 1005 1086 etiam
1017 1069 1085 1090 esse,
1102 1068 1183 1094 qua-m
1191 1058 1330 1086 Graecam.
1371 1059 1482 1091 Quando
1494 1060 1576 1088 enim,
1592 1058 1631 1083 vel
1645 1058 1722 1083 nobis

925 1097 1027 1128 dicam,
1046 1102 1091 1123 aut
1104 1097 1254 1123 oratoribus
1267 1097 1344 1123 bonis
1356 1101 1399 1123 ant
1413 1097 1497 1131 poetis
1510 1101 1599 1130 postea
1611 1095 1722 1130 qnidam

925 1144 1006 1169 quam
1024 1134 1074 1160 fuit
1089 1143 1170 1169 quem
1188 1135 1369 1165 imitarentur,
1388 1134 1460 1160 ullus
1476 1134 1603 1159 orationis
1621 1132 1662 1158 vel
1679 1142 1724 1157 co-

925 1173 1015 1207 piosae
1032 1171 1073 1197 vel
1090 1172 1220 1207 elegantis
1236 1177 1344 1198 ornatus
1364 1171 1469 1197 defuit?
1510 1171 1552 1197 lv.
1578 1171 1633 1205 Ego
1649 1179 1721 1199 vero,

925 1218 1010 1244 quum
1022 1209 1174 1235 forensibus
1186 1210 1274 1244 operis
1283 1230 1288 1238 ,
1305 1209 1441 1235 laboribus
1450 1230 1455 1239 ,
1472 1208 1600 1243 periculis
1613 1217 1664 1233 non
1676 1207 1724 1233 de-

925 1248 1042 1273 seruisse
1055 1247 1122 1273 mihi
1135 1246 1227 1273 videor
1239 1247 1414 1281 praesidinm,
1432 1247 1458 1272 in
1471 1254 1548 1280 quoa
1562 1244 1660 1279 populo
1673 1245 1724 1270 llo-

925 1294 1003 1311 mano
1016 1284 1116 1310 locatus
1130 1293 1205 1310 sum.-
1223 1284 1308 1310 debeo
1325 1284 1454 1318 profecto,
1472 1288 1723 1317 quantumeumque

925 1323 1036 1357 possim,
1051 1323 1078 1348 in
1090 1330 1121 1347 eo
1132 1330 1240 1356 quoqne
1252 1321 1397 1351 elaborare,
1414 1325 1443 1347 ut
1454 1321 1507 1346 sint
1518 1329 1606 1354 opera,
1621 1319 1721 1349 studio,

926 1360 1014 1386 labore
1035 1368 1094 1385 meo
1110 1359 1241 1385 doctiores
1257 1359 1330 1385 cives
1347 1359 1412 1387 mei,
1435 1366 1483 1384 nec
1498 1366 1560 1383 cum
1579 1358 1636 1382 istis
1652 1361 1722 1382 tanto

924 1406 1003 1431 opere
1016 1397 1308 1432 pngnare,quiGraeca
1323 1396 1408 1431 legere
1421 1395 1527 1422 malint:
1544 1394 1622 1420 modo
1635 1393 1723 1429 legant

927 1435 971 1460 illa
984 1436 1050 1468 ipsa,
1065 1442 1113 1460 nec
1125 1433 1266 1460 simulent:
1280 1438 1305 1460 et
1317 1434 1349 1459 iis
1360 1433 1471 1463 servire,
1485 1433 1533 1466 qui
1546 1431 1586 1457 vel
1601 1431 1723 1465 utrisque

927 1472 1020 1498 litteris
1033 1472 1071 1498 uti
1084 1471 1168 1497 velint
1180 1471 1235 1501 vel,
1253 1472 1275 1497 si
1288 1480 1350 1496 suas
1363 1470 1474 1500 hahent,
1492 1469 1550 1495 illas
1564 1478 1614 1495 non
1628 1476 1724 1503 magno

925 1518 1004 1544 opere
1020 1508 1183 1535 desiderent.
1227 1510 1265 1534 ll.
1287 1508 1339 1540 Qui
1352 1513 1439 1533 autem
1456 1507 1506 1532 alia
1525 1506 1627 1532 malunt
1639 1505 1722 1531 scribi

925 1556 938 1573 a
952 1547 1039 1577 nobis,
1048 1547 1126 1581 aequi
1138 1555 1196 1572 csse
1208 1546 1315 1575 debent,
1325 1545 1396 1580 quod
1408 1550 1433 1571 et
1444 1545 1542 1578 scripta
1555 1543 1637 1569 multa
1650 1547 1722 1572 suut,

925 1585 965 1611 sic
982 1589 1010 1610 ut
1026 1584 1101 1619 plura
1119 1584 1220 1609 nemini
1237 1592 1250 1609 e
1267 1583 1378 1612 nostris,
1401 1587 1426 1608 et
1445 1582 1597 1607 scribentur
1614 1580 1724 1606 fortasse

927 1622 1013 1657 plura,
1031 1622 1054 1647 si
1068 1622 1120 1647 vita
1133 1626 1270 1655 suppetet:
1285 1625 1310 1646 et
1322 1625 1419 1649 tamen,
1433 1620 1479 1654 qui
1492 1619 1635 1651 diligenter
1648 1618 1722 1648 baec,

926 1667 994 1694 quae
1006 1659 1038 1686 de
1053 1658 1224 1693 philosophia
1238 1658 1331 1684 litteris
1344 1657 1503 1683 mandamus
1512 1677 1517 1687 ,
1533 1656 1619 1689 legere
1631 1663 1725 1680 assue-

927 1698 1007 1727 verit,
1031 1696 1162 1722 iudicabit
1178 1695 1251 1722 nulla
1267 1695 1299 1721 ad
1317 1694 1460 1730 legendum
1478 1694 1520 1719 bis
1536 1702 1594 1719 csse
1612 1693 1722 1727 potiora.

926 1734 996 1766 Quid
1009 1738 1048 1760 est
1059 1734 1130 1759 enim
1144 1735 1170 1759 in
1183 1734 1236 1759 vita
1249 1737 1319 1759 tanto
1330 1740 1409 1767 opero
1425 1731 1624 1766 ‹praei-endnm,
1642 1738 1723 1764 qnam

926 1780 1010 1806 quum
1023 1772 1112 1797 omnia
1127 1771 1151 1797 in
1164 1770 1349 1805 philosophia,
1369 1774 1424 1795 tum
1443 1769 1482 1798 id,
1501 1768 1573 1803 qnod
1593 1768 1635 1793 his
1649 1767 1724 1792 libris

926 1809 1078 1844 quaeritur,
1096 1808 1163 1843 quid
1175 1808 1209 1834 sit
1221 1808 1295 1834 linis.
1312 1807 1378 1841 quid
1395 1811 1559 1833 extremum,
1577 1804 1642 1839 qnid
1661 1804 1725 1830 ulti-

927 1855 1015 1876 mum,
1032 1854 1086 1880 quo
1104 1846 1158 1872 sint
1169 1846 1258 1871 omnia
1271 1845 1337 1870 bene
1351 1843 1460 1870 vivendi
1473 1848 1596 1877 recteque
1609 1841 1724 1867 facicmli

926 1883 1039 1910 consilia
1051 1882 1285 1916 ref‹,=1-en‹1a·?quid
1298 1887 1426 1916 sequatur
1439 1886 1539 1909 natura,
1550 1885 1723 1906 utsummum

926 1930 960 1948 ox
971 1921 1052 1947 rebus
1064 1920 1240 1955 expetendis?
1250 1919 1316 1954 qnid
1330 1919 1423 1954 fngiat,
1439 1923 1466 1944 ut
1477 1923 1628 1944 extrennnn
1641 1916 1725 1942 malo-

927 1958 1004 1985 rum‘?
1024 1959 1081 1990 Qua
1098 1959 1130 1983 de
1147 1966 1174 1984 re
1191 1966 1276 1992 (μιιιιιι
1293 1957 1327 1982 sit
1344 1957 1412 1982 inter
1427 1955 1598 1981 doctissimos
1618 1962 1723 1979 summa

926 1996 1074 2026 dissensio.
1097 1996 1160 2030 quis
1183 1995 1301 2021 alienum
1324 1998 1399 2028 putet
1418 1993 1477 2019 eins
1498 2001 1556 2018 esse
1572 1992 1722 2026 dignitatis.

926 2042 1007 2068 quam
1020 2033 1086 2059 mibi
1099 2033 1216 2067 quisque
1228 2031 1335 2062 tribuit,
1357 2030 1424 2066 quid
1437 2031 1462 2056 in
1475 2031 1547 2057 omni
1561 2038 1671 2055 tuuncre
1684 2029 1725 2054 vi-

927 2075 966 2096 tae
978 2071 1110 2104 optimum
1122 2074 1147 2096 et
1163 2070 1336 2096 verissimum
1353 2071 1400 2099 sit,
1417 2066 1578 2103 exquirere?
1613 2068 1649 2093 ¹2.
1672 2066 1721 2095 An,

927 2112 1019 2141 partus
1035 2107 1147 2133 ancillae
1163 2108 1232 2132 sitne
1249 2107 1276 2132 in
1294 2106 1380 2132 fructu
1399 2106 1553 2135 habendus,
1576 2105 1724 2130 disseretur

928 2145 996 2170 inter
1007 2144 1143 2178 principes
1155 2144 1282 2174 civitatis,
1296 2144 1323 2169 l’.
1340 2143 1557 2172 S‹·m·v01;=1u.M·.
1566 2140 1724 2167 Manilium?

927 2181 960 2207 ab
973 2181 1069 2215 bisque
1082 2182 1116 2207 M.
1126 2181 1222 2206 Brutus
1234 2180 1384 2209 dissentiet,
1397 2180 1469 2214 qnod
1481 2185 1505 2206 et
1518 2184 1625 2205 acutum
1637 2186 1723 2212 genus

926 2223 975 2247 est.
988 2223 1013 2244 ct
1025 2218 1057 2244 nd
1070 2227 1135 2244 usus
1147 2218 1249 2243 civium
1262 2226 1312 2243 non
1327 2217 1434 2243 inutile:
1459 2226 1560 2251 nosque
1571 2226 1600 2241 ea
1613 2216 1720 2249 scripta,

927 2255 1084 2290 reliquaque
1101 2255 1222 2280 eiusdem
1238 2255 1345 2289 generis
1359 2259 1383 2280 et
1396 2254 1511 2289 legimns
1524 2254 1637 2279 libenter
1648 2257 1672 2277 et
1687 2251 1723 2277 le-

925 2301 1034 2327 gemus:
1050 2292 1123 2322 baec,
1132 2301 1201 2326 quae
1214 2292 1295 2317 vitani
1308 2292 1444 2317 continent
1455 2300 1571 2318 omnem,
1582 2290 1723 2323 negligen-

927 2329 986 2356 tnr‘?
999 2330 1073 2360 Nam,
1083 2334 1111 2355 ut
1122 2330 1176 2355 sint
1189 2329 1232 2354 illa
1245 2328 1432 2357 vendibiliora,
1443 2328 1506 2354 haec
1519 2328 1640 2353 uberiora
1653 2331 1722 2352 certo

925 2372 997 2393 sunt.
1038 2369 1207 2401 Quamquam
1226 2366 1251 2391 id
1267 2366 1377 2400 quidem
1396 2365 1486 2391 licebit
1504 2366 1536 2391 iis
1555 2364 1720 2394 existimare,

925 2405 972 2438 qui
991 2403 1112 2437 legerint.
1154 2404 1206 2429 Nos
1223 2408 1311 2428 autem
1328 2403 1395 2428 banc
1411 2412 1516 2428 onmem
1536 2401 1721 2436 ‹praestionem

925 2442 957 2467 dc
970 2441 1070 2467 linibus
1083 2441 1248 2466 bonorumet
1261 2440 1391 2466 nudorum
1408 2439 1461 2466 fere
1477 2449 1490 2465 a
1509 2439 1586 2465 nobis
1602 2438 1722 2473 explicu-

926 2483 976 2504 tam
990 2487 1047 2504 csso
1061 2478 1103 2504 bis
1116 2477 1211 2505 litteris
1221 2477 1395 2505 arbitranutr,
1415 2478 1440 2503 in
1456 2477 1571 2511 quibus,
1589 2481 1721 2510 ιμιιιιιιιιιιι

925 2516 1071 2550 potuinins,
1081 2524 1131 2541 non
1144 2515 1222 2541 mmlo
1233 2514 1300 2549 qnid
1313 2515 1390 2540 nohis
1402 2514 1568 2549 probaretur,
1582 2513 1628 2539 scd
1641 2514 1720 2539 etiam

923 2553 989 2588 qnid
1002 2562 1015 2578 ιι
1027 2552 1144 2587 singulis
1156 2551 1651 2587 philosophiaedisciplinisdiceretur.
1660 2559 1721 2586 pcr-

923 2595 1007 2616 secntt
1019 2598 1124 2616 sunum.

980 2627 1010 2653 V.
1038 2629 1075 2653 13.
1098 2627 1130 2653 Ut
1141 2632 1229 2653 autem
1241 2636 1254 2653 a
1267 2626 1403 2653 facillimis
1414 2626 1560 2655 ordiamur,
1574 2626 1659 2660 prima
1674 2634 1721 2651 ve-

924 2665 979 2691 nint
991 2665 1017 2691 in
1029 2663 1150 2691 medium
1162 2665 1271 2699 Epicuri
1283 2664 1362 2693 ratio,
1380 2672 1449 2699 (luae
1461 2663 1598 2698 plerisque
1611 2663 1721 2689 notissi-
