1941 3052
267 164 297 188 30
807 166 818 190 4

861 165 1066 191 lNClz'lt'f'l
1100 164 1351 192 AUCTonts

267 238 314 265 rat,
329 233 387 260 idco
401 233 471 268 :pinel
488 233 603 268 populus
618 234 751 260 Romanus
767 243 817 264 me,
834 249 869 254 —
884 234 944 261 nolo
956 235 1053 265 uivere,
1077 245 1085 270 η
1106 240 1248 265 oratorum,
1268 234 1314 260 sed
1328 235 1407 261 etiam
1422 235 1569 269 quotidiani
1583 237 1721 267 sermonis.
1738 237 1892 264 huiusmodi

268 280 299 297 ne
313 271 355 297 cui
369 270 433 297 forto
456 280 580 303 arrogans
597 270 699 302 uidear,
732 276 755 297 te
775 276 863 297 autern
883 280 961 306 saepe
981 272 1057 305 igno-

268 309 348 334 minia
371 308 482 342 dignum
507 309 618 342 putavit.

267 345 362 375 dicere.
377 346 422 380 qui
436 354 520 380 nuper
530 346 629 371 alienae
639 345 788 371 domui?—
800 354 850 371 non
861 346 947 371 ausim
958 345 1054 377 dicere,

268 392 310 413 ne,
333 391 417 418 quum
442 388 465 408 te
486 382 566 415 digna
585 382 684 411 dixi-ro,
707 392 747 408 me
763 382 902 416 indignum
917 383 1056 417 quidpiam

267 420 368 445 dixisse
384 420 482 446 videar.
506 420 551 445 llic
565 419 675 445 atrocior
690 419 764 445 tacita
779 419 907 453 suspicio.
923 428 1004 455 quam
1015 420 1057 446 di-

268 462 335 483 ‚urta
349 456 498 491 explanatio
513 456 577 482 facta
592 460 639 482 est.

323 510 464 537 Conclusio
481 514 529 539 est,
549 518 618 544 qnae
637 510 710 535 brevi
725 509 951 543 argumentatione
965 518 998 536 ex
1012 511 1054 541 iis,

267 557 335 583 quan
354 553 412 573 anto
431 548 498 573 dicta
518 552 581 572 sunt
599 551 644 573 aut
662 546 736 577 facta,
753 547 858 572 conficit
872 547 908 576 id,
924 547 995 581 quod
1011 556 1057 573 ne-
1084 557 1085 566 ¹

267 586 382 610 cessario
395 589 581 618 consequatur,
599 584 646 610 hoc
661 585 751 610 modo:
774 583 848 615 Quod
864 584 886 610 si
902 584 996 610 Danais
1010 585 1057 610 da-

269 627 324 648 tum
339 626 393 648 erat
406 621 553 650 oraculum.
575 630 625 647 non
641 630 718 655 posse
731 621 789 655 capi
805 621 907 647 Troiam
922 622 980 647 sine
995 622 1057 648 Phi·
1084 639 1086 644 ›

270 659 375 685 loctetae
393 659 505 693 sagittis,
528 659 575 684 liae
589 663 676 685 autem
692 658 757 685 nibil
773 658 845 684 alind
861 658 987 689 fecerunt,
1005 660 1055 685 nisi
1084 668 1085 672 ¹

269 695 447 722 Alexandrum
463 695 640 730 perculerunt,
658 696 728 722 hunc
743 696 922 731 exstinguere,
935 696 962 722 id
976 697 1056 722 nimi-

269 742 325 759 rum
340 734 398 768 capi
414 733 464 760 fuit
477 733 590 759 Troiam.

323 792 423 818 XXXI.
440 793 480 818 42.
496 792 603 818 Restant
616 791 694 818 etiam
705 791 796 817 decem
808 791 991 818 exornationes
998 800 1057 818 ver-

268 831 375 857 borum:
392 838 459 864 quas
473 829 571 855 idcirco
585 837 636 855 non
651 837 715 863 vage
727 828 914 863 dispersimus.
927 828 974 855 sed
985 838 998 855 a
1010 838 1057 855 su-

269 867 416 902 perioribus
434 866 625 901 separavimus,
645 865 717 901 quod
735 874 827 892 omnes
847 866 872 891 in
891 874 942 892 uno
960 875 1056 901 genere

267 909 330 931 sunt
345 904 453 939 positae.
474 904 538 929 Nam
553 912 642 929 earum
657 903 777 929 omnium
792 903 840 929 hoc
855 903 991 937 proprium
1006 908 1053 934 est,
1084 910 1085 915 ¹

269 947 296 968 ut
314 942 347 968 ab
366 941 461 968 usitata
480 941 621 967 verborum
641 944 767 975 potestate
786 940 922 966 recedatur
935 944 1014 975 atque
1028 941 1056 966 in

267 979 345 1005 aliam
364 979 490 1005 rationem
508 986 569 1004 cum
587 977 702 1012 quadam
722 982 860 1004 venustate
873 978 954 1004 oratio
967 977 1057 1004 confe-

268 1021 348 1042 ratur.
382 1016 417 1042 De
436 1015 536 1050 quibus
556 1015 772 1041 exornationibus
791 1015 935 1041 nominatio
948 1019 988 1041 est
1002 1016 1057 1049 pri-

267 1062 317 1084 ma,
338 1061 406 1087 quae
425 1062 471 1078 nos
486 1052 616 1082 admonet,
639 1056 676 1082 ut,
691 1052 769 1078 cuius
784 1052 820 1078 rei
836 1060 931 1078 nomen
945 1057 990 1078 aut
1004 1061 1055 1079 non

267 1091 301 1116 sit
315 1094 359 1116 aut
373 1090 435 1116 satis
450 1089 575 1115 idoneum
587 1098 636 1115 non
651 1090 694 1118 sit,
711 1097 767 1115 eam
780 1093 882 1116 nosmet
893 1089 986 1115 idoneo
997 1099 1057 1115 vcr-

268 1128 300 1153 bo
327 1127 505 1158 nominemus,
539 1131 584 1152 aut
606 1127 761 1152 imitationis
785 1131 830 1153 aut
852 1126 1056 1161 significationis
1084 1150 1085 1159 ,

266 1173 369 1191 caussa.
391 1164 556 1194 mutationis,
578 1163 627 1190 hoc
645 1163 732 1194 modo.
753 1168 781 1190 ut
796 1164 909 1190 maiores
923 1163 1017 1190 rudere
1031 1169 1056 1190 et

267 1202 357 1237 vagire
375 1206 400 1228 et
418 1201 523 1236 mugire
542 1205 566 1227 et
585 1209 751 1227 murmurare
769 1205 794 1227 et
812 1201 919 1227 sibilare
937 1201 1057 1236 appella-

268 1243 370 1265 verunt.
402 1237 597 1273 Significandae
611 1239 648 1264 rei
662 1246 764 1269 caussa,
780 1239 832 1265 sic:
848 1239 990 1273 Postquam
1006 1239 1055 1265 iste

267 1277 293 1303 in
317 1276 509 1311 rempublicam
537 1275 598 1301 fecit
619 1276 758 1310 impetum,
784 1275 870 1311 fragor
891 1276 1005 1302 civitatis
1027 1277 1055 1302 in

267 1314 360 1348 primis
374 1318 414 1339 est
427 1312 544 1339 auditus.
567 1313 619 1339 Hoc
632 1321 728 1348 genere
743 1312 871 1339 utendum
887 1321 943 1339 raro
957 1317 1005 1344 est,
1023 1321 1055 1339 ne

267 1351 327 1377 novi
342 1350 415 1377 verbi
430 1350 573 1376 assiduitas
586 1350 677 1376 odium
692 1350 788 1384 pariat,
817 1349 864 1376 sed
881 1350 904 1376 si
918 1350 1055 1376 commode

265 1389 327 1423 quis
349 1396 379 1414 eo
394 1392 482 1414 utatur
495 1392 519 1413 et
533 1396 599 1418 raro,
624 1396 675 1413 non
696 1387 773 1413 modo
787 1396 838 1413 non
853 1387 965 1413 offendet
980 1388 1056 1414 novi—
1076 1403 1077 1407 =

266 1429 325 1456 tate,
351 1425 398 1451 sed
420 1424 558 1451 exornabit
580 1425 658 1450 etiam
681 1425 834 1451 orationem.
861 1425 1056 1451 Pronominatio
1084 1444 1085 1456 ,

265 1467 312 1493 est,
329 1471 397 1497 quae
415 1462 494 1489 sicuti
507 1462 664 1497 cognomine
677 1461 793 1496 quodam
807 1466 932 1488 extraneo
945 1461 1056 1488 demon·
1076 1490 1078 1494 ,

264 1504 328 1526 strat
350 1499 387 1530 id,
407 1499 478 1534 quod
497 1508 547 1525 suo
561 1499 666 1525 nomine
681 1507 731 1525 non
747 1503 831 1533 potest
857 1498 998 1533 appellari;
1026 1504 1056 1525 ut

265 1538 287 1563 si
301 1537 372 1572 quis,
388 1545 473 1571 quum
486 1536 609 1571 quuatur
622 1535 655 1562 de
670 1536 805 1567 Gracchis,
826 1535 859 1562 At
872 1544 924 1562 non
938 1535 1055 1562 Africani
1076 1535 1085 1567 ἐζ

265 1578 382 1609 nepotes,
402 1574 514 1608 inquiat,
530 1573 683 1599 istiusmodi
698 1572 815 1599 fuerunt.
845 1574 924 1599 Item:
945 1574 967 1599 si
981 1574 1052 1608 quis,

264 1612 297 1637 de
315 1611 465 1637 adversario
478 1619 563 1645 quum
578 1610 660 1637 dicat:
682 1610 774 1637 Videte
788 1619 868 1641 nunc,
884 1611 996 1646 inquiat,
1013 1611 1056 1637 iu—

264 1649 346 1679 dices,
362 1647 589 1684 quemadmodum
607 1656 649 1674 me
663 1647 850 1683 Plagiosippus
864 1648 914 1674 iste
929 1649 1053 1674 tractarit.

265 1686 318 1712 lloc
336 1690 411 1720 pacto
429 1694 481 1712 non
501 1685 618 1711 inornate
632 1685 778 1719 poterimus
792 1689 817 1711 et
831 1685 858 1711 in
872 1684 1013 1716 laudando,
1030 1689 1054 1712 et

264 1724 291 1750 in
306 1722 441 1753 laedendo,
458 1727 502 1749 aut
516 1730 623 1757 corpore
637 1727 682 1748 aut
696 1722 784 1748 animo
801 1727 846 1748 aut
864 1723 996 1748 extraneis
1014 1731 1055 1748 re-

265 1760 316 1787 bus
333 1760 428 1791 dicere,
449 1759 536 1786 sicubi
554 1760 589 1786 sit
606 1768 762 1794 cognomen,
778 1759 850 1794 quod
864 1768 912 1794 pro
925 1764 994 1786 certo
1008 1768 1056 1786 no-

265 1798 336 1824 mine
349 1797 518 1823 collocemus.
545 1796 657 1823 xxxu.
675 1798 714 1823 43.
727 1797 909 1823 Denominatio
922 1801 970 1828 est,
986 1805 1054 1832 quae

264 1835 297 1861 ab
311 1834 391 1861 rebus
402 1835 558 1869 propinquis
573 1838 598 1860 et
612 1834 733 1860 finitimis
747 1834 826 1860 trahit
839 1834 1054 1869 orationem,qua

264 1872 348 1906 possit
361 1872 475 1907 intelligi
490 1880 540 1902 res,
560 1880 628 1906 quae
643 1880 694 1898 aon
708 1880 758 1897 sno
772 1871 901 1898 vocabulo
914 1872 949 1898 sit
962 1871 1055 1906 appel-

265 1909 324 1936 lata.
346 1909 375 1936 Id
389 1913 434 1935 aut
447 1909 479 1935 ab
494 1909 630 1935 inventore
639 1909 785 1940 conficitur,
798 1913 828 1935 ut
838 1909 861 1935 si
872 1908 984 1944 quis,de
991 1909 1054 1935 Tar-

264 1947 324 1981 peio
338 1946 458 1981 loquens,
475 1954 537 1972 eum
551 1945 730 1981 Capitolinum
745 1947 875 1979 nominet;
903 1950 949 1972 aut
965 1946 998 1972 ab
1012 1947 1054 1972 in-

264 1988 351 2015 vento,
372 1988 401 2010 ut
418 1984 441 2010 si
459 1984 521 2018 quis
540 1992 587 2018 pro
601 1983 695 2009 Libero
710 1983 811 2015 vinum,
829 1992 876 2018 pro
890 1983 982 2010 Cerere
997 1982 1054 2010 fru-

263 2029 325 2056 gem
347 2020 474 2056 appellet3
499 2026 544 2047 aut
567 2021 775 2047 instrumentum
794 2029 841 2055 pro
855 2021 971 2052 domino,
987 2025 1016 2047 ut
1029 2021 1052 2047 si
1081 2030 1083 2037 ¹

263 2059 325 2093 quis
343 2058 499 2084 Macedonas
517 2058 663 2092 appellarit,
680 2057 730 2084 hoc
744 2058 835 2084 modo:
863 2059 920 2084 Non
935 2062 988 2084 tam
1001 2058 1053 2084 cito

263 2095 376 2121 sarissae
391 2095 499 2122 Graecia
513 2096 610 2130 potitae
623 2099 700 2128 sunt3
720 2099 765 2121 aut
778 2095 850 2121 idem
864 2095 954 2122 Gallos
968 2095 1054 2131 signi-

264 2132 344 2158 ficans
359 2132 441 2158 dicat:
469 2133 523 2158 Nec
540 2136 593 2158 tam
611 2132 688 2159 facile
701 2141 736 2158 ex
748 2132 822 2159 ltalia
835 2133 942 2159 materis
956 2133 1054 2159 Trans-

264 2169 352 2204 alpina
365 2169 477 2204 depulsa
491 2174 543 2202 est3
560 2174 605 2196 aut
618 2169 654 2201 id,
672 2169 744 2204 quod
759 2169 795 2201 fit,
812 2169 845 2196 ab
860 2178 898 2201 eo,
914 2170 962 2205 qni
980 2169 1050 2200 facit,

264 2211 294 2233 ut
324 2207 347 2233 si
373 2207 448 2241 quis,
482 2215 568 2241 quum
594 2206 664 2233 bello
690 2206 754 2233 velit
784 2207 922 2233 ostendere
949 2206 1052 2241 aliquid

263 2244 417 2279 quempiam
432 2243 534 2274 fecisse,
551 2243 634 2270 dicat:
654 2243 723 2270 Mars
737 2244 810 2270 istud
824 2248 849 2270 te
863 2243 947 2270 facere
961 2252 1053 2270 neces-

263 2281 332 2307 sario
349 2281 447 2316 coegit;
471 2285 517 2307 aut
533 2281 565 2312 si,
585 2281 657 2316 quod
676 2280 745 2312 facit,
761 2281 794 2307 ab
812 2289 851 2312 eo,
879 2281 952 2316 quod
970 2281 1007 2311 fit,
1023 2285 1053 2307 ut

263 2326 349 2353 quum
371 2317 532 2344 desidiosam
554 2322 636 2344 artem
658 2317 793 2349 dicemus,
818 2319 882 2353 quia
903 2317 1052 2344 desidiosos

264 2354 338 2387 facit;
367 2361 392 2381 et
415 2354 499 2391 frigus
521 2355 638 2390 pigrum,
663 2355 726 2390 quia
745 2356 834 2391 pigros
852 2355 923 2381 facit.
957 2355 997 2381 Ab
1011 2363 1050 2387 eo,

263 2392 336 2427 quod
353 2393 477 2423 continet,
498 2392 534 2423 id,
555 2392 627 2427 quod
640 2392 797 2423 continetur,
817 2392 866 2419 hoc
880 2392 958 2419 modo
971 2392 1053 2418 deno-

264 2429 421 2456 minabitur:
438 2429 526 2456 Armis
539 2429 613 2456 Italia
626 2438 679 2455 non
692 2433 779 2464 potest
792 2429 873 2460 vinci,
886 2438 934 2456 nec
943 2430 1052 2456 Graecia

263 2466 423 2501 disciplinis.
448 2467 515 2493 Nam
533 2467 576 2493 hic
589 2475 636 2501 pro
650 2466 758 2493 Graecis
772 2471 798 2493 et
811 2466 891 2498 Italis,
907 2475 976 2501 quae
989 2475 1053 2493 con-

264 2504 356 2534 tinent,
373 2508 458 2530 notata
471 2509 543 2530 sunt.
577 2504 618 2530 Ab
631 2512 671 2534 eo,
687 2504 759 2538 quod
772 2505 930 2535 continetur,
943 2503 971 2530 id
980 2503 1053 2538 quod

263 2541 387 2571 eontinet,
412 2545 441 2567 ut
462 2541 485 2567 si
503 2542 564 2576 quis
587 2550 682 2567 aurum
700 2545 746 2567 aut
763 2545 902 2577 argentum
928 2545 973 2567 aut
986 2541 1053 2567 ebur

265 2578 393 2608 nominet,
422 2586 507 2612 quum
537 2578 645 2604 divitias
671 2577 736 2604 velit
761 2578 906 2604 nominare.
952 2578 1051 2604 Harum

263 2615 382 2641 omnium
401 2614 645 2641 denominationum
664 2615 749 2650 magis
766 2616 794 2641 in
812 2615 998 2650 praecipiendo
1011 2614 1053 2640 di—

264 2651 341 2682 visio,
361 2660 442 2686 quam
460 2652 488 2677 in
501 2652 652 2686 quaerendo
666 2651 783 2678 difficilis
797 2651 916 2678 inventio
929 2657 976 2683 est,
993 2651 1052 2678 ideo

262 2688 335 2723 quod
357 2688 435 2723 plena
457 2689 621 2716 consuetudo
642 2693 683 2715 est
703 2697 755 2715 non
778 2688 856 2715 modo
872 2693 1008 2723 poetarum
1027 2693 1052 2714 et

653 309 730 334 ltcm:
756 309 793 333 Tu
818 309 866 334 ista
886 317 955 334 nunc
974 308 1056 335 audes
1084 317 1085 322 ¹

1107 272 1360 298 denominatitmum.

1161 310 1286 334 (jin-coitio
1300 313 1340 334 est
1352 309 1442 338 oratio.
1460 318 1513 334 rem
1528 309 1677 344 simplicem
1692 315 1827 345 assumpta
1841 312 1892 338 cir-

1084 362 1085 385 }
1106 346 1289 371 sumserilnens
1307 345 1463 376 elocutione,
1480 346 1527 372 boc
1542 352 1629 381 pacto:
1658 347 1790 382 Scipionis
1805 348 1893 382 provi-

1107 383 1194 408 dentia
1210 383 1378 416 Karthaginis
1392 391 1455 417 opes
1470 382 1555 416 fri-git.
1586 384 1651 410 Nam
1666 384 1717 415 liic,
1734 385 1784 411 nisi
1798 394 1894 412 ornan-

1084 422 1086 451 l
1107 420 1133 445 di
1153 420 1217 446 ratio
1234 418 1364 454 quaedam
1383 425 1453 446 esset
1471 420 1568 452 habita,
1589 421 1678 455 Scipio
1691 423 1777 456 potnit
1790 428 1815 448 et
1830 422 1894 449 Kar-

1084 462 1086 489 ζ
1109 457 1187 491 tliago
1200 456 1357 491 simpliciter
1370 456 1505 491 appellari.

1078 492 1086 541 J
1163 495 1202 520 ts.
1227 494 1412 529 ‘transgressio
1433 499 1481 524 est.
1505 503 1573 528 quae
1597 494 1736 521 verborum
1759 496 1895 530 perturbat

1107 531 1225 557 ordinem
1241 532 1409 565 perversione
1422 536 1468 557 aut
1482 532 1638 558 traiectione.
1661 532 1830 559 Perversione
1840 533 1891 559 sic:

1084 571 1086 591 ἰ
1108 568 1160 594 lloc
1184 568 1258 594 vobis
1280 568 1344 594 deos
1367 568 1528 594 immortales
1545 568 1657 595 arbitror
1674 569 1779 596 dedisse
1799 570 1894 604 [nietate

1084 594 1085 626 l
1109 614 1154 639 pro
1182 610 1276 631 vestra.
1315 606 1485 636 Traiectione,
1514 606 1562 632 boc
1588 606 1678 632 modo:
1707 607 1840 633 instabilis
1866 607 1894 634 in

1108 643 1188 668 istum
1203 642 1350 677 plurimum
1366 642 1467 669 fortuna
1484 642 1576 669 valuit.
1610 643 1687 670 ltem:
1707 643 1806 670 Omnes
1824 644 1895 671 invi-

1107 679 1180 705 diose
1195 680 1292 714 eripuit
1307 680 1353 706 tibi
1369 681 1435 706 bene
1451 680 1556 706 vivendi
1571 689 1648 706 casus
1663 680 1809 708 facultates.
1839 681 1894 708 llu-

1084 725 1085 733 ¹
1108 717 1223 743 iusmodi
1247 718 1371 748 traiectio.
1396 726 1464 752 quae
1488 726 1542 743 rem
1565 726 1616 744 non
1640 718 1726 744 reddit
1743 718 1891 749 obscuram.

1078 738 1086 784 ,l
1109 753 1222 780 multum
1246 754 1360 788 proderit
1382 755 1414 780 ad
1433 755 1651 785 continuationes.
1671 755 1703 781 de
1720 755 1821 790 quibus
1834 760 1894 782 ante

1084 794 1085 808 ¹
1107 790 1207 816 dictum
1221 796 1273 823 est,
1290 792 1316 817 in
1331 791 1431 825 quibus
1444 796 1545 826 oportet
1560 792 1636 818 verba
1651 793 1703 819 sint
1717 792 1749 818 ad
1761 793 1893 827 poeticum

1107 827 1249 862 quemdam
1264 833 1396 854 exstructa
1411 837 1561 859 numerum.
1580 834 1607 855 ut
1621 829 1734 864 perfecte
1744 835 1769 856 et
1779 829 1895 864 perpoli-

1108 865 1209 891 tissime
1224 866 1325 899 possint
1339 874 1396 891 esse
1410 865 1553 892 absolutae.

1078 930 1079 935 ¹
1163 902 1285 928 xxxtlt.
1301 902 1451 937 Superlatio
1464 908 1503 929 est
1517 903 1598 929 oratio
1608 912 1736 937 superans
1747 904 1891 935 veritatem.

1078 925 1086 977 l
1107 938 1222 965 alicuius
1240 940 1355 974 augendi
1374 940 1546 966 minuendive
1560 949 1663 966 caussa.
1697 940 1764 967 llaec
1778 941 1894 967 sumitur

1078 979 1085 1012 'l
1107 978 1248 1011 separatim
1275 981 1320 1003 aut
1342 986 1403 1003 cum
1425 978 1628 1012 comparatione.
1667 976 1813 1012 Separatim
1839 979 1891 1004 sic:

1078 1014 1086 1042 '‚
1107 1013 1183 1045 Quod
1197 1015 1219 1040 si
1234 1014 1400 1040 concordiam
1415 1015 1597 1045 retinebimus.
1613 1015 1717 1049 imperii
1732 1014 1895 1050 magnitudi—

1084 1048 1085 1054 ’
1108 1059 1167 1076 nem
1182 1051 1246 1077 solis
1259 1056 1317 1077 ortu
1332 1056 1411 1086 atque
1425 1060 1519 1078 occasu
1533 1053 1683 1078 metiemur.
1707 1052 1773 1078 Cum
1787 1060 1894 1087 compa-

1084 1102 1085 1121 ,
1108 1088 1205 1114 ratione
1224 1093 1269 1114 aut
1287 1098 1300 1115 a
1314 1089 1491 1115 similitudine
1504 1094 1549 1115 aut
1563 1098 1576 1115 a
1591 1089 1748 1124 praestantia
1764 1087 1895 1125 [superla-

1108 1125 1143 1151 tio
1165 1124 1302 1162 sumitur].
1335 1127 1356 1152 A
1379 1126 1556 1153 similitudine
1573 1127 1625 1153 sic:
1654 1126 1766 1161 Corpore
1785 1127 1894 1153 niveum

1106 1162 1258 1193 candorem,
1287 1168 1395 1198 aspectu
1418 1164 1526 1199 igneum
1548 1163 1667 1190 ardorem
1693 1163 1892 1198 assequebatur.

1106 1200 1127 1225 Α
1142 1201 1308 1234 praestantia,
1325 1201 1374 1227 hoc
1387 1201 1479 1227 modo:
1495 1201 1579 1228 Cuius
1592 1209 1636 1227 ore
1649 1209 1737 1227 sermo
1746 1200 1823 1227 melle
1833 1200 1895 1227 dul—

1076 1238 1085 1268 12
1105 1237 1160 1263 cior
1181 1236 1336 1271 profluebat.
1369 1238 1410 1264 Ex
1433 1238 1525 1264 eodem
1543 1246 1638 1273 genere
1657 1237 1706 1264 boc
1719 1242 1772 1264 est:
1795 1238 1894 1264 Tantus

1076 1289 1077 1302 η
1106 1278 1160 1300 erat
1181 1275 1208 1300 in
1222 1275 1302 1301 armis
1316 1274 1449 1310 splendor,
1476 1281 1504 1302 ut
1524 1275 1588 1302 solis
1603 1274 1691 1311 fulgor
1703 1275 1840 1302 obscurior
1854 1275 1896 1301 vi-

1105 1311 1220 1337 deretur.

1161 1348 1305 1375 intellectio
1322 1354 1370 1380 est,
1391 1358 1475 1384 quum
1494 1358 1536 1376 rcs
1554 1354 1605 1376 tota
1623 1358 1703 1384 parva
1717 1349 1750 1376 de
1765 1354 1837 1384 parte
1850 1358 1894 1376 co-

1106 1386 1253 1421 gnoscitur,
1277 1391 1322 1412 aut
1343 1386 1376 1412 de
1399 1391 1452 1413 toto
1474 1396 1534 1421 pars
1550 1385 1605 1423 [aut
1619 1387 1651 1413 ab
1666 1395 1719 1413 uno
1732 1387 1808 1422 plura
1821 1392 1867 1413 aut
1879 1396 1893 1414 a

1107 1423 1230 1457 pluribus
1246 1422 1349 1460 unum].
1364 1424 1399 1450 De
1415 1429 1486 1458 parte
1501 1429 1583 1450 totum
1598 1425 1636 1450 sic
1648 1423 1819 1460 intelligitur:
1836 1424 1893 1452 Non

1107 1460 1166 1486 illae
1190 1465 1213 1486 te
1235 1461 1368 1495 nuptiales
1391 1461 1470 1487 tibiae
1489 1462 1547 1487 eius
1566 1461 1725 1488 matrimonii
1742 1470 1895 1489 commone-

1076 1519 1085 1530 „
1107 1496 1187 1523 bant?
1218 1498 1285 1523 Nam
1308 1498 1352 1524 hic
1373 1499 1460 1524 omnis
1482 1499 1656 1525 sanctimonia
1673 1499 1827 1534 nuptiarum
1841 1508 1894 1526 uno

1106 1535 1183 1570 signo
1197 1535 1322 1561 tibiarum
1337 1535 1504 1571 intelligitur.
1534 1536 1570 1562 De
1585 1540 1636 1562 toto
1649 1545 1724 1571 pars:
1752 1541 1781 1562 ut
1794 1537 1818 1563 si
1831 1537 1894 1572 quis

1106 1572 1139 1602 ei,
1163 1573 1210 1606 qui
1230 1573 1355 1598 vestitum
1373 1577 1418 1599 aut
1431 1577 1552 1599 ornatum
1568 1578 1757 1608 sumptuosum
1770 1578 1891 1605 ostentet.

1082 1641 1084 1646 .
1106 1609 1188 1635 dicat:
1209 1608 1330 1636 Ostentas
1349 1610 1415 1636 mibi
1434 1609 1541 1636 divitias
1555 1615 1581 1636 et
1595 1609 1739 1645 locupletes
1752 1611 1842 1645 copias
1855 1611 1894 1638 ia-

1082 1655 1084 1658 *
1106 1651 1170 1672 ctas.
1193 1647 1233 1672 45.
1249 1647 1289 1672 Ab
1304 1655 1356 1673 uno
1370 1647 1446 1682 plura
1461 1647 1713 1682 intelliguntur,hoc
1722 1648 1813 1674 modo:
1828 1648 1894 1674 Poe-

1106 1692 1139 1709 no
1158 1683 1209 1710 fuit
1226 1684 1361 1718 Hispanus
1379 1684 1488 1715 auxilio,
1509 1683 1559 1710 fuit
1573 1685 1698 1710 immanis
1712 1684 1757 1711 ille
1771 1685 1893 1712 Transal-

1106 1721 1200 1755 pinus;
1215 1721 1243 1747 in
1257 1721 1330 1747 Italia
1343 1730 1450 1756 quoque
1465 1730 1596 1748 nonnemo
1604 1722 1688 1748 sensit
1697 1721 1767 1748 idem
1778 1726 1891 1759 togatus.

1105 1759 1127 1785 Α
1149 1758 1274 1793 pluribus
1296 1767 1381 1785 unum
1404 1760 1442 1785 sic
1464 1758 1635 1794 intelligitur:
1662 1759 1744 1785 Atrox
1757 1759 1892 1786 calamitas

1104 1800 1210 1831 pectora
1232 1804 1348 1822 maerore
1370 1796 1506 1831 pulsabat;
1534 1797 1622 1831 itaque
1640 1795 1767 1823 anhelans
1784 1797 1892 1824 eximis

1106 1833 1280 1868 pulmonibus
1302 1842 1364 1868 prae
1386 1842 1448 1860 cura
1471 1834 1582 1868 spiritus
1595 1833 1751 1860 ducebatur.
1784 1834 1851 1860 Nam
1864 1835 1893 1861 in

1104 1871 1288 1906 superioribus
1310 1870 1401 1905 plures
1423 1871 1533 1905 Hispani
1555 1875 1581 1897 et
1599 1870 1668 1898 Galli
1692 1874 1717 1897 et
1734 1872 1824 1907 togati.
1848 1871 1893 1898 hic

1105 1917 1190 1935 unum
1208 1912 1301 1943 pectus
1315 1912 1340 1934 et
1351 1917 1421 1934 unus
1436 1908 1528 1943 pulmo
1541 1907 1712 1943 intelligitur;
1736 1913 1762 1935 et
1774 1909 1824 1935 erit
1836 1908 1893 1935 illic

1081 1957 1083 1991 l
1104 1946 1255 1972 diminutus
1273 1954 1402 1972 numerus
1419 1945 1579 1976 festivitatis,
1601 1945 1644 1972 hic
1661 1945 1790 1972 adauctus
1802 1946 1893 1982 grav-i-

1081 2000 1083 2026 ἰ
1105 1984 1164 2009 tatis
1177 1984 1270 2018 gratia.

1081 2040 1083 2064 Ι
1158 2020 1261 2046 Abusio
1282 2025 1330 2051 est,
1354 2028 1423 2055 quae
1441 2019 1522 2046 verbo
1539 2019 1621 2045 simili
1643 2024 1668 2045 et
1681 2020 1832 2055 propinquo
1844 2029 1892 2056 pro

1080 2065 1083 2091 ι
1103 2062 1174 2084 certo
1191 2062 1217 2084 et
1233 2058 1340 2092 proprio
1357 2057 1484 2088 abutitur,
1505 2057 1554 2083 hoc
1568 2056 1658 2083 modo:
1686 2057 1760 2083 Vires
1775 2057 1892 2084 hominis

1081 2111 1083 2114 ⁴
1104 2095 1198 2121 breves
1211 2099 1283 2125 sunt,
1299 2099 1357 2120 aut:
1377 2102 1458 2128 parva
1471 2098 1578 2124 statura,
1599 2098 1658 2119 aut:
1679 2093 1788 2129 longum
1802 2095 1829 2121 in
1843 2095 1892 2122 ho-

1081 2126 1083 2136 '
1104 2133 1175 2158 mine
1188 2131 1340 2162 consilium,
1364 2136 1422 2157 aut:
1446 2131 1528 2157 oratio
1541 2139 1648 2166 magna,
1671 2136 1729 2157 aut:
1754 2132 1792 2158 uti
1807 2140 1892 2167 pauco

1103 2177 1234 2196 sermone.
1265 2169 1331 2195 Nam
1347 2169 1389 2194 hic
1403 2167 1478 2194 facile
1492 2172 1533 2194 est
1545 2167 1690 2199 intellectu,
1706 2167 1817 2195 finitima
1832 2178 1892 2196 ver-

1074 2214 1075 2227 *
1104 2206 1136 2233 ba
1150 2215 1238 2232 rerum
1252 2205 1425 2232 dissimilium
1437 2205 1535 2231 ratione
1546 2205 1683 2231 abusionis
1693 2213 1751 2232 esse
1762 2205 1889 2233 traducta.

1157 2243 1280 2270 XXXIV.
1297 2242 1409 2269 Tralatio
1423 2247 1470 2274 est,
1486 2251 1572 2277 quum
1587 2242 1698 2268 verbum
1709 2243 1736 2268 in
1746 2243 1890 2278 quamdam

1081 2290 1083 2298 ·
1104 2288 1160 2306 rem
1178 2279 1334 2306 transfertur
1351 2288 1385 2306 ex
1403 2279 1453 2306 alia
1481 2288 1516 2310 re,
1540 2279 1612 2314 quod
1635 2284 1741 2314 propter
1761 2279 1891 2307 similitu-

1081 2349 1082 2354 1
1103 2316 1193 2343 dinem
1207 2322 1275 2343 recte
1289 2317 1424 2343 videbitur
1437 2325 1515 2351 posse
1529 2315 1673 2342 transferri.
1687 2317 1724 2342 Ea
1739 2317 1840 2344 utimur
1852 2318 1888 2344 rei

1080 2355 1083 2386 i
1103 2359 1162 2380 ante
1176 2353 1268 2381 oculos
1281 2353 1417 2388 ponendae
1431 2362 1534 2385 caussa,
1549 2354 1600 2380 sic:
1616 2353 1663 2379 uic
1676 2353 1778 2380 Italiam
1788 2353 1891 2381 tumul-

1080 2391 1083 2427 ξ
1103 2396 1146 2417 tus
1159 2391 1337 2426 expergefecit
1350 2396 1446 2417 terrore
1459 2391 1557 2418 subito.
1571 2391 1711 2417 Brevitatis
1723 2392 1888 2422 caussa,sic:

1081 2431 1083 2443 ¹
1102 2429 1202 2455 Recens
1217 2428 1346 2454 adventus
1360 2428 1492 2455 exercitus
1504 2427 1593 2454 subito
1605 2428 1739 2454 civitatem
1751 2428 1888 2455 exstinxit.

1080 2450 1083 2490 l
1103 2465 1279 2492 obscenitatis
1298 2465 1420 2492 vitandae
1437 2473 1540 2496 caussa,
1555 2465 1608 2491 sic:
1632 2464 1716 2491 Cuius
1730 2470 1812 2492 mater
1821 2473 1890 2500 quo-

1080 2510 1083 2536 ι
1102 2503 1210 2529 tidianis
1224 2503 1325 2537 nuptiis
1339 2502 1492 2529 delectatur.
1506 2501 1630 2537 Augendi
1639 2510 1742 2533 caussa,
1754 2503 1807 2529 sie:
1822 2501 1890 2529 Nul—

1080 2537 1083 2577 Ῐ
1103 2539 1156 2566 lius
1173 2548 1275 2566 maeror
1293 2544 1318 2566 et
1335 2539 1469 2566 calamitas
1486 2539 1565 2565 istius
1578 2538 1685 2573 explere
1698 2539 1850 2566 inimicitias
1863 2543 1889 2566 et

1080 2583 1082 2616 ῃ
1102 2576 1229 2603 nefariam
1258 2576 1441 2603 crudelitatem
1471 2580 1588 2602 saturare
1613 2576 1708 2610 potuit.
1750 2575 1888 2603 Minuendi

1080 2618 1082 2642 1
1101 2623 1204 2645 caussa,
1217 2614 1268 2640 sic:
1291 2614 1386 2650 Magno
1403 2622 1432 2639 se
1450 2613 1583 2648 praedicat
1599 2613 1700 2639 auxilio
1716 2612 1809 2645 fuisse,
1825 2613 1889 2648 quia

1073 2650 1082 2680 ’;
1102 2650 1254 2686 paullulum
1271 2651 1299 2677 in
1317 2651 1398 2677 rebus
1415 2650 1583 2677 difficillimis
1600 2651 1737 2685 aspiravit.
1770 2649 1888 2677 Ornandi

1073 2681 1082 2716 ΔῘ
1101 2697 1204 2719 caussa,
1220 2688 1272 2714 sic:
1287 2687 1438 2723 Aliquando
1448 2687 1609 2722 reipublicae
1620 2687 1741 2718 rationes,
1753 2695 1822 2723 quae
1831 2695 1888 2713 ma—
