1941 3052
202 170 249 193 353ss
773 169 814 192 ⁴253.
852 166 885 191 Μ.

199 239 355 272 benignitati
376 247 541 273 part-remus,
567 238 588 263 si
613 237 662 263 ulia
687 237 786 262 ratione
811 237 853 262 ius
872 241 991 262 nostrum

199 285 353 310 recuperare
368 284 517 310 pos-scmus.
560 275 634 300 Nunc
650 283 710 299 vcro
729 274 790 307 quis
809 278 861 303 cst,
882 274 928 308 qui
948 278 993 299 aut

199 314 252 339 vim
272 315 379 339 armatis
399 313 552 338 hominibus
573 311 665 337 factam
686 310 800 344 relinqui
822 315 895 344 putet
915 319 993 344 opor-
1012 332 1014 338 ,

198 355 264 380 tere,
287 355 332 376 nut
351 350 408 375 cini·
429 350 464 375 rei
486 349 609 374 leniori-m
629 349 758 373 actionem
779 348 855 373 nobis
873 347 991 382 aliquam

197 387 377 413 ‹lt-monstrare
396 386 497 420 possit?
519 386 557 412 lix
575 394 629 419 qun
645 394 742 418 genere
762 385 874 419 peccati,
901 390 929 410 ut
953 384 990 410 illi

197 424 340 453 clamitant,
358 423 397 448 vel
410 423 566 448 iniuriarum
581 422 620 447 vel
632 422 727 456 cupitis
740 422 836 448 iudicia
848 423 990 447 constituta
1012 433 1014 452 ι

197 466 272 490 sunt.
297 462 322 486 in
337 469 367 485 eo
382 460 490 494 potestis
505 460 665 485 atrocitatem
682 464 797 485 nostram
814 459 991 493 reprehende·
1011 454 1014 495 Ι

197 508 236 527 rc,
257 507 340 532 quum
357 497 468 522 videatis
484 496 550 522 nihil
565 496 638 522 aliud
653 501 754 527 actum,
776 497 827 523 nisi
844 497 991 531 possessio-

197 545 256 561 ιιι-ιιι
272 543 317 568 per
332 533 501 560 interdictum
517 542 575 559 esse
588 534 746 568 repetitam?
765 534 807 560 tv.
824 534 921 560 Verum
934 534 990 560 sive

197 582 242 597 vos
257 571 462 597 existimationis
478 571 551 597 illins
566 571 730 606 pericnlum,
753 572 810 597 eive
829 572 896 598 iuris
911 571 991 597 dnbi-

196 610 258 634 tatio
273 608 399 634 tardiores
415 608 475 634 fecit
490 608 578 634 adhuc
589 609 620 634 nd
632 609 815 640 iudicandum,
832 608 941 635 alterins
954 608 989 634 rei

195 655 316 671 caussam
333 646 488 680 vosmetipsi
503 646 555 672 iam
571 646 660 676 vobis.
681 647 789 681 saepius
804 646 905 681 prolato
920 645 991 672 iudi-

194 685 242 711 vio,
260 683 422 713 sustulistis,
439 683 548 709 ulterius
562 692 610 719 ego
625 684 701 710 vobis
716 684 844 710 hodierno
857 684 899 709 die
913 692 991 710 cans-

194 730 250 746 sam
267 720 382 755 profecto
396 720 522 751 auferam,
540 729 571 747 ne
586 721 689 747 diutius
703 721 736 747 de
749 721 927 748 controversia
944 729 991 746 no-

194 763 246 783 stra
261 766 291 783 ac
304 757 336 784 de
350 759 485 784 communi
501 759 558 784 inre
576 758 713 784 dubitetis.
757 760 795 784 10.
818 759 862 790 Et,
883 759 905 784 si
925 757 990 784 forte

195 794 304 821 videbor
327 794 407 821 altius
435 796 541 822 initium
569 796 605 822 rei
633 796 853 822 demonstrandae
879 796 987 831 petisse.

193 841 274 867 quam
291 841 332 858 me
346 833 411 858 ratio
425 833 492 859 iuris
506 837 531 859 et
546 833 600 864 ius,
621 833 654 859 de
672 842 724 868 quo
743 834 874 860 iudicium
893 837 944 863 cst,
966 837 990 859 et

195 873 286 895 natura
301 878 410 895 caussae
425 871 552 904 coegerit,
573 879 672 905 quaeso
691 875 719 897 ut
739 871 891 906 ignoscatis.
933 871 989 897 Non

193 907 265 933 enim
281 907 370 933 minus
387 907 486 933 laborat
500 908 530 934 A.
544 908 664 938 Caecina,
682 917 713 934 ne
727 917 835 934 summo
849 909 905 934 iure
920 909 991 944 egis-
1010 900 1014 950 i

193 952 230 974 se,
247 953 327 979 qnam
343 953 375 970 ne
389 949 490 971 certum
506 946 548 971 ins
563 954 613 971 non
628 946 776 972 obtinuisse
792 945 922 972 videatur.

249 982 282 1007 M.
308 981 446 1008 Fulcinius
474 982 536 1012 fuit,
565 988 775 1018 recuperatores,
805 992 819 1009 e
842 983 990 1017 municipio

193 1019 394 1054 Tarquiniensi,
411 1020 457 1054 qui
472 1025 497 1045 et
511 1019 583 1046 domi
597 1029 661 1046 suae
675 1029 736 1047 cum
751 1021 845 1056 primis
861 1020 989 1047 honestus

193 1057 362 1091 existimatus
373 1061 421 1088 est,
439 1061 463 1083 ct
475 1058 571 1083 nomae
585 1058 760 1094 argentariam
775 1067 827 1084 non
842 1057 988 1094 ignobilem

193 1093 263 1120 fecit.
304 1094 328 1120 Is
349 1094 442 1120 habuit
460 1095 486 1120 in
506 1096 673 1122 matrimonio
687 1096 875 1126 Caesenniam,
896 1095 988 1122 eodem

192 1139 206 1157 e
221 1131 375 1166 municipio,
393 1140 499 1158 summo
514 1132 569 1158 loco
583 1138 669 1159 natam
684 1137 709 1159 et
723 1133 938 1167 probatissimam
951 1132 989 1158 fc-

192 1169 306 1199 minam,
327 1169 397 1195 sicut
411 1174 437 1195 et
451 1170 530 1195 vivus
545 1169 637 1196 multis
651 1170 709 1205 ipse
723 1170 804 1196 rebus
818 1170 947 1200 ostendit,
964 1174 989 1196 et

191 1206 219 1232 in
239 1210 321 1232 morte
339 1215 387 1232 sua
407 1211 564 1233 testamento
583 1207 737 1234 declaravit.
780 1209 820 1234 tt.
842 1207 909 1234 Huic
924 1207 989 1234 Cae-

191 1243 300 1269 senniae
318 1243 433 1270 fundum
453 1245 479 1270 in
498 1253 561 1279 agro
575 1245 762 1280 Tarquiniensi
782 1244 903 1271 vendidit
922 1249 988 1271 tem·
1018 1276 1019 1283 ἵ

191 1280 302 1315 poribus
321 1281 376 1307 illis
390 1281 559 1308 difficillimis
573 1282 724 1308 solutionis.
765 1282 854 1314 Quum
869 1287 988 1308 uteretur

191 1317 251 1344 dote
266 1319 356 1345 uxoris
371 1323 521 1345 numerata:
549 1328 603 1354 quo
616 1319 724 1346 mulieri
737 1324 806 1346 esset
820 1328 861 1346 res
875 1320 985 1350 cautior,

190 1356 307 1386 curavit,
329 1360 358 1382 ut
376 1356 402 1382 in
417 1364 448 1382 eo
462 1355 545 1382 fundo
558 1356 606 1383 dos
620 1356 803 1383 collocaretur.
844 1357 988 1392 Aliquanto

190 1397 250 1427 post
269 1393 321 1419 iam
340 1394 486 1428 argentaria
505 1393 648 1425 dissoluta,
671 1393 811 1421 Fulcinius
826 1394 890 1420 huic
904 1394 988 1420 fundo

190 1430 281 1456 uxoris
299 1431 460 1457 continentia
479 1431 610 1466 quaedam
632 1431 738 1466 praedia
760 1436 840 1467 atque
863 1431 987 1458 adiuncta

190 1471 331 1494 mercatur.
372 1468 484 1494 Moritur
505 1468 659 1495 Fulcinius:
687 1468 782 1504 (multa
804 1470 889 1500 enim,
918 1477 987 1504 quae

189 1509 252 1531 sunt
263 1506 290 1531 in
301 1514 336 1536 re,
349 1505 412 1540 quia
425 1509 523 1532 remota
534 1511 622 1532 sunta
633 1514 736 1538 caussa,
753 1507 961 1541 praetermittam
970 1505 987 1541 :)

190 1547 347 1569 testamento
361 1542 422 1569 facit
437 1543 572 1575 heredem,
588 1552 670 1579 quem
684 1543 800 1571 habebat
813 1553 827 1571 e
841 1543 987 1571 Caesennia

190 1579 289 1606 tilium:
315 1589 396 1606 usum
414 1585 440 1606 et
459 1580 574 1607 fructum
594 1581 716 1608 omnium
729 1581 860 1608 bonorum
875 1590 986 1608 suornm

189 1617 350 1644 Caesenniae
370 1617 451 1653 legat,
476 1622 506 1644 ut
527 1617 660 1645 frueretur
681 1627 734 1645 una
757 1628 819 1645 cum
838 1618 903 1645 filio.

188 1655 302 1690 Magnus
317 1655 401 1682 honos
416 1655 466 1681 viri
482 1655 617 1682 iucundus
631 1655 739 1682 mulieri
754 1656 862 1687 fuisset,
883 1656 907 1682 si
925 1655 988 1682 diu-

188 1696 298 1718 turnum
318 1701 376 1718 esse
396 1691 526 1719 licuisset.
567 1693 711 1719 Frueretur
728 1694 800 1720 enim
823 1693 901 1720 bonis
924 1701 986 1719 cum

188 1738 227 1760 eo,
243 1738 324 1764 quem
340 1729 398 1756 suis
413 1730 489 1756 bonis
500 1730 626 1756 heredem
636 1739 695 1757 esse
706 1731 839 1766 cupiebat,
856 1735 880 1757 et
891 1739 922 1757 ex
933 1739 987 1765 quo
1008 1755 1009 1758 ,

188 1767 337 1793 maximnm
353 1767 468 1793 fructum
483 1768 541 1802 ipsa
555 1768 684 1802 capiebat.
718 1768 768 1794 Sed
784 1768 855 1795 hunc
870 1767 986 1794 fructum

188 1808 291 1830 mature
307 1803 410 1830 fortuna
425 1804 532 1831 ademit.
567 1805 633 1831 Nam
648 1805 723 1832 brevi
738 1809 856 1840 tempore
871 1805 906 1831 M.
923 1805 987 1831 Ful—

187 1841 275 1867 cinius
293 1840 447 1868 adolescens
466 1847 587 1869 mortuus
605 1847 659 1869 est:
688 1842 812 1869 heredem
827 1843 857 1870 P.
873 1842 987 1870 Caesen-
1007 1859 1009 1868 Α

188 1879 264 1905 nium
283 1878 357 1905 fecit:
382 1880 458 1906 uxori
477 1880 577 1916 grande
600 1879 706 1916 pondus
731 1881 832 1917 argenti
854 1882 986 1916 matrique

188 1920 291 1951 partem
305 1916 435 1943 bonorum
450 1918 576 1944 maiorem
592 1917 699 1954 legavit.
739 1919 831 1954 ltaque
845 1919 872 1946 in
884 1923 985 1953 partem

188 1952 315 1979 mulieres
327 1959 432 1980 vocatae
443 1959 515 1981 sunt.
537 1955 569 1982 V.
587 1957 627 1982 43.
643 1955 732 1988 Quum
743 1961 814 1983 esset
825 1956 889 1982 haee
899 1957 986 1983 auctio
1008 1965 1009 1983 1

187 1990 345 2017 hereditaria
359 1992 515 2018 constituta:
532 1992 664 2019 Aebutius
675 1994 733 2025 iste,
749 1994 798 2029 qui
809 1993 910 2020 iamdiu
921 1994 986 2021 Cae-
1014 2018 1015 2021 ,

187 2028 297 2054 seuniae
311 2028 441 2055 viduitate
454 2038 484 2056 ac
497 2029 642 2057 solitudine
656 2030 783 2063 aleretur,
800 2040 830 2058 ac
843 2040 872 2058 se
886 2032 944 2058 eius
958 2032 984 2058 in

188 2064 395 2092 familiaritatem
410 2066 573 2094 insinuasset
587 2067 636 2094 hac
650 2069 759 2100 ratione,
776 2073 806 2095 ut
818 2077 880 2095 cum
895 2068 986 2103 aliquo

186 2111 237 2129 suo
254 2103 412 2138 compendio
430 2105 534 2140 negotia
552 2105 688 2137 mulieris,
713 2106 736 2132 si
753 2114 807 2141 qua
824 2106 983 2137 acciderent,

187 2141 434 2176 controversiasque
454 2142 615 2176 susciperet:
645 2143 801 2170 versabatur
823 2152 854 2170 eo
876 2152 985 2179 quoque

187 2181 305 2212 tempore
319 2178 346 2204 in
361 2178 403 2204 his
418 2179 565 2205 rationibus
580 2180 711 2207 auctionis
725 2184 751 2207 et
766 2181 929 2216 partitionis,
946 2185 986 2207 at-

186 2223 240 2249 que
254 2215 333 2241 etiam
352 2223 380 2241 se
399 2216 457 2250 ipse
474 2215 606 2243 inferebat
624 2222 648 2244 et
667 2218 820 2244 intrudebat
837 2223 863 2244 et
880 2219 908 2244 in
926 2227 984 2244 eam

186 2252 339 2287 opinionem
351 2252 523 2280 Caesenniam
534 2254 691 2286 adducebat,
707 2260 737 2282 ut
750 2255 848 2282 mulier
861 2255 985 2290 imperita
1013 2276 1015 2286 Α

187 2289 253 2315 nihil
273 2294 378 2324 putaret
395 2291 437 2326 agi
456 2291 552 2317 callide
570 2300 661 2327 posse,
682 2293 729 2319 ubi
749 2301 800 2319 non
815 2293 920 2319 adesset
933 2293 985 2319 Ae-

186 2326 289 2353 butius.
331 2328 372 2354 tt.
393 2327 479 2360 Quam
493 2337 634 2363 personam
648 2330 701 2356 iam
716 2339 749 2356 ex
766 2330 922 2365 quotidiana
940 2339 985 2357 co-

186 2364 313 2399 gnoscitis
327 2365 394 2396 vita,
411 2371 621 2401 recuperatores,
642 2367 787 2394 mulierum
801 2368 982 2399 assentatoris,

186 2401 329 2435 cognitoris
341 2401 492 2434 viduarum,
505 2403 654 2431 defensoris
663 2405 778 2431 nimium
790 2404 909 2440 litigiosi,
921 2413 985 2431 con—

186 2438 231 2463 citi
245 2437 278 2464 ad
292 2439 390 2471 rixam,
406 2440 489 2475 inepti
503 2449 533 2467 ac
550 2442 626 2468 stulti
644 2442 714 2468 inter
730 2443 816 2474 viros,
836 2443 906 2468 inter
924 2451 985 2468 mu-

188 2474 266 2500 lieres
305 2477 383 2510 periti
422 2477 490 2504 iuris
529 2482 555 2504 et
589 2478 694 2506 callidi:
738 2479 808 2506 hanc
841 2488 983 2514 personam

188 2512 315 2546 imponite
328 2512 454 2541 Aebutio:
477 2515 500 2541 is
514 2516 585 2542 enim
599 2516 760 2543 Caesenniae
775 2516 826 2543 fuit
839 2517 981 2543 Aebutius.

189 2548 226 2574 Ne
242 2548 305 2575 forte
319 2552 460 2584 quaeratis,
477 2561 543 2579 num
557 2553 744 2588 propinquus?
769 2553 838 2580 nihil
856 2553 981 2580 alienius.

188 2585 307 2616 Amicus,
323 2591 390 2613 anta
401 2593 482 2622 patre,
498 2594 544 2616 aut
557 2599 572 2616 a
582 2591 640 2617 viro
653 2590 785 2617 traditus?
798 2590 865 2617 nihil
880 2591 981 2617 minus.
1010 2610 1012 2618 ,

187 2621 254 2654 Quis
267 2623 367 2658 igitur?
380 2624 434 2655 ille,
450 2625 504 2657 ille,
520 2635 602 2662 quem
616 2636 697 2662 supra
707 2627 870 2654 deformavi:
886 2628 984 2654 volun-
1010 2651 1012 2660 ,

188 2660 270 2685 tarius
284 2661 386 2686 amicus
400 2661 530 2694 mulieris.
548 2673 599 2690 non
610 2665 808 2691 necessitudine
819 2664 918 2700 aliqua,
934 2665 982 2691 sed

188 2695 248 2723 ficto
260 2696 347 2724 officio
360 2698 538 2735 simulataque
551 2701 693 2728 sedulitate
706 2702 879 2734 coniunctus3
895 2703 981 2738 magis

921 166 950 191 T.
986 166 1004 191 (Ζ

945 1620 985 1644 ⁴2.
1016 1611 1017 1621 ¹

1023 165 1262 192 tet-:noxis

1014 235 1015 239 ’
1045 240 1192 270 opportuna
1204 244 1282 271 opera
1295 245 1505 271 nonnumquam,
1514 246 1594 272 quam
1606 237 1750 274 aliquando
1759 239 1840 268 fideti.

1048 274 1086 298 tn.
1109 274 1198 304 Quum
1222 278 1304 304 esset.
1331 278 1359 299 nt
1381 274 1468 300 dicere
1490 275 1670 307 institueram,
1697 278 1840 304 constituta

1044 310 1131 335 auctio
1150 310 1259 341 Romae,
1284 310 1432 338 suadebant
1453 312 1531 338 amici
1549 313 1708 348 coguntique
1726 314 1841 341 Caesen-

1045 347 1116 377 niae,
1138 347 1163 373 id
1182 347 1254 382 qnod
1270 348 1320 382 ipsi
1335 357 1443 384 quoque
1457 349 1562 376 mulieri
1579 351 1604 376 in
1620 355 1735 377 mentem
1751 352 1842 379 venie-

1045 384 1100 414 lmt,
1127 385 1253 419 qntmiam
1277 390 1394 420 potesta»
1417 392 1487 413 esset
1504 387 1609 414 emendi
1629 387 1743 415 fundum
1763 388 1841 416 illum

1045 421 1241 453 Fulcinianum,
1257 423 1304 457 qui
1320 422 1402 449 fundo
1415 424 1473 450 eius
1487 424 1597 459 antiquo
1609 426 1748 452 continens
1759 431 1838 457 esset,

1045 458 1145 485 nullam
1160 468 1218 485 esse
1233 460 1370 491 rationem,
1386 461 1506 487 amittere
1517 462 1647 489 eiusmodi
1659 463 1839 496 occasionem,

1043 505 1127 530 quum
1153 498 1307 531 praesertim
1331 498 1444 532 pecunia
1466 507 1500 525 ex
1523 500 1662 534 partitione
1684 500 1839 527 deberetur:

1045 542 1177 567 nusquam
1202 543 1279 569 posse
1302 543 1359 561 eam
1383 535 1481 562 melius
1504 535 1636 563 collocari.
1676 538 1767 572 ltaque
1791 538 1841 565 hoc

1044 571 1140 597 nudior
1152 571 1235 597 facere
1245 573 1395 599 constitnit:
1408 572 1524 604 mandat,
1534 578 1562 599 ut
1572 573 1686 600 fundum
1696 575 1748 602 eibi
1759 580 1839 602 emat.

1044 608 1092 634 Cui
1113 609 1237 635 tandem‘?
1259 610 1302 635 cui
1320 610 1438 644 putatis?
1459 611 1499 637 An
1521 620 1571 637 non
1591 611 1618 637 in
1637 616 1753 638 mentem
1768 613 1842 639 venit

1043 646 1170 671 omnibus
1189 646 1262 672 illius
1283 647 1332 673 hoc
1351 656 1450 674 munus
1471 656 1528 674 esse
1552 648 1585 674 nd
1606 649 1695 675 omnin
1718 649 1840 676 mulieris

1044 684 1146 716 negotia
1162 684 1258 718 parati,
1278 684 1336 710 uine
1350 694 1405 719 quo
1419 685 1485 711 nihil
1500 686 1564 711 natis
1578 690 1667 717 caute,
1693 686 1759 712 nihil
1774 687 1840 713 satis

1043 721 1139 746 callide
1153 721 1194 756 agi
1211 721 1317 756 posset?
1331 722 1408 748 Recte
1422 723 1568 749 attenditis.
1609 723 1651 750 vt.
1669 725 1708 750 ⁴6.
1725 724 1840 750 Aebutio

1044 758 1178 793 negotium
1198 758 1286 785 datur.
1327 759 1409 786 Adest
1428 760 1459 786 ad
1479 760 1612 786 tabulam:
1638 760 1732 787 licetur
1749 761 1840 788 Aebu—

1019 820 1021 827 ί
1044 796 1110 821 tius:
1132 795 1298 822 deterrentur
1312 802 1444 831 emptores
1459 797 1549 828 multi,
1567 798 1661 832 partim
1676 798 1759 831 gratia
1773 798 1840 825 Cae-

1019 831 1021 866 Ι
1043 833 1160 864 senniae,
1177 834 1272 868 partim
1287 835 1365 860 etiam
1382 835 1474 869 pretio.
1516 835 1627 861 Fundus
1641 831 1774 862 addicitur
1787 836 1839 862 Ae-

1019 873 1021 877 '
1043 870 1130 896 butio:
1155 872 1295 905 pecuniam
1311 873 1458 907 argentario
1471 873 1599 907 promittit
1614 873 1760 899 Aebutius:
1784 881 1840 909 quo

1043 909 1193 934 testimonio
1205 917 1276 934 nunc
1287 909 1327 935 vir
1336 910 1454 944 optimus
1466 910 1556 940 utitur,
1573 910 1624 936 sibi
1637 915 1757 945 emptum
1767 918 1837 937 esse.

1011 945 1020 985 ii
1042 945 1124 977 Quasi
1145 954 1205 972 vcro
1223 950 1267 972 aut
1287 955 1334 972 nos
1352 947 1376 972 ei
1395 955 1524 981 negemus
1543 947 1692 979 addictum,
1717 952 1762 974 aut
1781 952 1839 974 tum

1011 991 1020 1028 ι
1042 983 1186 1017 quisquam
1203 982 1295 1014 fuerit,
1315 984 1362 1018 qui
1377 983 1522 1014 dubitaret,
1543 985 1609 1019 quin
1628 989 1761 1011 emeretur
1774 984 1839 1012 Cae-

1011 1019 1019 1057 ,
1042 1020 1163 1051 seuniae,
1187 1029 1272 1055 quum
1292 1021 1318 1047 id
1338 1021 1459 1056 plerique
1477 1022 1588 1052 scirent,
1609 1030 1703 1048 omnes
1722 1021 1776 1048 fere
1790 1031 1839 1049 au-

1010 1060 1020 1084 =l
1041 1057 1152 1087 dissent,
1171 1057 1196 1083 hi
1211 1059 1361 1084 coniectura
1376 1059 1483 1093 assequi
1496 1063 1612 1093 possent,
1628 1067 1713 1094 quum
1724 1060 1838 1094 pecunia

1010 1085 1019 1131 ¹¹
1042 1095 1202 1121 Caesenniae
1215 1103 1248 1121 ex
1263 1095 1306 1121 illa
1323 1095 1467 1122 hereditate
1481 1096 1629 1128 deberetur,
1645 1104 1704 1123 eam
1718 1105 1797 1132 porro
1810 1097 1838 1124 in

1010 1113 1019 1159 i
1042 1132 1158 1167 praediis
1178 1132 1299 1159 collocari
1325 1133 1440 1159 maxime
1462 1133 1610 1168 expediret,
1636 1139 1726 1160 essent
1748 1139 1838 1161 autem

1010 1163 1019 1199 ff
1042 1169 1162 1204 praedia,
1183 1178 1252 1205 quae
1266 1170 1372 1196 mulieri
1388 1171 1503 1197 maxime
1517 1172 1701 1202 convenirent,
1717 1179 1747 1198 ea
1762 1172 1839 1198 veni-

1041 1211 1107 1238 rent,
1125 1207 1248 1233 liceretur
1258 1207 1289 1239 is,
1305 1216 1386 1243 quem
1398 1207 1558 1235 Caesenniae
1568 1208 1631 1234 dare
1641 1217 1748 1243 operam
1760 1217 1838 1235 nemo

1041 1245 1190 1275 miraretur,
1206 1245 1258 1270 sibi
1273 1253 1360 1271 emere
1375 1254 1452 1272 nemo
1463 1250 1552 1280 posset
1563 1246 1705 1280 suspicari.
1728 1247 1768 1272 Π.
1783 1246 1838 1273 Hac

1040 1283 1173 1316 emptione
1188 1281 1267 1313 facta,
1289 1283 1402 1317 pecunia
1420 1282 1534 1309 solvitur
1547 1291 1561 1309 a
1576 1283 1735 1309 Caesennia:
1758 1284 1837 1310 cuius

1040 1319 1077 1345 rei
1096 1324 1171 1354 putat
1189 1319 1238 1345 iste
1258 1320 1384 1346 rationem
1403 1319 1479 1346 reddi
1498 1328 1549 1346 non
1568 1328 1659 1355 posse,
1684 1320 1757 1355 quod
1779 1321 1838 1355 ipse

1040 1356 1145 1383 tabulas
1159 1357 1296 1383 averterit:
1313 1366 1341 1383 se
1355 1362 1444 1384 autern
1458 1357 1555 1384 habere
1565 1358 1707 1393 argentarii
1721 1357 1835 1389 tabulas,

1017 1414 1018 1427 ,
1039 1395 1066 1421 in
1085 1394 1186 1429 quibus
1204 1394 1257 1420 sibi
1275 1402 1392 1428 expensa
1410 1395 1522 1430 pecunia
1547 1394 1598 1421 lata
1619 1395 1654 1421 sit
1677 1400 1838 1430 acceptaque

1017 1431 1018 1453 ἶ
1040 1431 1134 1458 relata:
1155 1432 1232 1466 quasi
1247 1431 1274 1458 id
1288 1431 1365 1458 aliter
1378 1432 1434 1458 fieri
1447 1433 1603 1467 oportuerit.
1644 1431 1734 1464 Quum
1747 1433 1837 1459 omnia

1015 1454 1018 1528 1
1039 1470 1074 1495 ita
1090 1468 1155 1495 facta
1167 1473 1264 1500 essent,
1281 1469 1508 1504 quemadmodum
1521 1478 1568 1496 nos
1579 1469 1759 1501 defendimus,
1772 1469 1838 1497 Cae-

1015 1585 1017 1606 l

1016 1645 1017 1656 l

1039 1507 1131 1533 sennia
1147 1505 1261 1532 fundum
1275 1506 1395 1541 possedit
1409 1506 1572 1542 locavitque:
1601 1515 1688 1542 neque
1701 1508 1736 1533 ita
1750 1507 1836 1534 multo

1039 1549 1099 1579 post
1112 1544 1144 1570 A.
1161 1543 1287 1570 Caecinae
1300 1545 1402 1578 nupsit.
1443 1544 1477 1571 Ut
1489 1545 1517 1571 in
1532 1553 1615 1580 pauca
1629 1544 1777 1576 conferam,
1798 1549 1838 1571 te-

1038 1585 1170 1608 stamento
1194 1580 1261 1607 facto
1283 1581 1380 1607 mulier
1404 1582 1525 1608 moritur.
1565 1582 1637 1608 Facit
1661 1581 1784 1608 heredem
1803 1590 1838 1608 ex

1038 1618 1142 1645 deunce
1158 1622 1183 1644 et
1201 1619 1338 1645 semuncia
1356 1618 1510 1650 Caecinam,
1535 1627 1570 1646 ex
1591 1619 1698 1645 duabus
1722 1618 1836 1646 sextulis

1038 1656 1074 1682 M.
1090 1654 1252 1685 Fulcinium,
1270 1655 1394 1682 libertum
1410 1657 1557 1690 superioris
1571 1657 1630 1687 viri,
1647 1656 1762 1683 Aebutio
1774 1665 1837 1682 sex-

1039 1692 1122 1720 tulam
1141 1693 1267 1727 aspergit.
1308 1693 1380 1719 Hanc
1399 1693 1531 1720 sextulam
1550 1693 1595 1720 illa
1618 1693 1767 1720 mercedem
1792 1694 1836 1720 isti

1038 1739 1096 1757 esse
1111 1730 1196 1757 voluit
1210 1730 1376 1756 assiduitatis
1390 1735 1416 1757 et
1430 1730 1578 1762 molestiae,
1602 1731 1624 1757 si
1643 1739 1724 1766 quam
1743 1739 1837 1757 susc&

1038 1772 1120 1803 perat.
1162 1768 1213 1793 Iste
1235 1772 1323 1794 antem
1348 1767 1397 1794 hac
1420 1768 1524 1794 sextula
1550 1777 1578 1795 se
1605 1776 1697 1795 ansam
1722 1768 1836 1795 retinere

1008 1826 1009 1842 ,
1037 1806 1159 1832 omniurn
1173 1805 1413 1833 controversiarum
1428 1811 1513 1842 putat.
1553 1806 1607 1832 Vll.
1630 1808 1670 1833 ⁴8.
1692 1806 1746 1832 lam
1761 1806 1836 1841 prin-

1008 1843 1009 1846 ’
1038 1845 1109 1879 cipio
1122 1853 1205 1870 ausus
1219 1849 1259 1870 est
1272 1844 1374 1875 dicere,
1394 1853 1446 1870 non
1466 1852 1544 1879 posse
1558 1843 1683 1870 heredem
1697 1851 1757 1870 esse
1770 1843 1837 1870 eae-

1038 1882 1146 1908 senniae
1158 1882 1312 1909 Caecinam:
1328 1881 1401 1916 quod
1411 1882 1434 1908 is
1448 1882 1578 1908 deteriore
1591 1881 1649 1908 iure
1662 1885 1740 1912 esset,
1753 1889 1836 1916 quam

1037 1919 1115 1945 ceteri
1139 1919 1226 1950 cives,
1255 1922 1362 1953 propter
1383 1918 1582 1945 incommodum
1605 1917 1835 1945 Volaterranorum

1037 1956 1268 1991 calamitatemque
1285 1956 1403 1983 civilem.
1444 1957 1535 1991 ltaque
1553 1956 1633 1982 homo
1651 1955 1762 1982 timidus
1784 1955 1836 1982 im-

1037 1994 1207 2029 peritusque,
1228 1994 1276 2029 qui
1291 2002 1378 2029 neque
1391 1994 1474 2020 animi
1489 2001 1576 2029 neque
1589 1992 1694 2020 consilii
1707 1993 1773 2019 satis
1787 1992 1835 2019 ha-

1037 2032 1124 2061 beret,
1141 2040 1192 2057 non
1207 2032 1311 2066 putavit
1325 2039 1383 2057 esse
1397 2031 1461 2058 tanti
1477 2031 1662 2061 hereditatem,
1679 2034 1708 2056 ut
1721 2029 1754 2056 de
1767 2030 1836 2056 civi-

1037 2073 1089 2095 tate
1107 2069 1134 2095 in
1152 2068 1268 2095 dubium
1286 2069 1402 2095 veniret:
1430 2069 1573 2099 concessit,
1598 2067 1689 2098 credo,
1709 2067 1831 2098 Aebutio.

1037 2110 1169 2141 quantum
1183 2105 1272 2137 vellet,
1289 2106 1322 2132 de
1336 2105 1496 2132 Caesenniae
1510 2105 1587 2132 bonis
1601 2109 1630 2131 ut
1644 2105 1766 2131 haberet:
1781 2105 1835 2130 im-

1038 2152 1093 2175 mo,
1113 2148 1144 2170 ut
1162 2144 1220 2170 viro
1238 2143 1298 2170 forti
1317 2151 1346 2170 ac
1364 2143 1478 2178 sapienti
1497 2142 1610 2179 dignum
1624 2142 1688 2173 fuit,
1710 2142 1746 2168 ita
1759 2141 1834 2168 calu-

1037 2181 1138 2207 mniam
1152 2180 1349 2216 stultitiamque
1363 2181 1421 2207 eius
1435 2180 1545 2207 obtrivit
1555 2188 1585 2206 ac
1594 2179 1724 2207 contudit.
1747 2180 1788 2205 ⁴9.
1803 2179 1834 2205 ln

1037 2219 1208 2253 possessione
1222 2218 1353 2244 bonorum
1367 2226 1453 2253 quum
1467 2221 1545 2249 esset,
1562 2222 1587 2244 et
1600 2225 1685 2252 quum
1699 2217 1758 2251 ipse
1771 2223 1834 2242 sex-

1036 2255 1121 2282 tulam
1135 2265 1212 2282 suam
1226 2256 1341 2282 nimium
1355 2259 1534 2291 exaggeraret,
1551 2255 1658 2281 nomine
1671 2253 1778 2280 heredis
1791 2262 1834 2280 ar-

1013 2300 1015 2310 *
1035 2293 1136 2320 bitrum
1152 2292 1268 2319 familiae
1282 2293 1474 2319 herciscundae
1488 2291 1642 2327 postulavit.
1675 2290 1763 2326 Atque
1777 2289 1832 2317 illis

1012 2333 1015 2355 ι
1036 2331 1129 2365 paucis
1144 2330 1254 2361 diebus,
1273 2334 1449 2365 posteaquam
1463 2329 1536 2355 videt
1549 2328 1616 2355 nihil
1630 2336 1659 2354 se
1673 2327 1706 2354 ab
1719 2328 1751 2354 A.
1767 2327 1833 2354 Cae-

1035 2369 1095 2394 cina
1109 2376 1187 2402 posse
1202 2367 1291 2394 litium
1306 2372 1403 2394 terrore
1417 2366 1556 2393 abradere:
1576 2365 1680 2392 homini
1692 2365 1791 2391 Romae
1803 2365 1832 2391 in

1035 2405 1091 2432 foro
1101 2406 1248 2435 denuntiat,
1265 2404 1380 2431 fundum
1391 2404 1478 2435 illum,
1493 2403 1527 2429 de
1537 2411 1592 2438 quo
1601 2407 1661 2429 ante
1671 2402 1738 2433 dixi,
1753 2402 1832 2428 cuius

1035 2443 1117 2469 istum
1131 2447 1277 2477 emptorem
1292 2441 1471 2468 demonstravi
1485 2440 1570 2467 fuisse
1579 2439 1706 2466 mandatu
1716 2439 1833 2466 Caesen-

1035 2480 1103 2511 niae,
1119 2488 1201 2506 suum
1214 2488 1286 2510 esse,
1303 2487 1386 2514 seque
1399 2478 1451 2504 sibi
1465 2478 1573 2504 emisse.
1612 2475 1684 2509 Quid
1697 2475 1754 2502 ais‘?
1766 2480 1831 2502 tuus

1034 2517 1080 2544 ille
1094 2516 1195 2543 fundus
1208 2521 1258 2548 est,
1273 2525 1354 2551 quem
1364 2516 1422 2542 sine
1432 2514 1487 2541 ulla
1497 2514 1676 2541 controversia
1685 2512 1832 2548 quadrien-

1011 2549 1013 2584 ἓ
1034 2555 1123 2585 nium,
1140 2554 1190 2580 hoe
1202 2558 1254 2584 est,
1271 2562 1305 2580 ex
1317 2561 1372 2588 quo
1385 2557 1502 2587 tempore
1515 2551 1617 2578 fundus
1629 2551 1726 2581 veniit,
1741 2549 1832 2585 quoad

1034 2592 1115 2622 vixit,
1136 2591 1256 2626 possedit
1270 2589 1433 2617 Caesennia?
1457 2589 1529 2616 Usus
1543 2589 1628 2619 enim,
1647 2588 1749 2622 inquit,
1769 2588 1830 2614 eius

1035 2628 1111 2655 fundi
1125 2633 1151 2654 et
1164 2628 1280 2659 fructus,
1300 2631 1459 2654 testamento
1471 2627 1535 2657 viri,
1557 2625 1644 2652 fuerat
1656 2624 1828 2652 Caesenniae.

1010 2665 1013 2674 ¹
1033 2667 1075 2692 20.
1096 2665 1186 2698 Quum
1202 2665 1251 2691 hoc
1265 2672 1348 2691 novae
1362 2664 1416 2690 litis
1429 2671 1515 2699 genus
1530 2667 1583 2689 tam
1597 2662 1728 2689 malitiose
1741 2662 1830 2688 inten-

1033 2702 1118 2734 deret,
1138 2702 1240 2737 placuit
1257 2702 1384 2729 Caecinae
1401 2701 1435 2727 de
1453 2701 1600 2727 amicorum
1617 2699 1748 2726 sententia
1765 2707 1829 2726 oon-
