1941 3052
232 110 278 135 7κὶ
801 110 842 134 85.
878 108 912 134 M.
947 108 977 134 T.

233 180 357 206 tim-hinni
374 180 532 209 accessisse,
551 187 733 213 magnumque
749 186 842 203 eorum
862 178 1021 212 equitatum,

232 218 278 252 qui
303 218 326 243 in
344 217 464 242 (Zilicium
481 217 627 245 transisset,
646 216 678 241 nh
694 217 815 250 equitum
836 224 955 241 meorum
969 220 1024 241 tur-

233 255 284 280 mis
296 260 320 279 vi
332 264 344 279 n
359 254 464 279 cohorti·
477 254 691 286 praeta›ria,‹pine
703 258 757 278 erat
770 253 935 286 Epiphaniae
948 261 1024 287 prae-

232 292 294 318 sidii
311 300 413 318 cani-sn,
432 290 568 315 occidioni·
583 291 712 315 occisum.
753 291 839 321 Quare
851 298 935 324 quum
949 289 1025 315 vide-

233 338 286 355 rem
299 327 486 362 aCappznlucia
495 326 649 352 Parthorum
663 328 754 361 copias
765 335 871 352 aversas
883 336 934 352 non
948 326 1024 361 longe

232 364 547 392 nlinibusesseCilh-im·:
567 373 646 398 quam
655 366 729 398 potui
743 365 868 390 maximis
883 364 1024 390 itineribus

231 403 263 429 ad
282 404 412 428 Amanum
429 401 575 426 exercitum
592 401 668 427 (luxi.
709 402 767 432 Quo
785 406 812 427 ut
828 402 902 431 veni,
922 401 1023 427 hostem

231 441 264 465 nh
290 439 429 465 Antiochia
457 439 613 468 recessisse,
637 438 763 465 Bibulum
789 439 944 465 Antiochiae
965 447 1024 464 esse

231 478 357 512 cognovi:
380 476 584 510 Deiotarumquc
596 475 746 506 confestim,
757 476 807 502 iam
820 476 851 501 nd
865 485 906 502 me
915 476 1025 502 venien-

231 520 282 540 tem
300 522 360 539 cum
379 522 475 546 magno
491 518 515 538 ct
528 514 603 539 lirmo
615 513 733 547 equitatu
746 518 771 539 ct
783 513 912 548 peditatu,
926 518 1023 539 etcum
1046 516 1054 547 J

230 551 356 577 omnihus
372 551 429 576 suis·
445 551 539 584 copiis,
558 551 696 576 certiorem
715 550 774 581 feci,
792 560 843 577 non
861 551 946 577 videri
965 560 1024 576 esse

230 597 363 618 caussam,
381 596 428 613 cur
440 587 544 613 ahi-sset
555 596 567 613 a
581 596 670 621 regno,
686 596 781 622 meque
793 588 824 613 ad
837 597 908 618 euni,
922 587 1023 622 siquid

231 626 291 651 novi
310 625 373 651 sorte
390 625 540 655 accidisset,
558 625 646 651 statim
664 625 763 651 litteras
780 626 942 660 nuntiosque
959 626 1024 651 mis-

229 672 323 689 surum
345 671 414 688 csse.
455 664 479 688 8.
501 662 645 697 Quumque
665 671 695 688 co
716 663 805 689 animo
826 663 974 692 venissem.
997 667 1025 688 ut

230 701 336 734 utrique
353 700 515 734 provinciae,
534 700 556 725 si
570 700 603 726 ita
615 704 721 734 tempus
733 700 820 730 ferret,
833 700 1021 726 subvenirem:

229 742 286 764 tuni
303 737 339 768 id,
357 737 429 772 quod
447 738 498 763 iani
515 742 574 763 ante
586 741 740 768 statueram,
759 738 931 763 vehementer
943 737 1024 763 inter-

229 783 288 800 esse
305 775 446 808 utriusque
459 775 622 808 provinciae,
637 783 730 809 pacare
744 775 877 800 Amanum
892 779 917 801 et
928 783 1024 809 perpe-

229 817 306 838 tuum
334 811 436 838 hostem
463 820 496 838 cx
518 820 548 837 eo
570 817 657 837 monte
679 811 783 843 tollere,
807 821 885 846 agere
906 812 1021 846 perrexi.

229 850 374 884 Quumque
391 858 432 874 me
448 849 587 875 discedere
603 849 636 874 ab
651 858 681 875 eo
698 854 785 876 monte
804 846 985 878 simulassem,
999 853 1024 874 et

229 886 295 912 alias
306 891 394 921 partes
405 885 514 912 Ciliciae
527 891 623 920 petere.
633 886 810 921 abessemque
823 887 855 912 ab
862 886 964 912 Amano
976 886 1024 912 iter

228 924 311 950 unius
323 923 386 953 diei.
400 928 425 949 et
436 928 520 949 castra
533 924 603 958 apud
615 924 795 959 Epiphaniam
809 923 946 950 fecissem:
963 923 1023 949 a.d.

212 960 217 966 ’
228 966 354 995 quartum
368 960 429 987 ldus
441 961 578 991 Octobres,
595 970 679 996 quum
691 961 1024 996 advesperasceret.expe-
1046 968 1054 997 ’ζ

228 998 284 1024 dito
300 999 418 1024 exercitu
435 999 469 1024 ita
486 1003 563 1024 noctu
581 999 630 1024 iter
647 998 706 1028 feci,
725 1003 753 1025 ut
764 1008 788 1025 a.
801 998 828 1025 d.
842 999 949 1025 tertium
962 998 1023 1024 ldus

228 1035 366 1066 Octobres.
385 1044 469 1070 quum
484 1035 632 1066 lucisceret,
651 1037 678 1062 in
690 1036 823 1062 Amanum
835 1035 1020 1066 ascenderem3

228 1072 436 1107 distributisque
452 1073 607 1099 cohortibus
623 1077 649 1099 et
664 1073 788 1103 auxiliis,
811 1082 896 1108 quum
913 1073 974 1099 aliis
989 1072 1021 1105 Q.

229 1109 317 1141 frater,
337 1109 453 1145 legatuS,
477 1119 581 1136 mecum
598 1110 699 1141 simul,
723 1110 783 1136 aliis
799 1110 828 1137 C.
842 1111 1020 1145 Pomptinius,

228 1146 346 1182 legatus,
371 1147 482 1182 reliquis
499 1148 533 1174 M.
550 1148 671 1174 Anneius
688 1153 712 1174 et
732 1148 760 1174 L.
774 1148 910 1179 Tulleius,
932 1147 1020 1183 legati,

227 1189 395 1219 praeessent:
432 1184 574 1219 plerosque
596 1194 643 1211 nec
664 1186 804 1219 opinantes
825 1185 1020 1220 oppressiniuS,

227 1222 274 1256 qui
295 1222 377 1247 occisi
398 1223 522 1256 captique
538 1226 613 1253 sunt,
638 1222 776 1248 interclusi
793 1221 866 1258 fuga.
907 1223 1021 1249 Eranam

227 1264 326 1288 nutem,
344 1268 413 1293 quae
426 1259 476 1285 fuit
487 1268 538 1285 non
552 1260 603 1285 vici
620 1260 711 1290 instar,
725 1259 772 1285 sed
784 1260 869 1290 urbis,
883 1259 955 1294 quod
967 1264 1023 1286 erat

227 1297 324 1322 Amani
335 1300 423 1330 caput,
439 1297 557 1331 itemque
573 1297 702 1332 Sepyram
715 1302 740 1323 et
750 1297 913 1328 Commorin,
928 1298 1023 1323 acriter

227 1338 251 1359 et
263 1333 309 1359 diu
323 1334 550 1369 repugnantibus,
565 1334 716 1368 Pomptinio
730 1334 805 1361 illam
817 1334 1022 1369 partemAmani

227 1375 342 1401 tenente,
361 1379 393 1397 ex
409 1371 566 1397 antelucano
581 1376 699 1406 tempore
716 1380 802 1406 usque
819 1371 852 1398 ad
864 1372 955 1398 horam
967 1372 1022 1398 diei

226 1408 373 1439 decimam,
392 1417 487 1444 magna
505 1408 678 1435 multitudine
695 1408 813 1435 hostium
829 1410 930 1440 occisa,
948 1410 1022 1444 cepi-

228 1454 301 1471 mus:
325 1445 487 1480 castellaque
503 1454 551 1472 sex
566 1451 656 1480 capta:
683 1445 820 1481 complura
838 1447 1020 1473 incendimus

226 1484 251 1508 9.
275 1483 320 1508 llis
335 1482 416 1509 rebus
429 1483 462 1509 ita
474 1484 567 1518 gestis⁷
581 1488 665 1510 castra
678 1484 705 1510 in
716 1483 854 1510 radicibus
865 1484 961 1510 Amani
975 1484 1023 1510 ha-

1011 108 1285 135 CICERONIS

1075 179 1200 205 cionihua
1212 179 1244 205 ad
1256 179 1359 205 caelum
1371 179 1505 206 extulisti:
1528 182 1607 207 cuius
1619 190 1669 216 ego
1680 189 1786 216 semper
1797 186 1866 208 tanta

1076 226 1134 241 cnse
1148 217 1289 242 verborum
1303 216 1418 251 pondera
1430 219 1531 251 putavi,
1546 224 1573 244 ut
1586 227 1638 244 uno
1651 219 1732 244 verbu
1743 224 1796 248 tuo,
1805 228 1867 245 cum

1052 257 1055 286 ε
1077 262 1134 279 mea
1152 253 1228 279 laude
1243 254 1398 283 coniuncto,
1420 255 1508 280 omnia
1529 257 1636 290 assequi
1653 265 1694 281 me
1714 256 1866 282 arbitrarer.

1052 303 1054 311 π
1077 291 1111 316 Tc
1127 290 1245 325 denique
1262 292 1382 321 memini,
1400 300 1485 325 quum
1500 292 1607 318 cuidam
1623 292 1773 319 clarissimo
1789 299 1868 328 atque

1054 332 1055 336 ¹
1076 329 1177 361 optimo
1191 329 1247 354 viro
1258 328 1482 362 supplicationem
1494 338 1544 355 non
1556 329 1722 359 decerneres,
1731 330 1828 357 dicere.
1844 335 1868 356 te

1053 368 1055 400 ζ
1077 365 1256 395 decreturum,
1269 366 1292 391 si
1305 365 1447 391 referretur
1456 366 1491 392 ob
1501 374 1546 391 eas
1558 375 1608 395 ree.
1622 375 1689 401 quas
1702 368 1724 393 ia
1734 367 1828 393 consul
1841 369 1867 394 in

1053 410 1055 418 ¹
1077 402 1143 428 urhe
1154 403 1291 437 gessisset.
1326 403 1364 428 Tu
1378 402 1448 428 idem
1463 404 1528 429 mihi
1541 403 1764 438 supplic-ationem
1776 404 1869 430 decre-

1053 436 1055 458 3
1077 440 1139 465 visti
1153 445 1248 472 togato,
1266 448 1316 465 non
1333 445 1361 466 ut
1373 440 1474 470 multis,
1489 441 1625 475 republica
1638 441 1703 467 bene
1713 447 1796 476 gesta,
1810 441 1866 471 sed.

1077 482 1105 502 ut
1117 478 1227 507 nemini,
1242 477 1379 511 republica
1394 484 1558 503 conservata.
1593 480 1631 504 ⁴2.
1649 478 1730 507 Mino.
1743 479 1815 513 quod
1828 479 1870 505 in-

1077 514 1188 545 vidiam,
1201 515 1273 549 quod
1286 514 1413 549 pericula,
1427 514 1498 549 quod
1510 524 1603 541 omnes
1615 524 1686 541 meas
1698 520 1869 549 tempestates

1076 556 1101 577 ct
1115 551 1242 581 subieris,
1256 557 1281 578 ct
1293 552 1377 578 multo
1387 553 1467 578 etiam
1479 553 1575 587 magis.
1589 553 1671 587 siper
1682 560 1723 578 me
1737 553 1867 583 licuisset,

1076 589 1168 614 subire
1184 590 1371 623 paratissimus
1387 589 1483 620 tueris,
1506 589 1577 625 quod
1593 590 1710 624 denique
1728 590 1868 616 inimicum

1052 639 1053 647 κ
1077 635 1166 652 meum
1179 632 1255 652 tuum
1269 627 1408 653 inimicum
1417 628 1532 661 putaris:
1548 628 1866 657 cuiusetiaminteritum,

1052 670 1053 676 ¹
1076 668 1105 689 ut
1116 663 1193 689 facile
1207 664 1392 699 intelligerem,
1402 664 1752 699 mibiquantumtribueres.
1762 664 1869 691 Milonis

1075 709 1169 727 caussa
1186 702 1212 727 in
1224 706 1316 727 senatu
1329 701 1506 732 defendenda,
1515 701 1682 736 approbaris.
1704 702 1723 728 Α
1732 707 1867 728 meantem

1077 738 1141 764 haec
1157 743 1219 764 sunt
1231 738 1356 773 prosecta,
1373 747 1443 773 quae
1454 748 1504 774 ego
1516 740 1541 765 in
1554 739 1678 765 beneficii
1691 738 1747 765 loco
1757 748 1808 765 non
1820 747 1868 774 po-

1076 784 1118 805 no,
1136 775 1183 801 sed
1200 776 1226 802 in
1244 777 1298 801 veri
1313 777 1457 802 testimonii
1468 781 1548 810 atque
1561 776 1668 806 iudicii;
1692 781 1721 802 ut
1731 781 1869 810 praestan-

1076 813 1194 839 tissimas
1205 818 1264 839 tuas
1275 813 1387 839 virtutes
1394 822 1445 839 non
1454 814 1548 839 tacitus
1555 813 1710 843 admirarer,
1718 814 1868 848 ‘quisenim

1052 848 1054 887 Ἰ
1076 851 1102 876 in
1118 855 1142 876 te
1158 850 1184 876 id
1197 859 1248 876 non
1266 850 1353 885 facim)
1373 850 1420 876 sed
1439 851 1465 877 in
1479 851 1606 877 omnibus
1617 851 1793 881 orationibus,
1806 859 1869 877 sen-

1075 888 1165 914 tentiis
1181 887 1317 918 dicendis,
1339 888 1444 914 caussis
1459 888 1585 923 agendis,
1602 888 1729 914 omnibus
1748 889 1866 922 scriptis,

1075 925 1199 956 Graecis,
1218 925 1332 956 Latinis,
1349 926 1423 951 omni
1442 925 1559 960 denique
1578 926 1704 951 varietate
1720 925 1867 951 litterarum

1076 971 1205 993 mearum,
1219 967 1242 988 te
1255 971 1306 988 non
1319 962 1396 989 modo
1407 963 1449 993 iis,
1463 971 1531 997 quos
1543 962 1716 990 vidissemus.
1725 962 1771 988 sed
1784 962 1868 993 iis‚de

1075 999 1674 1034 quibusaudissemua,omnibusanteserrem.
1699 1002 1738 1025 ¹3.
1750 999 1868 1031 Quaeres

1076 1036 1196 1067 fortasse.
1214 1037 1281 1071 quid
1296 1038 1340 1068 sit,
1361 1037 1433 1072 quod
1447 1046 1497 1073 ego
1509 1037 1558 1063 hoc
1572 1037 1663 1063 nescio
1672 1036 1739 1071 quid
1750 1037 1869 1072 gratula-

1052 1080 1053 1093 ¹
1075 1075 1156 1101 tionis
1177 1079 1202 1100 et
1223 1074 1331 1100 honoris
1352 1083 1365 1100 a
1382 1079 1489 1105 senatu,
1513 1075 1578 1101 tanti
1594 1075 1743 1100 aestimem.
1783 1075 1867 1110 Agam

1045 1120 1054 1130 ¹=
1076 1112 1128 1137 iam
1146 1116 1233 1137 tecum
1246 1111 1422 1142 familiariter,
1441 1116 1470 1138 ut
1481 1116 1521 1138 est
1531 1116 1556 1138 et
1567 1111 1665 1137 studiis
1676 1116 1702 1137 et
1711 1110 1808 1137 orificiis
1820 1120 1868 1138 no—

1075 1149 1137 1175 stris
1149 1149 1251 1175 mutuis
1263 1153 1288 1175 et
1299 1157 1405 1175 summa
1417 1149 1534 1175 amicitia
1546 1148 1669 1184 dignum,
1683 1153 1708 1174 et
1719 1149 1868 1175 necessitu—

1075 1186 1138 1212 dine
1153 1187 1233 1212 etiam
1250 1190 1369 1221 paterna.
1410 1185 1438 1212 Si
1453 1187 1599 1221 quisquam
1616 1185 1666 1212 fuit
1682 1194 1810 1220 umquam
1825 1194 1868 1212 re-

1075 1228 1163 1250 motus
1174 1228 1199 1250 et
1211 1228 1314 1254 natura,
1327 1228 1352 1250 et
1363 1224 1450 1259 magis
1461 1224 1550 1253 etiam.
1565 1228 1593 1250 ut
1604 1223 1672 1249 mihi
1683 1222 1794 1258 quidem
1805 1231 1868 1250 sen-

1075 1261 1124 1287 tire
1140 1261 1241 1291 videor,
1262 1261 1362 1287 ratione
1377 1265 1457 1296 atque
1473 1261 1602 1291 doctrina.
1619 1260 1653 1286 ab
1668 1261 1740 1286 inani
1753 1260 1832 1287 laude
1842 1265 1868 1287 et

1074 1298 1246 1325 sermonibus
1262 1297 1353 1333 vulgi,
1376 1306 1425 1334 ego
1439 1297 1556 1333 profecto
1571 1299 1594 1324 is
1610 1306 1681 1324 sum.
1726 1298 1813 1324 Testis
1827 1303 1869 1324 est

1052 1330 1053 1352 ³
1074 1335 1230 1362 consulatus
1242 1343 1332 1362 meus:
1356 1336 1382 1362 in
1395 1344 1457 1370 quo,
1466 1336 1536 1362 sicut
1547 1336 1573 1362 in
1586 1334 1689 1370 reliqua
1701 1335 1764 1366 vita,
1773 1334 1865 1366 fateor,

1074 1382 1103 1400 ea
1122 1382 1164 1399 me
1179 1372 1300 1399 studiose
1315 1377 1447 1405 secutum,
1463 1382 1497 1400 ex
1512 1372 1614 1408 quibus
1625 1381 1687 1398 vera
1697 1372 1782 1408 gloria
1793 1373 1867 1399 nasci

1051 1419 1053 1433 r
1074 1415 1177 1445 posset:
1199 1411 1286 1445 ipsam
1302 1409 1413 1446 quidem
1428 1409 1542 1446 gloriam
1558 1419 1605 1445 per
1615 1418 1644 1436 se
1655 1418 1804 1444 numquam
1815 1418 1867 1444 pu-

1051 1438 1053 1484 ἶ
1074 1449 1129 1474 tavi
1144 1447 1333 1483 expetendam.
1378 1448 1469 1483 Itaque
1485 1453 1511 1474 et
1524 1447 1691 1483 provinciam
1707 1452 1826 1473 ornatam
1842 1451 1869 1474 et

1051 1485 1052 1498 ¹
1073 1494 1149 1520 spem
1171 1493 1223 1512 non
1243 1485 1356 1512 dubiam
1372 1485 1504 1520 triumphi
1519 1484 1637 1521 neglexi.
1681 1483 1867 1511 Sacerdotium

227 1519 337 1546 buimus
352 1520 423 1554 apud
435 1520 501 1547 Aras
513 1520 658 1547 Alexandri
669 1521 860 1556 quatriduum:
883 1523 947 1548 etin
959 1521 1023 1548 reli-
1043 1511 1052 1553 ii
1073 1523 1205 1558 denique,
1227 1531 1312 1557 quum
1328 1522 1568 1557 (quemadmodum
1585 1527 1610 1548 te
1623 1522 1778 1548 existimare
1794 1522 1868 1548 arbi-

225 1557 298 1591 quiis
314 1557 410 1583 Amani
426 1557 549 1584 delendis
564 1559 690 1593 agrisque
706 1558 857 1589 vastandis,
875 1567 944 1594 quae
959 1567 1021 1594 pars

225 1595 284 1620 eius
296 1595 394 1621 montis
407 1603 480 1621 meae
490 1596 645 1630 provinciae
656 1600 704 1627 est,
714 1596 741 1622 id
755 1601 862 1631 tempus
873 1605 951 1622 omne
957 1605 1022 1623 con-

224 1632 404 1666 sumpsimus.
447 1634 486 1659 ⁴0.
508 1632 641 1659 Confectis
662 1632 705 1659 his
726 1633 820 1664 rebus,
841 1633 874 1659 ad
889 1633 1021 1668 oppidum

225 1668 480 1696 Eleutherocilicum
504 1669 696 1696 Pindenissum
725 1671 874 1697 exercitum
902 1671 1017 1703 adduxi;

224 1705 297 1740 quod
318 1715 403 1740 quum
419 1711 489 1733 esset
503 1706 635 1734 altissimo
654 1712 679 1733 et
695 1708 878 1734 munitissimo
895 1707 965 1739 loco,
987 1708 1020 1734 ab

225 1743 314 1777 iisque
331 1743 500 1775 incoleretur,
523 1744 571 1778 qui
587 1753 620 1770 ne
636 1745 746 1780 regibus
763 1745 874 1779 quidem
890 1754 1020 1780 umquam

226 1781 390 1814 paruissent;
414 1789 499 1816 quum
515 1786 540 1807 et
556 1780 685 1817 fugitivos
697 1782 855 1816 reciperent.
874 1787 899 1808 et
910 1782 1020 1808 Partho-

227 1826 284 1843 rum
301 1817 446 1844 adventum
463 1818 591 1844 acerrime
606 1824 804 1853 exspectarent:
832 1819 864 1845 ad
881 1820 1021 1846 existima-

226 1854 324 1880 tionem
341 1855 447 1889 imperii
459 1856 591 1889 pertinere
603 1855 746 1882 arbitratus
757 1865 829 1887 sum,
842 1858 1019 1891 comprimere

225 1899 317 1917 eorum
329 1891 483 1924 audaciam,
512 1901 566 1927 quo
579 1892 686 1919 facilius
705 1894 784 1919 etiam
800 1899 949 1920 ceterorum
961 1895 1020 1921 ani-

226 1929 272 1958 mi.
286 1930 333 1963 qui
345 1928 426 1955 alieni
438 1934 527 1956 essent
538 1930 571 1956 ab
583 1930 697 1965 imperio
709 1935 807 1962 nostro,
822 1931 1017 1967 frangerentur.

224 1965 301 1992 Vallo
312 1970 337 1992 et
344 1965 414 1992 fossa
421 1967 602 1994 circumdedi:
615 1967 796 1999 sexcasteilis,
805 1969 955 2003 castrisque
962 1978 1019 1995 ma—

224 2003 306 2029 ximis
313 2004 401 2038 sepsi:
414 2012 519 2039 aggere,
529 2005 626 2035 vineis,
636 2005 756 2032 turribus
762 2007 928 2042 oppugnavi:
938 2015 1019 2032 usus-
1041 2013 1049 2021 '¹

223 2048 277 2075 que
289 2041 428 2067 toi-mentis
440 2041 542 2073 multis,
556 2042 649 2069 multis
659 2043 816 2079 sagittariis,
826 2043 1019 2079 magnolabore

224 2085 292 2108 meo,
310 2078 368 2104 sine
385 2077 440 2104 ulla
456 2078 578 2106 molestia
589 2085 734 2114 sumptuve
746 2081 890 2111 sociorum,
904 2082 1019 2115 septimo

223 2115 500 2151 quinquagesimodie
511 2125 568 2142 rem
579 2117 697 2144 confeci:
718 2122 755 2149 ut,
763 2118 891 2144 omnibus
897 2119 1019 2152 partibus

223 2151 299 2178 urbis
310 2151 469 2179 disturbatis
481 2158 525 2180 aut
537 2155 663 2185 incensis,
677 2155 811 2190 compulsi
823 2156 849 2182 in
861 2160 1019 2190 potestatem

223 2197 310 2215 meam
326 2191 506 2224 pervenirent.
547 2192 594 2218 His
609 2197 683 2218 erant
695 2192 802 2219 finitimi
813 2193 871 2227 pari
882 2193 983 2219 scelere
995 2198 1020 2220 et

223 2226 335 2253 audacia
347 2227 486 2254 Tibarani:
519 2228 553 2254 ab
565 2229 621 2260 his,
639 2229 800 2256 Pindenisso
811 2235 897 2265 capto,
909 2230 1019 2257 obsides

222 2265 327 2299 accepi:
349 2266 497 2291 exercitum
509 2266 536 2292 in
549 2266 660 2293 hiberna
672 2266 776 2294 dimisi.
807 2267 839 2300 Q.
853 2267 960 2294 fratrem
972 2276 1020 2294 ne-

222 2301 294 2336 gotio
305 2303 458 2336 praeposui,
468 2308 497 2329 ut
508 2303 535 2329 in
546 2304 615 2330 vicis
627 2308 673 2330 aut
683 2305 768 2339 captis
780 2309 825 2331 aut
836 2305 905 2331 male
916 2306 1018 2340 pacatis

222 2339 356 2365 exercitus
371 2339 554 2366 collocaretur.
598 2342 638 2368 ll.
660 2342 737 2368 Nunc
753 2341 835 2368 velim
846 2342 896 2368 tibi
907 2343 947 2369 sic
957 2351 1019 2378 per-

222 2375 345 2407 suadeas,
363 2377 386 2402 si
402 2376 435 2403 de
451 2377 494 2403 his
510 2377 591 2404 rebus
606 2378 639 2404 ad
654 2383 777 2405 senatum
789 2379 903 2406 relatum
913 2381 958 2411 sit,
975 2388 1018 2406 me

222 2413 448 2445 existimaturum,
462 2423 597 2441 summam
609 2416 677 2441 mihi
689 2415 796 2442 laudem
807 2417 978 2448 tributam,si
990 2422 1018 2443 tu

224 2448 350 2475 honorem
371 2459 461 2477 meum
476 2454 606 2478 sententia
623 2457 667 2479 tua
683 2453 877 2488 comprobaris.
922 2454 1015 2489 quue,

223 2486 274 2511 etsi
290 2486 389 2513 talibus
405 2488 438 2514 de
454 2489 534 2515 rebus
549 2490 727 2525 gravissimos
743 2490 867 2517 homines
883 2496 909 2518 et
924 2500 1017 2527 rogare

223 2521 308 2548 solere
322 2527 347 2549 et
361 2526 447 2559 rogari
463 2527 528 2556 scio,
542 2531 632 2554 tamen
647 2527 848 2554 admonendum
863 2529 953 2563 potius
968 2533 992 2555 te
1003 2537 1017 2555 a

223 2566 274 2600 me,
292 2567 373 2593 quam
392 2563 540 2596 rogandum
558 2569 632 2598 puto.
673 2565 713 2590 Tu
730 2573 758 2591 es
773 2565 846 2591 enim
862 2566 894 2597 is,
912 2566 960 2601 qui
974 2575 1017 2592 me

222 2600 276 2621 tuis
291 2598 432 2638 sententiis
447 2601 606 2634 saepissime
621 2602 735 2628 ornasti:
757 2603 805 2636 qui
819 2603 950 2633 oratione,
968 2604 1017 2638 qui

222 2632 428 2667 praedicatione,
436 2637 484 2670 qui
493 2639 608 2665 summis
623 2638 750 2666 laudibus
761 2639 789 2666 in
801 2644 904 2672 senatu,
914 2641 942 2667 in
952 2649 1017 2667 con-

1042 1712 1044 1727 i

1042 1778 1044 1792 i

1050 1556 1052 1586 5
1073 1560 1136 1595 tror)
1151 1569 1203 1586 non
1219 1559 1381 1586 difficillime
1395 1561 1525 1595 consequi
1537 1568 1654 1594 possem,
1673 1568 1724 1586 non
1735 1559 1865 1594 appetivi.

1050 1608 1052 1637 i
1073 1597 1146 1623 Idem
1162 1601 1222 1632 post
1237 1597 1364 1623 iniuriam
1379 1602 1529 1632 acceptam,
1550 1598 1641 1632 (quam
1657 1601 1685 1623 tu
1701 1595 1867 1631 reipublicae

1049 1642 1052 1678 i
1072 1634 1252 1661 calamitatem
1269 1642 1378 1669 semper
1392 1633 1521 1669 appellas,
1537 1635 1604 1670 ego⁸
1617 1642 1704 1660 meam
1719 1641 1772 1660 non
1787 1632 1867 1660 modo

1050 1682 1052 1726 v
1073 1680 1125 1698 non
1146 1671 1337 1702 calamitatem,
1360 1671 1408 1698 sed
1428 1672 1508 1698 etiam
1523 1671 1659 1707 gloriam)
1673 1670 1766 1697 studui
1783 1679 1867 1705 quam

1050 1733 1051 1754 Χ
1071 1709 1242 1735 ornatissima
1262 1714 1370 1735 senatus
1390 1709 1538 1744 populique
1554 1709 1666 1735 Romani
1686 1707 1720 1734 de
1735 1716 1777 1734 me
1793 1707 1867 1734 iudi-

1050 1755 1051 1775 }
1072 1747 1111 1773 cia
1133 1746 1307 1773 intercedere.
1350 1747 1441 1781 ltaque
1457 1751 1483 1772 et
1496 1754 1583 1781 augur
1597 1750 1689 1780 postea
1707 1744 1764 1771 fieri
1781 1744 1864 1775 volui.

1050 1794 1051 1803 ¹
1072 1784 1145 1819 quod
1159 1789 1236 1810 antea
1251 1783 1436 1819 neglexeram,
1453 1789 1479 1810 et
1494 1792 1556 1809 eum
1572 1782 1713 1813 honorem,
1729 1783 1778 1816 qui
1793 1791 1806 1808 a
1822 1790 1866 1808 se-

1049 1819 1051 1844 '1
1073 1826 1135 1848 natu
1150 1821 1233 1847 tribui
1245 1820 1326 1847 rebus
1338 1821 1443 1847 bellicis
1454 1820 1530 1851 solet,
1547 1819 1699 1855 neglectum
1711 1828 1724 1845 a
1736 1827 1778 1845 me
1788 1818 1864 1850 olim.
1904 1840 1907 1844 .

1049 1854 1050 1874 ³
1072 1867 1143 1884 nunc
1155 1858 1491 1893 mihiexpetendumputo.
1516 1859 1555 1884 ⁴4.
1568 1858 1716 1883 Huicmeae
1724 1856 1863 1887 voluntati,

1049 1890 1050 1920 Ῐ
1072 1897 1099 1922 in
1113 1904 1166 1930 qua
1181 1896 1251 1922 inest
1264 1895 1354 1930 aliqua
1366 1896 1408 1922 vis
1419 1895 1548 1922 desiderii
1559 1894 1593 1920 ad
1603 1893 1753 1920 sanandum
1765 1893 1866 1920 vulnus

1071 1933 1200 1963 iniuriae,
1222 1938 1252 1959 ut
1268 1932 1358 1959 faveas
1373 1933 1532 1967 adiutorque
1545 1933 1597 1963 sis,
1620 1930 1694 1967 quod
1703 1930 1795 1966 paullo
1804 1935 1866 1958 ante

1071 1979 1114 1996 me
1129 1979 1256 2006 negaram
1267 1975 1432 2006 rogaturum,
1450 1970 1624 1996 vehementer
1634 1973 1658 1995 te
1672 1977 1744 2004 rogo,
1758 1967 1806 1994 sed
1817 1968 1862 1999 ita,

1070 2009 1094 2033 si
1110 2016 1162 2034 non
1178 2008 1300 2034 ieiunum
1316 2008 1366 2034 hoc
1380 2008 1471 2034 nescio
1486 2007 1565 2042 quid,
1583 2005 1657 2041 quod
1672 2014 1722 2041 ego
1735 2005 1823 2041 gessi,
1839 2009 1866 2032 et
1903 2007 1906 2011 ’

1071 2045 1298 2071 contemnendum
1313 2044 1464 2075 videbitur,
1481 2044 1530 2070 sed
1545 2043 1596 2070 tale
1610 2048 1690 2078 atque
1705 2047 1818 2073 tantum,
1835 2046 1866 2069 ut

1049 2093 1050 2097 ¹
1072 2082 1163 2113 multi,
1187 2090 1358 2117 nequaquam
1374 2082 1486 2117 paribus
1502 2081 1597 2112 rebus,
1614 2080 1728 2107 honores
1743 2087 1865 2106 summos
1906 2113 1908 2120 Ι

1048 2116 1050 2152 ἰ
1071 2128 1085 2145 a
1101 2124 1196 2146 senatu
1210 2121 1347 2146 consecuti
1363 2120 1426 2146 sint.
1466 2118 1601 2154 Equidem
1618 2118 1698 2144 etiam
1714 2116 1783 2143 mihi
1795 2116 1865 2144 illud
1906 2139 1907 2142 ,

1048 2159 1051 2172 ⁴
1071 2157 1193 2183 animum
1209 2156 1357 2183 advertisse
1374 2156 1480 2187 videor,
1502 2156 1566 2191 (scis
1577 2155 1659 2186 enim.
1672 2163 1755 2189 quam
1766 2158 1865 2181 attente

1071 2199 1096 2221 te
1114 2194 1207 2220 audire
1222 2193 1348 2229 soleamz)
1377 2198 1402 2220 te
1417 2202 1469 2220 non
1485 2198 1538 2220 tam
1549 2201 1592 2219 res
1601 2197 1700 2228 gestas,
1713 2200 1795 2226 quam
1805 2199 1865 2218 mo-

1071 2240 1126 2261 res,
1144 2231 1266 2257 instituta
1284 2236 1364 2266 atque
1380 2232 1463 2257 vitam
1478 2231 1668 2265 imperatorum
1685 2234 1804 2263 spectare
1819 2237 1864 2255 so-
1883 2243 1885 2248 ·
1899 2258 1902 2263 Ι

1071 2268 1124 2295 lere
1139 2269 1166 2295 in
1179 2268 1311 2295 habendis
1325 2273 1433 2294 autnon
1445 2267 1577 2294 habendis
1589 2266 1746 2293 honoribus.
1785 2264 1864 2298 Quod
1879 2274 1883 2275 ⁷
1899 2295 1901 2299 .

1070 2306 1093 2332 si
1110 2306 1137 2332 in
1154 2314 1212 2332 mea
1228 2314 1323 2332 caussa
1338 2304 1532 2335 considerabis,
1550 2304 1675 2339 reperies
1690 2311 1732 2329 me
1743 2303 1863 2329 exercitu

1070 2342 1217 2374 imbecillo,
1234 2347 1325 2369 contra
1340 2347 1442 2369 metum
1457 2342 1570 2368 maximi
1585 2340 1660 2368 belli.
1674 2340 1863 2366 firmissimum

1070 2379 1237 2415 praesidium
1249 2380 1377 2406 habuisse
1389 2380 1550 2415 aequitatem
1561 2377 1793 2405 etcontinentiam.
1814 2377 1862 2403 flia

1070 2426 1119 2453 ego
1134 2417 1267 2444 subsidiis
1278 2425 1308 2443 ea
1318 2426 1379 2443 sum
1390 2420 1560 2446 consecutus,
1573 2423 1642 2451 quae
1653 2414 1737 2441 nullis
1748 2414 1862 2456 legioni-

1041 2451 1042 2454 ’
1069 2455 1121 2481 bus
1131 2455 1261 2490 consequi
1272 2455 1430 2489 potuissem,
1437 2458 1467 2480 ut
1477 2462 1512 2480 ex
1521 2452 1696 2479 alienissimis
1705 2451 1861 2478 sociisami-
1884 2479 1898 2489 ,ι

1047 2497 1048 2506 ¹
1068 2492 1206 2522 cissimos,
1233 2500 1267 2518 ex
1294 2491 1490 2518 infidelissimis
1515 2490 1685 2516 firmissimos
1709 2488 1859 2520 redderem,

1047 2522 1048 2547 ἶ
1069 2530 1227 2564 animosque
1247 2537 1377 2555 novarum
1396 2536 1486 2554 rerum
1501 2527 1699 2561 exspectatione
1713 2533 1861 2560 suspensos

1047 2566 1048 2569 ’
1068 2566 1101 2592 ad
1113 2567 1211 2593 veteris
1222 2566 1331 2600 imperii
1344 2564 1557 2592 benevolentiam
1565 2564 1742 2590 traducerem.
1759 2561 1860 2589 ⁴5.Sed

1046 2593 1048 2643 i
1068 2604 1150 2629 nimis
1165 2603 1231 2629 haec
1247 2602 1330 2629 multa
1345 2602 1379 2629 de
1390 2610 1441 2632 me,
1455 2602 1612 2636 praesertim
1623 2600 1658 2627 ad
1669 2605 1702 2631 te,
1716 2608 1730 2626 a
1741 2607 1795 2635 quo
1805 2607 1860 2626 uno
1878 2607 1879 2610 ¹

1046 2644 1048 2664 i
1067 2641 1189 2667 omnium
1204 2641 1339 2667 sociorum
1349 2639 1474 2675 querelae
1485 2638 1645 2672 audiuntur3
1668 2644 1814 2673 cognosces
1825 2643 1861 2663 ex
