1941 3052
53 506 70 632 <¹01⁸—

126 505 154 632 509⁵?

241 369 372 396 Annales
396 366 590 396 Ciceroniani.
647 382 1550 394 ..................
1636 362 1659 389 Ι.

593 444 745 480 OPERA
789 442 1077 478 RHETORIGA.

240 503 349 531 Incerti
372 504 498 531 auctoris
522 503 746 530 Rhetoricorum
771 502 808 529 ad
832 502 1011 529 Herennium
1035 501 1101 529 libri
1122 501 1234 528 I—IV
1237 520 1555 528 .......
1644 499 1661 526 3

244 553 393 583 Ciceronis
417 554 451 581 de
474 554 649 581 Inventione
673 553 818 580 rhetorica
841 553 905 579 libri
929 553 952 579 I.
976 552 1015 579 Π.
1075 570 1556 578 ..........
1623 549 1661 576 37

241 605 286 632 De
310 604 434 632 Oratore
457 604 523 632 libri
545 604 667 631 I—IH.
757 622 1555 630 ................
1624 601 1661 627 71

239 655 347 682 Brutus
350 672 1555 681 ........................
1603 651 1662 679 135

243 704 350 732 Orator
352 723 1556 732 ........................
1605 702 1662 729 162

241 755 354 791 Topica
356 773 1556 782 ........................
1605 753 1662 779 181

240 805 417 833 Partitiones
441 804 595 833 Oratoriae
599 824 1557 832 ...................
1606 803 1663 830 189

242 856 287 883 De
311 854 430 892 Optimo
454 865 560 893 genere
585 862 742 884 oratorum.
811 875 1557 885 ...............
1605 854 1664 881 200

646 934 669 970 Ο
693 933 715 968 R
738 936 761 968 A
784 933 806 968 Τ
830 933 841 968 l
865 933 887 969 Ο
911 933 934 968 N
959 933 979 968 E
1003 933 1032 970 S.

244 991 346 1020 Oratio
369 1002 422 1029 pro
446 992 567 1028 Quintio
571 1011 1560 1020 ....................
1606 990 1664 1018 205

244 1042 346 1071 Oratio
369 1053 422 1080 pro
445 1043 554 1071 Roscio
577 1043 720 1071 Amerino
724 1062 1560 1070 .................
1607 1042 1667 1068 214

244 1093 346 1122 Oratio
369 1104 422 1131 pro
445 1094 553 1122 Roscio
578 1093 739 1123 Comoedo.
814 1112 1560 1122 ...............
1607 1090 1667 1119 228

242 1145 393 1173 Divinatio
416 1145 447 1173 in
470 1143 640 1173 Caecilium.
709 1163 1561 1172 .................
1608 1142 1668 1169 234

242 1195 332 1223 Actio
354 1195 379 1223 Ι.
401 1195 432 1223 in
455 1196 588 1223 Verrem.
656 1213 1561 1223 ..................
1608 1193 1668 1220 240

242 1246 379 1274 Aetionis
400 1245 441 1274 H.
464 1246 495 1273 in
517 1246 640 1274 Verrem
663 1246 728 1274 libri
752 1246 855 1273 Ι-Υ,
924 1264 1563 1272 .............
1609 1243 1668 1271 246

246 1295 348 1325 Oratio
371 1306 425 1334 pro
447 1297 584 1325 Fonteio.
657 1315 1562 1325 ..................
1609 1294 1668 1322 349

247 1346 350 1376 Oratio
373 1357 426 1384 pro
450 1346 586 1376 Caecina.
659 1366 1562 1375 ..................
1610 1345 1669 1372 354

247 1397 350 1426 Oratio
373 1407 426 1434 pro
448 1398 529 1435 Lege
551 1399 673 1426 Manilia
676 1416 1562 1426 ..................
1611 1395 1670 1423 365

251 1447 354 1477 Oratio
376 1458 430 1485 pro
455 1447 600 1477 Cluentio.
662 1467 1565 1476 ..................
1612 1446 1671 1474 373

250 1498 352 1527 Oratio
374 1499 399 1527 1.
424 1505 526 1527 contra
547 1500 665 1528 Rullum
689 1500 718 1527 in
741 1504 852 1527 senatu.
925 1518 1564 1526 .............
1612 1496 1671 1524 395

250 1548 353 1577 Oratio
376 1549 415 1577 Π.
440 1556 542 1578 contra
564 1550 681 1578 Rullum
706 1551 742 1578 ad
766 1550 916 1587 populum.
979 1568 1565 1576 ............
1612 1547 1671 1575 399

250 1599 352 1628 Oratio
375 1600 430 1628 III.
456 1605 558 1628 contra
579 1601 696 1628 Rullum
721 1601 758 1628 ad
782 1601 919 1637 populum
925 1619 1566 1627 .............
1613 1599 1674 1625 410

251 1650 354 1679 Oratio
378 1660 431 1687 pro
454 1651 589 1686 Rabirio,
613 1651 822 1688 perduellionis
845 1660 905 1679 reo.
981 1670 1567 1678 ............
1613 1649 1673 1676 412

255 1700 358 1729 Oratio
380 1701 404 1729 1.
429 1701 459 1729 in
483 1700 639 1730 Catilinam
662 1702 692 1729 in
715 1708 817 1730 senatu
821 1720 1568 1729 ...............
1615 1699 1674 1726 416

253 1750 356 1780 Oratio
379 1752 419 1780 Π.
442 1753 473 1780 in
496 1751 652 1781 Catilinam
676 1753 713 1780 ad
737 1752 865 1788 Quirites
869 1771 1568 1779 ..............
1615 1750 1676 1777 420

253 1801 356 1830 Oratio
379 1802 435 1830 ΠΙ.
459 1803 488 1830 in
513 1802 667 1832 Catilinam
693 1804 728 1830 ad
753 1803 882 1839 Quirites
886 1821 1569 1830 ..............
1616 1801 1676 1828 424

253 1851 356 1881 Oratio
378 1853 424 1881 IV
426 1874 432 1881 .
456 1853 486 1881 in
510 1852 665 1882 Catilinam
689 1854 717 1881 in
741 1860 842 1881 senatu
847 1872 1570 1881 ...............
1616 1851 1675 1878 427

256 1902 359 1932 Oratio
382 1913 435 1940 pro
457 1904 582 1932 Murena
584 1922 1570 1932 ....................
1617 1901 1675 1929 431

255 1952 358 1982 Oratio
381 1964 434 1991 pro
458 1954 548 1983 Sulla.
616 1973 1571 1982 ...................
1618 1952 1677 1979 442

257 2003 359 2033 Oratio
383 2014 435 2041 pro
458 2005 570 2033 Archia
573 2024 1571 2033 ....................
1617 2003 1676 2030 452

258 2054 360 2083 Oratio
383 2065 436 2092 pro
458 2055 493 2083 L.
517 2055 637 2083 Valerio
661 2056 777 2083 Flacco.
829 2075 1571 2083 ...............
1618 2054 1677 2081 456

258 2104 361 2134 Oratio
383 2111 451 2142 post
472 2106 597 2134 reditum
621 2106 650 2134 in
673 2111 775 2134 senatu
779 2126 1572 2134 ................
1619 2104 1678 2131 468

258 2155 361 2184 Oratio
383 2161 451 2193 post
473 2157 598 2185 reditum
622 2158 659 2185 ad
683 2158 821 2194 Quirites.
881 2176 1572 2185 ..............
1619 2155 1678 2181 473

259 2205 361 2235 Oratio
384 2216 437 2243 pro
460 2207 558 2236 Domo
582 2217 635 2236 sua
657 2209 694 2236 ad
717 2208 879 2245 pontifices.
935 2226 1573 2235 .............
1619 2205 1678 2232 476

259 2255 362 2286 Oratio
387 2257 422 2285 de
445 2258 641 2295 Haruspicum
665 2259 821 2296 responsis.
882 2277 1573 2286 ..............
1619 2256 1678 2283 492

259 2306 362 2336 Oratio
385 2317 438 2345 pro
462 2307 568 2337 Sestio.
621 2327 1574 2338 ...................
1621 2306 1680 2334 500

259 2357 363 2387 Oratio
387 2358 416 2386 in
438 2357 599 2387 Vatinium.
673 2378 1575 2388 ..................
1621 2357 1680 2385 518

258 2408 361 2438 Oratio
384 2419 437 2446 pro
462 2408 563 2438 Caelio
566 2428 1575 2439 ....................
1621 2408 1681 2435 523

260 2459 362 2489 Oratio
387 2461 422 2488 de
445 2460 610 2489 Provinciis
633 2461 832 2490 consularibus
836 2479 1575 2489 ...............
1622 2459 1680 2486 532

261 2509 364 2539 Oratio
387 2520 440 2548 pro
464 2510 602 2540 Cornelio
625 2512 729 2540 Bulbo.
780 2529 1576 2540 ................
1623 2509 1682 2536 538

261 2560 364 2590 Oratio
387 2561 417 2590 in
439 2561 578 2590 Pisonem
582 2581 1575 2590 ....................
1622 2560 1681 2587 545

261 2610 364 2640 Oratio
387 2621 440 2649 pro
462 2612 595 2640 Plancio.
675 2631 1576 2641 ..................
1622 2610 1680 2637 557

263 2661 365 2691 Oratio
389 2672 441 2700 pro
465 2661 499 2692 C.
523 2663 644 2691 Rabirio
667 2664 818 2692 Postumo.
886 2682 1574 2690 ..............
1622 2661 1680 2688 569

262 2711 364 2741 Oratio
388 2722 440 2750 pro
464 2714 585 2742 Milone.
