1941 3052
322 95 647 123 EPISTOLARUM
676 94 728 121 AD
757 93 980 121 DIVERSOS
1011 93 1349 120 LIB.1X.EP.1-
1370 95 1394 120 6.

47 169 182 195 existimo.

48 207 163 235 animus.
176 205 225 239 qui
235 205 323 231 exitus
334 212 433 230 rerum.
473 203 641 238 Quamquam
656 211 709 237 quo
720 211 762 228 me
773 210 837 228 con-

48 244 148 269 iectura
158 241 246 271 ducat,
261 241 359 267 babeo:
373 240 420 267 sed
431 245 556 275 exspecto
567 245 665 266 tamen.
705 241 729 266 5.
743 240 778 265 Te
791 247 837 265 ve-

47 288 76 306 ro
92 278 165 309 nolo,
188 279 241 305 nisi
257 279 315 312 ipse
330 287 421 304 rumor
437 279 490 304 iarn
505 286 602 304 raucus
618 277 668 303 erit
683 276 781 307 sactus,
803 275 837 302 ad

46 317 123 343 Baias
136 316 236 342 venire.
260 315 318 342 Erit
328 316 400 341 enim
411 315 489 341 nobis
501 315 648 345 honestius,
662 314 741 340 etiam
752 322 837 348 quum

48 353 264 383 discesserimus,
273 352 473 378 viderivenisse
485 352 512 378 in
524 351 569 378 illa
582 351 636 378 loca
646 350 778 386 ploratum
790 359 838 385 po·-

47 390 102 417 tius
113 399 194 424 quam
206 394 334 416 natatum.
366 389 419 416 Sed
431 389 495 415 haec
507 394 534 415 tu
545 388 656 415 melius:
670 388 748 414 modo
758 388 837 414 nobis

48 431 99 453 stet
109 427 191 458 illud,
209 436 262 453 una
274 427 365 453 vivere
377 427 404 453 in
415 426 513 453 studiis
525 426 621 452 nostris
629 446 635 457 ‚
653 434 667 451 a
678 425 779 460 quibus
791 434 838 451 an-

48 469 90 491 tea
100 464 304 491 delectationem
320 463 398 490 modo
412 464 568 498 petebamus
578 483 584 494 ‚
602 471 674 489 nunc
685 471 747 488 vero
758 462 838 488 etiam

48 500 176 534 salutem;
191 510 243 528 non
254 501 357 532 deesse,
370 501 394 527 si
405 502 467 536 quis
479 500 606 527 adhibere
617 499 700 530 volet,
717 508 769 525 non
781 507 838 525 mo-

48 538 82 565 do
93 543 123 565 ut
133 539 300 569 architectos,
309 547 403 565 verum
413 539 493 564 etiam
504 542 534 564 ut
544 537 642 567 fabros
651 536 684 562 ad
694 536 839 562 aedifican-

48 576 115 602 dum
134 575 343 610 rempublicam,
365 580 391 602 et
408 575 498 610 potius
519 574 632 601 libenter
647 581 797 600 accurrere:
815 573 839 598 si

49 622 128 640 nemo
143 618 232 640 utetur
247 621 339 647 opera,
362 617 450 638 tamen
464 616 490 638 et
504 611 621 637 seribere
632 615 657 637 et
668 610 755 645 legere
766 611 840 636 πολι-

49 653 131 681 τείας;
149 655 175 677 et
185 651 209 677 si
220 651 310 676 minus
322 650 350 676 in
360 650 433 676 curia
445 653 524 683 atque
535 649 561 674 in
573 648 642 679 soro,
660 652 686 674 at
700 648 728 673 in
744 647 839 673 litteris

50 692 76 715 et
91 687 182 719 libris,
199 692 230 714 ut
243 687 394 713 doctissimi
409 691 511 712 veteres
523 685 654 716 fecerunt,
672 693 769 710 navare
783 692 839 710 rem

50 725 202 760 publicam,
220 729 246 750 et
259 724 291 750 de
303 723 423 750 moribus
435 732 465 749 ac
477 722 583 758 legibus
594 730 731 757 quaerere.
771 721 839 747 Mihi

50 762 117 789 haec
127 762 262 788 videntur.
287 761 336 791 Tu.
349 760 416 795 quid
427 761 465 786 sis
476 764 593 788 acturus.
606 764 632 785 et
641 758 708 794 quid
719 758 769 785 tibi
780 757 839 793 pla—-

51 804 117 831 ceat,
129 802 284 834 pergratum
295 797 353 829 erit,
367 798 391 823 si
402 797 435 824 ad
446 805 489 823 me
499 796 652 832 scripseris,

103 868 144 889 111.
164 867 240 888 Aac.
259 866 343 887 ltumm
358 873 381 887 se
395 866 421 886 ad
436 867 556 886 Varronem
571 865 659 886 scribit:
676 865 714 885 :eil
727 864 787 887 fore.
803 864 840 891 qui

50 903 94 924 ism
108 902 268 930 reprehendant
281 901 480 928 peregrinationem
491 900 602 921 Baianum.
630 901 659 921 Se
668 907 731 925 vero,
745 902 840 921 contem-

50 938 96 966 ptis
106 938 247 958 barbarorum
254 936 353 960 vocibus,
363 935 487 956 litterarum
498 935 572 956 ntudin
582 935 693 963 per-equi.

230 974 317 996 (Romae,
328 972 409 992 Caesare
419 973 454 991 ΠΙ.
465 973 539 996 Lepido
550 979 596 990 coss.
607 972 662 995 708.)

236 1015 403 1044 CICERO
440 1015 656 1043 VARRONI.

109 1065 132 1089 ⁴.
153 1058 228 1094 Etsi,
250 1062 318 1098 quid
334 1062 493 1093 scriberem,
516 1070 568 1088 non
583 1061 730 1088 habebam:
753 1066 841 1088 tamen

52 1100 164 1128 Caninio
180 1099 213 1126 ad
227 1104 252 1126 te
268 1100 343 1126 eunti
353 1108 405 1126 non
419 1099 495 1134 potui
505 1098 574 1125 nibil
585 1098 658 1126 dare.
697 1098 769 1131 Quid
779 1107 842 1133 ergo

51 1137 224 1173 potissimum
239 1136 374 1164 scribam?
388 1136 466 1169 Quod
481 1136 550 1163 velle
561 1140 586 1163 te
596 1140 661 1171 puto
669 1157 675 1168 ,
692 1136 744 1162 cito
755 1144 798 1162 me
809 1135 842 1162 ad

52 1180 77 1202 te
88 1183 147 1201 esse
158 1178 312 1201 venturum.
351 1174 409 1200 Etsi
419 1173 491 1205 vide,
504 1181 613 1208 quaeso,
630 1173 730 1200 satisne
740 1177 842 1199 rectum

52 1213 96 1243 sit.
105 1220 162 1243 nos,
170 1212 220 1238 hoc
231 1216 302 1238 tanto
313 1211 437 1238 incendio
447 1211 573 1242 civitatis,
586 1211 614 1237 iu
626 1211 685 1237 istis
697 1210 761 1237 locis
773 1218 841 1236 esse.

52 1249 182 1276 Dabimus
193 1257 344 1275 sermonem
355 1249 398 1280 iis,
411 1248 459 1283 qui
470 1248 602 1279 nesciunt,
615 1249 844 1282 nobis,quocum-

52 1295 106 1322 que
118 1286 146 1313 in
157 1285 214 1312 loco
225 1287 324 1317 simus,
342 1285 467 1312 eumdem
478 1284 591 1316 cultum,
603 1285 728 1312 eumdem
741 1285 842 1311 victum

52 1332 123 1350 esse.
162 1323 233 1356 Quid
249 1322 346 1350 refert?
365 1323 464 1349 Tamen
480 1323 508 1349 in
518 1331 668 1349 sermonem
680 1322 841 1349 incidemus.

51 1360 136 1389 Valde
148 1360 185 1392 id,
198 1360 286 1392 credo,
301 1360 475 1387 laborandum
487 1364 539 1391 est,
553 1369 599 1389 ne.
615 1369 700 1395 quum
710 1368 804 1386 omnes
815 1359 842 1385 in

52 1398 128 1426 omni
142 1406 239 1434 genere
255 1402 280 1424 et
299 1397 432 1424 scelerum
453 1402 477 1424 et
497 1397 659 1433 flagitiorum
678 1397 841 1427 volutentur,

52 1440 143 1463 nostra
153 1435 295 1462 nobiscum
306 1439 351 1462 aut
362 1435 430 1461 inter
441 1444 488 1461 nos
499 1435 612 1462 cessatio
624 1436 799 1470 vituperetur.
817 1436 842 1461 2.

51 1473 110 1509 Ego
120 1481 193 1504 vero,
206 1472 326 1508 neglecta
336 1472 511 1499 barbarorum
523 1473 638 1503 inscitia,
647 1477 671 1499 te
681 1480 841 1507 persequar:

52 1510 179 1546 quamvis
185 1510 257 1536 enim
269 1510 334 1536 haec
345 1510 399 1536 sint
409 1510 515 1541 misera.
524 1518 592 1545 quae
603 1514 667 1536 sunt
678 1510 841 1541 misertim-'⁴13

51 1552 142 1575 tamen
153 1551 222 1574 artes
233 1552 336 1574 nostrae
359 1547 449 1573 nescio
459 1555 513 1582 quo
523 1547 601 1574 modo
624 1556 695 1574 nunc
706 1547 844 1574 uberiores

53 1584 157 1612 fructus
168 1583 236 1611 ferre
245 1584 380 1616 videntur,
393 1593 475 1620 quam
486 1583 551 1611 olim
562 1584 690 1616 ferebant,
699 1585 758 1611 sive
779 1584 844 1619 quia

53 1621 128 1649 nulla
137 1622 248 1649 nuncin
259 1630 286 1648 re
297 1621 349 1649 alia
363 1622 576 1657 acquiescimus,
593 1622 651 1649 sive
665 1622 738 1657 quod
753 1621 845 1658 gravi-

53 1663 94 1686 tas
109 1659 197 1686 morbi
213 1658 289 1690 facit,
306 1663 337 1686 ut
351 1659 500 1686 medicinae
515 1667 657 1695 egeamus,
674 1668 759 1695 eaque
773 1668 844 1686 nunc

53 1701 191 1732 appareat3
209 1697 288 1723 cuius
298 1697 356 1723 vim
366 1705 419 1723 non
429 1696 612 1723 sentiebamus
620 1717 626 1728 ,
638 1705 724 1732 quum
736 1696 845 1724 valeba-

54 1742 126 1760 mus.
171 1733 225 1760 Sed
235 1733 302 1769 quid
312 1742 362 1770 ego
373 1742 444 1760 nunc
455 1734 520 1760 haee
531 1734 564 1760 ad
576 1738 610 1764 te.
623 1735 701 1761 cuius
712 1734 786 1761 domi
797 1743 845 1761 na·-

54 1770 184 1798 scuntur‘?
193 1770 282 1808 γλαῦκ’
296 1770 332 1802 εἰς
341 1771 463 1805 Ἀθήνας.
487 1770 561 1798 Nihil
572 1771 684 1803 scilicet.
698 1772 752 1798 nisi
763 1777 792 1798 ut
802 1780 845 1798 re-

54 1808 186 1835 scriberes
197 1807 315 1844 aliquid,
331 1816 374 1835 me
384 1813 563 1843 exspectares.
602 1808 648 1835 Sic
658 1809 741 1845 igitur
751 1808 844 1836 facies.

107 1881 146 1902 tv.
162 1881 180 1902 Δ
187 1880 238 1902 RG.
253 1881 360 1902 Punitne
369 1882 438 1902 Vurru
449 1882 531 1907 venire,
541 1888 616 1907 necne.
626 1881 702 1903 iocose
711 1881 804 1909 quaerit.

202 1918 232 1940 (ln
243 1917 362 1938 Tmen-lano,
373 1918 449 1936 eut-ure
459 1919 493 1936 111.
503 1918 575 1942 Lepido
586 1925 631 1936 tou.
643 1920 698 1940 70⁸.)

242 1959 409 1987 CICERO
446 1960 659 1988 VARRONI.

110 1999 195 2041 Περὶ
214 2005 331 2033 δυνατῶν
351 2014 393 2032 me
412 2006 479 2032 scito
503 2006 569 2033 κατὰ
592 2005 725 2041 Διόδωρον
745 2008 845 2042 κρίνειν.

55 2042 234 2078 Quapropter,
251 2043 275 2069 si
290 2047 420 2069 venturus
435 2051 463 2069 es
472 2063 478 2074 ,
494 2043 561 2069 scito
573 2051 682 2070 necesse
692 2051 751 2070 esse
762 2048 787 2070 te
799 2052 847 2070 ve-

55 2081 126 2113 nire;
144 2081 187 2106 sin
203 2083 291 2106 autem
307 2088 360 2106 non
375 2088 418 2111 es,
434 2082 485 2107 τῶν
498 2079 634 2107 ἀδυνάτων
649 2084 689 2107 est
703 2084 728 2107 te
742 2081 844 2107 venire.

56 2117 134 2144 Nunc
145 2116 207 2143 vide
215 2137 221 2148 ,
234 2121 293 2143 utra
304 2121 329 2143 te
339 2118 421 2153 κρίσις
430 2117 516 2153 magis
527 2116 654 2149 delectet,
666 2119 847 2153 Χρυσιππεία-

56 2162 103 2186 ne,
117 2163 149 2181 an
161 2154 227 2180 haec
235 2174 241 2185 ,
258 2162 340 2189 quam
352 2158 440 2181 noster
450 2154 577 2181 Diodotus
589 2163 641 2181 non
652 2155 844 2190 concoquebat.

56 2190 110 2218 Sed
120 2191 152 2218 de
164 2191 207 2217 his
218 2191 298 2217 etiam
315 2191 409 2222 rebus,
427 2191 505 2218 otiosi
519 2200 605 2226 quum
619 2192 735 2223 erimus,
753 2191 847 2227 loque-

57 2236 130 2262 mur;
145 2228 195 2255 hoc
205 2229 286 2255 etiam
297 2228 362 2254 καιὰ
375 2228 530 2264 Χρύσιππον
544 2228 655 2256 δυνατόν
668 2233 718 2255 est.
749 2229 785 2255 De
796 2230 847 2256 Co-

56 2266 108 2292 ctio
119 2265 187 2292 mihi
198 2270 304 2301 gratum
315 2269 368 2292 est:
382 2274 442 2292 nam
455 2265 481 2291 id
493 2265 572 2292 etiam
583 2265 670 2292 Attioo
680 2265 844 2293 mandaram.

56 2301 96 2329 Tu
107 2303 130 2329 si
141 2303 232 2329 minus
243 2302 276 2329 ad
288 2311 344 2334 nos,
361 2311 531 2329 accurremus
543 2302 575 2329 nd
587 2307 621 2329 te.
660 2302 690 2329 Si
701 2303 807 2330 hortum
819 2304 846 2330 iu

56 2338 220 2367 bibliotheca
231 2340 324 2372 habes,
337 2340 422 2366 deerit
432 2339 511 2366 nihil.

109 2431 137 2452 V.
155 2430 232 2452 ΛΚΒ.
252 2430 335 2452 Probat
349 2433 370 2451 et
385 2429 454 2454 diem.
473 2437 514 2457 qno
530 2429 660 2450 conventuri
673 2429 730 2456 nint,
750 2433 771 2450 et
784 2437 847 2451 mum

57 2463 208 2494 Vnrroninque
222 2465 352 2490 con-ilium,
367 2465 424 2492 quod
435 2471 448 2485 a
458 2465 551 2485 Caesare
561 2463 615 2484 vieti
625 2465 651 2484 ι1ι
662 2464 728 2486 urmi-
738 2464 846 2485 ‹listene-

57 2497 110 2520 rInt.
139 2501 226 2525 (Romae,
235 2501 314 2520 enen-ro
324 2502 357 2520 111.
368 2501 442 2526 Lepido
452 2508 498 2519 ι-υιι.
510 2500 564 2523 708,)

241 2544 407 2573 CICERO
445 2543 661 2573 VARRONI.

115 2590 138 2615 ⁴.
158 2583 235 2616 Mihi
246 2599 309 2617 vero
319 2590 352 2617 ad
364 2590 452 2617 Nonus
462 2590 530 2617 bene
542 2594 675 2616 maturum
691 2588 797 2616 videtur
808 2588 847 2616 Io-

59 2632 101 2658 re‚
118 2633 206 2663 neque
220 2626 308 2654 solum
323 2632 430 2663 propter
440 2626 619 2664 reipublicae,
636 2626 684 2654 sed
695 2627 775 2654 etium
785 2635 848 2662 pro-

222 167 312 202 Magni
328 171 417 193 autem
428 166 560 196 intererit,
578 166 625 200 qui
637 165 716 192 suerit
727 165 836 191 victoris
856 164 859 172 '

1625 96 1673 121 725

887 169 945 199 pter
960 165 1022 190 anni
1039 169 1154 199 tempus.
1194 164 1280 196 Quare
1292 165 1373 191 istum
1384 164 1456 190 diem
1470 164 1566 199 probo:
1585 165 1675 199 itaque

888 201 1012 227 eumdem
1030 202 1086 236 ipse
1102 210 1208 236 sequar.
1249 203 1272 228 2.
1295 201 1405 228 Consilii
1421 202 1517 232 nostri,
1539 210 1572 227 ne
1592 202 1616 227 si
1631 210 1675 227 eos

888 238 1012 273 quidem,
1030 239 1078 273 qui
1090 239 1117 265 id
1128 239 1213 265 secuti
1225 247 1276 266 non
1288 244 1363 269 sunt,
1381 248 1433 265 non
1448 239 1607 273 poeniteret,
1628 247 1677 264 no-

888 276 930 301 bis
946 276 1136 310 poenitendum
1152 281 1284 310 putarem.
1324 276 1415 302 Secuti
1430 276 1501 302 enim
1517 284 1612 301 sumus
1624 284 1676 301 non

888 321 977 347 spem,
995 313 1042 339 sed
1057 313 1189 346 officium,
1208 313 1368 348 reliquimus
1384 318 1471 339 autem
1483 322 1534 339 non
1545 312 1674 343 officium,

888 350 935 375 sed
946 350 1167 384 desperationem.
1208 351 1245 376 Ita
1256 351 1460 376 verecundiores
1472 349 1583 380 fuimus,
1596 358 1677 385 quam

888 387 936 421 qui
951 396 979 413 se
995 387 1072 413 domo
1088 396 1139 413 non
1154 392 1369 414 commoverunt:
1387 388 1518 418 saniores,
1536 396 1618 421 quam
1630 387 1679 421 qui

889 424 996 450 amissis
1011 424 1109 458 opibus
1125 424 1236 450 domum
1250 434 1302 451 non
1321 429 1495 451 reverterunt.
1536 424 1588 450 Sed
1609 423 1678 450 nihil

889 462 979 487 minus
991 461 1058 492 sero,
1072 470 1153 496 quam
1165 462 1333 488 severitatem
1344 463 1502 492 otiosorum,
1516 466 1553 491 et,
1571 469 1679 496 quoquo

889 498 968 524 modo
978 507 1006 524 se
1018 507 1059 524 res
1071 499 1159 529 habet,
1173 500 1258 534 magis
1271 499 1330 525 illos
1343 508 1442 529 vereor,
1455 499 1503 533 qui
1515 499 1541 524 in
1553 497 1623 524 bello
1634 506 1680 524 oc-

889 535 1025 566 ciderunt,
1044 544 1125 570 quam
1142 536 1190 562 hos
1206 545 1282 566 curo,
1301 537 1402 570 quibus
1418 545 1469 562 non
1486 535 1677 565 satisfacimus,

889 573 953 607 quia
964 573 1093 599 vivimus.
1133 575 1157 598 3.
1178 573 1245 598 Mihi
1257 574 1280 599 si
1291 574 1408 607 spatium
1420 573 1500 599 suerit
1511 573 1538 598 in
1550 571 1680 598 Tuscula-

890 619 954 635 num
966 614 1024 636 ante
1037 611 1124 635 Nonas
1136 610 1270 641 veniendi,
1288 611 1347 636 istic
1359 616 1383 636 te
1396 610 1506 636 videbo:
1523 610 1565 635 sin
1578 610 1677 639 minus,

890 655 1035 681 persequar
1046 647 1072 672 in
1079 646 1230 673 Cumanum
1241 652 1267 673 et
1276 652 1335 674 ante
1347 653 1370 674 te
1381 648 1521 674 certiorem
1532 646 1637 677 faciam,
1650 651 1679 672 ut

890 684 987 710 lavatio
997 688 1085 718 parata
1097 684 1141 710 sit.

942 761 981 781 Vl,
998 761 1074 781 ΑΚΘ.
1094 761 1196 782 Caesaris
1207 768 1235 781 ex
1245 761 1350 782 Africano
1361 760 1419 781 bello
1431 761 1544 780 adventum
1555 760 1648 782 nuntiat,
1659 764 1681 780 et

892 795 945 816 belli
959 795 1034 816 civilis
1049 803 1147 816 caussam
1163 795 1186 816 in
1200 796 1328 823 Pompeium
1343 795 1430 822 potius,
1451 802 1512 822 quam
1528 795 1550 815 iu
1565 796 1680 816 Caesarem

891 831 983 852 confert.
1007 831 1092 851 Laudat
1101 831 1209 852 Varronis
1219 831 1327 851 rati-mem
1337 830 1359 850 ir·
1371 830 1454 850 litteris
1464 830 1560 850 xix-endi.

1071 868 1163 891 (Romae,
1174 868 1252 885 Caesare
1262 868 1296 885 111.
1307 868 1381 891 Lepido
1391 874 1436 885 coss.
1449 869 1503 887 708.)

1077 910 1243 937 CICERO
1281 910 1495 937 VARRONI.

950 949 972 974 l.
995 943 1130 974 Caninius
1147 953 1235 975 noster
1250 956 1292 974 me
1307 948 1361 974 tuis
1378 948 1468 974 verbis
1485 947 1636 977 admonuit,
1654 951 1683 972 ut

892 985 1038 1012 scriberem
1049 985 1081 1012 ad
1093 991 1117 1012 te
1125 1007 1131 1017 ,
1148 986 1172 1011 si
1182 985 1250 1020 quid
1261 990 1344 1015 esset,
1362 985 1435 1019 quod
1445 990 1567 1019 putarem
1579 989 1602 1010 te
1614 984 1683 1010 scire

891 1027 1021 1057 oportere.
1061 1023 1108 1049 Est
1124 1023 1207 1058 igitur
1221 1022 1353 1049 adventus
1371 1021 1501 1058 [Caesaris
1520 1020 1632 1056 scilicet]
1655 1022 1683 1046 in

892 1061 1102 1094 exspectatione:
1116 1069 1203 1095 neque
1214 1065 1243 1086 tu
1253 1060 1281 1086 id
1292 1061 1408 1095 ignoras
1424 1059 1477 1086 Sed
1489 1064 1586 1089 tamen,
1597 1067 1682 1093 quum

894 1097 938 1123 ille
950 1098 1116 1132 scripsisset,
1133 1102 1162 1124 ut
1176 1098 1284 1132 opinor,
1302 1106 1330 1123 se
1350 1097 1377 1123 in
1389 1097 1511 1123 Alsiense
1523 1100 1680 1127 venturum3

893 1135 1059 1169 seripserunt
1070 1134 1102 1161 ad
1113 1143 1175 1161 eum
1186 1135 1243 1166 sui,
1261 1143 1294 1161 ne
1309 1134 1337 1160 id
1353 1133 1462 1160 faceret:
1481 1133 1579 1160 multos
1591 1133 1615 1158 ei
1627 1141 1684 1159 mo-

893 1171 973 1198 lestos
985 1171 1053 1204 fore,
1067 1172 1212 1207 ipsumque
1224 1171 1327 1198 multis.
1367 1172 1456 1198 Ostiae
1468 1171 1554 1197 videri
1566 1178 1685 1196 commo-

893 1209 955 1235 dius
967 1218 1028 1236 eum
1040 1210 1112 1236 exire
1124 1218 1213 1244 posse.
1246 1209 1275 1236 Id
1287 1218 1336 1245 ego
1347 1218 1399 1235 non
1412 1207 1605 1243 intelligebam,
1617 1206 1684 1242 quid

893 1247 1042 1273 interesset.
1082 1247 1136 1273 Sed
1152 1251 1239 1273 tamen
1255 1247 1357 1273 Hirtius
1374 1247 1442 1272 mihi
1457 1245 1539 1276 dixit,
1563 1249 1587 1271 et
1603 1253 1631 1270 se
1652 1244 1684 1270 ad

894 1292 965 1315 eum,
979 1288 1004 1310 et
1014 1283 1141 1315 Balbum,
1155 1289 1180 1310 et
1191 1284 1310 1319 Oppium
1320 1284 1476 1318 scripsisse,
1490 1287 1519 1308 ut
1531 1283 1565 1308 ita
1576 1281 1682 1310 faceret,

894 1320 1026 1353 homines,
1040 1326 1068 1348 ut
1079 1322 1201 1357 cognovi,
1215 1326 1333 1348 amantes
1345 1322 1393 1347 tui.
1434 1322 1459 1347 ⁶2.
1478 1320 1531 1346 noc
1543 1328 1591 1353 ego
1603 1318 1685 1344 idcir-

894 1366 924 1384 co
936 1367 1013 1385 nosse
1025 1363 1048 1385 te
1061 1358 1147 1390 volui,
1166 1364 1195 1385 ut
1209 1359 1306 1389 scires,
1323 1358 1471 1393 hospitium
1487 1357 1537 1383 tibi
1549 1356 1596 1382 ubi
1607 1364 1685 1390 para-

894 1404 945 1426 reS,
959 1395 1001 1422 vel
1013 1397 1102 1430 potius
1115 1401 1143 1422 ut
1154 1396 1164 1408 ⁸
1176 1395 1332 1431 utrobique:
1346 1395 1413 1430 quid
1425 1395 1497 1421 enim
1510 1393 1554 1420 ille
1567 1393 1685 1419 facturus

894 1434 937 1464 sit,
951 1434 1082 1460 incertum
1093 1438 1146 1460 est:
1160 1437 1185 1459 et
1195 1433 1277 1459 simul
1288 1433 1418 1459 ostentavi
1431 1432 1489 1462 tibi,
1503 1439 1544 1457 me
1556 1431 1615 1456 istis
1626 1438 1686 1456 esse

894 1470 1054 1497 familiarem
1070 1475 1095 1497 et
1109 1470 1231 1497 consiliis
1246 1479 1338 1497 eorum
1361 1471 1499 1496 interesse.
1539 1467 1615 1500 Quod
1637 1475 1686 1502 ego

894 1517 942 1534 cur
952 1508 1045 1539 nolim,
1059 1508 1127 1534 nihil
1139 1507 1228 1534 video.
1268 1508 1326 1534 Non
1337 1508 1409 1533 enim
1421 1511 1460 1533 est
1471 1505 1552 1536 idem,
1569 1504 1646 1535 ferre,
1662 1505 1686 1530 si

894 1545 961 1580 quid
977 1545 1116 1572 ferendum
1132 1550 1185 1576 est,
1207 1549 1233 1571 et
1248 1545 1372 1579 probare,
1393 1545 1416 1570 si
1433 1543 1499 1579 quid
1517 1541 1685 1577 probandum

895 1591 947 1609 nou
959 1588 1008 1610 est.
1047 1583 1104 1609 Etsi
1115 1582 1183 1618 quid
1194 1591 1245 1609 non
1257 1581 1386 1617 probem?
1400 1581 1470 1614 Quid
1482 1581 1554 1606 enim
1566 1579 1619 1606 iam
1631 1579 1686 1604 scio

895 1625 998 1655 praeter
1012 1621 1087 1647 initia
1103 1619 1211 1646 rerum?
1225 1620 1292 1646 Nam
1305 1619 1369 1646 haec
1381 1620 1408 1646 in
1420 1617 1554 1645 voluntate
1566 1616 1684 1642 fuerunt.

895 1657 957 1684 Vidi
968 1659 1040 1684 enim
1056 1658 1127 1693 (nam
1141 1662 1170 1684 tu
1181 1656 1284 1692 aberas)
1296 1661 1398 1683 nostros
1409 1656 1508 1683 amicos
1519 1662 1617 1688 cupere
1628 1652 1686 1679 hel-

896 1695 965 1722 lum:
984 1696 1056 1722 hunc
1068 1699 1156 1722 autem
1168 1703 1219 1721 non
1232 1699 1285 1721 tam
1296 1702 1393 1729 cupere
1402 1714 1407 1724 .
1425 1701 1506 1728 quam
1518 1700 1569 1718 non
1581 1691 1684 1717 timere.

894 1733 965 1769 Ergo
977 1733 1041 1759 haec
1052 1732 1159 1759 consilii
1171 1732 1291 1763 fuerunt.
1306 1732 1409 1766 reliqua
1421 1729 1581 1756 necessaria.
1620 1728 1687 1753 Vin-

895 1779 954 1797 cere
965 1775 1054 1797 autem
1069 1774 1115 1796 aut
1130 1769 1179 1796 hos
1194 1774 1240 1796 aut
1254 1768 1314 1796 illos
1329 1776 1437 1795 necesse
1453 1771 1502 1794 est.
1543 1768 1567 1792 3.
1590 1764 1651 1792 Scio
1663 1769 1687 1791 te

895 1816 1002 1844 semper
1022 1816 1128 1834 mecum
1150 1807 1177 1834 in
1200 1806 1272 1834 luctu
1294 1806 1377 1833 fuisse
1386 1826 1392 1837 ,
1414 1813 1500 1840 quum
1520 1802 1685 1831 videremus,

895 1854 977 1880 quain
990 1844 1057 1872 illud
1069 1845 1165 1880 ingens
1177 1844 1278 1870 malum
1289 1843 1399 1870 alterius
1411 1842 1497 1868 utrius
1513 1840 1647 1867 exercitus
1662 1844 1689 1865 et

895 1883 997 1909 ducum
1004 1883 1126 1909 interitu:
1140 1887 1197 1909 tum
1203 1890 1266 1908 vero
1272 1886 1421 1908 extremum
1429 1878 1559 1905 malorum
1566 1877 1688 1903 omnium

896 1928 955 1946 esse
971 1919 1061 1946 civilis
1075 1919 1140 1946 belli
1156 1920 1309 1946 victoriam:
1327 1926 1408 1953 quam
1424 1916 1535 1951 quidem
1547 1923 1596 1950 ego
1607 1915 1687 1940 etiam

897 1957 1004 1984 illorum
1025 1957 1166 1988 timebam.
1189 1956 1222 1983 ud
1242 1965 1310 1991 quos
1328 1962 1497 1982 veneramus.
1537 1951 1688 1979 Crudeliter

896 1995 968 2021 enim
979 1995 1072 2021 otiosis
1083 1994 1268 2021 minabantur:
1285 1997 1393 2027 eratque
1405 1992 1439 2017 iis
1449 1995 1475 2017 et
1486 1995 1529 2016 tua
1541 1989 1628 2030 invise
1640 1996 1688 2014 vo-

897 2031 985 2058 luntas
996 2036 1022 2058 et
1032 2040 1090 2058 mea
1100 2032 1193 2058 oratio.
1232 2032 1309 2057 Nunc
1321 2038 1397 2060 vero,
1412 2029 1435 2055 si
1446 2031 1535 2054 essent
1546 2031 1628 2052 nostri
1640 2033 1688 2066 po-

897 2069 947 2100 titi,
961 2068 1038 2096 valde
1050 2069 1256 2104 intemperantes
1268 2067 1392 2094 fuissent.
1432 2065 1512 2091 Erant
1523 2064 1595 2090 enini
1610 2063 1688 2088 nobis

897 2106 1015 2140 perirati.
1027 2107 1106 2140 quasi
1120 2105 1270 2140 quidquam
1281 2105 1314 2130 dc
1326 2108 1413 2130 nostra
1424 2101 1509 2128 salute
1521 2100 1689 2127 decrevisse-

898 2152 972 2173 mus.
994 2142 1066 2177 quod
1082 2152 1135 2170 nou
1154 2142 1225 2169 idem
1241 2141 1296 2168 illis
1310 2140 1529 2167 censuissemus.
1549 2142 1594 2164 aut
1609 2137 1688 2172 quasi

898 2180 992 2206 utilius
1003 2179 1168 2214 reipublicae
1180 2179 1273 2210 fuerit,
1290 2187 1335 2204 eos
1346 2178 1426 2203 etiam
1438 2176 1470 2202 nd
1481 2175 1627 2202 bestiarum
1639 2181 1687 2199 au-

898 2216 995 2243 xilium
1010 2216 1168 2251 confugere,
1185 2224 1266 2250 quam
1282 2214 1324 2241 vel
1340 2213 1437 2243 emori,
1456 2211 1497 2238 vel
1512 2221 1574 2239 cum
1585 2219 1646 2245 spe.
1663 2211 1686 2235 si

898 2263 950 2280 non
960 2255 1070 2288 optime,
1083 2258 1109 2281 ut
1120 2253 1210 2287 aliqua
1222 2257 1309 2279 tamon
1322 2251 1423 2277 vivere.
1454 2250 1478 2277 4.
1501 2250 1532 2275 At
1544 2249 1570 2275 in
1582 2252 1688 2282 pertur-

899 2291 958 2318 bata
969 2290 1106 2325 republica
1119 2290 1249 2316 vivimus.
1288 2288 1355 2321 Quis
1367 2286 1462 2322 negat?
1481 2285 1534 2312 Sed
1550 2285 1599 2311 hoe
1611 2283 1687 2310 vidc-

898 2329 951 2354 rint
962 2328 995 2359 ii.
1013 2328 1061 2363 qui
1075 2327 1148 2355 nulla
1162 2327 1216 2352 sibi
1231 2325 1354 2352 subsidia
1370 2324 1402 2351 nd
1418 2331 1510 2350 omnes
1522 2322 1591 2348 vitae
1603 2326 1688 2347 sunus

898 2369 1068 2400 paraverunt.
1103 2365 1159 2391 lIuc
1170 2364 1242 2390 enim
1254 2367 1283 2390 ut
1294 2362 1423 2391 venirem.
1436 2360 1558 2395 superior
1569 2358 1685 2395 longius,

897 2411 979 2437 quium
991 2401 1075 2432 volui.
1088 2400 1165 2429 nuxit
1175 2401 1267 2428 oratio.
1293 2399 1383 2432 Quum
1394 2398 1466 2424 enim
1479 2402 1502 2423 te
1513 2404 1620 2431 semper
1630 2404 1687 2422 nia-

897 2448 982 2475 gnum
993 2439 1129 2466 hominem
1140 2438 1221 2466 duxi:
1235 2435 1435 2471 tum.quodl1is
1448 2432 1687 2469 tempestatibuses

899 2485 980 2512 prope
1000 2475 1074 2504 solus
1090 2476 1116 2503 in
1133 2480 1226 2511 portu,
1246 2474 1403 2508 fructusque
1418 2471 1553 2498 doctrinae
1569 2470 1687 2505 percipis

898 2523 956 2544 eos.
970 2514 1018 2548 qui
1029 2513 1141 2540 maximi
1152 2517 1229 2543 suut,
1241 2517 1271 2538 ut
1280 2520 1310 2538 ea
1319 2509 1474 2537 consideres
1484 2516 1568 2543 enque
1581 2512 1685 2537 tractes,

898 2559 1013 2586 quorum
1028 2555 1054 2578 et
1068 2559 1134 2577 usus
1149 2555 1175 2577 et
1188 2549 1327 2576 delectatio
1341 2552 1383 2574 ost
1394 2546 1521 2574 omnibus
1537 2545 1648 2572 istorum
1662 2550 1688 2571 et

898 2589 963 2615 actis
974 2592 999 2615 et
1010 2587 1193 2623 voluptatibus
1204 2584 1397 2621 anteponenda.
1423 2582 1556 2619 Equidem
1568 2581 1616 2608 hos
1628 2587 1687 2608 tuos

898 2625 1112 2653 Tusculaneuses
1123 2625 1182 2653 dies
1194 2625 1276 2652 instar
1287 2631 1346 2651 esse
1357 2622 1427 2650 vitae
1437 2626 1510 2657 puto,
1519 2619 1687 2656 libenterque
