1941 3052
226 119 288 144 1172

223 188 433 216 tinini-trationeui
448 188 483 217 fut
495 187 661 220 Chrysippus
676 185 749 217 vult„
763 193 843 218 quani
856 183 958 209 dudutn
971 183 1007 210 di-

224 227 321 254 ximm,
336 234 396 253 imin.
411 230 438 250 ιιι
451 224 492 249 illa
504 222 613 257 quida-ni
628 222 682 247 tii-ri
696 222 778 256 possit
791 221 862 246 nulla
876 223 899 246 vi
912 222 1013 246 extrin-

221 271 298 288 iuwtm
315 263 438 289 excitata,
462 262 579 291 (nevi-sse
595 264 634 283 est
651 260 735 288 i-niin,
757 267 938 284 assensuum-ru
957 259 1013 284 viso

221 300 404 330 vonunoveri.)
420 297 465 323 :oi-il
482 297 623 322 revertitur
634 296 665 321 ad
678 296 830 331 cylindrum
843 300 868 321 et
882 295 914 320 ad
927 295 1013 320 turbi—

222 346 282 363 ιιι-ιιι
294 345 382 363 sunni.
396 342 463 368 quac
477 335 575 359 moveri
590 334 714 367 incipi-re„
725 333 776 358 nisi
792 332 878 367 pulsa,
888 339 938 358 non
952 341 1013 366 pos-

221 378 292 399 sunt.
331 372 356 397 ld
374 376 460 396 autem
477 379 561 405 quum
579 370 688 400 iic-vidit,
706 375 800 404 suapte
817 374 922 399 natura,
941 369 1012 404 quod

221 414 355 444 superest.
370 413 395 433 et
409 417 436 443 ν)
446 408 562 433 lindrnin
581 406 651 432 volvi
667 412 691 433 et
705 408 803 433 versari
816 407 949 432 turbinem
963 415 1012 440 pu-

222 452 264 473 tnt.
309 445 379 470 ΧΙΧ.
396 447 436 470 Η.
454 445 484 470 Ut
497 445 590 477 igitur,
611 445 710 478 inquit,
728 445 774 479 qui
788 445 915 479 protrusit
926 444 1013 479 cylin—

220 482 389 512 ‹li-uin‚‹lc‹lit
400 482 424 507 ei
437 483 600 516 principium
614 482 746 512 motionis,
757 481 952 507 volubilitatem
965 490 1013 506 au—

221 526 271 546 tein
294 529 344 545 non
366 519 453 545 dedit:
477 520 515 544 sii·
536 520 624 544 visum
640 519 774 544 obiectum
792 519 929 553 imprimet
946 518 1011 544 illud

219 556 338 591 quidem,
348 561 372 582 ct
383 557 460 590 quasi
473 556 591 589 sig-<nubit
603 557 628 582 in
642 557 730 582 animo
741 565 816 581 suam
829 557 956 590 speciem,
965 555 1011 580 sed

219 595 338 619 assensio
350 599 436 619 nostra
448 594 497 619 erit
515 595 540 619 iu
557 598 698 627 potestate:
719 602 818 628 eaque,
836 593 1012 628 quemadmo-

219 631 283 656 dum
297 631 321 656 iu
334 630 456 666 cylindro
466 630 568 656 dictum
581 635 633 661 est.
650 631 817 657 extrinsecus
830 630 907 665 pulsa
917 651 922 660 ,
940 629 1010 665 quod

219 667 353 702 reliquunt
365 672 413 697 cst,
427 673 520 702 suapte
535 669 559 693 vi
571 672 596 694 et
607 672 698 694 natura
712 668 873 694 movebitur.
901 667 1011 699 Quodsi
1033 679 1035 685 ·

219 705 308 739 aliqua
321 713 361 730 res
373 704 522 731 essii-eretur
533 706 590 731 sine
603 713 697 731 caussa
710 705 881 732 antecedente
890 726 895 735 ,
914 704 1011 730 salsum

218 742 386 768 essctomnia
399 741 450 768 sato
462 742 532 768 lieri:
546 743 926 777 sinomnibus.quaecumque
935 742 1010 771 flunt,

219 779 366 805 verisimile
382 784 422 806 est
437 788 558 805 caussam
571 779 740 806 antecedere:
761 780 828 814 quid
840 780 925 806 afferri
938 784 1013 814 pote-

219 817 261 847 rit,
275 825 322 842 cur
334 825 384 842 non
397 818 485 842 omnia
499 816 550 842 fato
562 817 618 843 lieri
632 817 767 843 fatendum
780 817 833 843 sit‘?
844 817 922 843 modo
934 815 1012 842 intel-

219 853 330 889 ligatur,
352 862 420 888 quae
434 855 468 880 sit
481 862 637 880 caussarum
649 854 787 880 distinctio
797 864 827 880 ac
839 853 1012 880 dissimilitu-

218 890 262 917 do.
304 892 344 917 Η.
358 891 426 917 llaec
437 900 522 926 quum
536 892 568 917 ita
581 891 635 917 sint
646 900 659 916 a
671 891 822 927 Chrysippo
834 891 974 926 explicata,
988 891 1011 916 si

218 927 269 958 illi,
285 928 332 962 qui
345 933 442 963 negant
456 929 625 954 assensiones
638 928 689 954 fato
701 929 767 959 iieri,
782 928 913 955 fateantur
924 933 1010 954 tamen

218 973 262 991 aas
271 963 342 1001 [non]
351 965 409 991 sine
417 966 474 991 viso
484 965 654 991 antecedente
667 966 737 998 [ἴοι-ὴ
751 965 802 992 alia
815 967 880 992 ratio
892 970 941 992 est.
959 965 1011 991 Sed

218 1003 240 1028 si
253 1002 415 1033 concedunt,
432 1003 531 1028 anteire
543 1003 614 1034 visa,
628 1011 675 1028 nec
688 1008 774 1029 tamen
788 1003 839 1030 sato
852 1003 907 1029 [ieri
920 1011 1012 1029 assen-

218 1039 396 1074 siones‚quod
409 1040 529 1074 proxima
543 1039 586 1066 illa
599 1044 624 1066 et
635 1041 773 1066 continens
785 1049 878 1066 caussa
891 1049 942 1066 non
955 1048 1012 1066 mo-

219 1081 279 1102 veat
290 1077 486 1102 assensionem:
501 1076 572 1104 vide,
587 1085 619 1103 nc
631 1077 701 1103 idem
713 1077 812 1104 dicant.
836 1078 927 1112 Neque
939 1077 1011 1103 enim

218 1113 388 1149 Chrysippus
398 1113 560 1144 concedens,
577 1115 741 1140 assensionis
753 1115 902 1149 proximam
914 1118 939 1140 et
949 1123 1013 1140 con-

218 1151 346 1177 tinentem
359 1159 480 1177 caussam
493 1159 551 1176 esse
566 1152 591 1177 in
604 1152 663 1177 viso
673 1152 786 1186 positam
795 1172 801 1182 ,
817 1160 876 1178 eam
887 1159 1012 1177 caussam

218 1187 251 1214 ad
267 1187 468 1213 assentiendum
490 1189 667 1214 necessariam
687 1197 745 1214 esse
760 1188 901 1219 concedet,
924 1192 966 1219 ut,
989 1189 1012 1214 si

217 1226 307 1251 omnia
319 1224 370 1250 sato
382 1224 453 1255 siant,
466 1225 555 1251 omnia
567 1225 630 1251 fiant
641 1226 745 1252 caussis
756 1225 976 1252 antecedentibus
987 1229 1013 1251 et

217 1262 390 1288 necessariis:
404 1262 521 1296 itemque
534 1262 582 1293 illi,
598 1264 646 1297 qui
657 1262 690 1288 ab
703 1262 752 1289 hoc
763 1263 936 1294 dissentiunt,
948 1271 1013 1289 con-

218 1299 321 1325 fitentes
337 1306 389 1325 non
406 1298 462 1325 fieri
478 1299 647 1326 assensiones
663 1300 721 1326 sine
737 1301 925 1335 praecursione
939 1301 1013 1326 viso—

217 1345 291 1367 rum,
304 1335 406 1366 dicent.
420 1336 443 1362 si
454 1337 543 1363 omnia
556 1336 608 1363 sato
624 1337 716 1364 fierent
731 1338 880 1368 eiusmodi,
897 1341 927 1364 ut
942 1336 1011 1363 nihil

217 1373 303 1403 fieret,
321 1373 374 1399 nisi
386 1374 588 1409 praegressione
602 1382 726 1406 caussae,
743 1374 924 1401 confitendum
941 1382 1009 1405 esse,

217 1410 269 1436 sato
281 1410 337 1436 fieri
348 1411 452 1437 omnia:
474 1419 507 1437 ex
518 1419 572 1446 quo
583 1410 660 1438 facile
673 1412 808 1438 intellectu
820 1416 869 1442 est,
882 1413 1011 1446 quoniam

216 1447 337 1482 utrique,
354 1447 483 1482 patefacta
499 1453 577 1483 atque
593 1448 724 1483 explicata
740 1450 870 1476 sententia
891 1457 953 1480 sua,
976 1448 1009 1475 ad

216 1484 341 1511 eumdem
353 1485 456 1511 exitum
467 1486 585 1516 veniant,
598 1486 688 1512 verbis
699 1495 754 1517 eos,
763 1495 814 1513 non
827 1495 854 1513 re
865 1486 1008 1512 dissidere.

216 1523 257 1548 45.
279 1521 458 1557 Omninoque.
470 1531 556 1557 quum
569 1522 633 1549 haec
644 1524 679 1550 sit
689 1523 839 1555 distinctio,
855 1528 885 1550 ut
895 1523 1012 1558 quibus-

215 1559 277 1585 dam
289 1559 315 1585 in
327 1559 408 1585 rebus
420 1567 481 1585 vere
492 1559 547 1586 dici
560 1561 658 1595 possit,
679 1569 765 1596 quum
780 1561 829 1587 hae
841 1569 952 1587 caussae
963 1569 1012 1587 an-

216 1600 348 1631 tegressae
360 1596 426 1628 sint,
445 1605 497 1623 non
509 1605 568 1623 esse
579 1598 606 1624 in
619 1602 706 1624 nostra
719 1603 862 1633 potestate,
880 1599 947 1633 quin
963 1597 1008 1624 illa

216 1634 348 1665 eveniant,
362 1642 476 1669 quorum
488 1642 599 1661 caussae
610 1634 724 1662 suerint:
744 1635 909 1670 quibusdam
921 1639 1010 1662 autem

215 1671 244 1696 in
256 1670 345 1702 rebus,
358 1671 461 1697 caussis
472 1672 643 1707 antegressis,
652 1673 679 1698 in
691 1678 779 1700 nostra
791 1678 879 1700 tamen
891 1681 950 1698 esse
961 1680 1012 1707 po-

216 1711 321 1739 testate,
344 1712 374 1734 ut
392 1707 461 1734 illud
481 1708 557 1735 aliter
575 1710 695 1736 eveniat:
721 1710 790 1737 hanc
809 1710 1010 1736 distinctionem

215 1745 323 1780 utrique
334 1745 494 1779 approbant:
507 1745 555 1772 sed
567 1746 765 1778 auennensem,
774 1747 1008 1782 quibusinrebus,

216 1790 301 1816 quum
313 1791 422 1809 caussae
434 1784 633 1815 antecesserint.
649 1783 708 1820 [ita,
721 1783 760 1821 ut]
774 1793 826 1811 non
838 1785 911 1810 sitin
922 1788 1010 1810 nostra

215 1823 356 1853 potestate.
374 1824 404 1846 ut
418 1819 494 1846 aliter
509 1820 556 1847 illa
571 1822 709 1853 eveniant=
727 1830 772 1848 eas
783 1821 836 1848 sato
847 1821 918 1847 fieri:
941 1829 1010 1856 quae

216 1860 304 1883 autem
317 1857 344 1883 in
356 1861 443 1884 nostra
454 1862 583 1907 potestate
593 1858 656 1890 sint,
662 1859 704 1908 ⁸ab
715 1859 759 1886 his
770 1858 855 1886 satum
867 1858 972 1885 abesse.

272 1929 335 1956 XX.
351 1932 391 1957 46.
408 1931 461 1957 Hoc
473 1931 551 1958 modo
561 1917 630 1959 1]εηῖ
641 1941 764 1959 caussam
776 1932 921 1967 disceptari
931 1940 1011 1966 opor-

216 1971 266 1997 tet,
283 1975 333 1993 non
350 1968 382 1993 ab
398 1969 493 1995 atomis
508 1970 660 1996 errantibus
675 1974 701 1996 et
711 1970 744 1996 de
755 1971 798 1996 via
810 1969 1009 1996 declinantibus

216 2004 382 2039 praesidium
393 2010 492 2039 petere.
532 2006 664 2038 Declinat,
678 2007 779 2042 inquit,
797 2011 912 2033 atomus.
951 2007 1010 2032 Pri-

217 2049 292 2067 mum
307 2041 373 2067 cur‘?
393 2042 479 2069 Aliam
499 2044 571 2070 enim
587 2044 732 2079 quamdam
747 2045 804 2070 vim
819 2049 908 2070 motus
926 2043 1011 2070 habe-

217 2077 285 2105 bunt
295 2087 308 2105 a
319 2079 466 2107 Democrito
478 2081 664 2117 impulsionis,
681 2090 763 2118 quam
778 2081 886 2118 plagam
902 2081 947 2108 ille
961 2089 1011 2116 ap-

417 119 469 142 tzt'».
498 117 530 142 M.
555 116 583 141 Τ.
611 115 734 141 ‹lull-:tt
759 115 802 140 liii
827 114 926 140 t-'itTn
948 113 1017 139 mn.
1045 113 1146 139 Stxu.
1170 113 1251 139 cmv.
1282 115 1320 140 49.
1343 116 1384 140 20.
1407 114 1662 142 FRAGMENTA.

1065 183 1158 218 pellat:
1175 192 1188 208 a
1202 188 1234 213 te.
1249 184 1372 218 Epicure.
1385 185 1523 218 gravitatis
1534 191 1559 212 et
1570 186 1706 221 ponderis.
1732 187 1805 219 Quae
1817 196 1858 214 er-

1065 230 1098 253 ga
1110 229 1176 246 nura
1188 229 1282 246 caussa
1296 223 1320 247 in
1334 226 1426 247 natura
1440 227 1492 252 est,
1508 231 1577 258 quae
1592 223 1707 250 declinet
1723 226 1860 251 aloinuni‘?

1066 263 1185 283 annotinum
1201 259 1350 284 sortiuntur
1362 259 1430 284 inti-r
1440 268 1477 288 se,
1490 268 1559 295 quzw
1570 260 1693 288 declinet.
1708 271 1777 296 qnae
1789 262 1860 288 non‘?

1065 300 1110 320 aut
1121 303 1168 320 cur
1181 295 1293 320 minimo
1304 295 1440 322 ‹tectim-nt
1452 296 1599 327 intervallo,
1615 299 1712 324 maiore
1725 298 1796 325 nun‘?
1815 304 1860 325 aut

1065 341 1112 357 rur
1123 331 1259 358 ‹lovum-nt
1271 341 1324 358 uno
1335 333 1461 363 minimo,
1484 343 1536 360 non
1550 334 1685 361 declinent
1695 336 1803 361 «luobus
1814 341 1861 362 aut

1067 369 1170 395 tribus?
1181 370 1277 403 Optare
1286 369 1450 404 lim-quidem
1458 375 1506 400 est,
1516 379 1566 397 non
1574 371 1721 406 disputare.
1738 374 1777 399 Π.
1793 373 1858 399 Nam

1066 415 1152 440 neque
1175 408 1343 432 extrinsecus
1370 407 1514 441 impulsam
1537 413 1655 434 atomum
1681 410 1736 436 loco
1757 410 1859 436 moveri

1065 449 1089 469 et
1105 443 1238 469 declinare
1255 443 1337 469 dicis:
1361 452 1448 479 neque
1461 445 1486 471 in
1504 445 1549 471 illo
1566 446 1652 475 inani.
1670 455 1717 481 per
1732 447 1803 482 quod
1821 447 1860 473 l'e-

1065 486 1137 506 ratur
1154 486 1272 511 atomus,
1290 480 1439 516 quidquam
1457 481 1540 508 fuisse
1556 491 1680 513 caussae,
1698 492 1746 510 cur
1760 493 1789 509 ea
1807 493 1859 511 nnn

1064 528 1077 543 e
1090 518 1196 551 regione
1214 517 1338 544 serretur:
1361 527 1409 544 nec
1425 519 1450 545 in
1468 520 1525 553 ipsa
1541 525 1628 546 atomo
1642 521 1798 547 mutationis
1808 522 1860 548 ali-

1064 554 1130 590 quid
1143 555 1240 581 sac-tum
1253 560 1305 585 est,
1323 556 1498 590 quamobrem
1516 557 1662 583 naturalem
1678 559 1719 583 sui
1733 558 1859 592 ponderis

1066 597 1166 618 motum
1179 602 1229 618 non
1243 597 1352 618 teneret.
1381 594 1416 619 lta
1427 602 1510 628 quum
1523 594 1655 621 attulisset
1668 594 1768 621 nullam
1781 604 1859 622 caus-

1064 639 1135 659 sam,
1158 638 1226 664 quae
1243 630 1320 656 istam
1336 630 1542 657 declinationem
1557 631 1685 658 efficeret:
1707 637 1794 659 taint-n
1810 632 1860 659 ali-

1064 667 1129 702 quid
1142 668 1194 693 silii
1207 667 1295 693 ‹licei-e
1308 667 1427 697 videtur,
1440 668 1726 704 quumiddicat,quod
1736 671 1858 696 omnium

1065 709 1167 730 tuentes
1179 709 1354 739 aspernentur
1365 713 1394 730 ac
1407 710 1542 739 respuant.
1582 707 1622 732 68.
1645 707 1698 732 Nec
1710 716 1772 733 vero
1782 707 1860 742 quis-

1064 751 1144 776 quam
1162 743 1246 776 magis
1257 742 1414 768 contii-mare
1427 743 1493 768 milii
1507 743 1670 770 videturnon
1678 745 1756 770 niodo
1764 744 1856 774 tatum.

1065 780 1249 805 verumetiam
1261 780 1445 805 necessitatem
1457 785 1481 806 et
1489 781 1542 806 vim
1555 781 1676 807 omnium
1689 790 1788 811 rerum,
1797 790 1859 807 sus-

1064 816 1212 850 tulisseque
1228 821 1315 842 motus
1334 817 1417 842 animi
1435 817 1612 847 voluntarios.
1635 826 1715 852 quam
1733 818 1790 847 bic.
1811 819 1859 854 qui

1063 853 1140 879 aliter
1149 854 1279 879 obsistere
1292 853 1343 879 sato
1356 853 1451 880 fatetur
1462 863 1490 880 se
1501 864 1551 881 non
1564 856 1693 889 potuisse,
1703 856 1754 882 nisi
1766 855 1798 881 ad
1811 856 1859 882 has

1063 891 1260 917 commentitias
1271 890 1463 917 declinationes
1473 891 1648 927 confugisset.
1687 893 1763 922 Nam,
1778 897 1805 919 ut
1816 901 1860 919 es-

1063 933 1122 954 sent
1133 929 1226 958 atorni.
1244 936 1311 962 quas
1325 929 1436 962 quidem
1448 937 1506 954 esse
1519 930 1585 955 milii
1597 929 1703 964 probari
1717 930 1790 956 nullo
1801 938 1860 956 mo-

1063 965 1097 991 do
1111 970 1210 1000 potest:
1229 970 1316 991 tamen
1328 965 1520 992 declinationes
1533 967 1598 992 istae
1610 975 1759 1002 numquam
1770 967 1859 1002 expli-

1063 1007 1196 1028 carentur.
1237 1003 1302 1028 Nam
1314 1003 1336 1028 si
1349 1003 1458 1032 atomis.
1475 1008 1503 1029 ut
1517 1004 1647 1038 gravitate
1662 1003 1793 1034 ferantur,
1811 1005 1860 1030 tri-

1064 1040 1159 1066 butum
1179 1043 1219 1065 est
1241 1040 1398 1066 necessitate
1419 1045 1539 1070 naturae.
1562 1041 1634 1075 quod
1655 1050 1733 1067 omne
1752 1041 1859 1076 pondus

1065 1076 1138 1102 nulla
1155 1085 1181 1102 re
1199 1076 1362 1110 impediente
1379 1082 1517 1103 moveatur
1527 1083 1552 1104 et
1564 1077 1663 1104 feratur
1679 1087 1787 1104 necesse
1803 1083 1856 1109 est;

1065 1113 1131 1140 illud
1143 1122 1252 1148 quoque
1264 1121 1372 1139 necesse
1383 1119 1423 1140 est
1433 1114 1567 1140 declinare
1583 1114 1748 1149 quibusdam
1763 1116 1859 1142 atomis

1066 1150 1116 1181 vel,
1129 1151 1153 1177 si
1166 1150 1267 1181 volunt,
1279 1151 1407 1177 omnibus
1418 1151 1574 1178 naturaliter
1584 1152 1596 1164 ⁸
1609 1153 1619 1163 ⁸
1631 1152 1643 1164 ‘

1243 1362 1677 1393 FRAGMENTA.

1102 1429 1136 1465 t.)
1148 1430 1184 1456 M.
1200 1429 1288 1456 Cicero
1299 1432 1325 1456 in
1337 1431 1410 1460 libro,
1422 1439 1496 1463 quem
1506 1432 1536 1456 de
1545 1433 1600 1464 sato
1611 1433 1769 1463 con-scriptu,
1780 1439 1860 1465 quum

1137 1470 1308 1501 quaestionem
1318 1469 1393 1493 istam
1403 1469 1498 1494 diceret
1504 1469 1708 1494 obscurissimam
1714 1476 1767 1494 esse
1776 1473 1799 1494 et
1810 1470 1860 1494 t'm—

1136 1506 1340 1538 ptimtissimam,
1351 1504 1517 1538 Chrysippum
1523 1506 1799 1539 quoquephi'tosophum
1808 1513 1859 1531 non

1136 1544 1268 1574 etr-pedisse
1282 1550 1308 1567 se
1322 1544 1349 1567 in
1363 1550 1393 1568 ea
1408 1544 1486 1575 refert
1499 1544 1539 1568 liis
1553 1543 1650 1568 verbis.-
1670 1541 1859 1577 »Chrysippus

1137 1583 1261 1605 aestuans
1274 1578 1461 1613 laboransque,
1477 1587 1594 1614 quonam
1609 1583 1685 1613 pacto
1695 1579 1821 1614 explicet,
1833 1583 1860 1606 et

1137 1615 1190 1642 sato
1199 1616 1289 1642 omnia
1302 1615 1368 1646 fieri.
1381 1620 1408 1642 et
1417 1623 1476 1642 esse
1487 1615 1592 1651 aliquid
1603 1616 1630 1642 in
1643 1615 1735 1648 nobis,
1748 1616 1859 1643 intrica-

1136 1658 1180 1679 tur
1191 1653 1240 1679 hoc
1251 1652 1356 1679 modo«

1293 1699 1364 1726 (Gen.
1375 1699 1404 1720 Ν.
1417 1699 1444 1720 Δ.
1456 1699 1506 1724 Vl,
1517 1701 1537 1719 2.
1550 1698 1622 1726 extr.)

1099 1749 1136 1784 2.)
1156 1749 1223 1775 Nam
1239 1756 1324 1783 quum
1340 1752 1411 1774 esset
1425 1747 1498 1782 apud
1508 1756 1537 1774 se
1548 1747 1581 1773 ad
1593 1748 1754 1774 Lavernium
1766 1747 1858 1784 Scipio

1136 1794 1244 1820 unaque
1250 1785 1370 1815 Pontius,
1384 1784 1481 1811 allatus
1490 1789 1530 1811 est
1542 1784 1607 1811 forte
1618 1785 1737 1819 Scipioni
1748 1786 1859 1820 acipen—

1135 1831 1188 1854 ser,
1201 1823 1249 1857 qui
1260 1821 1406 1848 admodum
1415 1830 1474 1848 raro
1484 1822 1597 1856 capitur,
1610 1821 1658 1848 sed
1671 1827 1711 1848 est
1722 1823 1815 1857 piscis,
1829 1828 1859 1849 ut

1136 1859 1238 1890 serunt.
1256 1860 1283 1885 in
1299 1860 1396 1894 primis
1411 1858 1521 1886 nobilis.
1561 1858 1650 1891 Quum
1666 1864 1755 1886 autem
1766 1859 1857 1895 Scipio

1135 1905 1221 1924 unum
1233 1901 1258 1923 et
1273 1896 1386 1922 alterum
1402 1904 1436 1922 ex
1451 1896 1498 1927 iis,
1515 1896 1564 1930 qui
1575 1904 1638 1922 eum
1653 1895 1797 1923 salutatum
1810 1905 1857 1923 ve-

1135 1938 1242 1964 nerant,
1268 1934 1409 1960 invitasset
1427 1932 1574 1968 pluresque
1593 1933 1673 1959 etiam
1695 1934 1857 1961 invitaturus

1136 1971 1286 2003 videretur3
1303 1971 1330 1997 in
1341 1979 1433 1997 aurem
1444 1971 1568 2001 Pontius,
1581 1969 1686 2005 Scipio,
1698 1971 1800 2006 inquit,
1813 1972 1858 1998 vi-

1135 2008 1182 2039 de,
1203 2007 1270 2043 quid
1284 2016 1361 2043 agas;
1381 2008 1521 2042 acipenser
1535 2007 1586 2039 iste
1599 2016 1747 2042 paucorum
1768 2007 1857 2035 homi-

1136 2054 1201 2072 num
1212 2050 1262 2072 052.

1299 2084 1406 2111 (Muci-nh.
1420 2083 1511 2105 Satura.
1521 2083 1561 2109 IL,
1573 2085 1617 2111 12.)
