1941 3052
247 147 288 169 tu'.
826 146 839 166 Β
882 144 914 168 ΜΔ
947 144 966 168 ‘I‘

242 215 286 242 -aeul
301 224 402 244 omnen.
418 223 531 250 quorum
546 215 578 240 ‹lr-
593 222 619 240 re
633 214 804 248 disceptatur.
827 214 870 239 Sic
884 214 954 239 enim
966 213 1029 239 olim

243 254 426 288 loquebantur.

240 291 356 316 oratione
377 291 473 318 inuios.
496 290 619 321 inu-,imm
641 288 786 320 religiono».
808 287 923 316 timidos,
945 285 1031 321 perfe-

242 332 327 353 rentes
343 328 508 355 iniuriarum.
527 326 623 351 mirum
638 322 765 359 quiddam
783 323 864 353 valet:
885 328 910 349 et
925 323 973 349 boc
988 323 1029 349 vei

242 366 267 391 in
283 364 421 398 principiis
438 363 477 388 vel
493 363 518 388 in
534 372 560 388 ru·
575 361 701 388 narranda
718 361 758 386 vel
773 361 800 387 in
815 360 958 395 peroranda
974 365 1030 387 tan-

243 408 293 427 tani
318 401 394 427 babet
415 401 476 429 viui,
498 400 520 425 si
539 404 579 424 ent
597 399 712 424 sum-iter
726 402 825 424 etcum
840 407 921 423 mensu
937 402 1031 423 tracta·
1050 419 1052 427 ,

241 444 306 467 tutu¹
324 443 352 464 ut
366 446 444 471 saepe
459 437 527 471 plus,
543 444 624 470 quam
636 444 729 460 caussa
742 435 835 461 valeat.
858 435 970 460 Tantum
983 443 1030 460 au-

241 481 292 501 tvm
316 475 429 501 eflicitur
451 481 530 499 sensu
549 472 664 507 quodam
687 481 717 498 nc
741 472 840 498 ratione
862 471 976 501 dicendi.
1002 477 1030 498 ut

240 513 316 547 quusi
341 520 426 537 mores
447 510 556 536 oratoris
579 509 685 545 eitinga!
708 510 799 535 oratio.
834 510 936 535 Gener-e
959 509 1030 535 enim

240 549 354 584 quonlam
369 548 558 573 sententiarum
573 551 598 572 et
613 544 728 582 [genere]
745 547 895 577 verborum,
911 546 1030 572 adbibita

240 587 316 612 etiam
336 586 436 611 actione
456 584 506 610 leni
534 583 739 618 facilitatemque
753 584 923 617 significanti,
947 583 1031 609 ostici-

240 629 290 652 tur,
313 627 339 648 ut
363 621 446 656 probi.
472 626 499 647 ut
525 621 590 647 bene
609 622 711 651 morati.
734 625 761 647 ut
776 621 836 647 boni
853 622 902 647 viri
917 629 975 646 esse
990 621 1031 647 vi-

239 660 357 685 deantur.
388 659 479 685 XLIV.
503 660 559 684 485.
581 659 646 684 Iluic
665 662 752 684 autem
767 663 806 684 est
822 658 864 684 illa
879 658 970 693 dispar
983 657 1030 683 ad·
1051 676 1053 684 .

239 698 327 723 iuncta
342 697 408 722 ratio
420 696 554 727 orationis,
571 704 639 730 quae
653 695 705 721 alio
717 695 833 730 quodam
847 704 943 730 genere
955 704 1030 721 men-

239 739 277 760 tes
292 733 411 760 iudicum
427 737 562 768 permovet
576 732 752 768 impellitque,
770 738 798 759 ut
812 737 856 759 aut
868 733 971 759 oderint
985 737 1030 758 aut

238 771 350 807 diligant
372 775 417 797 aut
431 770 566 796 invideant
580 774 624 796 aut
638 769 743 796 salvum
759 770 841 796 velint
852 774 897 796 aut
911 774 1029 796 metuant

238 813 282 834 aut
302 812 407 842 sperent
425 812 471 833 aut
488 808 597 842 cupiant
611 812 655 833 aut
669 807 826 833 abhorreant
840 812 884 833 aut
900 807 1029 833 laetentur

237 850 282 871 aut
305 849 437 871 maereant
455 849 500 871 aut
519 845 693 871 misereantur
710 849 755 870 aut
774 845 868 879 punire
888 844 969 870 velint
984 849 1029 870 aut

237 882 269 908 ad
284 891 330 909 eos
344 887 432 908 motus
446 882 619 912 adducantur.
636 882 658 908 si
673 883 719 917 qui
735 882 840 908 finitimi
852 886 915 908 sunt
929 886 953 907 et
968 890 1029 916 pro-

237 920 331 955 pinqui
347 919 389 946 his
403 928 432 945 ac
447 919 544 946 talibus
560 919 640 945 animi
656 919 877 954 permotionibus.
910 921 966 945 ⁴86.
982 919 1029 945 ΛΙ-

236 965 289 992 que
303 956 370 983 illud
384 956 529 991 optandum
544 961 582 982 est
597 957 700 987 oratori,
717 961 745 982 ut
756 956 873 991 aliquam
886 957 1028 991 permotio-

237 1003 296 1020 nem
317 995 464 1020 animorum
488 1002 536 1019 sua
555 998 648 1028 sponte
667 994 717 1028 ipsi
737 994 843 1020 all‘erant
859 994 891 1020 ad
905 1002 1027 1021 caussam

236 1031 339 1057 iudices
357 1031 388 1057 ad
408 1031 444 1061 id.
465 1031 536 1066 quod
553 1030 652 1057 utilitas
665 1032 775 1057 oratoris
790 1031 863 1062 seret,
880 1039 1028 1057 accommo-

199 1084 203 1091 ·
236 1068 334 1095 datam.
366 1068 482 1095 Facilius
500 1072 539 1094 est
558 1068 628 1094 enim
643 1073 802 1099 currentem,
819 1073 848 1094 ut
862 1069 944 1099 aiunt,
961 1069 1028 1094 inci-

236 1110 299 1136 tare,
315 1114 396 1141 quam
414 1114 581 1132 commovere
596 1105 774 1141 languentem.
813 1105 859 1132 Sin
874 1105 901 1132 id
915 1110 960 1132 aut
975 1114 1025 1132 non

235 1143 284 1169 erit
302 1147 347 1170 aut
360 1143 409 1169 erit
422 1143 571 1173 obscurius.
592 1143 661 1169 sicut
676 1143 778 1169 medico
790 1142 921 1179 diligenti,
938 1143 1028 1177 prius-

235 1189 316 1215 quam
330 1185 438 1208 conetur
455 1189 533 1216 aegro
546 1180 672 1206 adhibere
686 1180 854 1211 medicinam,
873 1189 924 1207 non
939 1179 1026 1206 solum

235 1219 345 1245 morbus
359 1219 426 1249 eius.
443 1219 486 1244 cui
501 1217 600 1244 mederi
615 1217 694 1248 volet,
710 1217 757 1244 sed
772 1218 850 1244 etiam
861 1217 1027 1244 consuetudo
1054 1239 1055 1244 ,

236 1256 348 1282 valentis
361 1260 387 1282 et
401 1260 492 1282 natura
505 1255 622 1290 corporis
636 1254 818 1290 cognoscenda
829 1259 883 1281 est:
899 1255 938 1281 sic
949 1255 1027 1290 equi-

234 1294 294 1320 dem
318 1302 402 1328 quum
426 1292 565 1328 aggredior
582 1293 724 1327 ancipitem
743 1301 864 1318 caussam
879 1297 904 1318 et
917 1300 1025 1328 gravem

234 1331 267 1357 ad
285 1331 387 1357 animos
404 1330 525 1356 iudicum
540 1329 745 1364 pertractandos,
765 1330 838 1356 omni
853 1334 940 1356 mente
954 1329 981 1356 in
996 1337 1026 1356 ea

233 1368 390 1403 cogitatione
403 1376 520 1402 curaque
539 1375 637 1398 versor,
653 1371 683 1393 ut
696 1367 797 1398 odorer,
814 1375 894 1402 quam
909 1367 1027 1403 sagacis-

233 1406 300 1431 sime
323 1406 433 1440 possim,
457 1404 523 1439 quid
545 1405 667 1435 sentiant,
692 1404 759 1439 quid
777 1404 938 1435 existiment,
959 1403 1026 1439 quid

233 1446 394 1477 exspectent,
411 1442 477 1477 quid
489 1441 579 1472 velint,
592 1450 646 1476 quo
659 1441 755 1468 deduci
769 1442 886 1468 oratione
899 1441 1025 1468 facillime

233 1488 311 1514 posse
333 1479 482 1506 videantur.
518 1480 575 1505 487.
595 1478 623 1505 Si
641 1487 670 1505 se
688 1478 751 1505 dant
776 1483 810 1509 et,
831 1483 860 1505 ut
878 1483 938 1505 ante
956 1479 1022 1510 dixi,

232 1526 280 1543 sua
295 1521 396 1552 sponte,
413 1525 467 1551 quo
480 1515 654 1550 impellimus,
675 1516 803 1542 inclinant
817 1521 896 1551 atque
910 1524 1025 1551 propen-

232 1554 303 1585 dent,
324 1554 433 1588 accipio,
449 1553 522 1589 quod
535 1553 621 1584 datur,
637 1558 663 1580 et
677 1553 708 1579 ad
723 1553 759 1584 id,
781 1553 852 1580 unde
866 1553 964 1588 aliquis
978 1552 1025 1580 ssa-

232 1596 275 1618 tus
289 1591 446 1622 ostenditur,
460 1590 517 1617 vela
532 1591 575 1618 do.
610 1590 657 1617 Sin
679 1595 719 1617 est
740 1591 844 1626 integer
860 1591 1024 1625 quietusque

231 1629 322 1660 iudex,
339 1628 401 1664 plus
415 1632 455 1655 est
468 1629 565 1663 operis.
588 1627 656 1654 Sunt
669 1628 741 1654 enim
755 1628 843 1654 omnia
854 1627 967 1654 dicendo
977 1636 1024 1654 ex-
1051 1658 1053 1664 .

231 1666 344 1697 citanda,
360 1665 427 1692 nihil
442 1665 585 1692 adiuvante
599 1669 700 1691 natura.
727 1664 780 1691 Sed
795 1669 892 1691 tantam
906 1665 961 1690 vim
977 1664 1024 1691 ha-

231 1703 276 1730 bet
288 1702 343 1734 illa,
367 1711 435 1738 quae
453 1707 521 1729 recte
539 1711 553 1729 a
571 1702 640 1728 bono
658 1706 734 1736 poeta
747 1701 816 1728 dicta
830 1706 869 1728 est
883 1700 1023 1728 flexanima

231 1745 310 1775 atque
323 1741 444 1767 omnium
458 1740 548 1775 regina
562 1747 651 1766 rerum
665 1739 756 1770 oratio,
777 1743 806 1765 ut
824 1747 876 1765 non
890 1738 969 1766 modo
981 1739 1023 1765 in-

231 1777 373 1804 clinantem
392 1777 514 1811 excipere
531 1781 577 1803 aut
590 1781 702 1803 stantem
717 1775 852 1807 inclinare,
881 1776 927 1802 sed
942 1777 1021 1802 etiam

231 1814 415 1841 adversantem
433 1818 458 1840 et
475 1818 668 1850 repugnantem
694 1817 723 1840 ut
737 1814 879 1848 imperator
893 1813 979 1839 bonus
993 1822 1022 1839 ac

232 1851 306 1878 sortis
319 1860 412 1886 capere
427 1851 520 1886 possit.
558 1851 638 1877 XLV.
655 1852 712 1877 ⁴88.
728 1851 796 1877 Haec
810 1854 873 1876 sunt
886 1850 940 1881 illa,
953 1859 1022 1885 quae

231 1897 273 1915 me
288 1888 383 1916 ludens
397 1888 509 1915 Crassus
523 1888 601 1915 modo
614 1887 755 1924 flagitabat,
771 1896 856 1922 quum
871 1896 885 1913 a
899 1896 941 1914 me
951 1888 1022 1914 divi-

231 1927 304 1953 nitus
324 1926 428 1952 tractari
442 1925 527 1952 solere
549 1925 647 1952 diceret
665 1930 691 1951 et
708 1925 736 1951 in
753 1933 847 1951 caussa
860 1925 903 1951 Μ’.
918 1925 1020 1960 Aquilii

231 1964 341 1998 Caiique
362 1963 479 1989 Norbani
500 1962 692 1997 nonnullisque
714 1961 773 1988 aliis
791 1962 869 1996 quasi
888 1961 1021 1997 praeclare

230 2005 286 2027 acta
301 2000 432 2033 laudaret;
459 2008 528 2035 quae
546 1999 698 2026 mehercule
715 2008 772 2035 ego,
789 1999 891 2030 Crasse,
907 2007 992 2034 quum
1007 2007 1020 2025 a

230 2044 255 2064 te
269 2042 412 2064 tractantur
424 2038 452 2063 in
465 2038 578 2068 caussis,
594 2037 700 2064 horrere
713 2036 794 2063 soleo.
816 2037 898 2063 Tanta
912 2037 954 2062 vis
964 2037 1021 2063 ani-

231 2075 276 2105 nii,
296 2079 385 2101 tantus
402 2075 527 2109 impetus,
548 2079 638 2101 tantus
656 2073 730 2100 dolor
746 2073 841 2104 oculis,
864 2073 950 2104 vultu,
975 2082 1020 2109 ge-

229 2117 281 2143 stu,
298 2111 381 2148 digito
399 2111 515 2146 denique
529 2111 578 2138 isto
593 2116 638 2138 tuo
651 2110 795 2146 significari
809 2110 889 2143 solet3
917 2115 1020 2137 tantum

229 2154 269 2176 est
286 2148 384 2175 flumen
402 2149 623 2184 gravissimorum
636 2149 852 2183 optimorumque
866 2148 1018 2178 verborum,

229 2191 282 2213 tam
305 2187 422 2222 integrae
443 2186 597 2217 sententiae,
621 2190 674 2212 tam
689 2194 774 2216 verae,
791 2190 844 2212 tam
858 2194 950 2215 novae,
967 2190 1020 2212 tam

228 2224 287 2250 sine
310 2223 455 2259 pigmentis
478 2222 593 2258 sucoque
615 2222 721 2258 puerili,
741 2227 770 2249 ut
784 2222 851 2249 mihi
866 2231 918 2249 non
931 2222 1019 2250 solum

228 2265 257 2287 tu
271 2260 412 2287 incendere
425 2260 550 2292 iudicem,
566 2260 613 2287 sed
627 2261 685 2295 ipse
699 2259 790 2286 ardere
803 2259 927 2286 videaris.

286 2299 342 2324 ⁴89.
358 2298 451 2333 Neque
465 2297 521 2324 fieri
535 2302 630 2333 potest,
639 2302 668 2324 ut
681 2297 767 2324 doleat
780 2297 812 2328 is,
829 2297 877 2332 qui
891 2297 973 2328 audit,
990 2301 1020 2323 ut

228 2334 321 2365 oderit,
343 2339 372 2361 ut
389 2334 515 2366 invideat,
532 2339 561 2361 ut
575 2335 743 2369 pertimescat
756 2334 868 2369 aliquid,
884 2339 914 2360 ut
927 2334 960 2360 ad
974 2333 1020 2360 sse-

229 2376 286 2397 tum
305 2371 568 2407 misericordiamque
584 2371 740 2403 deducatur,
756 2372 808 2398 uisi
822 2380 916 2398 omnes
929 2372 948 2398 ii
962 2380 1021 2398 mo-

228 2413 281 2440 tus,
297 2417 365 2443 quos
378 2414 464 2435 orator
477 2409 603 2436 adhibere
617 2409 688 2435 volet
700 2408 793 2440 iudici,
809 2409 906 2443 inipso
919 2413 1019 2435 oratore

229 2526 290 2545 nere
304 2520 429 2546 orationis
439 2520 506 2546 nihil
517 2525 595 2551 esset,
607 2521 660 2547 nisi
674 2520 772 2547 falsum
782 2524 861 2555 atque
870 2520 1018 2547 imitatione

227 2592 270 2619 da.
292 2593 369 2619 Nunc
382 2601 439 2629 ego,
455 2594 522 2628 quid
536 2595 592 2625 tibi,
609 2595 711 2626 Crasse,
719 2594 787 2629 quid
799 2594 893 2620 ceteris
906 2594 1015 2625 aecidat,

229 2631 330 2657 nescio:
353 2629 386 2656 de
399 2638 442 2657 me
455 2635 544 2657 autem
557 2640 651 2658 caussa
666 2631 739 2658 nulla
753 2635 801 2662 est,
822 2639 870 2657 cur
882 2631 954 2666 apud
969 2631 1018 2658 ho-

228 2667 314 2694 mines
340 2667 562 2702 prudentissimos
587 2673 666 2703 atque
691 2669 868 2695 amicissimos
894 2669 1015 2695 mentiar.

464 253 518 278 tut.
546 252 643 277 llnrum
669 252 749 282 initur
772 251 921 284 exprimere
944 259 1030 275 mores
1050 262 1052 266 v

1008 143 1279 169 ttcssttnxts

1058 218 1059 243 ;
1083 213 1138 239 Non
1163 212 1315 239 mehercule
1339 221 1466 248 umquam
1489 215 1560 249 apud
1580 215 1681 241 iudices
1695 216 1870 244 tutdolorem

1082 255 1126 275 nut
1145 250 1352 276 misericordiam
1371 256 1416 276 aut
1434 251 1562 279 invidiam
1580 257 1625 278 aut
1643 252 1734 279 odium
1757 254 1871 280 excitare

1081 286 1194 312 diet-ndo
1213 286 1293 316 wlui,
1314 288 1380 322 quin
1400 290 1456 322 ips-a·
1476 290 1502 314 in
1519 291 1718 316 commovendis
1735 290 1871 318 iudicibus

1082 324 1114 349 iia
1129 324 1195 357 ipsis
1209 324 1343 354 sensibus».
1359 324 1392 350 ad
1406 334 1473 359 quos
1486 325 1544 352 illo.-
1555 326 1686 353 adducen-
1699 327 1872 363 velle-mmer-

1083 369 1210 386 nioverer.
1235 362 1291 387 490,
1309 361 1400 396 Neque
1414 363 1485 388 enim
1500 361 1575 389 facile
1589 369 1628 390 est
1639 365 1809 399 portiom-,ue
1821 366 1871 391 in-

1082 402 1178 427 aratur,
1199 398 1242 424 cui
1262 403 1289 424 tu
1310 398 1385 429 velis,
1407 398 1496 429 iudex.
1517 401 1539 426 ni
1559 405 1586 426 tu
1605 401 1662 435 ipae
1681 402 1706 427 id
1722 402 1790 428 lente
1805 401 1872 429 tem

1083 434 1201 466 videare;
1231 444 1316 470 neque
1340 440 1369 462 ut
1390 435 1476 462 oderit
1492 445 1565 466 eum.
1583 447 1664 472 quem
1684 444 1711 464 tu
1728 439 1802 467 vetis.
1819 439 1871 466 nisi

1082 472 1198 506 teipsum
1217 471 1370 508 flagrantem
1391 473 1453 500 odio
1465 478 1525 500 ante
1541 474 1648 505 videtin
1674 484 1760 511 neque
1774 475 1806 502 ad
1821 477 1873 503 mi-

1082 509 1250 535 sericordiam
1275 509 1429 541 adducetur,
1455 511 1505 536 nisi
1531 515 1558 537 tu
1580 512 1604 538 ei
1623 513 1698 547 signa
1715 512 1814 540 doloris
1832 515 1871 540 tui

1083 546 1180 576 verbis.
1200 547 1348 577 sententiis,
1366 556 1437 577 voce.
1454 547 1541 579 vultu,
1561 548 1782 577 collacrimatione
1795 550 1873 577 deni-

1081 591 1134 618 que
1147 583 1304 610 ostenderis.
1329 585 1361 611 Ut
1374 585 1445 611 enim
1460 585 1533 611 nulla
1548 587 1669 612 materies
1681 592 1733 613 tarn
1744 587 1829 614 fucitis
1838 588 1871 614 ad

1081 620 1307 647 exardescendum
1331 626 1379 652 eat.
1403 631 1481 657 quae,
1502 623 1553 649 nisi
1571 623 1677 649 admoto
1696 624 1760 659 igni.
1782 624 1871 661 ignem

1081 658 1218 693 concipere
1237 659 1328 693 possit.
1348 660 1387 686 sic
1405 659 1477 685 nulla
1497 669 1571 686 mens
1585 665 1624 686 est
1639 666 1690 687 tam
1705 661 1737 687 nd
1750 670 1872 697 eompre-

1081 694 1248 722 bendendam
1264 696 1317 722 vim
1331 697 1440 723 oratoris
1455 702 1551 731 parata,
1573 706 1641 732 quae
1655 698 1739 732 possit
1753 699 1867 728 incendi.

1082 732 1132 758 nisi
1156 731 1335 759 inflammatus
1357 734 1414 768 ipse
1437 734 1469 760 ad
1492 744 1550 761 eam
1568 739 1594 761 et
1607 735 1703 761 ardens
1716 736 1868 762 accesseris.

1081 769 1172 796 XLVI.
1187 771 1242 796 494.
1253 770 1299 800 Ac,
1316 779 1348 796 ne
1363 770 1411 797 boc
1426 770 1491 797 sorte
1505 781 1631 807 magnum
1642 781 1671 798 ac
1682 772 1803 799 mirabile
1812 781 1870 800 ωδε

1082 806 1210 837 videatur,
1235 807 1370 834 hominem
1394 809 1469 834 toties
1488 810 1574 839 irasci.
1591 810 1666 835 toties
1680 809 1778 841 dolere.
1794 811 1870 837 toties

1080 844 1152 870 omni
1167 849 1239 870 motu
1254 845 1336 871 animi
1350 846 1484 876 concitari.
1502 848 1656 881 praesertim
1671 848 1697 873 in
1713 847 1793 874 rebus
1806 848 1871 874 alie-

1081 881 1131 911 nis,
1153 890 1247 917 magna
1262 882 1303 908 vis
1317 887 1357 908 est
1374 891 1465 909 earum
1479 884 1670 910 sententiarum
1685 889 1764 919 atque
1777 893 1869 912 eorum

1081 918 1207 948 locorum.
1223 927 1291 953 quos
1305 928 1368 955 agas
1383 924 1530 955 tractesque
1544 921 1664 950 dicendo.
1681 921 1748 948 nihil
1763 927 1792 948 ut
1802 930 1871 957 opus

1079 956 1114 982 sit
1127 955 1298 982 simulatione
1312 961 1337 982 et
1351 956 1472 983 fallaciis.
1506 958 1564 992 Ipsa
1583 959 1654 984 enim
1669 963 1762 985 natura
1774 960 1871 986 oratio-

1049 1002 1051 1016 ε
1080 994 1121 1019 nis
1135 993 1202 1024 eius,
1226 1001 1295 1028 quae
1313 994 1460 1029 suscipitur
1477 994 1510 1021 ad
1523 995 1635 1021 aliorum
1650 996 1752 1022 animos
1766 1004 1872 1031 permo-

1056 1039 1057 1042 ’
1080 1030 1188 1061 vendos,
1214 1035 1342 1057 oratorem
1365 1032 1455 1066 ipsum
1478 1032 1563 1067 magis
1577 1033 1664 1062 etiam,
1680 1041 1761 1067 quarn
1775 1042 1871 1069 quem-

1078 1076 1159 1102 quam
1172 1076 1272 1098 eorum,
1288 1069 1336 1103 qui
1350 1069 1471 1099 audiunt.
1488 1074 1633 1104 permovet.
1657 1071 1714 1096 ⁴92.
1729 1070 1762 1097 Et
1775 1079 1807 1097 ne
1821 1070 1870 1097 hoc

1078 1105 1104 1131 in
1119 1106 1231 1136 caussis,
1248 1105 1275 1131 in
1290 1105 1406 1137 iudiciis,
1423 1106 1450 1132 in
1464 1107 1609 1133 amicorum
1621 1106 1757 1142 periculis,
1769 1108 1796 1134 in
1807 1116 1872 1134 con·

1077 1151 1158 1169 cursu
1173 1142 1322 1174 hominum,
1337 1143 1364 1170 in
1376 1144 1490 1174 civitate,
1499 1144 1526 1170 in
1538 1143 1593 1170 soro
1603 1144 1720 1171 accidere
1731 1146 1867 1175 miremur.

1055 1183 1057 1187 ’
1077 1188 1163 1215 quum
1178 1181 1266 1215 agitur
1287 1189 1338 1206 non
1361 1180 1448 1207 solum
1472 1181 1571 1217 ingenii
1595 1182 1676 1208 nostri
1698 1182 1867 1212 existimatio.

1077 1218 1147 1251 (nam
1170 1217 1198 1244 id
1220 1221 1289 1244 esset
1309 1217 1408 1250 levius;
1436 1226 1611 1253 quamquam,
1629 1227 1715 1254 quum
1733 1219 1870 1254 professus

1054 1258 1055 1261 ’
1077 1255 1123 1285 sis,
1141 1259 1164 1281 te
1178 1254 1205 1281 id
1219 1262 1298 1289 posse
1314 1254 1407 1286 facere,
1423 1254 1495 1291 quod
1509 1256 1596 1290 pauci,
1613 1264 1645 1282 ne
1658 1256 1685 1282 id
1699 1256 1809 1291 quidem
1823 1265 1871 1283 ne-

1076 1291 1234 1328 gligendum
1247 1296 1287 1318 est
1296 1292 1313 1326 z)
1323 1292 1370 1319 sed
1383 1292 1434 1319 alia
1447 1298 1511 1319 sunt
1525 1293 1621 1319 maiora
1637 1293 1729 1323 multo.
1746 1293 1871 1325 fidemus·

1078 1330 1176 1361 ficium,
1193 1329 1339 1365 diligentia.
1356 1330 1457 1364 quibus
1471 1330 1551 1357 rebus
1564 1330 1681 1361 adducti.
1694 1331 1773 1357 etiam
1783 1339 1869 1366 quum

1077 1366 1255 1393 alienissimos
1278 1366 1457 1398 defendimus.
1482 1372 1569 1394 tamen
1591 1375 1636 1394 eos
1654 1367 1763 1400 alienos,
1778 1369 1802 1395 si
1816 1369 1868 1404 ipsi

1077 1404 1127 1430 viri
1142 1404 1203 1431 boni
1219 1403 1345 1430 volumus
1359 1404 1459 1436 haberi,
1479 1405 1632 1431 existimare
1646 1413 1697 1431 non
1711 1413 1866 1440 possumus.

1078 1443 1134 1468 493.
1151 1441 1212 1472 Sed,
1228 1446 1258 1468 ut
1271 1441 1337 1473 dixi,
1354 1450 1387 1468 ne
1400 1441 1450 1468 hoc
1464 1442 1490 1468 in
1505 1442 1582 1468 nobis
1595 1443 1694 1468 mirum
1705 1451 1764 1469 esse
1777 1442 1869 1470 videa-

1052 1484 1055 1514 J
1077 1483 1127 1510 tur,
1143 1478 1210 1514 quid
1224 1483 1310 1513 potest
1323 1487 1382 1505 esse
1396 1483 1448 1505 tam
1463 1478 1563 1510 fictum,
1579 1487 1660 1514 quam
1675 1488 1778 1511 versus,
1786 1488 1867 1516 quam

1052 1528 1054 1533 ¹
1075 1524 1251 1551 scena,quam
1266 1515 1390 1542 fabulae?
1403 1516 1501 1543 Tamen
1516 1518 1542 1543 in
1557 1516 1606 1543 hoc
1615 1524 1712 1552 genere
1721 1525 1800 1552 saepe
1809 1517 1869 1552 ipse

1076 1553 1140 1584 vidi.
1156 1561 1241 1588 quum
1256 1561 1289 1579 ex
1302 1561 1414 1587 persona
1428 1553 1494 1580 mihi
1509 1553 1600 1580 ardere
1613 1553 1683 1580 oculi
1698 1553 1815 1581 hominis
1826 1555 1868 1582 hi-

1075 1591 1182 1617 strionis
1197 1589 1350 1616 viderentur
1363 1590 1501 1625 spondalia
1515 1590 1636 1621 dicentis.

1112 1644 1269 1678 »Sem-equi?
1285 1645 1331 1670 abs
1351 1648 1373 1670 te
1389 1647 1470 1670 ausus
1485 1650 1532 1670 aut
1549 1647 1604 1671 sine
1617 1646 1662 1670 illo
1676 1644 1811 1671 Salamina
1827 1650 1867 1671 m-

1563 1681 1655 1714 qredi?

1111 1722 1206 1752 »neque
1217 1723 1352 1752 paternum
1366 1721 1494 1752 aspectum
1508 1727 1534 1745 es
1547 1717 1679 1745 veritus&

1074 1772 1227 1807 Numquam
1248 1771 1326 1798 illum
1340 1778 1469 1805 aspectum
1483 1772 1595 1803 dicebat,
1623 1774 1689 1808 quin
1708 1773 1775 1799 mibi
1790 1773 1867 1799 Tela-

1073 1817 1116 1835 mo
1130 1810 1213 1835 iratus
1227 1808 1314 1836 furere
1329 1809 1402 1836 luctu
1417 1809 1464 1835 filii
1480 1809 1623 1836 videretur.
1645 1810 1678 1837 At
1689 1809 1760 1836 idem
1770 1809 1865 1837 inflexa

1073 1846 1105 1872 ad
1119 1845 1299 1873 miserabilem
1313 1855 1410 1873 sonum
1425 1855 1496 1877 voce,

1350 1898 1362 1912 n
1371 1888 1457 1920 Quem,
1471 1891 1553 1914 aetate
1566 1892 1659 1914 exacta
1672 1889 1783 1921 indigem

1110 1926 1242 1956 »liber-iim,
1263 1927 1392 1955 lacerasti,
1414 1926 1519 1956 arbusti,
1538 1927 1693 1957 exsin'mti;
1715 1933 1796 1959 neque
1807 1927 1866 1958 sra-

1562 1964 1610 1988 tru's
1622 1964 1698 1993 necis,

1109 2003 1205 2033 »neque
1221 2002 1294 2033 ymni
1312 2001 1366 2026 eius
1380 2002 1471 2033 parvi,
1485 2002 1531 2033 qui
1543 2000 1589 2025 tibi
1602 2002 1629 2024 in
1642 2000 1745 2025 tuee1am
1758 2004 1795 2026 est
1808 2003 1865 2026 trd-

1560 2038 1660 2065 ditus,n
1673 2051 1710 2056 -

1072 2072 1136 2100 ssens
1150 2082 1180 2099 ac
1195 2073 1290 2109 lugens
1303 2073 1391 2100 dicere
1404 2073 1554 2099 videbatur.
1576 2072 1650 2105 Quae
1662 2074 1686 2100 si
1699 2072 1745 2099 ille
1759 2073 1861 2103 histrio.

1071 2110 1190 2146 quotidie
1208 2119 1294 2145 quum
1311 2115 1408 2146 ageret,
1429 2115 1516 2137 tamen
1530 2115 1600 2136 recte
1613 2118 1690 2146 agere
1703 2111 1762 2137 sine
1774 2110 1864 2138 dolore

1072 2157 1123 2174 non
1145 2152 1258 2182 poterat;
1292 2146 1378 2183 quid?
1396 2148 1544 2174 Pacuvium
1563 2148 1662 2182 putatis
1676 2147 1704 2174 in
1723 2147 1864 2174 scribendo

1072 2185 1124 2212 leni
1139 2185 1227 2211 animo
1239 2193 1270 2211 ac
1283 2185 1395 2211 remisso
1408 2184 1511 2211 tuisse?
1542 2185 1611 2211 Fieri
1629 2184 1704 2211 nullo
1719 2184 1799 2211 modo
1815 2193 1864 2220 po—

1071 2223 1131 2249 tuit.
1167 2223 1224 2249 ⁴94.
1244 2221 1328 2257 Saepe
1341 2222 1413 2248 enim
1427 2221 1528 2253 audivi,
1545 2226 1648 2256 poetam
1662 2221 1762 2248 bonum
1777 2223 1864 2248 nemi—

1048 2266 1050 2282 }
1071 2268 1131 2286 nem
1150 2259 1187 2295 (id
1201 2259 1273 2294 quod
1293 2267 1307 2285 a
1319 2259 1468 2286 Democrito
1481 2264 1507 2285 et
1519 2259 1626 2285 Platone
1638 2258 1666 2285 in
1679 2259 1787 2293 scriptis
1800 2258 1864 2285 reli-

1048 2302 1049 2305 ’
1070 2302 1142 2323 ctum
1161 2305 1220 2323 esse
1237 2296 1340 2331 dicunt)
1357 2297 1415 2323 sine
1433 2295 1639 2322 inflammatione
1652 2295 1802 2322 animorum
1815 2304 1863 2322 ex-

1070 2335 1163 2360 sistere
1181 2341 1267 2368 posse.
1287 2338 1314 2360 et
1335 2334 1393 2360 sine
1415 2333 1531 2368 quodam
1553 2331 1643 2359 afflatu
1656 2333 1735 2367 quasi
1752 2332 1859 2359 suroris.

1070 2371 1173 2398 XLVII.
1196 2370 1283 2403 Quare
1305 2370 1386 2397 nolite
1407 2370 1558 2397 en'stimare
1577 2369 1721 2404 meipsum.
1742 2370 1791 2405 qui
1809 2377 1860 2396 non

1070 2408 1180 2435 heroum
1204 2413 1307 2434 veteres
1324 2416 1403 2434 casus
1420 2407 1548 2442 fictosque
1566 2406 1655 2433 luctus
1668 2406 1750 2433 velim
1763 2407 1860 2433 imitari

228 2445 353 2479 impressi
367 2454 425 2472 esse
438 2450 518 2482 atque
531 2447 615 2473 inusti
628 2445 802 2473 videbuntur.
817 2445 894 2478 Quod
907 2447 931 2472 si
942 2446 1019 2472 fictus
1046 2446 1049 2472 ζ
1069 2450 1149 2480 atque
1171 2445 1329 2472 adumbrare
1350 2444 1471 2475 dicendo.
1488 2452 1574 2479 neque
1593 2448 1665 2470 actor
1685 2444 1737 2470 sim
1760 2443 1861 2470 alienae

228 2481 326 2517 aliquis
340 2482 414 2509 dolor
427 2483 616 2518 suscipiendus
629 2488 699 2510 esset
713 2487 738 2510 et
751 2483 774 2509 si
788 2483 815 2509 iu
829 2483 961 2509 eiusmodi
971 2491 1020 2518 ge-
1046 2485 1048 2506 ἵ
1070 2491 1208 2517 personae,
1225 2482 1272 2508 sed
1285 2487 1376 2508 auctor
1389 2489 1470 2512 meae,
1486 2489 1572 2516 quum
1587 2481 1654 2507 mihi
1667 2481 1711 2508 Μ’.
1721 2480 1860 2516 Aquillius

1069 2520 1096 2546 in
1114 2520 1220 2546 civitate
1239 2518 1393 2546 retinendus
1411 2523 1490 2549 esset,
1509 2526 1578 2552 quae
1591 2518 1619 2544 in
1633 2517 1678 2544 illa
1691 2526 1786 2544 caussa
1798 2525 1861 2552 per-

228 2555 394 2587 simulatum,
414 2557 498 2583 maior
515 2566 556 2584 ars
571 2557 660 2592 aliqua
675 2557 783 2583 forsitan
797 2561 866 2583 esset
879 2558 1019 2592 requiren-
1046 2559 1047 2583 Ι
1068 2557 1165 2583 oranda
1180 2556 1297 2587 fecerim,
1313 2556 1372 2582 sine
1381 2563 1477 2590 magno
1487 2554 1577 2582 dolore
1588 2555 1692 2581 secisse.
1709 2556 1719 2580 4
1725 2553 1858 2587 95.Quem

1046 2591 1047 2600 ¹
1068 2594 1139 2620 enim
1161 2602 1212 2629 ego
1233 2592 1370 2620 consulem
1393 2591 1486 2622 fuisse,
1506 2593 1691 2627 imperatorem
1708 2596 1830 2618 ornatum
1843 2600 1859 2618 a

1046 2631 1047 2635 ’
1067 2636 1171 2661 senatu,
1186 2635 1309 2656 ovantem
1327 2630 1355 2656 in
1369 2628 1530 2663 Capitolium
1548 2628 1700 2655 ascendisse
1719 2629 1859 2655 meminis-

1067 2676 1133 2698 sem,
1150 2668 1222 2694 hunc
1235 2675 1319 2702 quum
1335 2665 1470 2696 afflictum,
1493 2665 1670 2697 debilitatum,
1686 2670 1855 2697 maerentem.
