1941 3052
219 140 267 165 57⁸
681 138 722 160 Iisst.
760 136 792 161 M.

220 212 241 236 is
264 211 289 236 in
311 209 489 235 monumentis
511 207 640 233 maiorum
661 214 771 231 suorum
791 207 826 231 ait
847 204 1010 231 interfectus.
1033 208 1036 215 '

219 248 271 274 lloc
283 247 352 273 enim
365 246 398 272 ab
410 246 467 271 istis
478 253 556 278 saepe
568 244 678 269 dicitur:
702 242 811 277 proinde
823 242 1011 276 quasiAppiuu

219 285 263 311 illc
279 286 378 310 Caecus
395 284 463 308 viani
481 281 613 310 mimierit.
628 289 678 306 non
689 288 742 314 quu
755 279 871 313 populus
885 284 1010 309 uteretur,
1033 307 1035 316 Α

218 323 265 349 sod
278 323 322 348 ubi
335 323 443 355 impune
454 319 495 344 sui
511 318 608 352 posteri
617 317 845 343 latrocinarentur!
870 318 909 342 48,
923 317 1012 350 ltaque

220 361 246 385 in
262 359 352 385 eudem
371 359 418 383 ista
435 357 519 390 Appia
533 356 572 380 via
585 363 669 389 quum
681 354 882 380 ornatissimum
894 354 1011 388 equitem

221 397 366 422 Romanum
385 395 410 420 I’.
423 393 532 419 Clodius
545 393 579 418 tt.
592 393 727 426 I’apirium
738 391 889 421 occidisset,
903 390 1012 417 nonfuit

221 433 287 459 illud
304 432 405 458 facinus
422 430 602 464 puniendum:
635 430 712 455 llonto
722 429 792 454 enim
806 428 903 454 nobilis
917 428 943 454 in
955 428 1012 453 suis
1034 443 1035 460 3

220 469 399 496 monumentis
410 467 527 502 equitem
538 467 686 493 Romanum
697 465 841 497 occiderat3
864 474 934 491 nunc
941 465 1013 491 eius-

219 507 279 533 dem
295 506 395 540 Appiae
412 513 506 531 nomen
524 508 637 539 quantas
650 503 799 539 tragoedias
810 503 919 529 excitat!
941 502 1013 534 Quae
1034 500 1036 531 ¹,

218 548 353 570 cruentata
375 547 449 568 antea
469 542 548 568 caede
570 541 672 567 honesti
694 546 772 575 atque
793 540 941 566 innocentis
964 540 1012 565 viri

219 581 356 610 silebatur,
374 579 466 605 eadem
483 587 554 605 nunc
568 579 660 604 crebro
672 582 826 612 usurpatur,
841 581 1012 612 posteaquam
1036 592 1037 599 η

221 619 327 644 latronis
346 621 371 643 et
386 617 529 651 parricidae
544 616 675 651 sauguine
687 616 789 641 imbuta
801 619 850 640 ost.
882 614 934 641 Sed
948 613 1012 649 quid

219 664 268 690 ego
288 655 332 681 illa
353 654 549 681 commemoro?
577 653 793 687 Comprehensus
813 656 853 678 est
873 651 1015 686 intemplo

220 690 335 719 castoris
346 700 441 717 servus
453 692 482 717 Ρ.
495 691 589 721 Clodii,
603 699 683 726 quem
696 690 740 716 ille
751 690 783 716 ad
796 689 843 716 Cn.
857 689 1014 723 Pompeium

220 729 432 756 interficiendum
448 728 596 755 collocarat.
632 728 738 754 Extorta
755 732 795 753 est
809 726 944 753 confitenti
960 727 1014 752 sica

219 767 252 793 de
268 767 406 797 manibus
438 766 522 792 caruit
538 765 592 792 ἴοι-ο
603 770 692 800 postea
704 764 751 791 Cn.
764 764 917 798 Pompeius,
931 764 1016 790 caruit

220 809 322 835 senatu,
335 804 419 830 caruit
429 804 546 838 publico,
559 804 637 829 ianua
648 810 676 828 se
687 811 716 828 ac
728 802 882 837 parietibus,
896 810 947 827 non
959 802 1016 827 iure
1037 819 1038 842 ἶ

221 841 310 877 legum
333 841 546 875 iudiciorumque
568 840 641 866 texit.
676 842 714 865 to.
741 840 810 866 Num
829 847 898 874 quae
915 839 1016 873 rogatio

222 878 281 909 lata,
300 887 365 905 num
380 887 449 913 quae
465 886 532 904 nova
546 878 667 912 quaestio
682 877 785 903 decreta
802 876 859 902 est‘?
888 876 978 911 Atqui,
992 876 1015 901 si
1038 896 1039 901 ,

221 925 271 947 res,
289 917 312 942 si
324 916 372 946 vir,
386 916 408 941 si
421 920 526 950 tempus
538 915 623 941 ullum
636 915 748 950 dignum
762 914 820 945 tuit,
833 918 902 939 certe
914 913 976 939 haec
989 913 1015 939 in

209 953 265 980 ιίΙΙιι
281 961 375 979 caussa
391 961 496 979 summa
512 953 599 979 omnia
616 951 733 978 suerunt.
766 951 905 978 Insidiator
919 955 974 977 erat
988 950 1014 976 in

222 990 277 1018 foro
287 990 432 1017 collocatus
442 995 522 1025 atque
533 991 561 1016 in
574 989 707 1016 vestibulo
718 990 777 1024 ipso
788 993 910 1020 senatus;
929 989 952 1014 ei
960 988 1016 1014 viro

221 1032 309 1055 autem
330 1036 401 1054 mors
418 1028 567 1063 parabatur,
585 1027 663 1053 cuius
679 1027 706 1053 in
723 1027 776 1052 vita
793 1026 927 1052 nitebatur
942 1025 1016 1051 salus

220 1066 349 1097 civitatis;
376 1074 407 1091 eo
423 1074 499 1100 porro
513 1064 676 1099 reipublicae
693 1069 819 1098 tempore,
832 1071 895 1098 quo,
909 1063 931 1089 si
945 1071 1016 1088 unus

220 1103 266 1129 ille
285 1102 438 1133 occidisset,
461 1111 513 1129 non
537 1102 601 1128 haec
620 1101 708 1128 solum
727 1102 835 1131 civitas,
858 1100 905 1126 sed
923 1104 1016 1136 gentes

220 1149 313 1167 omnes
328 1140 516 1167 concidissent.
552 1140 609 1166 Nisi
627 1147 697 1170 vero,
710 1139 773 1174 quia
785 1137 899 1173 perfecta
911 1146 952 1164 res
964 1145 1015 1163 non

221 1183 269 1209 est,
287 1187 337 1204 non
354 1177 404 1204 fuit
419 1177 568 1213 punien‹la;
596 1176 705 1211 proinde
720 1177 798 1211 quasi
813 1176 900 1202 exitus
916 1183 1014 1205 rerum,

222 1224 274 1242 non
298 1215 438 1242 hominum
458 1214 569 1241 consilia
589 1214 694 1249 legibus
711 1213 889 1239 vindicentur.
926 1213 1015 1238 Minus

221 1252 366 1279 dolendum
382 1252 440 1283 suit,
459 1261 485 1278 re
501 1260 552 1278 non
567 1251 691 1286 perfecta,
709 1251 756 1277 sed
768 1250 935 1285 puniendum
945 1254 1016 1276 certe

221 1290 306 1316 nihilo
330 1290 429 1316 minus.
469 1291 511 1317 20.
533 1289 642 1321 Quoties
658 1296 706 1324 ego
721 1289 789 1323 ipse,
807 1288 919 1318 iudices,
937 1295 970 1313 ex
985 1287 1014 1312 P.

222 1327 307 1354 Clodii
330 1327 389 1353 telis
410 1331 435 1353 et
455 1335 488 1353 ex
502 1326 619 1353 cruentis
635 1326 693 1352 eius
710 1326 835 1351 manibus
851 1324 946 1361 effugi!
975 1324 1016 1350 Ex

221 1365 322 1400 quibus
338 1365 361 1390 si
377 1373 419 1390 me
429 1372 481 1390 non
494 1364 534 1390 vel
547 1371 605 1390 mea
616 1362 657 1389 vel
670 1362 833 1398 reipublicae
844 1362 949 1388 fortuna
960 1370 1017 1387 ser-

222 1406 318 1432 vasset,
336 1402 398 1436 quis
414 1401 520 1428 tandem
536 1400 570 1427 de
584 1401 693 1427 interitu
709 1408 768 1426 meo
777 1400 961 1434 quaestionem
973 1403 1017 1424 tu-

223 1438 316 1465 lisset?
343 1439 409 1465 VIII.
422 1438 474 1465 Sed
485 1438 560 1464 stulti
571 1446 676 1468 sumuS,
689 1438 737 1473 qui
749 1438 874 1467 Drusum,
887 1437 934 1472 qui
946 1435 1018 1463 Afri-

221 1484 327 1507 canum,
345 1476 512 1511 Pompeium,
531 1475 709 1509 nosmetipsos
735 1483 797 1501 cum
807 1475 837 1501 P.
851 1474 943 1501 Clodio
953 1482 1018 1500 con-

222 1513 289 1540 ferre
309 1513 466 1540 audeamus.
504 1512 661 1540 Tolerabilis
685 1512 794 1539 fuerunt
813 1511 868 1542 illa,
884 1512 913 1538 P.
931 1510 1017 1538 Clodii

222 1556 332 1578 mortem
344 1559 430 1586 aequo
440 1551 528 1577 animo
540 1558 618 1576 nemo
624 1549 691 1576 terre
703 1554 803 1585 potest3
817 1549 1015 1585 lugetsenatus,

223 1592 321 1615 maeret
336 1593 460 1623 equester
474 1588 546 1619 ordo,
565 1591 616 1614 tota
632 1587 726 1613 civitas
742 1587 861 1614 confecta
875 1586 950 1612 senio
966 1589 1015 1616 est,

222 1626 347 1661 squalent
366 1626 522 1660 municipia.
545 1624 705 1652 afflictantur
724 1624 851 1655 coloniae,
870 1624 926 1659 agri
941 1622 1018 1649 deni-

221 1671 275 1699 que
292 1663 345 1697 ipsi
361 1667 413 1689 tam
425 1663 584 1693 beneficum,
597 1666 651 1688 tam
662 1661 814 1692 salutarem,
829 1666 881 1687 tam
893 1667 1019 1686 mansue-

222 1705 278 1727 tum
293 1700 380 1727 civem
394 1700 557 1726 desiderant.
587 1701 629 1726 24.
646 1700 703 1726 Non
720 1698 771 1725 suit
785 1707 815 1724 ea
829 1706 934 1728 caussa,
947 1697 1019 1723 iudi—

222 1746 274 1768 ces,
289 1737 404 1772 profecto
415 1746 467 1764 non
479 1737 537 1768 l'uit,
550 1735 1019 1770 cursibicenseretPompeiusquae-

222 1775 336 1801 stionem
346 1774 492 1806 ferendam,
505 1774 552 1800 sed
563 1774 642 1800 homo
652 1774 759 1808 sapiens
769 1777 796 1799 et
805 1773 856 1799 alta
867 1772 983 1807 quadam
994 1775 1019 1797 et

222 1812 314 1838 divina
330 1816 416 1838 mente
427 1811 564 1846 praeditus
574 1810 658 1837 multa
668 1810 750 1837 vidit.-
781 1809 865 1836 Iuisse
876 1810 929 1836 sibi
940 1809 1018 1836 illum

223 1849 372 1880 inimicum,
391 1848 548 1875 familiarem
565 1848 700 1874 Milonem.
736 1848 765 1874 In
780 1848 917 1874 communi
931 1847 1019 1873 omni-

223 1895 269 1913 um
282 1885 388 1917 laetitia,
404 1887 427 1912 si
443 1887 522 1912 etiam
536 1886 595 1920 ipse
604 1885 739 1920 gauderet,
759 1885 856 1915 timuit,
869 1893 903 1911 ne
913 1884 1019 1910 videre-

223 1929 267 1950 tur
280 1923 411 1950 infirmior
427 1923 492 1949 tides
507 1923 688 1949 reconciliatae
703 1923 813 1957 gratiae.
845 1921 928 1948 Multa
938 1922 1017 1948 etiam

223 1960 274 1987 alia
295 1961 371 1992 vidit,
393 1960 441 1987 sed
459 1959 528 1986 illud
544 1960 668 1990 maxime,
686 1959 811 1994 quamvis
826 1960 947 1986 atrociter
960 1959 1019 1993 ipse

224 1997 338 2029 tulisset,
355 2006 403 2024 vos
417 2002 505 2024 tamen
521 1997 621 2023 fortiter
635 1996 809 2023 iudicaturos.
840 1997 931 2032 Itaque
946 1996 1019 2022 dele-

223 2036 262 2071 git
278 2044 292 2061 e
307 2034 503 2062 florentissimis
520 2034 661 2061 ordinibus
673 2035 730 2068 ipsa
743 2033 857 2064 lumina.
872 2042 960 2068 neque
972 2041 1019 2059 ve-

224 2081 260 2103 ro,
284 2072 357 2107 quod
373 2072 494 2099 nonnulli
510 2072 640 2102 dictitant,
657 2072 770 2098 secrevit
783 2072 812 2097 in
827 2071 965 2097 iudicibus
982 2070 1019 2097 le-

223 2109 320 2146 gendis
340 2110 439 2136 amicos
459 2117 543 2136 meos.
573 2109 665 2144 Neque
680 2109 752 2135 enim
768 2108 818 2135 hoc
836 2109 964 2144 cogitavit
977 2109 1019 2134 vir

223 2147 399 2177 iustissimus,
417 2155 503 2181 neque
517 2147 544 2173 in
561 2146 638 2173 bonis
654 2146 720 2172 viris
736 2145 856 2181 legendis
871 2145 899 2172 id
910 2146 1018 2180 assequi

224 2185 363 2219 potuisset,
381 2185 485 2210 etiamsi
501 2184 629 2219 cupisset.
665 2184 722 2209 Non
733 2184 805 2209 enim
817 2191 875 2209 mea
885 2184 968 2219 gratia
980 2182 1020 2209 fa-

224 2221 424 2248 miliaritatibus
435 2222 593 2252 continetur,
606 2229 675 2256 quae
687 2220 736 2247 late
747 2225 836 2255 patere
847 2229 898 2247 non
906 2224 1019 2255 possunt

224 2263 371 2294 propterea,
388 2258 461 2293 quod
472 2258 680 2285 consuetudines
690 2258 778 2284 victus
789 2266 841 2284 non
852 2263 965 2292 possunt
976 2265 1019 2284 es-

224 2305 253 2322 se
268 2305 331 2323 cum
346 2297 450 2322 multis.
482 2295 543 2326 Sed,
557 2296 580 2322 si
590 2295 657 2330 quid
669 2303 823 2330 possumus,
836 2303 870 2321 ex
880 2303 910 2321 eo
922 2303 1020 2330 possu-

225 2333 888 2368 mus,quodrespublicanosconiunxitcumbonis.
910 2333 1020 2367 Exqui-

225 2371 275 2397 bus
296 2371 342 2397 ille
361 2379 447 2406 quum
464 2371 579 2405 optimos
594 2370 665 2396 viros
681 2370 788 2406 legeret,
805 2370 888 2404 idque
903 2371 1019 2396 maxime

225 2407 257 2433 ad
278 2407 358 2434 fidem
374 2417 451 2434 suam
468 2409 598 2442 pertinere
612 2407 793 2438 arbitraretur,
811 2415 863 2433 non
879 2407 966 2442 potuit
981 2406 1020 2432 le-

225 2452 286 2479 gere
298 2453 348 2471 non
359 2445 492 2472 studiosos
504 2446 566 2471 mei.
597 2447 640 2472 22.
657 2444 732 2476 Quod
744 2452 807 2470 vero
820 2449 854 2474 te,
867 2445 898 2470 L.
910 2444 1016 2475 Domiti,
1040 2466 1042 2472 .

225 2481 289 2507 huic
303 2483 452 2515 quaestioni
466 2491 588 2517 praeesse
599 2482 715 2508 maxime
725 2481 819 2512 voluit,
832 2481 899 2508 nihil
911 2481 1020 2516 quaesi-

226 2518 264 2543 vit
284 2517 371 2549 atiud.
394 2520 444 2545 nisi
461 2520 603 2550 iustitiam,
624 2519 797 2554 gravitatem,
813 2518 1016 2549 humanitatem,

227 2554 315 2580 Iidem.
355 2555 436 2586 Tulit,
459 2561 488 2582 ut
507 2556 674 2583 consularem
690 2563 798 2582 necesse
818 2560 902 2582 esset:
929 2555 1016 2586 cred0,

226 2591 299 2626 quod
310 2591 461 2626 principum
473 2602 572 2620 munus
583 2601 643 2619 esse
652 2592 775 2623 ducebat,
788 2593 911 2619 resistere
921 2592 1020 2619 etlevi-

226 2629 273 2654 tati
293 2628 474 2656 multitudinis
489 2635 515 2656 et
529 2631 694 2664 perditorum
709 2629 859 2656 temeritati.
898 2630 940 2656 Ex
955 2638 1020 2656 con-

227 2665 364 2692 sularibus
374 2670 400 2693 te
410 2668 508 2693 creavit
518 2668 703 2702 potissimum:
725 2666 839 2693 dederas
847 2666 1019 2703 enim,quam

828 135 856 160 Τ.
891 135 1167 162 CICERONIS
1200 134 1387 160 ORATIO

1063 209 1245 230 nroiitcmneres
1267 204 1408 239 populares
1425 205 1550 234 insanies.
1569 205 1620 231 iam
1636 205 1669 230 ab
1681 204 1856 232 adolescentia

1063 241 1220 267 documenta
1242 242 1366 267 maxima.
1398 241 1444 267 IX.
1467 243 1507 268 23.
1529 243 1720 273 Quamobrem.
1743 242 1855 272 iudices,

1066 282 1094 303 ut
1114 278 1257 312 aliquando
1272 278 1304 304 ad
1315 287 1436 304 caussam
1448 279 1603 314 crimenque
1616 280 1763 309 veniamus,
1777 280 1799 305 si
1811 287 1857 306 no·

1063 323 1116 350 que
1127 316 1214 341 onmis
1225 315 1358 341 confessio
1370 315 1430 342 facti
1442 317 1622 345 estinusitata,
1633 317 1857 351 nequent-caum

1065 356 1153 378 nostra
1174 352 1322 387 quidquam
1344 352 1432 383 aliter,
1455 362 1485 378 ac
1505 362 1552 379 nos
1574 354 1717 383 vellemus,
1734 363 1748 380 a
1764 359 1858 380 senatu

1041 421 1042 424 Ἴ
1065 389 1212 415 iudicatum
1233 395 1282 419 est,
1300 395 1325 416 et
1342 390 1406 416 lator
1417 391 1474 425 ipse
1491 390 1566 423 togis,
1579 399 1663 425 quum
1675 395 1744 417 esset
1754 396 1859 417 contu>

1067 428 1151 452 versia
1164 427 1236 453 nulla
1250 427 1319 457 lacti,
1334 428 1400 453 iuris
1412 432 1498 454 tamen
1510 427 1728 462 disceptationem
1741 437 1800 454 esse
1813 436 1860 454 vo-

1067 464 1124 494 luit,
1147 469 1172 489 et
1192 464 1267 490 electi
1284 464 1400 495 iudices,
1417 465 1494 499 isque
1511 465 1678 499 praepositus
1696 465 1857 500 quaestioni,

1065 502 1111 535 qui
1132 501 1196 527 hacc
1212 503 1282 528 iuste
1297 502 1485 536 sapienterque
1495 502 1638 536 disceptet:
1661 503 1795 537 reliquum
1807 507 1857 531 est.

1067 538 1178 569 iudices,
1192 543 1221 565 ut
1234 539 1301 565 nibil
1314 540 1365 565 iam
1377 539 1450 565 aliud
1461 539 1722 574 quaereredebeatis,
1731 540 1793 570 nisi,
1803 544 1860 566 uter

1067 576 1117 601 utri
1139 576 1251 602 insidias
1273 576 1372 602 fecerit.
1412 576 1488 608 Quod
1504 586 1559 611 quo
1575 576 1680 602 facilius
1695 578 1860 612 argumentis

1067 613 1217 648 perspicere
1239 615 1360 648 possitis,
1383 622 1437 640 rem
1453 619 1554 649 gestam
1573 614 1648 640 vobis
1663 614 1728 640 dum
1745 614 1860 641 breviter

1065 659 1178 685 expono,
1191 659 1292 685 quaeso
1303 651 1445 687 diligenter
1455 651 1590 677 attendite.

1122 689 1163 714 2⁴.
1187 688 1214 714 Ρ.
1236 688 1346 714 Clodius
1365 697 1451 723 quum
1471 689 1607 715 statuisset
1626 688 1699 715 omni
1719 687 1818 714 scelere
1832 688 1860 714 in

1067 730 1188 759 practura
1215 734 1310 752 vexare
1335 725 1528 760 rempublicam
1550 725 1704 760 videretque
1725 726 1760 751 ita
1780 729 1860 751 tracta

1067 771 1125 788 essc
1145 763 1249 788 comitia
1271 771 1340 789 anno
1360 764 1509 797 superiore,
1529 768 1557 789 ut
1573 772 1624 789 non
1641 762 1739 789 multos
1754 771 1861 788 menses

1067 804 1216 834 praeturam
1241 809 1332 835 gerere
1353 805 1455 835 posset,
1477 801 1524 835 qui
1546 809 1597 827 non
1619 800 1725 827 honoris
1747 799 1860 835 gradum

1067 841 1206 871 spectaret,
1230 842 1258 863 ut
1277 839 1366 867 ceteri,
1380 838 1426 864 sed
1442 842 1468 864 et
1479 839 1508 863 1..
1522 838 1644 864 Paullum
1655 837 1785 873 collegam
1795 836 1862 863 efl'u-

1067 883 1130 910 gere
1152 874 1239 904 vellet,
1261 875 1391 910 singulari
1413 876 1509 901 virtute
1529 876 1626 905 civem,
1642 879 1668 901 et
1681 875 1862 901 annuminttn

1067 921 1144 947 grum
1157 911 1189 937 ad
1200 911 1397 938 dilacerandam
1409 912 1603 947 rempublicam
1610 916 1762 947 quaereret:
1785 911 1861 937 subi—

1068 954 1093 975 to
1114 949 1222 983 reliquit
1233 958 1332 976 annum
1344 958 1424 976 suum
1439 958 1552 984 seseque
1563 951 1589 976 in
1601 958 1701 976 annum
1709 949 1861 984 proximum

1068 986 1183 1017 tratulit,
1201 995 1262 1017 non,
1280 991 1310 1013 ut
1325 987 1362 1017 Iit,
1389 987 1517 1023 religione
1532 987 1635 1022 aliqua.
1663 987 1709 1013 sed
1731 991 1759 1012 ut
1780 986 1862 1012 habe-

1068 1028 1115 1054 ret,
1138 1023 1211 1058 quod
1227 1025 1283 1059 ipse
1297 1024 1410 1055 dicebat,
1428 1025 1460 1050 ad
1477 1029 1626 1059 praeturam
1642 1023 1795 1060 gerendam,
1813 1022 1863 1049 hoc

1067 1065 1108 1087 est
1118 1060 1151 1087 ad
1162 1061 1331 1088 evertendam
1343 1062 1546 1097 rempublicam,
1560 1061 1668 1096 plenum
1676 1065 1863 1095 annumatque

1069 1099 1212 1134 integrum.
1225 1100 1266 1125 25.
1275 1098 1435 1126 Occurrebat
1445 1100 1478 1129 ei,
1493 1108 1613 1125 mancam
1624 1107 1654 1125 ac
1664 1098 1780 1125 debilem
1787 1105 1863 1132 prae-

1069 1140 1154 1162 turam
1165 1144 1242 1162 suam
1255 1135 1371 1162 futuram
1383 1136 1491 1163 consule
1498 1136 1608 1163 Milone:
1630 1145 1691 1163 eum
1704 1143 1863 1171 perrosum-

1069 1181 1112 1199 mo
1131 1181 1263 1199 consensu
1280 1174 1373 1208 populi
1390 1174 1500 1200 Romani
1515 1173 1653 1200 consulem
1670 1174 1726 1199 {ieri
1743 1172 1860 1198 videbat.

1068 1210 1187 1237 Contulit
1201 1218 1230 1237 se
1241 1210 1274 1237 ad
1289 1212 1348 1237 eius
1360 1212 1554 1246 competitores,
1567 1211 1615 1237 sed
1625 1212 1670 1241 ita,
1683 1215 1763 1238 totam
1775 1215 1804 1236 ut
1815 1217 1863 1244 pe—

1068 1248 1187 1274 titionem
1199 1249 1257 1282 ipse
1268 1248 1352 1279 solus,
1360 1249 1439 1275 etiam
1450 1248 1613 1279 invitisillis,
1621 1248 1794 1284 gubernarem
1810 1251 1862 1273 tota

1069 1289 1098 1311 ut
1121 1285 1227 1311 comitia
1250 1286 1322 1317 suis,
1344 1290 1374 1312 ut
1393 1285 1542 1316 dictitabat,
1568 1285 1688 1312 humeris
1709 1285 1862 1311 sustineret.

1068 1322 1345 1355 Convocabattribus;
1367 1332 1396 1349 se
1407 1323 1603 1358 interponebat3
1626 1322 1754 1350 Collinam
1767 1329 1862 1348 novam

1068 1359 1173 1386 delectu
1184 1359 1427 1394 perditissimorum
1439 1361 1539 1387 cin'um
1546 1360 1738 1387 conscribebat.
1759 1358 1864 1392 Quanto

1069 1396 1113 1423 ille
1124 1396 1202 1432 plura
1213 1397 1350 1429 miscebat,
1359 1403 1430 1425 tanto
1442 1398 1485 1424 hic
1495 1398 1581 1434 magis
1592 1398 1620 1424 in
1630 1397 1688 1424 dies
1694 1396 1864 1423 convalesce-

1069 1434 1122 1460 bat.
1163 1434 1214 1461 Ubi
1233 1434 1301 1461 vidit
1316 1435 1396 1462 homo
1410 1435 1443 1461 ad
1456 1443 1536 1462 omne
1551 1435 1654 1462 facinus
1665 1435 1862 1470 paratissimus,

1069 1471 1244 1498 fortissimum
1251 1473 1349 1504 virum,
1357 1473 1577 1499 inimicissimum
1584 1481 1674 1503 suum,
1682 1471 1863 1498 certissimum

1068 1508 1215 1540 consulem,
1228 1509 1310 1544 idque
1321 1510 1453 1537 intellexit
1464 1518 1516 1536 non
1527 1510 1616 1537 solum
1627 1509 1806 1539 sermonibus,
1815 1508 1864 1535 sed

1068 1547 1148 1572 etiam
1158 1546 1292 1582 suffragiis
1304 1547 1515 1582 populiRomani
1525 1556 1604 1582 saepe
1615 1556 1674 1574 esse
1684 1546 1862 1573 declaratum:

1069 1583 1157 1618 palam
1177 1592 1255 1619 agere
1277 1586 1364 1619 coepit
1378 1589 1404 1611 et
1419 1589 1508 1619 aperte
1522 1585 1610 1611 dicere
1625 1583 1801 1611 occidendum
1813 1583 1865 1609 ui-

1070 1621 1167 1647 lonem.
1190 1623 1232 1648 26.
1245 1621 1342 1648 Servos
1353 1627 1471 1657 agrestes
1481 1627 1507 1648 et
1517 1622 1652 1653 barbaros,
1667 1621 1770 1657 quibus
1779 1620 1864 1647 silvas

1070 1657 1192 1693 publicas
1210 1658 1391 1694 depopulatus
1411 1663 1465 1685 erat
1479 1659 1668 1694 Etruriamque
1688 1662 1809 1688 vexarat,
1830 1665 1864 1684 ex

1069 1696 1210 1730 Apennino
1229 1696 1385 1727 deduxerat,
1407 1704 1476 1731 quos
1496 1696 1639 1722 videbatis.
1678 1696 1730 1722 nes
1747 1699 1803 1721 erat
1813 1695 1864 1721 mi-

1070 1734 1142 1759 nime
1161 1732 1284 1759 obscura.
1323 1733 1430 1760 Etenim
1445 1733 1532 1768 palam
1548 1733 1685 1760 dictitabat
1694 1731 1864 1759 consulatum

1070 1770 1161 1796 Miloni
1173 1770 1240 1805 eripi
1252 1779 1303 1797 non
1315 1779 1407 1805 posse:
1429 1772 1511 1797 vitam
1523 1779 1612 1805 posse.
1637 1769 1805 1806 Significavit
1815 1769 1865 1796 boc

1070 1816 1150 1842 saepe
1172 1808 1200 1834 in
1216 1813 1320 1839 senatu,
1336 1808 1442 1834 dixitin
1457 1809 1592 1834 concione.
1632 1807 1704 1840 Quin
1718 1807 1798 1833 etiam
1813 1806 1864 1833 Fa-

1071 1846 1158 1876 vonio,
1181 1844 1328 1872 fortissimo
1338 1846 1404 1875 viro,
1421 1846 1559 1880 quaerenti
1574 1853 1607 1872 ex
1617 1853 1657 1876 eo,
1669 1852 1721 1880 qua
1733 1852 1781 1879 spe
1792 1843 1865 1870 fure-

1070 1888 1109 1909 ret
1122 1882 1220 1909 Milone
1235 1884 1306 1914 vivo,
1323 1883 1461 1917 respondit
1472 1882 1560 1909 triduo
1570 1882 1658 1913 illum,
1670 1886 1717 1908 aut
1726 1889 1864 1908 summum

1070 1920 1213 1955 quatriduo
1233 1921 1393 1955 periturum.
1437 1920 1523 1952 Quam
1547 1928 1640 1946 vocem
1660 1920 1719 1946 eius
1739 1917 1772 1945 ad
1793 1918 1866 1945 hunc

1070 1958 1106 1984 M.
1123 1958 1249 1984 Catonem
1265 1958 1354 1984 statim
1366 1958 1500 1984 Favonius
1515 1957 1621 1984 detulit.
1652 1956 1688 1982 X.
1700 1957 1743 1982 27.
1755 1956 1865 1982 Interim

1070 2003 1155 2029 quum
1175 1996 1254 2021 sciret
1264 1995 1375 2022 Clodius
1386 1995 1484 2030 (neque
1496 1996 1568 2021 enim
1584 1998 1639 2021 erat
1653 1992 1764 2020 difficile
1774 1992 1863 2028 scire),

1070 2033 1119 2058 iter
1134 2032 1262 2063 sollenne,
1281 2032 1440 2068 legitimum,
1454 2032 1634 2059 necessarium
1645 2036 1705 2057 ante
1715 2030 1787 2057 diem
1798 2038 1863 2056 xiii.

1071 2069 1203 2096 Kalendas
1224 2069 1303 2096 Febr.
1320 2069 1413 2096 Miloni
1433 2078 1493 2096 esse
1514 2069 1665 2096 Lanuvium
1681 2067 1714 2094 ad
1729 2066 1864 2094 flaminem

1071 2106 1247 2141 prodendum,
1267 2107 1341 2142 quod
1355 2111 1412 2133 erat
1425 2107 1536 2133 dictator
1550 2106 1664 2133 Lanuvii
1679 2105 1757 2131 Milo:
1782 2104 1865 2131 Roma

1069 2144 1159 2171 subito
1169 2144 1368 2179 ipseprofectus
1380 2144 1467 2179 pridie
1478 2148 1526 2174 est,
1540 2148 1570 2170 ut
1580 2148 1640 2170 ante
1650 2151 1730 2169 suum
1738 2141 1863 2173 fundum,

1069 2181 1142 2216 quod
1161 2190 1189 2208 re
1209 2181 1376 2208 intellectum
1395 2186 1449 2212 est,
1472 2181 1564 2208 Miloni
1584 2180 1696 2207 iusidias
1715 2179 1864 2206 collocaret.

1069 2220 1157 2253 Atque
1171 2219 1206 2245 ita
1217 2219 1353 2254 profectus
1363 2223 1412 2250 est,
1426 2223 1457 2245 ut
1465 2219 1620 2245 concionem
1630 2216 1820 2246 turbulentam,
1836 2216 1865 2242 in

1069 2265 1123 2291 qua
1133 2256 1192 2282 eius
1204 2256 1277 2283 furor
1286 2256 1454 2283 desideratus
1465 2261 1513 2286 est,
1525 2263 1595 2290 quae
1605 2254 1652 2281 illo
1662 2253 1865 2289 ipsodiehabita

1069 2298 1118 2324 est,
1131 2293 1302 2329 relinqueret,
1314 2302 1406 2329 quam,
1414 2294 1466 2320 nisi
1477 2293 1552 2320 obire
1562 2292 1686 2319 facinoris
1698 2290 1785 2317 locum
1797 2295 1866 2316 tem—

1070 2339 1177 2366 pusque
1203 2331 1346 2362 voluisset,
1369 2338 1518 2365 numquam
1542 2329 1707 2364 reliquisset.
1737 2329 1779 2354 28.
1801 2327 1866 2354 Milo
1906 2355 1911 2359 ι

1069 2372 1159 2394 autem
1178 2377 1264 2403 quum
1280 2369 1308 2395 in
1323 2373 1417 2394 senatu
1432 2367 1527 2394 fuisset
1541 2375 1572 2393 eo
1582 2366 1634 2397 die,
1651 2363 1740 2400 quoad
1755 2369 1866 2391 senatus

1069 2405 1201 2432 dimissus
1212 2411 1261 2436 est,
1274 2405 1384 2432 domum
1396 2406 1478 2436 venit,
1485 2404 1588 2431 calceos
1599 2408 1625 2429 et
1635 2402 1792 2428 vestimenta
1803 2409 1866 2428 mu-

1070 2443 1144 2474 tavit,
1161 2443 1318 2478 paullisper,
1335 2443 1401 2469 dum
1415 2450 1445 2468 se
1460 2450 1528 2468 uxor
1537 2441 1577 2475 (ut
1588 2439 1625 2475 fit)
1635 2443 1778 2474 comparat,
1791 2447 1866 2465 oom-

1070 2485 1188 2507 moratus
1203 2485 1251 2511 est,
1269 2480 1366 2506 deinde
1380 2479 1515 2515 profectus
1524 2478 1553 2504 id
1563 2477 1700 2512 temporis,
1713 2484 1800 2511 quum
1809 2477 1864 2502 iam

1071 2517 1190 2548 Clodius,
1212 2517 1348 2552 siquidem
1363 2525 1394 2543 eo
1408 2516 1452 2543 die
1465 2516 1576 2542 Romam
1597 2519 1726 2541 venturus
1746 2518 1809 2544 erat,
1823 2521 1865 2539 re—

1069 2554 1128 2581 dire
1138 2555 1278 2590 potuisset.
1318 2554 1431 2581 Obviam
1443 2553 1472 2579 fit
1485 2553 1510 2578 ei
1526 2552 1649 2582 Clodius,
1666 2550 1818 2586 expeditne,
1835 2551 1864 2576 in

1070 2600 1148 2627 equo,
1170 2592 1245 2618 nulla
1263 2591 1355 2622 rheda,
1373 2590 1455 2617 nullis
1466 2589 1674 2624 impedimentis,
1688 2587 1770 2614 nullis
1781 2587 1865 2614 Grae-

1069 2630 1108 2656 cis
1123 2629 1278 2660 comitibus,
1295 2633 1325 2655 ut
1335 2627 1444 2658 solebat,
1457 2627 1515 2653 sine
1525 2635 1617 2657 uxore,
1630 2626 1704 2660 quod
1714 2632 1864 2660 numquam

1070 2665 1138 2693 sere:
1159 2674 1246 2702 quum
1257 2666 1302 2693 bic
1314 2664 1518 2700 insidiator,qui
1528 2664 1577 2691 iter
1587 2663 1656 2690 illud
1666 2663 1699 2690 ad
1709 2662 1817 2689 caedem
1823 2660 1865 2688 fa-
