1941 3052
877 116 912 142 M.
947 115 977 141 Τ.

228 125 288 149 ΗἩ
786 118 840 142 129.

223 193 285 220 boui
299 193 348 219 viri
360 197 385 218 et
397 192 458 218 iusti
468 212 473 220 ,
487 189 602 216 triliuers¹
616 188 640 214 id
652 188 763 222 ruique,
777 186 848 221 quod
861 187 895 212 sit
906 194 1013 220 quoque
1034 186 1042 211 ,¹

222 231 346 264 (liguum.

223 266 340 294 bellini-1⁴.y
359 276 408 291 nnn
424 266 494 290 euim
509 263 654 288 medioeres
667 262 731 291 viri,
749 261 796 286 sed
808 260 919 286 maximi
931 265 956 286 et
966 259 1014 285 do-

222 307 270 332 vti.
291 304 450 339 Pythagoras
466 306 490 326 et
508 298 696 334 Empedocles,
721 307 801 324 unam
817 298 938 324 omnium
956 298 1015 323 ani-
1035 323 1037 328 J

223 342 352 368 iuiuitiuiu
365 338 543 364 minutionem
557 337 623 362 iuris
635 335 871 364 ossi-denuntianu
886 334 1015 360 clamant-

222 388 274 413 qu«¹
289 375 464 410 inexpiabiles
477 383 575 409 poenas
589 372 742 407 impendere
755 373 801 402 iis,
818 381 831 397 a
843 372 945 406 quilius
958 373 1015 397 vio·
1036 383 1037 387 ¹

519 410 614 435 Scelus
628 415 667 436 est
685 411 767 445 igitur
783 418 876 436 nocere
896 409 1012 438 bestiae;

541 448 549 459 Ο
564 447 574 459 0
588 447 599 459 0

223 416 304 442 Iulum
320 415 354 439 sit
370 411 478 438 animal.

221 452 292 486 quod
305 450 393 476 scelus
403 450 451 484 qui
465 448 528 474 velit

463 514 557 548 (Multa
569 513 770 546 desiderantur.)

277 580 334 606 xu.
357 581 398 606 20.
421 581 446 605 8.
468 579 485 612 †
500 579 565 604 Nam
577 587 662 613 quum
675 581 847 612 quaereretur
858 584 891 602 ex
902 584 946 605 eo,
964 583 1018 610 quo

220 616 540 652 scelereimpulsusmare
555 615 662 641 liaberet
673 614 799 641 infestum
813 622 866 640 uno
877 621 1018 649 myoparo-

221 664 266 685 ne;
280 654 383 684 eodem.
398 654 495 688 inquit,
509 658 601 687 quotu
613 653 705 679 orbem
719 657 811 678 terrae.

219 693 295 711 {vntum
306 697 362 710 mure
373 691 458 709 liaberet
468 696 488 714 p.
500 691 542 708 1251.
552 695 572 708 v.
584 690 666 708 Habere
680 695 700 713 ρ.
714 690 758 707 318.
772 694 792 707 v.
807 688 906 712 Myopnro
921 693 941 711 p.
951 688 994 706 634.
1006 692 1017 705 e

220 718 288 737 Cte.1.
300 717 337 735 111.
348 717 373 735 tle
384 717 444 739 Iiep.)

219 753 262 778 21.
278 750 290 763 '⁴
302 749 314 763 ⁸
326 749 337 762 ⁸
349 749 476 776 omnibus
488 751 642 782 quaeritote.
670 748 819 783 »Sapientia
833 747 907 774 iubet
918 755 1015 782 augere

220 787 466 824 opes,am1›lificare
478 786 613 814 divitias«
635 785 752 821 proferre
764 786 840 812 [ines.
862 784 1015 811 Undeenim

217 828 345 860 potuisset
371 822 530 860 Alexander]
551 832 675 849 summus
692 825 735 849 ille
751 823 907 857 imperator,
930 822 1014 855 quiin

220 865 348 890 Asianum
367 860 532 897 armis]s1nes
544 861 649 895 imperii
662 861 832 896 propagavit3
848 860 899 885 nisi
911 858 1015 893 aliquid

220 900 254 927 de
268 900 355 926 alieno
371 899 540 929 accessissem
566 913 602 918 —-
624 899 767 932 imperare,
790 905 871 932 quam
890 896 1016 930 plurimis

221 937 274 964 frui
288 936 479 971 voluptatibus,
494 935 602 970 pollere,
617 943 736 970 regnare,
749 934 901 961 dominari?
914 934 1015 960 Iustitia

221 980 310 1001 autem
332 974 462 1009 praecipit
476 981 581 1008 parcere
602 973 743 1003 omuibus,
765 971 904 998 consulere
924 971 1016 1006 generi
1036 993 1045 1002 J,

221 1012 372 1041 hominum,
386 1019 466 1037 suum
477 1011 575 1045 cuique
588 1010 707 1040 reddere,
721 1018 803 1039 sacra.
813 1008 930 1043 publica.
941 1007 1017 1043 [alie-

221 1048 264 1085 na]
279 1058 330 1075 non
348 1046 488 1085 [tangere]
529 1047 599 1079 Quid
617 1048 698 1083 igitur
712 1045 844 1072 efficitur?
864 1046 893 1072 Si
908 1046 1016 1079 sapien-

221 1087 272 1114 tiae
284 1094 386 1121 pareas,
399 1085 520 1115 divitiae.
538 1089 688 1119 potestates.
701 1092 779 1118 opes,
794 1083 915 1113 honores,
931 1083 1017 1116 impe-

220 1125 269 1155 ria,
283 1132 377 1159 regna,
393 1122 432 1148 vel
446 1123 557 1156 privatis
570 1121 610 1147 vel
623 1121 741 1156 populis,
781 1120 833 1146 Sed
844 1120 971 1154 quoniam
983 1119 1016 1145 de

221 1169 248 1187 re
265 1160 372 1195 publica
391 1159 539 1194 loquimur,
561 1163 624 1185 sunt
643 1159 800 1188 illustriora,
823 1166 891 1192 quae
907 1156 1016 1191 publice
1044 1176 1045 1189 J

222 1198 301 1224 fiunt:
315 1197 497 1232 quoniamque
509 1196 601 1222 eadem
612 1201 651 1222 est
663 1196 728 1222 ratio
739 1195 805 1221 iuris
818 1195 844 1220 in
853 1199 975 1229 utroque,
984 1193 1016 1220 de

220 1235 314 1270 populi
330 1234 460 1269 sapientia
477 1233 623 1259 dicendum
641 1237 715 1267 puto.
756 1232 806 1258 Ut⁸
823 1232 875 1258 iam
896 1232 1016 1258 omittam

221 1272 301 1303 alios,
320 1276 408 1297 noster
424 1271 467 1296 hic
483 1269 614 1305 populus,
637 1278 718 1305 quem
733 1269 877 1295 Africanus
893 1268 1017 1295 hesterno

220 1317 343 1335 sermone
359 1317 372 1334 a
388 1309 470 1343 stirpe
486 1308 624 1342 repetivit,
647 1307 726 1333 cuius
745 1307 859 1341 imperio
875 1307 928 1332 iam
944 1305 1017 1332 orbis
1046 1335 1047 1338 J

221 1351 304 1373 terrae
325 1350 442 1376 tenetur,
474 1345 577 1371 iustitia
601 1353 634 1371 an
658 1344 790 1379 sapientia
810 1348 850 1370 est
870 1352 884 1370 e
904 1343 1017 1370 minimo

220 1384 342 1411 omnium
353 1382 366 1395 ‘¹
377 1382 389 1395 *¹
402 1382 413 1393 '¹

290 1422 487 1455 (Desidet-antur
499 1422 610 1454 paqinae
620 1421 654 1446 ad
665 1421 795 1446 minimum
806 1418 949 1452 quattuor.)

276 1478 346 1505 XIII.
368 1480 410 1505 22.
433 1479 457 1504 9.
479 1478 498 1512 †
514 1478 670 1510 Quantuma
681 1479 780 1502 iustitia
792 1477 894 1501 recedat
908 1476 1016 1504 utilitas,

217 1517 328 1549 populus
343 1518 395 1549 ipse
410 1516 538 1542 Romanus
552 1517 635 1544 docet,
657 1516 702 1548 qui
710 1523 756 1547 per
765 1514 864 1547 fetiales
875 1514 940 1538 betta
950 1514 1018 1537 incli-

221 1556 310 1583 cemto,
329 1558 352 1579 et
371 1555 479 1587 teyitime
493 1555 605 1578 {rainerius
618 1553 748 1585 faciendo,
769 1558 915 1583 semperque
932 1551 1018 1575 aliena

221 1593 344 1624 cupiendo
358 1595 434 1624 atque
449 1592 585 1623 rapiendo,
603 1591 785 1622 possessionem
798 1589 848 1614 sibi
862 1589 939 1614 totius
949 1588 1018 1612 orbis
1046 1609 1047 1618 ,

221 1630 391 1661 comparavit.

277 1675 317 1700 ⁴0.
338 1674 357 1707 «Χ-
375 1674 445 1705 Quae
456 1678 514 1699 sunt
523 1675 626 1706 patriae
639 1673 782 1701 commoda,
798 1673 850 1697 nisi
863 1672 970 1696 alterius
982 1671 1019 1695 ci-

221 1713 309 1738 vitatis
324 1716 368 1737 aut
383 1714 464 1744 yemis
480 1708 658 1736 incommoda?
681 1711 708 1735 id
727 1713 763 1734 est
782 1710 844 1742 fines
862 1715 1017 1741 propuane,

220 1751 282 1775 aliis
295 1750 416 1774 violenter
426 1753 530 1781 ereptos,
542 1755 636 1780 anyer-e
646 1748 789 1779 imperium,
802 1746 937 1778 vectigalia
948 1747 1019 1778 sace-

220 1795 249 1812 re
262 1787 368 1812 meliora
383 1790 428 1811 etc.
468 1786 558 1818 Itaque
573 1786 634 1811 haec
649 1786 714 1810 bona
729 1785 845 1817 quisquis
858 1784 960 1815 patriae
973 1789 1020 1807 ‹zc—

221 1826 351 1857 quisierit,
372 1824 418 1849 hoc
432 1827 467 1848 est
483 1824 576 1848 eversis
593 1822 738 1848 civitatibus
753 1822 916 1854 gentibusque
931 1820 1020 1845 deletis

221 1863 353 1887 aerarium
362 1862 472 1893 pecunia
482 1861 620 1893 referserit,
632 1866 709 1891 aqros
720 1860 821 1890 ceperit,
835 1859 902 1883 cives
911 1864 970 1882 suos
981 1857 1020 1881 Ιο-

223 1899 372 1931 cupletiores
381 1899 482 1931 secer-it,
498 1898 538 1922 hic
551 1897 670 1922 laudibus
679 1897 762 1928 fertur
773 1897 799 1920 in
811 1895 921 1923 caelum,
936 1896 963 1919 in
973 1894 1018 1918 hoc

221 1939 328 1968 putatur
338 1943 436 1960 summa
448 1938 470 1959 et
480 1936 592 1966 perfecta
602 1941 654 1958 esse
664 1934 760 1958 virtus:
773 1933 817 1965 qui
827 1939 955 1956 errornon
966 1939 1019 1955 mo-

221 1974 254 1998 do
262 1972 352 2004 populi
363 1976 386 1997 et
401 1973 588 2003 imperitorum,
607 1971 651 1996 sed
666 1971 742 1994 etiam
752 1969 957 2002 philosophorum
973 1972 1017 1997 est,

222 2010 267 2064 gin
275 2013 411 2067 pzqeceptu
423 2016 521 2042 quoque
531 2009 592 2033 dant
602 2009 636 2033 ad
647 2008 810 2032 iniustitiam.
825 2014 931 2037 (Laetam.
941 2013 993 2032 1nst.
1003 2014 1017 2031 1.

254 2059 258 2064 .
269 2050 287 2063 c.
311 2058 316 2063 .

432 1636 538 1658 (antnnt.
549 1635 600 1653 Inst.
611 1635 624 1653 l.
635 1634 671 1652 Vl.
681 1639 699 1652 e.
710 1634 739 1656 ⁹.)

278 2092 349 2118 XIV.
371 2093 412 2119 23.
434 2090 447 2103 *
458 2090 471 2102 *
482 2090 494 2103 *
506 2090 573 2117 Sunt
583 2091 656 2117 enim
667 2099 770 2120 omneS,
788 2090 874 2125 quiin
887 2089 1018 2124 populum

222 2131 293 2156 vitae
300 2129 428 2164 necisque
435 2133 590 2163 potestatem
598 2128 704 2157 habent,
714 2128 832 2162 tyranni3
849 2127 896 2153 sed
908 2135 936 2153 se
948 2127 1018 2153 Iovis
1039 2122 1047 2163 J

1046 2166 1047 2173 ¹
1069 2168 1108 2189 net
1118 2162 1298 2198 dignissimus
1309 2162 1384 2188 omni
1399 2161 1503 2188 fortuna
1518 2162 1618 2196 optima
1635 2160 1781 2193 iudicetur;
1803 2160 1866 2194 quis

222 2167 318 2202 optimi
333 2167 441 2193 nomine
463 2165 566 2192 malunt
586 2173 662 2200 reges
683 2166 782 2191 vocari.
823 2164 913 2196 Quum
929 2169 1018 2190 autem

222 2206 287 2231 certi
303 2208 410 2239 propter
425 2203 534 2229 divitias
550 2207 596 2228 aut
610 2210 696 2237 genus
712 2207 757 2228 aut
770 2201 876 2236 aliquas
885 2210 951 2236 opes
962 2209 1018 2227 rem

390 231 428 254 I‘J.
451 226 552 261 Iivquid
567 234 629 258 vrgo
640 225 756 259 primum
770 224 852 249 mutis
864 223 1014 249 tribuemus
1034 245 1043 261 Ι,

1012 114 1286 141 CICERONIS

1067 186 1246 211 uiis-*rriuuuu
1264 183 1406 217 digladiari
1419 193 1524 219 semper
1536 190 1591 211 tuui
1605 184 1734 211 tavit-ndis
1747 189 1802 210 tum
1814 192 1858 209 ac-

1065 222 1198 256 &piendi-⁴
1213 222 1329 247 iniuriis.
1371 222 1405 247 Ita
1420 222 1467 255 qui
1481 223 1596 255 primum
1611 222 1677 248 illud
1689 220 1858 256 as»e‹1ui·'·

1286 260 1399 292 (Aliquot
1408 268 1518 291 ymymm·
1528 262 1635 292 amunte

1123 296 1179 321 XV.
1202 296 1243 322 2⁴.
1268 297 1308 321 Η.
1330 304 1338 324 9
1353 303 1466 321 Carne-din
1484 309 1566 322 nummu
1584 304 1729 328 dupumiuui.
1744 304 1793 321 linos
1810 303 1858 321 fult:

1068 334 1130 359 lura
1145 335 1194 359 sibi
1208 334 1320 358 homines
1333 341 1381 365 pro
1397 335 1506 358 utilitate
1523 336 1653 363 neruiue,
1674 335 1770 360 scilicet
1785 335 1861 358 varia

1065 380 1113 404 pro
1125 372 1248 398 moribus:
1261 375 1283 395 et
1294 371 1363 403 apud
1374 373 1470 395 eosdem
1480 379 1527 402 pro
1539 372 1689 403 temporibus
1698 379 1772 403 saepe
1778 374 1862 395 muta-

1067 414 1107 437 tn,-
1125 410 1164 433 iua
1177 413 1261 433 autem
1277 408 1395 433 naturale
1405 416 1457 432 ease
1468 409 1576 433 nulium.
1617 407 1707 433 Omnes
1717 413 1740 433 et
1751 409 1863 433 hominen

1067 451 1089 471 et
1105 447 1172 470 alius
1187 449 1330 470 animantes
1340 446 1375 470 ad
1386 446 1509 471 utilitum
1519 453 1579 470 nutu
1590 450 1685 470 ruitura
1695 446 1800 470 ducente
1810 447 1862 477 ser-

1068 485 1106 513 ri';
1121 485 1227 515 proinde
1241 486 1286 507 aut
1298 483 1394 507 nuttam
1405 490 1457 507 eane
1467 484 1605 514 tuentium,-
1620 487 1673 512 ιιυΙ,
1687 484 1710 508 ni
1720 484 1752 508 nit
1762 483 1862 515 aliqua,

1067 529 1191 546 summam
1206 528 1258 545 esse
1275 520 1423 548 stulticiam,
1445 522 1565 552 quoniam
1580 522 1629 545 sien·
1643 523 1754 549 noceret.
1771 520 1863 544 alirnis

1070 559 1204 584 commodis
1215 558 1356 583 consulens.
1383 563 1410 582 ει
1419 564 1522 583 intentui
1531 565 1582 583 tut-e
1590 567 1724 586 naumann:
1741 555 1863 581 Omnibus

1066 596 1176 628 populis,
1189 597 1233 627 qui
1243 596 1361 626 florerent
1372 596 1489 626 imper-to,
1508 599 1530 620 et
1547 594 1664 620 [Iomanis
1679 601 1777 627 quoque
1791 595 1862 626 ipm,

854 658 941 681 (Nonius
952 663 972 676 v.
983 657 1016 676 ln·
1037 640 1039 670 j
1068 635 1112 666 qui
1123 635 1198 657 totius
1208 633 1277 657 orbis
1285 633 1441 664 potirentur.
1463 634 1486 657 ει·
1497 633 1558 657 iunci
1568 633 1644 657 velint
1655 639 1718 660 esse,
1740 632 1786 656 hoc
1796 634 1832 655 est
1841 631 1864 654 ui

1068 671 1153 695 alienu
1166 672 1301 695 restituant
1308 689 1314 698 .
1331 670 1365 694 ad
1375 677 1450 694 casua
1460 677 1512 694 ease
1522 671 1677 694 redeundum
1687 672 1708 694 et
1721 670 1747 693 in
1757 671 1864 700 egestate

1067 716 1098 732 uc
1111 709 1219 732 miseriis
1231 707 1370 731 iacendum.
1411 713 1516 735 (Lacu-m..
1527 713 1578 732 lnn.
1589 713 1602 731 ι.
1611 713 1663 732 xxc.
1675 713 1714 734 ιο.)

1068 746 1110 770 23.
1123 743 1153 755 ⁰
1162 744 1171 755 ’
1185 748 1288 778 praeter
1300 742 1414 769 Arcadas
1426 747 1451 769 et
1462 742 1649 773 Athenienses,
1661 742 1720 777 qui,
1731 740 1820 770 credo.
1830 741 1864 767 ti-

1069 785 1171 807 mentes
1184 781 1232 807 hoc
1245 780 1416 806 interdictum
1430 780 1547 806 iustitiae
1559 779 1862 815 nequandoexsisteret,

1068 819 1211 845 commenti
1228 822 1303 848 sunt,
1325 826 1354 843 se
1368 817 1402 844 de
1417 822 1498 848 terra,
1521 822 1658 852 tamquam
1674 816 1722 843 hos
1738 824 1772 843 ex
1790 815 1864 842 arvis

1069 855 1215 885 musculos.
1229 856 1375 881 exstitisse.

1123 893 1192 919 XVI.
1216 894 1256 918 26.
1278 891 1318 918 Ad
1337 892 1400 918 baec
1417 891 1461 918 illa
1477 891 1531 918 dici
1545 891 1631 918 solent
1642 891 1760 926 primum
1773 889 1806 916 ab
1818 889 1861 918 iis,

1068 931 1115 965 qui
1129 931 1240 956 minime
1251 934 1314 955 sunt
1326 930 1352 955 in
1364 928 1521 955 disserendo
1531 928 1608 960 mati,
1627 929 1714 963 quiin
1726 928 1775 954 hae
1785 935 1865 953 caus-

1068 977 1095 994 sa
1107 976 1137 994 eo
1150 967 1210 1002 plus
1222 967 1386 993 auctoritatis
1399 967 1505 997 habent=
1518 967 1592 1001 quia.
1606 974 1691 1000 quum
1703 965 1735 991 de
1748 965 1805 991 viro
1817 964 1865 990 bo-

1069 1014 1102 1031 no
1117 1005 1268 1039 quaeritur.
1291 1012 1372 1039 quem
1391 1009 1512 1038 apertum
1529 1008 1554 1030 et
1570 1003 1722 1038 simplicem
1738 1001 1865 1028 volumus

1036 1050 1045 1059 ’¹
1067 1051 1140 1072 esse,
1159 1051 1210 1068 non
1226 1046 1289 1067 sunt
1305 1042 1331 1067 in
1347 1040 1511 1076 disputando
1527 1040 1608 1070 vafri,
1625 1049 1676 1066 non
1694 1044 1863 1069 veterator-es,

222 2241 360 2277 publicam
372 2239 514 2277 tene[a]nt‚
532 2245 573 2266 est
583 2239 674 2271 sacti03
697 2239 744 2265 sed
757 2238 1018 2273 vocanturilliopti-
1039 2249 1040 2252 ¹

223 2284 316 2305 mates.
357 2278 385 2304 Si
396 2286 458 2304 vero
470 2277 587 2312 populus
598 2276 746 2311 plurimum
758 2281 856 2311 potest,
873 2276 1018 2310 omniaque

222 2317 281 2343 eius
293 2315 403 2342 arbitrio
414 2320 552 2350 reguntur=
566 2314 664 2340 dicitur
676 2313 720 2340 illa
734 2313 899 2344 libertas,est
910 2321 972 2339 vero
986 2312 1018 2338 li-

222 2354 319 2380 centia.
359 2352 411 2379 Sed
428 2361 513 2387 quum
529 2351 599 2378 alius
614 2350 697 2378 alium
713 2351 790 2377 timet
802 2356 828 2377 et
840 2350 918 2377 homo
931 2350 1019 2376 homi-

223 2399 284 2416 nem
300 2396 325 2417 et
339 2390 403 2417 ordo
418 2389 554 2420 ordinem,
573 2394 628 2415 tum
638 2409 644 2419 ,
661 2389 724 2423 quia
740 2388 794 2414 sibi
808 2397 886 2414 nemo
896 2387 1015 2417 confidit,

223 2429 299 2461 quasi
312 2428 397 2462 pactio
409 2427 437 2453 fit
449 2427 516 2453 inter
528 2425 658 2461 populum
670 2430 696 2452 et
706 2430 839 2460 potentes:
862 2434 895 2451 ex
905 2433 959 2459 quo
970 2433 1018 2451 ex-

224 2465 293 2490 sistit
310 2465 349 2495 id,
367 2464 439 2499 quod
455 2464 545 2499 Scipio
561 2463 695 2493 laudabat,
711 2464 885 2489 coniunctum
900 2463 1017 2488 civitatis

223 2509 319 2535 genus.
349 2502 454 2527 Etenim
467 2501 584 2528 iustitiae
595 2509 646 2526 non
659 2505 752 2526 natura
763 2509 812 2526 nec
825 2499 956 2529 voluntas,
969 2499 1017 2525 sed

225 2537 395 2564 imbecillitas
411 2544 495 2565 mater
509 2543 558 2564 est.
598 2538 666 2564 Nam
681 2546 767 2572 quum
781 2537 814 2563 de
828 2537 915 2563 tribus
932 2545 1017 2562 unum

225 2579 295 2600 esset
308 2575 463 2608 optandum,
477 2581 522 2602 aut
534 2575 619 2601 facere
631 2575 758 2601 iniuriam
770 2583 819 2601 nec
830 2575 958 2608 accipere,
973 2578 1018 2600 aut

224 2615 250 2636 et
261 2610 345 2637 facere
356 2617 381 2637 et
391 2613 520 2646 accipere,
533 2617 579 2639 aut
589 2617 729 2638 neutrum:
751 2612 884 2647 optimum
895 2616 935 2637 est
946 2610 1018 2637 face—

225 2655 266 2679 re,
282 2648 391 2683 impune
403 2649 426 2674 si
437 2650 538 2684 possis,
555 2649 706 2676 secundum
720 2658 770 2677 nec
785 2649 871 2676 facere
886 2657 935 2675 nee
949 2649 1014 2684 pati,

1038 2278 1040 2294 i

1037 1087 1038 1093 ¹
1068 1088 1120 1106 non
1133 1078 1270 1105 malitiosi.
1305 1079 1409 1114 Negant
1419 1079 1492 1104 enim
1503 1078 1651 1112 sapientem
1664 1077 1764 1103 idcirco
1775 1077 1865 1102 virum

1068 1116 1169 1143 bonum
1181 1124 1249 1146 esse,
1262 1115 1335 1150 quod
1346 1124 1408 1141 eum
1421 1124 1469 1141 sua
1482 1120 1575 1149 sponte
1587 1123 1616 1140 ac
1628 1123 1675 1149 per
1685 1123 1713 1140 se
1724 1114 1829 1140 bonitas
1840 1118 1866 1139 et

1069 1154 1171 1180 iustitia
1182 1152 1308 1185 delectet3
1326 1152 1374 1179 sed
1385 1152 1457 1187 quod
1469 1160 1552 1178 vacua
1564 1157 1636 1178 metu
1645 1172 1651 1182 ,
1668 1160 1746 1182 cura,
1764 1150 1867 1177 sollici-

1069 1191 1171 1221 tudine,
1185 1189 1304 1225 periculo
1318 1190 1373 1216 vita
1384 1189 1515 1216 bonorum
1527 1189 1647 1215 virorum
1654 1189 1702 1215 sit:
1715 1193 1804 1215 contra
1817 1196 1866 1214 au·

1045 1237 1046 1243 ¹
1069 1234 1122 1255 tem
1138 1227 1268 1262 improbis
1286 1235 1393 1262 semper
1408 1227 1493 1262 aliqui
1509 1235 1624 1261 scrupus
1640 1227 1667 1252 in
1683 1226 1781 1252 animis
1801 1225 1866 1252 hae-

1069 1271 1137 1296 reat,
1160 1273 1267 1300 semper
1283 1265 1315 1291 iis
1332 1269 1392 1291 ante
1408 1263 1499 1291 oculos
1511 1263 1611 1290 iudicia
1623 1268 1648 1290 et
1658 1262 1793 1298 supplicia
1805 1271 1867 1289 ver-

1069 1308 1171 1330 sentur.
1212 1301 1324 1329 Nullum
1336 1306 1425 1329 autem
1440 1301 1652 1328 emolumentum
1668 1309 1740 1331 esse,
1759 1299 1866 1327 nullum

1070 1341 1201 1367 iniustitia
1218 1344 1324 1375 partum
1345 1339 1496 1375 praemium
1518 1343 1635 1369 tantum.
1657 1346 1764 1373 semper
1783 1342 1812 1364 ut
1832 1338 1867 1364 ti-

1069 1387 1156 1409 meas,
1174 1386 1281 1412 semper
1297 1382 1326 1403 ut
1341 1376 1449 1407 adesse,
1474 1384 1582 1411 semper
1596 1381 1625 1403 ut
1641 1374 1796 1411 impendere
1816 1373 1866 1401 ali-

1069 1424 1150 1451 quam
1162 1423 1275 1450 poenam
1286 1419 1373 1449 putes,
1386 1414 1484 1441 damna
1494 1414 1507 1425 ⁸
1519 1413 1531 1425 ‘
1542 1413 1555 1426 ⁸

1119 1460 1280 1483 (Desiderantur
1289 1461 1309 1478 in
1320 1459 1372 1478 eod.
1383 1459 1431 1478 Vnt.
1441 1462 1540 1483 quattuor
1549 1458 1575 1477 nd
1585 1459 1694 1477 minimum
1704 1458 1792 1482 poginne
1799 1471 1803 1475 .
1814 1462 1866 1480 qun—

1069 1491 1115 1505 rum
1131 1485 1215 1508 aliquod
1229 1485 1397 1508 supplementum
1411 1487 1443 1503 est
1452 1489 1486 1508 ap.
1496 1484 1593 1503 Lacum.
1602 1484 1653 1502 lnst.
1664 1484 1677 1502 I.
1686 1483 1712 1501 V.
1722 1488 1741 1501 c-
1752 1483 1782 1501 12.
1812 1482 1866 1500 Num

1069 1512 1104 1534 qui
1114 1516 1124 1529 e
1135 1511 1236 1529 Cicerone
1246 1511 1332 1529 affertur
1341 1510 1366 1528 nb
1377 1515 1401 1528 eo
1411 1510 1476 1531 locus.
1487 1510 1582 1528 ultimam
1592 1509 1679 1527 hennae
1689 1512 1711 1527 et
1720 1509 1809 1532 primm
1819 1513 1866 1526 ora-

1069 1537 1131 1555 tionis
1141 1539 1188 1559 post
1198 1536 1251 1554 hanc
1261 1536 1358 1554 lacunam
1367 1536 1388 1554 in
1399 1534 1451 1554 eod.
1461 1535 1616 1558 redintegratae
1624 1537 1706 1558 partem
1716 1533 1811 1555 exhibet.
1822 1533 1866 1551 cln-

1069 1562 1136 1580 cinnis
1146 1562 1259 1583 ornatam.)

1125 1603 1208 1629 XVII.
1230 1603 1272 1629 27.
1301 1604 1340 1629 ⁴2.
1366 1603 1384 1636 †
1407 1610 1476 1633 (Lace.
1486 1610 1538 1629 nuc,
1549 1610 1562 1629 1.
1573 1609 1599 1628 v.
1609 1615 1628 1629 e.
1638 1611 1679 1633 ιε.)
1703 1601 1820 1634 Quaero,
1843 1600 1867 1626 si

1069 1641 1123 1667 duo
1139 1641 1206 1671 sint,
1231 1648 1348 1675 quorum
1367 1639 1433 1666 alter
1452 1640 1571 1675 optimus
1591 1640 1646 1670 vir,
1672 1638 1865 1674 aequissimus,

1070 1686 1175 1704 summa
1192 1678 1308 1708 iustitia,
1326 1676 1459 1712 singulari
1475 1676 1540 1710 fide,
1563 1676 1629 1703 alter
1640 1676 1756 1712 insignis
1766 1674 1867 1702 scelere

1069 1720 1095 1742 et
1105 1715 1230 1741 audacia:
1247 1719 1272 1741 et
1282 1715 1306 1740 si
1318 1715 1345 1741 in
1356 1723 1387 1740 eo
1401 1714 1436 1740 sit
1447 1722 1534 1740 errore
1545 1714 1654 1744 civitas,
1673 1718 1702 1740 ut
1717 1713 1818 1739 bonum
1833 1711 1868 1738 il-

1071 1752 1126 1779 lum
1141 1753 1228 1778 virum
1242 1751 1411 1782 sceleratum,
1429 1750 1618 1782 facinorosum,
1632 1750 1765 1777 nefarium
1777 1754 1864 1784 putet:

1069 1795 1158 1816 contra
1170 1794 1273 1820 autem,
1291 1790 1339 1823 qui
1353 1789 1389 1815 sit
1406 1788 1639 1823 improbissimus,
1657 1788 1794 1814 existimet
1808 1795 1867 1813 esse

1069 1835 1175 1853 summa
1187 1826 1317 1861 probitate
1329 1835 1358 1852 ac
1366 1825 1426 1856 fide,
1436 1834 1537 1860 proque
1549 1826 1597 1852 hac
1607 1826 1733 1860 opinione
1744 1825 1867 1851 omnium

1047 1872 1048 1877 ¹
1069 1865 1172 1891 civium
1184 1864 1270 1890 honus
1283 1863 1328 1889 ille
1340 1864 1382 1889 vir
1394 1868 1513 1893 vexetur,
1528 1864 1659 1898 rapiatur,
1676 1871 1772 1888 manus
1783 1862 1809 1888 ei
1820 1861 1868 1887 de-

1070 1902 1152 1937 nique
1164 1900 1338 1934 asserantur*‚
1356 1900 1516 1927 effodiantur
1529 1900 1615 1931 oculi,
1633 1899 1789 1930 damnetur,
1806 1899 1868 1925 vin-

1069 1940 1168 1969 ciatur,
1187 1943 1292 1968 uratur,
1310 1938 1530 1968 exterminnetur,
1549 1943 1638 1974 egeat,
1659 1942 1794 1972 postremo
1808 1937 1868 1962 iure

1070 1977 1164 2002 »etiam
1184 1976 1286 2010 optimo
1306 1975 1434 2002 omnibus
1455 1976 1625 2002 miserrimus
1644 1983 1703 2001 esse
1727 1973 1864 2000 videatur:

1070 2018 1172 2040 »contra
1193 2018 1283 2039 autem
1304 2012 1349 2038 ille
1372 2013 1513 2047 improbus
1534 2012 1669 2043 laudetur,
1695 2011 1810 2041 colatur,
1833 2010 1867 2036 ab

1069 2051 1211 2077 »omnibus
1226 2050 1368 2086 diligatur,
1389 2058 1482 2076 omnes
1498 2050 1532 2076 ad
1546 2058 1608 2076 eum
1625 2049 1755 2079 bonores,
1776 2048 1867 2074 omnia

1070 2089 1210 2123 »imperim
1227 2096 1320 2114 omnes
1335 2095 1413 2122 opes,
1431 2096 1525 2114 omnes
1541 2086 1662 2122 undique
1673 2086 1765 2121 copiae
1775 2083 1867 2112 conte-

1070 2130 1189 2156 »rantur‚
1212 2125 1254 2151 vir
1266 2124 1383 2159 denique
1399 2125 1518 2159 optimus
1531 2125 1654 2151 omnium
1668 2123 1866 2150 existimatione

1069 2199 1191 2227 »tandem
1202 2200 1253 2226 erit
1263 2204 1317 2226 tam
1328 2199 1439 2225 demens
1447 2220 1453 2230 ,
1469 2199 1518 2234 qui
1529 2199 1648 2230 dubitet,
1666 2203 1756 2224 utrum
1767 2205 1796 2224 se
1806 2204 1866 2223 esse

1069 2237 1192 2264 »malim«

1123 2274 1217 2301 XVIII.
1239 2275 1281 2301 28.
1303 2273 1381 2306 Quod
1397 2274 1424 2300 in
1439 2272 1570 2309 singulis,
1593 2272 1621 2299 id
1636 2277 1677 2299 est
1692 2273 1719 2299 in
1740 2270 1862 2306 populis:

1069 2311 1143 2338 nulla
1155 2317 1196 2338 est
1206 2317 1260 2338 tam
1271 2311 1351 2338 stulta
1363 2311 1469 2342 civitas,
1477 2319 1547 2346 quae
1558 2319 1610 2337 non
1622 2310 1722 2336 iniuste
1733 2310 1866 2343 imperare

1069 2349 1157 2380 malit,
1173 2357 1256 2384 quam
1271 2350 1373 2375 servire
1389 2349 1468 2375 iuste.
1509 2349 1564 2374 Nec
1579 2356 1643 2374 vero
1654 2347 1761 2382 longius
1772 2346 1863 2372 abibo.

1068 2386 1167 2414 Consul
1175 2395 1224 2422 ego
1235 2386 1368 2421 quaesivi,
1376 2394 1462 2421 quum
1468 2394 1516 2412 vos
1527 2385 1595 2411 mihi
1605 2384 1733 2411 essetisin
1739 2383 1862 2414 consilio,

1069 2424 1102 2451 de
1114 2424 1277 2450 Numantino
1289 2423 1404 2450 foedere.
1435 2422 1502 2455 Quis
1514 2421 1652 2458 ignorabat
1661 2420 1693 2453 Q.
1706 2421 1865 2455 Pompeium

1069 2461 1165 2488 fecisse
1177 2460 1281 2491 foedus,
1295 2460 1388 2486 eadem
1399 2461 1427 2486 in
1438 2468 1533 2486 caussa
1544 2457 1780 2485 esseMaucinumff'
1790 2457 1865 2484 Alter

1068 2500 1111 2525 vir
1121 2499 1240 2534 optimus
1255 2499 1336 2524 etiam
1352 2498 1438 2523 suasit
1452 2497 1630 2533 rogationem,
1647 2503 1690 2521 me
1705 2504 1739 2522 ex
1754 2500 1864 2522 senatus

1068 2537 1190 2563 consulto
1206 2535 1319 2567 ferent-23
1338 2534 1404 2561 alter
1418 2534 1547 2560 acerrime
1561 2541 1590 2559 se
1601 2532 1731 2559 defendit.
1772 2532 1802 2559 Si
1811 2541 1865 2567 pu-

1044 2569 1046 2574 '
1067 2573 1116 2600 dor
1125 2573 1272 2609 quaeritur,
1289 2573 1312 2598 si
1323 2571 1456 2606 probitas,
1469 2572 1492 2597 si
1504 2570 1583 2600 fides.
1597 2570 1737 2596 Mancinus
1748 2570 1813 2596 haec
1823 2575 1864 2596 at·

1044 2611 1046 2614 ’
1068 2611 1142 2643 tulit;
1160 2612 1183 2637 si
1195 2610 1274 2640 ratio,
1292 2608 1450 2639 consilium,
1467 2607 1622 2643 prudentia,
1639 2607 1783 2642 Pompeius
1794 2607 1864 2634 anti-

1274 2646 1334 2658 *88

1067 2653 1128 2675 stat.
1169 2649 1263 2675 Utrum
