1941 3052
204 151 248 174 130
777 149 800 170 θ,
833 145 865 170 Μ4

201 220 285 248 diunt.
303 219 385 245 trulict
399 217 555 244 similitudo.
593 219 646 242 tm.
671 216 733 242 Nulo
752 221 833 241 niorto
847 216 898 241 dici
914 214 983 241 Atri-

201 266 257 282 νειιιι
273 261 410 281 stuli-utam
425 264 482 280 csse
497 254 700 288 rempublicam.
718 253 777 278 nolo
790 258 886 278 stercus
897 256 984 278 curma
1004 279 1005 285 ¹

201 294 252 320 dici
263 293 414 319 Glauciam.
430 293 553 326 quarum
568 292 601 316 sit
612 290 707 319 simile.
722 295 806 315 annun
821 293 860 315 esi
875 290 901 315 in
913 294 984 315 utro·
1004 294 1005 318 1

201 340 252 366 qni·
266 330 392 356 ‹lc—[ortuis
411 330 532 361 cogitatio
549 327 742 353 similitudinis.
779 325 842 352 Nolo
862 335 920 352 esse
940 331 985 352 aut

203 369 300 396 ninius,
320 376 400 401 ιμιιιιιι
420 375 459 391 ros
479 365 600 399 postulet.
625 365 764 396 'renisurum
786 365 983 394 comissationis,-

202 410 245 431 uut
272 405 373 432 minus.
401 404 548 427 (nnumin,
566 404 725 432 ιιήιμοιιιιιιις,
759 399 824 426 ΝοΙο
845 408 904 426 csso
927 409 985 426 ver·
1005 413 1007 435 χ

202 443 264 467 bum
288 441 427 474 angustius
451 439 485 468 id,
506 438 577 472 qnod
597 437 718 463 tralatum
736 438 778 467 sit.
795 445 876 471 quam
892 436 985 463 suisset
1006 462 1007 470 ,

202 478 267 504 illud
287 478 420 512 proprium
436 485 464 501 uc
478 484 571 500 sunni:

418 528 452 533 --
478 527 512 531 -
539 513 659 544 quidnam
672 515 716 540 esc,
731 510 851 536 obsecro?

240 554 306 582 (ΙιιιίΙ
321 556 342 575 101
355 553 426 576 adiri
437 547 566 575 alirunas?
591 563 627 567 —

203 589 296 615 molius
311 592 386 616 vs-ct.
409 592 484 616 vetas,
497 587 622 619 prohibes,
637 586 775 614 ‹thaleri-ea:
801 586 927 620 quoniam
943 585 986 611 ille

201 626 313 651 ‹lixcrat2

523 675 559 679 —
585 661 654 685 illico
668 660 750 684 i'slim!

240 699 275 724 Ne
289 700 405 730 σόιιιαῃίό
419 706 472 723 men
487 699 558 723 bom's
571 698 690 722 umbrat-c
703 698 777 722 obsit.

258 737 314 761 ¹65.
339 735 423 770 Atque
445 735 533 765 ctiam,
557 734 579 760 si
599 742 711 763 vereare.
738 742 770 759 ne
789 732 879 767 paullo
895 732 987 759 durior

202 773 302 799 tralatio
320 781 378 798 esse
393 772 520 802 videatur.
538 771 679 797 mollienda
693 775 733 796 cst
747 771 895 805 praeposito
908 779 986 805 saepe

203 810 294 840 verbm
318 814 345 836 ut
358 809 381 836 si
395 808 467 839 olim.
485 809 518 835 M.
535 809 631 835 Catone
646 813 756 838 mortuo.
771 809 896 840 pupillum
910 817 987 834 sena-

203 852 257 873 tum
272 847 334 882 quis
348 846 469 872 relietum
483 846 589 876 diceret.
608 845 697 880 paullo
709 845 818 876 durius;
841 846 892 876 sin,
910 850 935 870 nt
951 848 987 871 ila

201 887 292 913 dicam,
307 886 440 917 pupillum.
455 883 589 918 aliquanto
601 883 701 908 mitius.
724 882 827 908 Etenim
839 882 986 908 verecunda

201 921 279 948 debet
292 930 349 947 csse
365 921 472 951 [ralatio.
490 925 517 946 ut
531 920 642 946 deducta
657 921 682 945 in
695 919 810 945 alienum
823 919 918 950 locum,
936 928 987 946 non

203 959 319 989 irruisse,
340 963 419 993 atque
433 962 461 984 ut
476 958 600 992 precario.
618 966 668 983 non
684 957 718 987 vi,
736 957 840 982 venisse
856 956 985 982 videntur.

205 998 258 1022 166.
282 995 375 1022 Modus
398 999 485 1021 autem
509 994 598 1021 nullus
621 999 659 1020 cst
681 993 812 1020 florentior
829 994 857 1020 in
871 993 987 1029 singulis

203 1034 298 1063 verbis.
323 1042 370 1059 noc
391 1032 438 1067 qui
459 1032 519 1067 plus
539 1031 648 1058 luminis
666 1031 754 1057 afferat
767 1031 886 1057 orationi.
921 1031 986 1057 Nam

184 1071 277 1101 ·illu(l‚
301 1070 373 1105 quod
395 1078 427 1096 ex
451 1069 499 1096 hoc
522 1077 617 1104 genere
636 1068 750 1103 profluit.
771 1077 821 1094 non
840 1068 920 1094 estin
935 1076 988 1094 uno

203 1109 282 1134 verbo
296 1107 395 1137 tralato.
412 1106 458 1133 sed
468 1115 501 1133 ex
511 1106 634 1141 pluribus
644 1106 803 1132 continuatis
812 1105 985 1136 connectitur,

202 1151 230 1172 ut
243 1145 316 1172 aliud
329 1145 440 1175 dicatur.
456 1143 529 1170 aliud
543 1143 745 1179 intelligendum
759 1143 807 1169 sit:

454 1196 491 1201 —-
515 1196 552 1200 —
577 1181 664 1214 Neque
676 1183 715 1206 me'
725 1183 814 1213 patiar

237 1223 327 1246 iterum
341 1222 375 1245 ad
390 1228 465 1245 unum
478 1220 609 1252 scopulum
625 1223 648 1244 et
662 1219 738 1244 telum
751 1219 857 1244 classem
869 1217 989 1244 Achiuom

686 1257 820 1289 offendere.

203 1295 286 1329 Atque
300 1294 376 1324 illud.

239 1332 328 1359 Erras.
343 1340 430 1363 ei-ras;
444 1339 503 1357 nam
513 1332 681 1356 exsultantem
691 1333 713 1355 te
723 1331 746 1355 e't
754 1330 934 1362 praefidentem
944 1329 989 1354 tibi

237 1372 374 1402 repr-[ment
392 1369 492 1395 validae
509 1369 590 1402 le'qum
607 1368 726 1396 habenae,
745 1371 822 1399 alque
834 1367 935 1398 imperii
948 1368 989 1391 in—

685 1406 772 1430 sistent
786 1406 851 1437 iuyo.

203 1445 257 1469 467.
273 1443 384 1478 Sumpta
399 1451 425 1469 re
439 1442 530 1474 simili,
540 1443 618 1468 verba
633 1443 690 1468 eius
700 1441 737 1467 rei
747 1440 853 1475 propria
863 1439 989 1474 deinceps

202 1482 228 1507 in
242 1489 297 1507 rem
311 1480 398 1511 aliam,
419 1484 448 1506 ut
460 1479 526 1511 dixi,
547 1479 750 1506 transferuntur.
784 1478 864 1504 xm.
879 1477 926 1503 Est
940 1477 989 1503 hoc

202 1526 328 1553 magnum
351 1521 534 1544 ornamentum
560 1517 694 1548 orationis,
718 1516 746 1542 in
769 1523 823 1550 quo
840 1514 989 1541 obscuritas

203 1554 328 1590 fugienda
351 1558 404 1587 θεὶς
436 1554 532 1581 etenim
551 1563 584 1580 ex
602 1554 652 1580 hoc
668 1561 764 1589 genere
777 1552 844 1579 fiunt
857 1560 896 1583 ea,
920 1559 989 1586 quae

202 1593 326 1618 dicuntur
339 1592 496 1627 aenigmata.
532 1592 590 1618 Non
603 1596 643 1617 est
656 1595 744 1617 autem
757 1590 785 1616 in
799 1589 880 1616 verbo
893 1588 989 1615 modus

203 1630 253 1660 hic,
265 1629 312 1655 sed
326 1630 353 1655 in
367 1629 491 1659 oratione,
503 1628 531 1655 id
544 1633 584 1655 est
593 1629 621 1655 in
630 1627 825 1655 continuatione
835 1626 987 1653 verborum.

202 1667 240 1692 Ne
261 1666 307 1692 illa
329 1665 438 1701 quidem
456 1665 585 1692 traductio
602 1669 682 1700 atque
699 1664 849 1691 immutatio
867 1663 895 1690 in
909 1663 989 1689 verbo

201 1703 345 1738 quamdam
359 1703 556 1729 fabricationem
570 1702 658 1734 habet,
673 1702 721 1728 sed
734 1702 762 1727 in
775 1701 904 1727 oratione:

238 1741 330 1774 Asi-ica
343 1741 453 1766 terribili
467 1743 550 1766 tremit
563 1741 670 1766 horrida
683 1744 754 1765 terra
768 1739 886 1764 tumultu.

202 1778 252 1804 Pro
269 1780 339 1811 Afris
356 1781 395 1803 est
412 1781 519 1811 sumpta
536 1778 639 1810 Asricm
660 1784 747 1811 neque
764 1774 863 1801 sactum
878 1774 988 1800 verbum

202 1819 250 1846 cst.
266 1819 308 1841 ut:
330 1815 404 1841 Mure
416 1816 561 1847 saxisrnqis
573 1816 661 1844 undis;
688 1821 775 1848 neque
792 1811 925 1842 tralatum.
945 1816 987 1837 ut:

202 1853 320 1879 Mollitia·
334 1860 415 1883 mare;
436 1850 484 1877 sed
501 1851 611 1877 ornandi
625 1859 718 1877 caussa
732 1850 869 1885 proprium
883 1849 990 1884 proprio

202 1893 404 1916 commutatum.
437 1888 528 1914 Desine
550 1889 630 1914 Roma
653 1893 708 1914 tuos
725 1890 806 1913 hostes
811 1897 819 1919 ;
844 1891 884 1912 et:
908 1886 991 1912 Testes

202 1931 261 1953 sunt
274 1928 358 1959 campi
370 1928 463 1959 maqni.
484 1925 579 1951 Gravis
593 1929 633 1951 est
646 1925 742 1951 modus
755 1925 782 1951 in
793 1928 886 1950 ornatu
895 1923 991 1950 oratio-

203 1965 245 1990 nis
267 1968 293 1990 et
313 1971 391 1997 saepe
412 1961 574 1995 sumendus3
604 1970 638 1989 ex
655 1971 709 1997 quo
725 1969 821 1997 genere
839 1961 903 1986 haec
916 1964 988 1991 sunt,

203 2002 312 2028 Martem
334 2001 392 2026 belli
413 2008 466 2025 esse
484 2008 644 2029 communem,
666 1999 780 2026 Cererem
795 2007 842 2034 pro
855 1997 988 2034 frugibus,

203 2039 322 2064 Liberum
338 2036 470 2072 appellare
489 2045 536 2071 pro
549 2037 619 2068 vino,
636 2037 779 2069 Neptunum
794 2044 840 2070 pro
853 2035 929 2066 mari,
946 2043 991 2061 cu-

202 2078 270 2102 riam
293 2083 340 2109 pro
362 2078 464 2104 senatu,
489 2082 605 2106 campum
625 2082 674 2109 pro
694 2073 817 2104 comitiis,
843 2077 926 2106 togam
943 2080 991 2106 pro

203 2120 275 2147 pace.
291 2120 365 2138 arma
378 2119 408 2138 ac
421 2112 472 2137 tela
484 2119 531 2145 pro
545 2110 627 2144 bello;
645 2112 701 2138 ⁴68.
713 2119 767 2145 quo
777 2111 840 2136 item
853 2110 882 2136 in
894 2117 990 2145 genere

203 2154 228 2176 et
242 2149 352 2175 virtutes
369 2153 395 2174 et
408 2148 471 2174 vitia
485 2156 532 2182 pro
544 2148 621 2182 ipsis,
641 2149 669 2175 in
682 2148 783 2183 quibus
797 2147 842 2173 illa
855 2151 927 2177 sunt,
943 2154 991 2181 ap-

204 2186 348 2221 pellantur:
369 2186 498 2212 Luaeuri'es
510 2193 590 2220 quam
605 2186 632 2212 in
642 2185 751 2212 domum
761 2185 866 2219 irrupit,
879 2188 917 2210 et:
932 2182 991 2215 Quo

203 2226 317 2249 avaritia
331 2222 490 2257 penetravit3
506 2227 551 2248 aut
564 2223 640 2249 Fides
650 2222 742 2253 valuit,
754 2223 858 2248 Iustitia
867 2220 988 2247 confecit.

204 2260 304 2286 Videtis
319 2259 434 2295 profecto
446 2267 532 2295 genus
546 2259 595 2286 boc
609 2264 701 2290 totum,
710 2268 795 2294 quum
808 2257 905 2284 inflexo
917 2266 992 2284 com-

205 2302 358 2332 mutatoque
371 2297 452 2323 verbo
466 2305 508 2322 res
522 2296 612 2323 eadem
627 2297 780 2323 enuntiatur
792 2296 925 2327 ornatius;
947 2295 990 2321 cui

204 2339 266 2360 sunt
283 2334 394 2360 finitima
407 2333 452 2360 illa
466 2334 556 2360 minus
569 2339 668 2365 ornata,
688 2334 736 2360 sed
750 2338 836 2360 tamen
850 2341 902 2359 non
915 2333 992 2368 igno-

206 2371 294 2402 randa,
319 2380 403 2406 quum
422 2370 535 2406 intelligi
547 2371 673 2398 volumus
687 2370 798 2406 aliquid,
814 2374 859 2396 aut
872 2378 906 2396 ex
919 2373 991 2404 parte

205 2412 296 2439 totum,
318 2413 345 2434 ut
363 2417 410 2443 pro
424 2407 551 2434 aedificiis
565 2417 649 2443 quum
661 2411 774 2442 parietes
786 2411 832 2434 aut
845 2411 912 2432 tecta
924 2406 992 2432 dici-

206 2453 279 2476 mus3
310 2450 356 2471 aut
376 2453 409 2471 ex
431 2450 484 2472 toto
506 2450 615 2479 partem.
636 2450 664 2472 ut
682 2454 767 2480 quum
782 2453 862 2471 unam
876 2448 991 2470 turmam

205 2484 344 2514 equitatum
354 2484 443 2514 populi
459 2483 563 2508 Romani
576 2482 704 2515 dicimus3
727 2486 773 2508 aut
783 2490 816 2508 ex
827 2489 880 2507 uno
889 2480 989 2515 plures,

241 2519 273 2544 Ae
288 2519 413 2544 flavianus
426 2521 504 2550 Ιιοηιο,
521 2525 603 2546 tamen
615 2522 662 2546 etsi
675 2528 716 2546 res
729 2521 787 2545 bene
800 2522 870 2552 qesta
884 2522 933 2548 est,

242 2557 316 2581 corde
327 2563 374 2581 suo
387 2558 504 2588 trepidat.

205 2595 250 2618 aut
263 2600 348 2626 quum
362 2600 395 2618 ex
408 2592 532 2626 pluribus
545 2593 703 2620 intellioitur
715 2601 810 2623 unum,

244 2629 295 2655 Nos
307 2630 386 2655 sumu'
402 2629 514 2657 Romani.
529 2633 573 2663 qui
585 2614 720 2666 suffiimus
732 2634 792 2656 ante
804 2630 907 2658 Rudini.

898 145 926 170 Τ.
959 142 1233 170 ‹titzfittoxts

1004 216 1005 220 ’
1038 223 1098 240 nere
1113 213 1278 247 intelligitur.
1294 213 1340 239 aed
1355 218 1383 239 ut
1397 221 1506 240 sensum
1519 218 1568 239 est.
1589 213 1680 240 thn.
1697 216 1752 240 1⁶9.
1770 216 1820 242 At·-

1039 252 1138 277 utimur
1155 259 1234 285 saepe
1253 251 1331 276 etiam
1352 250 1432 276 verbo
1449 259 1500 277 non
1519 256 1570 277 tam
1585 251 1726 284 eleganter.
1741 261 1822 287 quam

1039 289 1064 314 in
1084 287 1278 317 transferendo:
1301 286 1347 313 sed
1365 288 1468 313 etiami
1487 287 1619 317 licentius,
1642 294 1728 315 tamen
1742 289 1823 315 inter-

1037 325 1101 351 ilum
1121 333 1172 351 non
1191 324 1372 359 impudentem
1397 330 1425 350 ut
1442 333 1527 360 quum
1545 327 1667 358 mandem
1685 331 1824 352 orationem

1039 371 1085 396 pro
1108 370 1218 396 magna.
1242 364 1366 387 minutum
1388 365 1501 388 animum
1525 371 1572 396 pro
1594 371 1674 397 parvo
1696 363 1822 389 dicimus.

1041 399 1136 425 Verum
1160 398 1204 425 illa
1230 398 1359 424 videtisne
1376 407 1435 425 esse
1453 407 1504 425 non
1523 400 1606 429 verbi.
1627 399 1674 425 scd
1687 400 1821 428 orationis.

1038 444 1106 471 quae
1123 444 1155 462 cx
1176 435 1308 470 pluribus.
1329 441 1357 461 ut
1375 436 1496 471 exposui.
1511 437 1693 463 tralationibus
1707 446 1824 463 connexa

1039 472 1120 499 sunt?
1140 473 1206 499 llaec
1219 478 1317 503 autem,
1332 481 1400 507 qnae
1414 478 1459 498 nut
1479 474 1614 499 immutata
1629 482 1687 499 esse
1705 474 1761 500 dixi
1780 479 1825 500 aut

1038 510 1113 536 aliter
1127 509 1307 545 intelligenda.
1323 519 1352 536 ac
1365 510 1524 539 dicerentur.
1537 515 1600 536 sunt
1610 511 1698 537 tralata
1708 511 1823 546 quodam

1039 547 1124 573 modo.
1162 548 1217 573 ΠΟ.
1237 548 1273 573 lta
1292 547 1328 576 lit.
1350 552 1378 573 ut
1396 548 1484 573 omnis
1501 547 1668 582 singulorum
1683 548 1823 575 verborum

1015 595 1017 601 ·
1041 585 1124 610 virtus
1138 589 1217 619 atque
1232 584 1289 610 laus
1304 585 1388 610 tribus
1402 585 1512 611 exsistat
1525 593 1558 611 ex
1572 585 1665 611 rebus:
1687 585 1710 611 si
1724 590 1770 611 aut
1780 594 1825 611 ve-

1040 626 1141 647 tustum
1164 622 1275 647 verbum
1297 622 1344 652 sit.
1369 622 1441 656 quod
1465 626 1550 648 tamen
1572 622 1737 648 consuetudo
1759 621 1825 648 ten-e

1040 659 1137 693 possit3
1159 663 1203 684 aut
1223 658 1319 684 tactum
1341 658 1381 685 vel
1400 659 1584 685 coniunctione
1599 658 1640 685 vel
1659 660 1782 689 novitate.
1799 660 1825 686 in

1038 703 1093 730 quo
1110 696 1172 721 item
1191 700 1231 722 est
1252 696 1363 722 auribus
1385 696 1626 731 consuetudinique
1648 696 1822 731 parcendum:

1039 737 1084 758 aut
1098 732 1229 763 tralatum,
1249 732 1321 767 quod
1335 734 1450 759 maxime
1464 738 1599 768 tamquam
1613 734 1698 760 stellis
1711 734 1825 769 quibun-

1038 769 1099 796 dam
1115 774 1185 796 notat
1198 774 1223 796 et
1237 770 1370 796 illuminat
1382 771 1535 797 orationem.

1097 807 1153 832 ΓΗ.
1179 806 1306 842 Sequitur
1322 808 1484 834 continuatio
1502 807 1652 837 verborum.
1667 816 1736 842 quae
1758 807 1826 834 duas

1040 851 1081 870 res
1100 845 1224 874 maxime.
1243 844 1441 871 collocationem
1459 845 1586 879 primum.
1606 845 1702 871 deinde
1717 844 1825 871 modum

1039 880 1182 916 quemdam
1205 881 1370 916 formamque
1395 881 1535 908 desiderat.
1579 881 1762 909 collocationis
1787 887 1827 908 est

1039 926 1195 952 componere
1209 923 1233 944 ct
1247 923 1349 944 struere
1363 919 1441 945 verba
1455 919 1502 950 sic.
1523 923 1552 945 ut
1565 927 1631 945 neve
1645 927 1722 953 asper
1734 927 1826 945 eorum

1039 964 1184 981 concursus
1199 964 1265 982 neve
1285 955 1391 982 hiulcus
1409 957 1452 987 sit,
1472 955 1519 982 sed
1537 955 1733 991 quodammodo
1749 964 1827 992 coag-

1040 997 1173 1018 mentatus
1191 998 1216 1019 et
1234 992 1310 1019 levis.
1344 993 1372 1019 ln
1390 1002 1445 1028 quo
1463 993 1550 1028 lepide
1562 994 1589 1020 in
1603 993 1687 1019 soceri
1700 994 1752 1019 mei
1767 1002 1828 1028 per-

1017 1047 1018 1050 *
1040 1038 1103 1092 solna
1123 1029 1186 1056 lusit
1203 1030 1235 1061 is,
1251 1030 1298 1065 qui
1312 1029 1510 1066 elegantissime
1523 1030 1551 1057 id
1565 1030 1649 1057 tacere
1663 1031 1757 1064 potuit,
1774 1030 1827 1057 Lu-

1039 1076 1063 1093 ci
1077 1075 1128 1097 ius.

1079 1104 1161 1136 Quam
1179 1105 1259 1137 lepide
1277 1105 1356 1130 lexeis
1374 1105 1529 1137 compostae!
1554 1109 1581 1131 ut
1595 1105 1730 1131 tesserulae
1744 1112 1828 1130 omnes

1077 1146 1134 1167 arte
1143 1144 1290 1174 pavimento
1302 1146 1380 1175 utque
1392 1143 1536 1168 emblemate
1549 1143 1724 1168 vermiculato.

1040 1177 1113 1210 Quae
1130 1187 1215 1213 quum
1233 1178 1346 1205 dixisset
1362 1179 1390 1205 in
1408 1178 1552 1205 Albucium
1570 1178 1695 1209 illudens.
1711 1187 1744 1205 ne
1757 1187 1771 1204 a
1785 1187 1827 1205 me

1041 1215 1150 1250 quidem
1165 1215 1302 1247 abstinuit.

1081 1252 1201 1279 crassum
1214 1254 1292 1279 habeo
1303 1261 1430 1285 qenerum,
1445 1262 1475 1279 ne
1487 1254 1674 1279 rhetoricotero'
1689 1257 1716 1279 tu
1728 1255 1774 1279 ais.

1041 1289 1112 1322 Quid
1129 1289 1210 1326 ergo?
1231 1290 1282 1316 iste
1300 1290 1420 1321 Crassus.
1440 1290 1566 1325 quoniam
1580 1290 1638 1316 eius
1652 1290 1769 1316 abuteris
1782 1298 1829 1316 no-

1042 1328 1122 1359 mine,
1141 1327 1208 1362 quid
1225 1326 1323 1354 eflicit?
1341 1327 1412 1354 idem
1426 1327 1494 1354 illud
1507 1327 1616 1358 scilicet,
1632 1332 1662 1353 ut
1674 1327 1719 1354 ille
1734 1326 1791 1353 vult
1803 1331 1830 1353 et

1041 1372 1090 1400 ego
1104 1363 1210 1395 vellem,
1226 1364 1323 1391 melius
1337 1364 1569 1400 aliquanto‚quam
1576 1364 1715 1391 Albucius.
1731 1364 1828 1390 Verum

1042 1402 1068 1427 in
1083 1409 1125 1427 me
1137 1401 1247 1436 quidem
1263 1401 1327 1428 lusit
1339 1401 1393 1433 itte.
1410 1406 1439 1428 ut
1451 1401 1527 1429 solet.
1550 1403 1607 1428 ⁴72.
1622 1401 1675 1428 Sed
1688 1406 1728 1428 est
1742 1406 1828 1428 tamen

1042 1438 1106 1465 baec
1118 1438 1254 1466 collocatio
1266 1439 1446 1466 conservanda
1456 1439 1607 1470 verborum,
1615 1439 1647 1465 de
1656 1447 1710 1474 qua
1720 1438 1827 1474 loquor;

1041 1484 1109 1511 quae
1132 1476 1249 1502 iunctam
1272 1477 1417 1503 orationem
1434 1475 1524 1507 efficit.
1542 1484 1611 1511 quae
1632 1476 1825 1507 cohaerentem.

1041 1522 1109 1548 quae
1123 1513 1218 1544 lenem.
1233 1521 1303 1548 quae
1315 1513 1488 1548 aequabiliter
1501 1512 1636 1540 fluentem.
1661 1513 1691 1540 td
1702 1521 1830 1548 asseque-

1042 1551 1116 1582 mini.
1136 1551 1160 1577 si
1178 1550 1259 1577 verba
1276 1555 1393 1577 extrema
1409 1559 1472 1577 cum
1489 1550 1716 1586 consequentibus
1734 1550 1829 1585 primis

1041 1588 1075 1613 ita
1093 1588 1219 1623 iungens,
1239 1591 1269 1614 ut
1287 1596 1354 1614 neve
1371 1596 1463 1623 aspere
1475 1592 1633 1614 concurrant
1646 1595 1713 1614 neve
1726 1587 1828 1614 vastius

1040 1624 1210 1651 diducantur.
1235 1624 1327 1651 XLIV.
1344 1625 1401 1651 173.
1421 1625 1492 1651 Hanc
1505 1624 1671 1660 diligentiam
1684 1624 1830 1659 subsequi-

1017 1665 1020 1676 '
1041 1666 1084 1688 tur
1095 1661 1190 1688 modus
1203 1662 1283 1688 etiam
1295 1666 1322 1688 et
1330 1661 1413 1688 l'orma
1423 1661 1654 1697 verborum.quod
1663 1662 1716 1688 iam
1728 1669 1827 1693 vereor.

1042 1707 1074 1725 ne
1096 1698 1159 1725 huic
1177 1698 1271 1726 Catulo
1288 1699 1410 1726 videatur
1426 1707 1485 1726 esse
1499 1699 1611 1734 puerile.
1644 1699 1744 1725 Versus
1756 1699 1829 1725 enim

1042 1740 1142 1762 veteres
1160 1735 1201 1762 illi
1218 1736 1246 1762 in
1264 1735 1313 1762 bac
1330 1735 1416 1763 soluta
1429 1737 1546 1763 oratione
1559 1736 1762 1771 propemodum.
1778 1735 1828 1762 boc

1041 1777 1081 1799 est
1094 1781 1219 1799 numeros
1231 1773 1363 1808 quosdam
1377 1773 1453 1800 nobis
1467 1781 1526 1799 esse
1539 1773 1705 1800 adhibendos
1717 1777 1830 1808 putave-

1041 1814 1112 1837 runt.
1134 1811 1356 1845 interspirationis
1368 1811 1449 1842 enim,
1457 1819 1510 1837 non
1519 1810 1715 1846 defatigationis
1726 1814 1830 1837 nostrae

1042 1855 1129 1882 neque
1147 1847 1315 1874 librariorum
1332 1848 1411 1879 notis,
1432 1847 1479 1874 sed
1493 1847 1635 1874 verborum
1648 1852 1674 1874 et
1686 1847 1830 1874 sententia-

1041 1893 1101 1911 rum
1116 1884 1194 1911 modo
1206 1885 1388 1920 interpunctas
1401 1884 1536 1912 clausulas
1552 1884 1581 1911 in
1593 1884 1758 1911 orationibus
1770 1891 1829 1910 esse

1042 1921 1197 1954 voluerunt3
1213 1922 1294 1957 idque
1307 1923 1432 1957 princeps
1442 1922 1567 1949 Isocrates
1577 1922 1727 1948 instituisse
1735 1920 1827 1952 fertur,

1042 1963 1072 1985 ut
1092 1959 1254 1985 inconditam
1276 1960 1446 1994 antiquorum
1468 1958 1575 1986 dicendi
1596 1957 1827 1989 consuetudinem.

1042 1995 1223 2022 delectationis
1246 2001 1326 2031 atque
1347 1997 1454 2023 aurium
1474 2004 1578 2027 caussa.
1602 1995 1829 2031 quemadmodum

1042 2033 1134 2060 scribit
1147 2033 1298 2068 discipulus
1311 2034 1370 2060 eius
1389 2034 1546 2064 Naucrates.
1566 2034 1686 2060 numeris
1700 2033 1830 2068 astringe-

1042 2075 1089 2097 ret.
1117 2071 1174 2097 ⁴74.
1190 2071 1311 2105 Namque
1329 2071 1392 2097 baec
1405 2070 1458 2097 duo
1471 2070 1578 2101 musici,
1596 2071 1645 2105 qui
1658 2074 1732 2097 erant
1743 2077 1831 2105 quon-

1041 2108 1102 2134 dam
1116 2107 1198 2134 iidem
1211 2112 1311 2142 poetae,
1327 2107 1470 2134 machinati
1480 2107 1513 2134 ad
1524 2107 1687 2142 voluptatem
1697 2111 1763 2134 sunt
1770 2115 1831 2134 ver-

1041 2153 1102 2172 sum
1115 2149 1194 2180 atque
1208 2149 1324 2176 cantum,
1339 2149 1408 2171 utet
1420 2145 1563 2171 verborum
1576 2153 1687 2171 numero
1699 2149 1725 2171 et
1734 2151 1830 2170 vocum

1042 2182 1120 2209 modo
1133 2181 1305 2209 delectatione
1318 2182 1454 2209 vincerent
1467 2182 1574 2208 aurium
1586 2181 1742 2208 satietatem.
1761 2181 1830 2207 llaec

1042 2220 1124 2255 igitur
1146 2219 1208 2250 duo,
1234 2219 1306 2245 vocis
1327 2219 1387 2245 dico
1408 2219 1615 2246 moderationem
1640 2223 1666 2245 et
1686 2217 1829 2245 verborum

1042 2256 1249 2286 conclusionem,
1273 2256 1361 2291 quoad
1378 2257 1504 2283 orationis
1521 2255 1648 2282 severitas
1665 2256 1720 2290 pati
1734 2255 1828 2290 possit.

1042 2302 1056 2320 a
1067 2293 1168 2328 poetica
1178 2293 1212 2319 ad
1221 2292 1399 2328 eloquentiam
1409 2292 1570 2320 traducenda
1579 2292 1723 2319 duxerunt.
1736 2292 1830 2319 t75.1n

1041 2338 1095 2366 quo
1113 2329 1182 2356 illud
1194 2334 1235 2357 est
1247 2330 1288 2356 vel
1303 2331 1460 2361 maximum,
1475 2329 1557 2366 quod,
1571 2337 1666 2356 versus
1676 2329 1704 2356 in
1713 2329 1831 2356 oratione

1041 2368 1066 2394 si
1079 2366 1193 2394 efficitur
1205 2368 1390 2394 coniunctione
1403 2368 1554 2398 verborum.
1569 2366 1667 2393 vitium
1679 2371 1733 2399 est;
1752 2371 1778 2393 et
1791 2371 1831 2393 ta-

1042 2413 1104 2431 men
1126 2413 1185 2430 eam
1206 2405 1429 2436 coniunctionem,
1452 2404 1532 2431 sicuti
1549 2411 1668 2435 versum.
1689 2411 1830 2430 numerose

1042 2441 1135 2468 cadere
1147 2446 1173 2468 et
1185 2442 1315 2476 quadrare
1327 2446 1354 2468 et
1365 2441 1457 2477 perfici
1470 2440 1605 2468 volumus.
1638 2441 1732 2476 Neque
1743 2445 1785 2467 est
1796 2448 1830 2467 ex

1043 2478 1136 2506 multis
1149 2487 1192 2505 res
1206 2487 1266 2510 una,
1281 2487 1351 2514 quae
1366 2479 1452 2515 magis
1464 2482 1593 2505 oratorem
1606 2477 1640 2504 ab
1651 2478 1776 2513 imperito
1788 2477 1831 2504 di-

1042 2515 1119 2542 cendi
1132 2517 1278 2551 ignaroque
1291 2517 1446 2552 distinguat,
1461 2523 1542 2550 quam
1555 2514 1629 2550 quod
1640 2514 1687 2541 ille
1700 2514 1775 2541 rudis
1787 2515 1830 2540 in-

1042 2554 1146 2580 condite
1160 2553 1256 2585 fundit,
1271 2557 1402 2589 quantum
1412 2557 1507 2587 potest,
1518 2557 1545 2578 et
1553 2551 1590 2583 id.
1602 2551 1676 2587 quod
1688 2551 1761 2582 dicit,
1773 2551 1831 2586 spi-

1043 2591 1104 2621 ritu,
1128 2599 1180 2617 non
1201 2595 1264 2621 arte,
1287 2590 1452 2621 dem-minat.
1475 2594 1561 2616 orator
1581 2593 1671 2615 autem
1688 2589 1728 2615 sic
1743 2587 1830 2624 illigat

1042 2628 1199 2654 sententiam
1217 2627 1315 2658 verbis,
1335 2631 1366 2654 ut
1380 2635 1440 2653 eam
1455 2634 1568 2653 numero
1583 2625 1700 2661 quodam
1712 2625 1830 2660 comple—

206 2670 251 2691 aut
267 2674 436 2700 quocumque
455 2666 540 2697 modo,
561 2675 612 2693 non
632 2671 660 2693 ut
677 2667 777 2693 dictum
796 2670 844 2697 est,
859 2666 888 2691 in
901 2673 932 2691 eo
945 2673 991 2700 ge-
1019 2658 1022 2694 l
1041 2669 1127 2691 ctatur
1143 2668 1170 2690 et
1186 2665 1292 2691 astricto
1309 2668 1336 2690 et
1351 2663 1448 2690 soluto.
1482 2664 1539 2690 ⁴76.
1559 2663 1627 2689 Nam
1643 2671 1729 2697 quum
1743 2663 1829 2689 vinxit
