1941 3052
228 146 276 172 6οῧ
799 148 840 171 30.
876 145 910 171 Μ.

227 215 287 242 nolo
302 224 460 250 siiupensam
473 220 498 242 et
509 217 634 242 incertam
648 214 752 250 plebem
766 216 909 241 Romanam
922 215 1019 241 obscu-

227 262 252 279 ra
270 261 317 287 spo
333 258 357 279 et
372 262 447 278 caeca
464 254 659 287 exspectatione
672 252 794 286 pendere.
826 252 946 278 Albanus
957 261 1020 287 ager

226 294 278 321 est,
297 291 418 320 Setinus,
434 291 585 320 Privernas,
601 290 759 320 Fundanus,
775 289 916 319 Vescinus,
932 290 1020 316 Faler-

227 336 286 357 nus,
302 328 451 357 Lintvrnun,
469 328 614 356 Cumanus,
633 327 752 352 Casinas.
785 327 880 353 Audio.
913 327 954 353 Ab
969 327 1019 353 ati·

226 370 308 399 porta,
323 365 450 398 Capenas,
466 364 593 393 fnum-us.
608 364 734 393 Sabinus,
750 364 884 394 Reatinus,
895 364 1021 390 venafru-

227 410 286 430 ηιμ,
302 401 441 431 Attin-nm,
455 401 631 427 Trebulanus.
659 401 744 427 lIabes
757 406 854 427 tantam
867 403 1017 436 pecuniam.

225 447 277 473 qua
295 439 373 464 hosce
388 447 480 464 onmes
496 447 572 472 agros
589 443 614 464 et
629 443 729 464 ceteros
746 439 840 465 horum
853 439 955 465 similes
968 448 1019 465 non

226 475 304 501 modo
315 484 414 505 cnwre,
433 484 525 501 verum
537 477 616 502 etiam
628 484 781 502 coacervare
793 477 894 510 possis:
916 485 964 502 cur
975 485 1020 502 eos

226 522 276 538 non
289 513 384 538 «Ietinis
398 521 484 547 neque
496 514 626 542 nominas.
640 518 669 539 ut
679 513 772 539 saltem
784 513 932 540 deliberare
944 514 1020 548 plebs

227 551 340 576 nomana
354 550 521 584 pos-simum
533 551 637 576 intersit
648 559 705 581 sua,
714 551 780 585 quid
792 551 925 586 expediat,
934 560 1020 586 quan-

226 592 280 612 tum
295 587 341 612 tibi
355 588 380 613 in
393 588 513 613 emendis
525 589 588 614 etin
601 588 748 614 vendendis
761 589 841 614 rebus
851 590 1020 615 committen—

225 624 289 650 dum
302 624 395 658 putet‘?
406 625 514 655 Delinio,
528 626 624 660 inquit,
639 625 750 652 ltaliam.
772 626 843 652 Satis
854 631 923 652 certa
936 627 1017 661 regio.

225 661 329 687 Etenim
341 662 501 696 quantulum
514 663 631 693 interest,
646 668 734 689 utrum
749 664 774 689 in
787 664 893 690 Massici
906 664 1017 692 radices.

224 708 256 724 an
270 699 295 724 in
308 699 408 725 Italiam
422 700 507 725 aliove
518 700 708 726 deducamini?
727 702 768 727 67.
782 701 846 736 Age.
861 710 911 727 non
923 701 1019 727 definis

226 736 322 762 locum.
349 736 438 769 Quid?
449 742 568 763 naturam
581 737 655 771 agri‘?
669 738 1019 773 Vero,inquit.0u1nn1

224 782 278 799 Aur
291 782 357 800 com
373 783 479 800 rossir.
511 775 561 806 Qui
579 776 663 809 possit
678 776 760 806 arari,
778 776 878 811 inquit,
897 775 1017 802 autcoli:

224 819 275 837 non
287 811 334 846 qui
346 816 435 837 aratus
447 816 492 838 aut
502 812 592 838 cultus
603 814 647 838 sit.
679 813 772 839 Utrum
786 813 848 839 liaec
862 813 903 840 lex
914 818 968 843 est,
985 822 1018 839 an

224 848 314 874 tabula
330 849 484 875 Neratianae
499 849 648 876 auctionis?
668 850 693 876 in
715 859 766 885 qua
783 851 912 885 scriptum
936 850 1019 876 fuisse

223 886 311 912 aiunt:
335 895 446 913 lucenti
464 895 559 918 cc,1i‹
577 896 682 918 ovinus
700 897 849 915 otivnruu
869 897 950 914 sinui
970 897 1019 914 ro-

223 932 436 950 thsr:1uGzttA
453 933 519 955 ccc,
540 934 586 951 vai
606 934 733 952 iusrirm
752 934 863 952 vinni:
883 934 1017 952 rossan.

206 970 211 977 ·
223 960 277 987 Hoc
289 964 316 986 tu
329 969 400 987 emes
413 962 461 987 ista
474 961 663 988 innumerabili
677 963 798 996 pecunia,
811 963 883 998 quod
895 963 961 989 arari
974 967 1019 988 aut

223 997 273 1024 coli
286 997 388 1032 possit‘?
398 998 474 1031 Quod
484 999 571 1025 solum
584 1004 635 1025 tam
646 999 716 1026 exile
725 1005 750 1026 et
761 1009 879 1027 macrum
890 1005 938 1031 est,
947 1000 1018 1035 quod

223 1040 308 1062 aratro
324 1037 468 1071 perstringi
485 1046 536 1063 non
554 1036 656 1071 possit?
671 1042 716 1063 aut
731 1038 802 1073 quod
819 1043 858 1064 est
875 1043 926 1064 tam
942 1046 1020 1072 aspe-

224 1081 282 1099 rum
298 1077 434 1104 saxetum,
452 1074 480 1100 in
495 1083 550 1109 quo
565 1074 739 1109 agricolarum
756 1075 846 1102 cultus
863 1084 913 1102 non
929 1075 1020 1102 elabo-

223 1109 280 1136 ret‘?
291 1110 398 1142 Idcirco,
413 1111 508 1146 inquit,
523 1121 599 1147 agros
612 1113 747 1139 nominare
759 1121 810 1139 non
823 1122 942 1148 possum,
955 1113 1018 1148 quia

222 1152 329 1184 tangam
342 1148 446 1174 nullum
459 1149 491 1175 ab
503 1150 595 1175 invito.
613 1150 665 1176 Hoc
675 1158 783 1185 quoque
794 1151 879 1177 multo
889 1155 1020 1185 estquat.h

222 1186 357 1216 stuosius,
373 1194 455 1220 quam
471 1187 494 1212 si
510 1187 543 1213 ab
559 1187 644 1213 invito
659 1193 785 1214 sumeret.
818 1188 931 1214 inibitur
946 1188 1018 1214 enim

222 1223 288 1249 ratio
299 1228 428 1258 quaestus
440 1224 472 1250 de
483 1229 570 1250 vestra
583 1225 710 1259 pecunia:
724 1230 749 1252 et
761 1230 817 1252 tum
829 1225 946 1261 denique
957 1234 1019 1261 ager

222 1265 334 1290 emetur,
347 1269 432 1295 quum
445 1262 515 1287 idem
527 1262 650 1296 expediet
661 1264 774 1297 emptori
785 1267 811 1289 et
822 1263 962 1290 venditori.

277 1297 375 1324 XXVI.
393 1300 434 1324 68.
458 1299 510 1325 Sed
526 1300 614 1326 videte
630 1300 684 1326 vim
703 1300 771 1335 legis
787 1301 914 1336 agrariae.
945 1301 984 1326 Ne
1000 1300 1018 1327 ii

221 1335 346 1370 quidem,
369 1336 416 1370 qui
432 1345 508 1371 agros
525 1337 647 1371 publicos
662 1338 815 1372 possident,
837 1338 966 1364 decedent
985 1338 1018 1364 de

222 1373 405 1407 possessione.
428 1374 481 1400 nisi
496 1379 574 1400 erunt
589 1374 696 1401 deducti
712 1376 812 1410 optima
827 1375 978 1402 conditione
994 1380 1020 1402 et

222 1410 334 1444 pecunia
346 1411 472 1437 maxima.
495 1412 627 1438 Conversa
638 1413 714 1439 ratio.
736 1413 828 1444 Antea,
841 1422 927 1448 quum
939 1417 994 1439 erat
1004 1421 1018 1439 a

221 1447 329 1474 tribuno
344 1447 431 1482 plebis
448 1450 547 1475 mentio
563 1449 630 1485 legis
645 1450 762 1485 agrariae
778 1450 858 1482 facta,
880 1451 1016 1482 continuo,

220 1485 267 1519 qui
284 1494 361 1520 agros
373 1485 496 1520 publicos
508 1491 553 1513 aut
564 1488 611 1522 qui
623 1488 808 1521 possessiones
819 1488 968 1515 invidiosas
980 1492 1019 1514 te-
1046 1519 1047 1527 ἵ

221 1522 327 1553 nebant,
345 1523 577 1557 pertimescebant.
608 1525 677 1551 Haec
689 1525 732 1552 lex
742 1534 787 1552 eos
799 1526 923 1552 homines
935 1525 1019 1552 sortu-

221 1559 263 1586 nis
280 1559 436 1595 locupletat,
459 1561 561 1587 invidia
578 1561 681 1589 liberat.
717 1562 802 1595 Quam
818 1563 918 1590 multos
934 1563 1016 1594 enim,

219 1597 350 1629 Quirites,
367 1598 527 1625 existimatis
539 1607 611 1631 esse,
628 1600 676 1634 qui
689 1599 857 1627 latitudinem
868 1600 1020 1635 possessio-

221 1643 286 1661 num
303 1635 385 1666 tueri,
406 1637 454 1670 qui
470 1636 600 1662 invidiam
616 1636 788 1664 Sullanorum
805 1646 930 1674 agrorum
951 1637 1018 1664 ferre

221 1680 273 1698 non
289 1672 411 1706 possint?
425 1674 472 1708 qui
489 1673 603 1700 vendere
619 1674 737 1709 cupiant.
755 1680 901 1710 emptorem
913 1683 965 1701 non
977 1683 1018 1701 re-

220 1709 342 1744 periant?
361 1710 471 1744 perdere
486 1711 538 1737 iam
555 1711 673 1746 denique
688 1711 748 1738 illos
764 1721 841 1748 agros
857 1713 958 1739 ratione
969 1712 1019 1739 ali—

219 1755 274 1781 qua
288 1746 391 1773 velint‘?
410 1747 462 1780 Qui
477 1748 568 1782 paullo
578 1754 638 1775 ante
649 1749 721 1776 diem
733 1754 890 1786 noctemque
902 1751 1018 1777 tribuni—

220 1785 292 1810 cium
304 1792 400 1811 nomen
411 1784 562 1818 horrebant,
572 1790 686 1813 vestram
699 1787 753 1813 vim
764 1788 928 1819 metuebant,
941 1796 1018 1814 men-

221 1821 319 1848 tionem
335 1821 402 1857 legis
418 1823 534 1858 agrariae
551 1824 787 1858 pertimescebant:
810 1826 828 1852 ii
845 1834 917 1852 nunc
937 1826 1016 1851 etiam

221 1858 290 1885 ultro
301 1859 466 1894 rogabuntur
476 1865 555 1895 atque
566 1861 722 1893 orabuntur,
731 1866 760 1888 ut
771 1871 847 1898 agros
858 1863 954 1898 partim
967 1871 1015 1897 pu-

220 1895 314 1927 blicos,
328 1897 423 1930 partim
435 1897 529 1932 plenos
541 1899 670 1930 invidiae,
684 1899 777 1934 plenos
789 1900 910 1935 periculi,
923 1900 1016 1935 quanti
1045 1911 1047 1926 ε

220 1933 273 1968 ipsi
284 1933 376 1965 velint,
390 1934 550 1961 decemviris
562 1936 674 1962 tradant.
697 1937 784 1971 Atque
795 1938 845 1964 hoc
855 1946 962 1964 carmen
974 1937 1017 1963 hic

220 1970 346 1997 tribunus
361 1971 449 2006 plebis
464 1981 517 1999 non
533 1973 624 2003 vobis,
642 1974 690 2000 sed
705 1975 758 2001 sibi
770 1975 842 2001 intus
853 1975 932 2001 canit.
973 1976 1015 2001 69.

219 2008 303 2034 Habet
313 2017 449 2040 socerum,
467 2010 555 2036 virum
567 2011 713 2045 optimum,
731 2012 779 2047 qui
795 2016 899 2038 tantum
915 2013 972 2048 agri
989 2013 1016 2038 in

218 2045 274 2072 illis
290 2045 453 2080 reipublicae
469 2048 586 2074 tenebris
601 2049 754 2083 occupavit,
772 2054 903 2084 qnantum
919 2058 1018 2076 concu-

220 2083 297 2117 pivit.
327 2083 395 2110 Iiuic
406 2084 550 2111 subvenire
562 2085 621 2112 vult
631 2086 818 2113 succumbenti
829 2088 892 2118 iam,
905 2095 1018 2122 oppres-

219 2128 261 2150 so,
275 2119 394 2147 Sullanis
405 2122 532 2148 oneribus
543 2123 632 2158 gravi,
649 2131 698 2149 sua
711 2123 781 2160 lege,
794 2129 825 2150 ut
836 2124 913 2151 liceat
923 2124 963 2150 illi
975 2125 1017 2151 in-

219 2157 319 2184 vidiam
331 2158 472 2193 deponere,
486 2161 627 2194 pecuniam
638 2160 759 2187 condere.
799 2161 832 2188 Et
844 2170 890 2188 vos
901 2171 954 2188 non
965 2162 1017 2188 du-

219 2194 323 2226 bitatis,
341 2197 408 2231 quin
419 2196 558 2232 vectigalia
570 2202 657 2224 vestra
674 2198 808 2230 vendatis,
827 2199 945 2234 plurimo
960 2208 1016 2225 ma-

218 2232 306 2259 iorum
319 2237 467 2260 vestrorum
478 2235 610 2270 sanguine
621 2240 646 2261 et
657 2235 755 2262 sudore
765 2237 896 2271 quaesita,
913 2241 942 2263 ut
954 2236 1017 2263 Sul-
1044 2239 1046 2245 ¹

221 2269 293 2296 Ianos
304 2279 472 2305 possessores
483 2271 586 2299 divitiis
598 2273 731 2308 augeatis,
749 2274 869 2308 periculo
881 2274 1017 2301 liberetis?

218 2307 261 2333 70.
278 2308 344 2333 Nam
356 2308 389 2334 ad
400 2308 468 2335 hanc
479 2310 642 2344 emptionem
653 2310 859 2338 decemviralem
870 2311 924 2338 duo
934 2320 1016 2347 gene-

219 2352 246 2370 ra
257 2353 382 2380 agrorum
393 2351 526 2381 spectant,
540 2347 669 2379 Quirites.
699 2348 800 2375 Eorum
811 2357 897 2375 unum
909 2353 1016 2384 propter

218 2381 349 2408 invidiam
360 2382 463 2410 domini
475 2383 591 2420 fugiunt,
608 2384 722 2411 alterum
734 2390 842 2421 propter
852 2387 1014 2413 vastitatem.

219 2417 348 2445 Sullanus
359 2428 434 2456 ager,
451 2430 465 2447 a
476 2422 555 2448 certis
566 2422 723 2449 hominibus
735 2423 865 2450 latissime
875 2424 1016 2451 continua-

219 2458 276 2486 tus,
293 2460 392 2483 tantam
404 2458 484 2484 habet
495 2459 639 2490 invidiam,
658 2464 688 2486 ut
703 2461 759 2487 veri
775 2469 805 2487 ac
820 2460 896 2487 fortis
912 2461 1014 2488 tribuni

219 2491 306 2534 plebis
317 2494 457 2521 stridorem
468 2505 552 2522 unum
565 2496 681 2531 perferre
691 2506 744 2524 non
759 2499 854 2532 possit.
894 2499 943 2525 Hic
953 2507 1015 2534 ager

219 2537 320 2560 omnis,
338 2539 446 2566 quoquo
461 2534 546 2567 pretio
560 2538 700 2569 coemptus
720 2535 783 2566 erit,
807 2540 896 2562 tamen
911 2536 1013 2572 ingenti

220 2567 332 2600 pecunia
352 2568 429 2594 vobis
448 2570 599 2597 inducetur.
640 2571 760 2598 Alterum
775 2581 862 2608 genus
877 2581 1012 2609 agrorum.

220 2607 326 2637 propter
346 2605 510 2632 sterilitatem
531 2608 678 2640 incultum,
705 2614 813 2644 propter
833 2610 1012 2644 pestilentiam

219 2644 325 2666 vastum
337 2645 416 2676 atque
427 2642 575 2675 desertum.
593 2650 696 2672 emetur
707 2646 740 2672 ab
750 2647 794 2678 iis,
807 2648 855 2682 qui
865 2655 911 2674 eos
922 2647 1014 2673 vident

219 2677 272 2703 sibi
283 2686 351 2709 esse,
363 2679 386 2705 si
399 2687 451 2706 non
461 2681 639 2713 vendiderint,
656 2682 857 2718 relinquendos.
888 2684 923 2711 Et
932 2685 1014 2711 nimi-

945 146 975 172 Τ.
1010 145 1287 173 CICERONIS

1072 225 1130 243 rum
1147 216 1219 243 intud
1234 221 1288 247 eat,
1301 216 1373 252 quod
1389 217 1423 243 ab
1434 217 1483 244 hoc
1495 218 1602 245 tribuno
1613 218 1700 253 plebis
1711 218 1814 246 dietum
1825 223 1866 247 ent

1072 255 1098 280 in
1110 258 1218 280 senatu:
1232 254 1360 280 urbanam
1374 254 1478 289 plebem
1490 256 1603 282 nimium
1617 257 1642 282 in
1655 256 1791 291 republica
1804 265 1866 291 poa·-

1072 299 1114 316 se:
1127 293 1331 317 exhauriendam
1342 300 1407 317 cue:
1420 292 1469 318 hoc
1479 293 1550 319 enim
1563 294 1643 319 verbo
1654 299 1694 319 est
1705 302 1785 324 usus,
1798 302 1866 329 qu·-

1072 328 1094 354 si
1106 328 1139 353 de
1150 328 1239 363 aliqua
1251 328 1367 358 sentina,
1385 337 1415 354 ac
1426 338 1477 355 non
1488 329 1522 355 de
1531 331 1693 364 optimorum
1704 331 1806 357 civium
1818 339 1867 366 go-

1073 374 1134 391 nere
1146 364 1307 400 loqueretur.
1330 366 1437 392 XXVII.
1449 367 1491 392 Ἡ,
1505 367 1555 393 Vos
1568 376 1637 398 vero.
1649 369 1775 400 Quirites.
1789 369 1812 395 ni
1824 376 1867 396 me

1073 403 1165 428 audire
1178 403 1269 433 vultis,
1288 404 1397 429 retinete
1409 404 1485 430 istam
1499 406 1693 439 possessionem
1725 406 1814 436 ratiae,
1833 405 1866 432 ti-

1073 440 1190 470 bertatis,
1209 441 1411 475 suffragiorum.
1428 440 1580 477 dignitatis.
1598 442 1689 473 Urbis,
1718 443 1771 472 ori.
1790 442 1867 470 ludo-

1073 486 1141 508 rum,
1156 477 1283 504 festorum
1295 478 1410 507 dierum,
1423 483 1570 505 ceterorum
1582 480 1702 506 omnium
1713 479 1867 507 commodo-

1073 523 1146 541 rum:
1169 516 1220 541 nisi
1238 515 1302 541 sorte
1314 516 1454 546 mavultis,
1472 515 1571 542 relictis
1583 516 1624 542 his
1636 517 1716 543 rebus
1727 522 1806 552 atque
1819 517 1867 544 hac

1074 552 1131 578 luce
1147 553 1324 587 reipublicae,
1343 554 1368 579 in
1381 554 1518 587 Sipontina
1534 554 1653 580 siccitate
1667 559 1713 580 aut
1723 555 1750 581 in
1761 554 1867 590 Salapi-

1072 598 1166 616 norum
1179 590 1344 625 pestilentiae
1356 590 1465 620 linibus,
1479 590 1557 617 nuno
1567 591 1644 621 duce,
1661 591 1793 618 collocari.
1833 593 1867 619 Αι

1071 627 1154 657 dicat,
1171 636 1240 662 quos
1256 636 1334 663 agros
1349 633 1489 663 empturus
1505 629 1554 654 eit:
1571 628 1705 659 ostendat,
1723 633 1749 655 et
1763 629 1830 664 quid
1841 634 1867 655 et

1071 665 1172 699 quibus
1191 664 1304 691 daturus
1324 666 1368 691 sit.
1405 666 1437 692 Ut
1458 674 1533 695 vero.
1554 674 1640 701 quum
1661 674 1754 693 omnes
1775 666 1864 697 urbes.

1070 710 1157 737 agros,
1176 702 1329 737 vectigalia,
1347 711 1426 738 regna
1443 703 1605 734 vendiderit,
1623 708 1679 730 turn
1695 712 1801 730 arenam
1817 703 1867 730 ali-

1070 748 1151 774 quam
1163 745 1208 765 aut
1220 739 1332 774 paludes
1343 745 1427 766 emat:
1449 740 1476 767 id
1489 749 1536 766 vos
1547 742 1669 775 potestis,
1681 749 1790 777 quaeso,
1803 749 1867 768 oon-

1070 776 1182 803 cedere‘?
1201 778 1370 812 Quamquam
1383 777 1450 803 illud
1462 783 1502 804 est
1512 779 1651 814 egregium
1660 799 1666 808 ,
1683 778 1756 814 quod
1769 778 1817 805 hac
1829 778 1863 805 I&

1069 823 1102 850 ge
1113 819 1172 841 ante
1183 815 1271 841 omnia
1285 820 1409 844 veneunt,
1418 820 1477 841 ante
1489 817 1617 850 pecuniae
1627 821 1761 852 coguntur
1770 820 1797 842 et
1805 823 1867 842 ooa-

1069 856 1224 882 cervantur.
1240 861 1321 887 quam
1338 852 1415 888 gleba
1432 861 1483 878 una
1499 857 1611 879 ematur.
1643 853 1742 879 Deinde
1756 854 1808 880 emi
1824 853 1868 880 iu·

1071 889 1128 915 bet:
1142 889 1175 915 ab
1188 890 1272 915 invito
1284 894 1362 915 vetat.
1383 891 1427 916 72.
1439 890 1551 922 Quaero,
1565 891 1598 920 si.
1611 891 1658 925 qui
1671 891 1755 917 velint
1767 890 1867 917 vende-

1071 935 1111 957 re.
1129 936 1180 953 non
1197 927 1309 958 tuerint,
1326 927 1392 962 quid
1409 928 1537 962 pecuniae
1553 927 1614 954 fiet?
1635 927 1741 954 Referre
1755 928 1783 954 in
1793 936 1867 954 aera-

1047 966 1049 998 ζ
1071 964 1140 990 rium
1167 964 1209 991 lex
1235 969 1318 991 vetat:
1346 965 1418 1000 exigi
1444 965 1575 1000 prohibet.
1616 965 1701 1000 Igitur
1724 966 1866 1000 pecuniam

1047 1008 1049 1033 ¹,
1070 1010 1175 1028 omnem
1192 1002 1335 1028 decemviri
1353 1002 1494 1028 tenebunt:
1517 1003 1592 1029 vobis
1608 1011 1671 1038 ager
1685 1011 1736 1029 non
1752 1007 1866 1029 emetur.

1047 1066 1049 1072 ,
1071 1039 1253 1074 Vectigalibus
1264 1039 1430 1069 abalienatis,
1443 1041 1524 1066 sociis
1536 1041 1652 1070 vexatis,
1665 1040 1775 1075 regibus
1786 1045 1867 1075 atque

1047 1077 1049 1085 ⁸
1070 1077 1197 1103 omnibus
1207 1077 1334 1113 gentibus
1346 1078 1503 1107 exinanitis,
1521 1077 1561 1104 illi
1578 1078 1705 1112 pecunias
1718 1077 1865 1108 habebunt.

1071 1123 1118 1140 vos
1129 1123 1206 1150 agros
1219 1123 1270 1141 non
1283 1114 1425 1140 habebitis.
1467 1114 1566 1145 Facile,
1585 1115 1682 1150 inquit,
1700 1115 1867 1142 adducentur

1070 1152 1198 1186 pecuniae
1210 1151 1404 1187 magnitudine,
1418 1156 1447 1178 ut
1458 1152 1541 1178 velint
1553 1152 1676 1178 vendere.
1702 1152 1772 1188 Ergo
1781 1161 1811 1179 ea
1824 1152 1866 1179 Iex

1046 1198 1049 1219 ;
1070 1193 1123 1220 est,
1139 1197 1193 1224 qua
1209 1194 1296 1215 nostra
1314 1189 1476 1220 vendamus,
1497 1190 1591 1224 quanti
1608 1190 1758 1224 possimus:
1780 1189 1865 1216 aliena

1046 1223 1049 1253 l
1069 1235 1201 1258 emamus,
1215 1227 1308 1262 quanti
1320 1235 1488 1262 possessores
1501 1227 1593 1253 velint.
1623 1228 1666 1253 73.
1679 1228 1767 1262 Atque
1778 1228 1804 1254 in
1817 1227 1866 1254 hos

1070 1273 1162 1299 agros,
1175 1265 1222 1299 qui
1236 1265 1283 1291 hac
1296 1264 1353 1300 lege
1363 1265 1446 1299 empti
1458 1265 1526 1296 sint,
1543 1264 1660 1291 colonias
1671 1264 1704 1291 ab
1716 1265 1749 1291 ils
1759 1264 1867 1292 decem-

1070 1303 1136 1328 viris
1147 1301 1244 1328 deduci
1255 1301 1348 1328 iubet?

1125 1338 1215 1371 Quid?
1229 1340 1352 1366 omnisne
1368 1338 1501 1365 eiusmodi
1514 1338 1587 1365 locus
1599 1344 1647 1369 est,
1665 1343 1695 1365 ut
1706 1338 1773 1365 nihil
1784 1339 1867 1366 inter-

1070 1377 1104 1403 sit
1116 1376 1288 1412 reipublicae,
1306 1377 1408 1403 colonia
1419 1376 1566 1403 deducatur
1577 1377 1603 1403 in
1615 1385 1677 1403 eum
1690 1376 1787 1407 Iocum,
1804 1384 1867 1403 neo—

1069 1413 1121 1440 ne‘?
1140 1415 1180 1441 An
1193 1419 1232 1441 est
1245 1414 1331 1445 locus,
1353 1415 1401 1449 qui
1411 1414 1542 1440 coloniam
1554 1414 1669 1449 postulet
1679 1418 1725 1440 aut
1737 1413 1814 1449 plane
1824 1422 1867 1441 re-

1069 1451 1163 1478 cuset‘?
1177 1451 1236 1484 Quo
1248 1453 1275 1478 in
1286 1460 1392 1487 genere,
1406 1452 1475 1478 sicut
1486 1452 1513 1478 in
1524 1451 1619 1478 ceteris
1630 1451 1794 1486 reipublicae
1805 1459 1867 1486 pan-

1070 1489 1156 1521 tibus,
1175 1494 1215 1515 est
1225 1498 1320 1524 operae
1332 1489 1448 1524 pretium
1459 1488 1625 1525 diligentiam
1638 1489 1768 1515 maiorum
1780 1497 1868 1516 recob-

1070 1526 1142 1554 dari:
1163 1527 1212 1562 qui
1223 1527 1341 1553 colonias
1352 1527 1391 1553 sic
1402 1526 1506 1553 idoneis
1518 1527 1544 1553 in
1557 1526 1621 1553 locis
1631 1531 1721 1553 contra
1732 1526 1867 1561 suspicio-

1070 1573 1131 1590 nem
1148 1564 1261 1599 periculi
1276 1563 1452 1594 collocarunt,
1470 1569 1499 1590 ut
1514 1572 1573 1590 esse
1590 1573 1641 1590 non
1656 1563 1753 1598 oppida
1765 1563 1863 1595 Italiae,

1070 1601 1117 1628 sed
1133 1601 1334 1637 propugnacula
1349 1602 1456 1636 imperii
1477 1601 1641 1627 viderentur.
1682 1601 1713 1627 Hi
1732 1601 1866 1628 deducent

1069 1638 1187 1665 colonias
1198 1640 1225 1665 in
1237 1647 1282 1665 eos
1293 1647 1384 1674 agros,
1402 1647 1471 1673 quos
1482 1638 1604 1664 emerint.
1644 1639 1687 1664 74.
1703 1638 1826 1665 Etiamne
1841 1639 1865 1665 si

1069 1676 1234 1711 reipublicae
1255 1684 1307 1702 non
1327 1675 1470 1710 expediat?
1490 1684 1523 1702 er
1541 1684 1569 1702 ix
1586 1684 1663 1706 ome
1682 1684 1755 1702 ιοεΑ
1771 1684 1866 1702 nn-

1069 1722 1164 1740 reiu-:A
1179 1722 1350 1740 vinnium.
1381 1712 1451 1745 Quid
1463 1713 1546 1748 igitur
1556 1718 1596 1739 est
1606 1720 1725 1743 caussae,
1743 1713 1810 1748 quin
1820 1721 1866 1740 co-

1070 1751 1167 1778 loniam
1179 1751 1207 1778 in
1219 1750 1368 1778 Ianiculum
1380 1751 1483 1786 possint
1493 1749 1625 1777 deducere
1635 1755 1661 1776 et
1671 1758 1752 1776 suum
1764 1750 1866 1785 praesi-

1068 1788 1144 1815 dium
1161 1789 1187 1815 in
1199 1789 1286 1824 capite
1297 1794 1377 1824 atque
1387 1788 1539 1815 cervicibus
1552 1788 1647 1814 vestris
1657 1787 1805 1814 collocare?
1824 1787 1864 1814 Tu

1069 1835 1121 1852 non
1132 1826 1258 1857 definias,
1272 1830 1337 1861 quot
1348 1825 1478 1856 colonias,
1492 1825 1519 1852 in
1529 1833 1599 1861 quae
1611 1825 1674 1855 loca,
1687 1833 1742 1860 quo
1753 1833 1866 1852 numero

1068 1863 1222 1890 colonorum
1233 1863 1331 1890 deduci
1343 1862 1429 1889 velis?
1439 1868 1467 1889 tu
1479 1871 1593 1898 occupes
1605 1862 1702 1893 locum,
1714 1871 1796 1898 quem
1807 1861 1866 1889 ido-

1069 1909 1149 1927 neum
1161 1901 1194 1927 ad
1206 1901 1261 1927 vim
1273 1905 1346 1927 tuam
1357 1899 1504 1927 iudicaris?
1522 1899 1658 1935 compleas
1669 1907 1789 1931 nurnero,
1801 1907 1865 1926 oon-

1069 1938 1158 1965 tirmes
1170 1939 1316 1973 praesidio,
1332 1946 1388 1973 quo
1398 1937 1484 1964 velis?
1499 1937 1592 1973 populi
1603 1937 1714 1963 Romani
1726 1936 1866 1973 vectigali—

1069 1976 1120 2002 bus
1136 1980 1215 2011 atque
1229 1976 1356 2002 omnibus
1371 1975 1456 2010 copiis
1471 1976 1561 2010 ipsum
1573 1974 1704 2010 populum
1715 1974 1865 2001 Romanum

1067 2021 1202 2044 coerceas,
1224 2013 1376 2048 opprimas.
1398 2012 1505 2047 redigas
1522 2013 1548 2039 in
1565 2013 1644 2038 istam
1659 2010 1865 2039 decemviralem

1045 2046 1047 2062 ἶ
1068 2051 1197 2077 ditionem
1212 2059 1242 2077 ac
1257 2049 1434 2085 potestatem?
1457 2050 1576 2076 XXVIII.
1591 2050 1635 2076 75.
1657 2049 1691 2076 Ut
1705 2057 1768 2076 vero
1783 2053 1865 2076 totam

1068 2088 1170 2114 Italiam
1186 2088 1244 2114 suis
1259 2088 1402 2123 praesidiis
1415 2087 1540 2114 obsidere
1553 2091 1634 2122 atque
1647 2094 1778 2121 occupare
1791 2086 1866 2122 eogi-

1068 2130 1114 2156 tet,
1126 2134 1235 2161 quaeso,
1248 2125 1375 2158 Quirites,
1388 2125 1548 2160 cognoscite.
1589 2124 1719 2151 Permittit
1729 2123 1866 2150 decemvi-

1045 2168 1047 2182 ¹
1068 2164 1119 2193 ris,
1137 2168 1167 2189 ut
1182 2163 1209 2189 in
1220 2163 1309 2189 omnia
1321 2163 1481 2197 municipia,
1498 2162 1526 2188 in
1541 2169 1635 2189 omnes
1649 2160 1768 2188 colonias
1782 2160 1864 2187 totius

1044 2198 1047 2236 ᾗ
1067 2200 1158 2227 Italiae
1168 2200 1275 2227 colonos
1291 2200 1437 2231 deducant,
1455 2207 1523 2234 quos
1538 2198 1636 2225 velint:
1658 2199 1748 2234 iisque
1761 2197 1864 2225 colonis

1067 2247 1162 2273 agrum
1173 2238 1230 2264 dari
1241 2238 1326 2264 iubet.
1366 2238 1437 2263 Num
1447 2237 1561 2263 obscure
1571 2236 1684 2262 maiores
1695 2244 1768 2271 opes,
1781 2243 1863 2270 quam

1069 2275 1177 2302 libertas
1193 2279 1282 2302 vestra
1297 2275 1352 2310 pati
1366 2278 1466 2309 potest,
1483 2278 1509 2300 et
1523 2274 1622 2300 maiora
1637 2273 1770 2308 praesidia
1780 2280 1864 2308 quae-

1068 2312 1183 2339 runtur?
1201 2321 1267 2339 num
1277 2313 1391 2339 obscure
1402 2320 1515 2347 regnum
1525 2309 1715 2338 constituitur?
1734 2318 1800 2337 num
1815 2309 1864 2336 ob—
1900 2327 1903 2335 ι

1068 2358 1145 2376 scure
1170 2349 1280 2376 libertas
1303 2353 1393 2376 vestra
1419 2348 1539 2375 tollitur?
1567 2349 1647 2378 Nam,
1673 2356 1759 2382 quum
1780 2346 1862 2373 iidem

1066 2396 1173 2414 omnem
1190 2387 1347 2422 pecuniam,
1369 2387 1514 2413 maximam
1529 2384 1745 2416 multitudinem,
1767 2384 1796 2410 id
1810 2388 1860 2415 est,

1042 2430 1045 2450 ί
1067 2429 1147 2451 totam
1159 2424 1270 2456 Italiam,
1283 2425 1341 2451 suis
1352 2424 1451 2459 opibus
1461 2422 1636 2453 obsidebunt,
1653 2422 1736 2448 iidem
1745 2426 1862 2448 vestram

1040 2451 1045 2712 l
1067 2461 1215 2489 libertatem
1227 2463 1285 2489 suis
1296 2461 1439 2496 praesidiis
1449 2464 1476 2486 et
1485 2459 1596 2486 coloniis
1607 2459 1778 2486 interclusam
1788 2463 1864 2485 tene—

1065 2499 1147 2526 bunt:
1169 2508 1238 2535 quae
1249 2507 1312 2534 spes
1324 2498 1444 2529 tandem,
1461 2505 1531 2532 quae
1542 2496 1654 2523 facultas
1665 2495 1862 2531 recuperandae

1065 2541 1170 2563 vestrae
1181 2537 1311 2563 libertatis
1322 2533 1508 2570 relinquetur?

1120 2575 1164 2600 76.
1186 2574 1220 2600 At
1233 2574 1306 2600 enim
1321 2581 1385 2608 ager
1400 2572 1553 2606 Campanus
1568 2570 1618 2597 hac
1635 2570 1693 2606 lege
1713 2569 1859 2601 dividetur,

1065 2610 1138 2637 orbis
1149 2615 1232 2637 terrae
1243 2610 1456 2646 pulcherrimus:
1467 2613 1493 2635 et
1503 2608 1620 2643 Capuam
1632 2607 1734 2634 colonia
1745 2606 1862 2649 deduce-

1065 2652 1116 2678 tur,
1129 2647 1225 2674 urbem
1237 2647 1432 2682 amplissimam
1443 2650 1523 2681 atque
1532 2645 1741 2672 ornatissimam.
1778 2644 1859 2679 Atqui

1064 2684 1132 2720 quid
1146 2684 1180 2711 ad
1195 2684 1260 2711 haec
1274 2691 1422 2720 possumus
1437 2682 1544 2710 dicere?
1561 2683 1599 2709 De
1611 2681 1752 2709 commodo
1771 2685 1861 2707 vestro
