1941 3052
220 128 281 152 Ηίῖὲ
782 123 836 146 123.
869 120 902 145 M.
937 119 967 145 Τ,

271 196 365 223 Nux.
391 197 444 220 l0l.
466 194 538 225 Qun«-
559 201 642 227 quun·
665 191 708 217 ille
728 191 855 220 dixisset,
878 195 933 216 tum
954 197 1004 224 ego

217 243 322 262 rursu-4,
340 233 417 267 ‹pinsi
430 232 462 256 ul»
474 231 524 255 ulio
537 230 681 264 principio,
699 238 759 254 num
776 236 888 254 exoratis
903 226 1002 252 (licere.

216 271 272 297 Nou
290 271 393 303 ignoro,
412 270 533 302 inquunt,
549 267 659 298 Quinto,
678 271 701 291 te
713 274 818 300 semper
831 266 863 290 ita
875 264 1002 292 sensisse,
1033 286 1035 295 ,

217 313 244 334 ut
255 308 288 333 «lv
299 308 391 332 ceu-ris
403 304 542 331 divin-nuli
554 303 700 336 generibus
711 303 860 332 ‹lul›itar‹·s;
880 302 927 327 ista
939 300 1002 330 «luo,

216 344 312 370 furoris
324 349 347 369 ct
360 343 469 370 mannii,
489 350 556 375 qun<-
568 350 580 365 a
595 340 676 365 lilwrn
689 345 774 365 int-nte
787 338 866 365 liuere
881 338 1004 364 viilereu-
1033 355 1035 364 ,

217 387 271 412 tur,
295 381 428 415 prolum-s.
471 379 558 403 mmm·
578 378 672 409 igitur,
694 377 727 402 de
745 377 802 402 istis
819 375 1003 410 ipsisiluobus

215 418 359 453 generibus
373 416 437 441 milii
450 415 515 449 quid
529 415 661 443 videntur,
678 415 700 439 si
714 414 802 448 prius.
816 419 842 439 vt
853 413 1002 439 Stoicorum

214 455 350 481 conclusio
367 453 474 479 rationis
490 457 515 478 ct
531 452 649 486 Cratippi
666 452 746 477 nostri
763 450 828 485 quid
843 450 940 479 valeat,
965 450 1004 475 vi-

214 492 286 518 «toro.
329 491 422 516 Dixisti
440 490 525 518 enirn,
543 494 567 514 et
582 489 763 524 Chrysippum
780 492 804 513 et
821 489 964 521 Diogenem
980 492 1005 512 et

214 529 381 563 Antipatrum
397 527 554 552 concludere
571 526 618 552 lioc
635 526 726 552 modo:
750 525 795 551 »Si
812 530 874 551 sunt
887 525 939 554 dii.
958 533 1005 550 nc-

213 575 265 601 quc
277 570 335 591 ante
347 564 480 590 declarant
498 563 665 593 hominibus,
683 571 750 597 quac
768 562 855 588 sutura
871 563 937 593 sint;
960 566 1005 587 ant

214 613 264 629 non
277 602 392 637 diliguni
407 601 542 627 homines:
556 606 609 630 aut,
622 600 688 634 quid
700 604 859 625 eventurum
871 600 914 629 sit.
929 599 1005 633 igno-

214 645 283 666 rant:
307 639 515 665 uutcxistiinant
528 638 594 664 niliil
609 638 735 663 interesse
752 637 906 667 bominum,
924 636 1002 665 scire,

213 677 278 712 quid
294 677 329 702 sit
345 675 478 702 futurum:
497 680 540 701 aut
555 684 605 701 non
617 679 794 700 censentesse
806 683 870 700 suae
881 674 1004 700 maiesta-

214 716 260 745 tis,
278 713 492 748 praesignitis-are
511 712 680 742 bominibus,
697 720 765 746 quae
777 711 943 738 sintl'utura:
960 715 1005 736 aut

213 760 242 778 ca
259 760 290 777 ne
308 751 358 785 ipsi
374 750 483 785 quidem
501 749 538 775 «tii
557 750 708 783 significare
729 753 849 783 possunt.
893 750 948 774 ⁴02.
973 749 1005 774 At

213 797 300 823 neque
312 797 362 814 non
374 787 491 822 diligunt
503 796 562 818 nos;
577 791 639 812 sunt
650 787 721 812 enim
734 786 846 812 benefici
857 786 1004 821 generique

213 825 352 852 hominum
365 825 458 851 amici:
473 833 558 859 neque
571 825 735 859 ignorantcu.
744 823 852 858 quaeal)
865 824 931 857 ipsis
941 831 1005 849 eon-
1033 843 1034 846 ,

213 864 303 889 stituta
320 868 344 888 et
358 861 495 895 designata
511 866 586 887 sunt:
605 870 690 895 neque
707 865 793 887 nostra
810 860 876 886 nihil
896 861 1005 886 interest

213 901 281 925 scire
293 908 321 925 ea
331 920 336 929 ,
354 908 422 934 quae
436 899 522 924 futuru
534 899 601 929 sinn
623 899 724 924 crimus
735 898 806 924 enirn
818 898 949 923 cautiores
958 918 963 928 ,
980 897 1003 923 si

213 938 344 963 sciemus:
367 945 453 971 neque
471 936 518 961 boc
534 935 651 961 alienum
667 935 769 961 ducunt
784 936 919 961 maiestate
940 943 1001 966 §unq
1034 955 1035 961 ,
1077 967 1080 971 .

1033 968 1035 975 “
1055 967 1230 994 divinationis
1241 973 1354 999 exstare,
1363 973 1448 1003 potest
1459 974 1557 999 autem.
1573 977 1658 1003 quum
1670 967 1732 1003 quis
1743 967 1851 994 divina-

214 974 280 1000 niliil
297 978 336 1000 est
352 974 423 999 enim
442 973 613 999 henoticonzia
629 973 820 1007 praestantius:
844 980 931 1006 neque
953 980 1003 998 non

213 1016 325 1046 pessunt
337 1010 423 1037 sutura
437 1018 619 1045 praenoscere.
660 1010 715 1035 Non
729 1010 810 1045 igitur
820 1009 858 1035 dii
870 1014 942 1038 sunt,
957 1018 1004 1035 nec

213 1048 366 1083 significant
382 1048 458 1074 nobis
475 1047 575 1073 futura:
594 1052 656 1073 sunt
670 1052 757 1073 autem
774 1047 826 1072 dii:
852 1046 1005 1081 significant

213 1094 285 1121 crgo.
325 1086 355 1111 Et
367 1094 427 1112 non.
441 1086 463 1110 si
475 1085 627 1119 significant
640 1083 740 1114 futura,
755 1083 841 1110 nullas
852 1083 915 1109 dant
928 1084 1004 1109 nobis

213 1123 270 1149 vius
282 1122 314 1148 ad
325 1122 549 1157 significationum
562 1122 715 1147 scientiam:
733 1121 828 1147 frustra
840 1121 911 1146 enim
919 1121 1005 1156 signi-
1034 1149 1035 1153 Ἰ

215 1161 335 1186 licarent:
360 1168 458 1194 neque.
476 1160 499 1184 si
515 1159 578 1185 ‹lant
596 1159 666 1187 vias,
686 1167 736 1184 non
747 1158 942 1184 estdivinatio:
965 1163 1005 1184 est

214 1198 296 1232 igitur
320 1197 478 1222 divinati0.«
522 1198 575 1222 ¹03.
601 1196 622 1221 Ο
643 1201 733 1221 acutos
758 1195 892 1221 homines!
922 1204 1003 1230 quam

213 1235 306 1269 paucis
318 1234 406 1259 verbis
419 1233 553 1268 negotium
565 1232 714 1258 confectum
727 1233 832 1267 putant!
846 1233 883 1258 Ea
893 1237 1004 1259 sumunt

212 1271 244 1297 ad
257 1270 480 1300 concludendum.
497 1279 611 1305 quorum
624 1270 657 1296 iis
669 1270 736 1296 nihil
748 1269 913 1296 conceditur.
935 1269 1005 1296 Con-

212 1309 298 1334 clusio
310 1312 396 1334 autem
409 1308 518 1334 rationis
529 1316 558 1333 ea
571 1307 706 1342 probanda
718 1312 766 1337 est.
776 1308 802 1333 in
815 1316 867 1342 qua
879 1316 912 1333 cx
924 1307 1004 1333 rebus

213 1354 263 1371 non
276 1345 367 1371 dubiis
378 1345 418 1375 id.
432 1344 503 1379 quod
515 1344 662 1375 dubitatur,
676 1344 799 1371 efficitur.

212 1383 367 1417 Epicurum.
376 1390 456 1417 quem
470 1381 591 1408 hebetem
604 1387 628 1408 et
639 1381 732 1408 rudem
745 1382 833 1408 dicere
844 1381 1005 1408 solentStoi-

211 1421 249 1450 ci,
267 1419 508 1454 quemadmodum.
526 1420 597 1454 quod
613 1420 638 1445 in
651 1424 743 1445 natura
755 1428 844 1445 rerum
855 1428 934 1445 omne
945 1428 1004 1446 esse

211 1457 341 1487 dicimus,
361 1457 386 1482 id
404 1456 538 1482 infinitum
553 1465 610 1482 esse
624 1455 803 1483 concluserit?
823 1457 895 1488 Quod
905 1459 1004 1489 finitum

211 1499 258 1524 est,
277 1494 377 1529 inquit,
394 1496 466 1520 habet
481 1499 630 1520 arira-mum.
671 1493 738 1526 Quis
754 1494 803 1520 hoc
818 1502 870 1520 non
884 1493 1006 1520 dederit?

214 1532 285 1563 Quod
295 1536 377 1558 anilem
389 1533 461 1557 imbec
472 1536 620 1561 wli-enimn,
635 1533 660 1556 id
672 1534 785 1558 cernitur
795 1540 828 1557 ex
839 1533 892 1557 alio
903 1535 1005 1557 extrin-

211 1578 292 1594 secus.
330 1569 383 1594 Hoc
393 1576 501 1603 quoque
512 1572 552 1594 est
562 1567 774 1594 concedendum.
802 1569 843 1599 Al.
856 1571 924 1602 quod
934 1577 1005 1594 omne
1026 1573 1029 1592 t

211 1611 260 1635 cst,
279 1608 304 1631 ici
320 1614 369 1631 non
384 1609 497 1631 cernitur
512 1614 544 1631 em
557 1607 609 1631 alio
623 1608 791 1632 extrinsecus.
832 1605 870 1631 Ne
882 1605 931 1632 hoc
942 1606 1005 1640 qui-

211 1642 273 1668 dem
290 1643 379 1678 negari
396 1647 491 1677 potest.
532 1643 604 1669 Nihil
618 1645 698 1676 iqilur
711 1652 789 1676 quum
808 1644 899 1669 habeat
918 1648 1005 1669 extre-

211 1689 290 1706 muni.
313 1682 438 1712 inlinitum
457 1682 491 1705 sit
506 1688 603 1706 necesse
617 1685 660 1706 est.
702 1681 758 1706 104.
780 1679 909 1710 Videsne,
925 1685 954 1706 ut
971 1679 1005 1706 ad
1028 1704 1029 1708 ,

213 1726 268 1742 rem
280 1716 390 1742 dubiam
402 1717 536 1742 concessis
548 1717 629 1742 rebus
640 1716 810 1751 pervenerit?
821 1717 873 1743 lloc
885 1726 933 1743 vos
944 1717 1006 1743 Dia—

213 1753 299 1779 lectici
316 1762 367 1780 non
384 1753 482 1780 facitis:
507 1762 553 1780 nec
569 1754 655 1780 solum
669 1762 699 1780 ea
715 1763 766 1780 non
778 1754 886 1780 sumitis
897 1754 930 1780 ad
941 1763 1006 1781 con-

211 1790 386 1820 cludendum,
395 1799 462 1825 quae
474 1791 507 1816 ab
517 1791 644 1817 omnibus
653 1791 846 1823 concedantur;
860 1791 907 1817 sed
917 1799 947 1817 ea
958 1800 1006 1817 su-

213 1828 294 1858 mitis,
308 1828 409 1862 quibus
420 1828 564 1859 concessis,
578 1828 663 1854 nihilo
674 1829 761 1863 magis
772 1828 916 1859 efficiatur,
932 1827 1004 1862 quod

212 1864 312 1891 velitis.
352 1866 470 1891 l‘rimum
483 1866 555 1891 enim
567 1865 615 1891 hoc
627 1866 748 1891 sumitis:
762 1865 792 1891 Si
801 1870 859 1891 sunt
870 1867 919 1893 dii.
933 1867 1005 1891 bene-

212 1904 254 1935 fici
266 1904 291 1927 in
302 1904 412 1927 homines
422 1907 490 1928 sunt.
511 1902 577 1934 Quis
584 1902 633 1928 hoc
640 1902 717 1928 vobis
723 1901 814 1928 dabit‘?
825 1902 1002 1936 Epicurusne.

213 1939 259 1973 qui
272 1943 362 1973 negat.
376 1938 525 1973 quidquam
537 1939 600 1965 deos
613 1947 660 1965 nec
672 1939 752 1965 alieni
764 1947 870 1969 curare,
884 1947 932 1965 nec
945 1939 1005 1965 sui'?

213 1983 245 2001 an
258 1981 346 2002 noster
356 1975 472 2007 Ennius,
495 1976 542 2010 qui
558 1984 654 2011 magno
669 1975 766 2010 plausu
783 1975 901 2011 loquitur
912 1985 1005 2003 assen-

212 2013 294 2039 tiente
306 2012 417 2047 populo:

250 2050 305 2083 ‘Eyo
315 2051 387 2075 cleiim
397 2058 475 2082 yemis
485 2052 537 2075 esse
546 2058 643 2082 semper
653 2052 712 2076 dixi
721 2054 744 2075 et
753 2052 837 2076 dicam
849 2052 966 2077 caelitum
974 2060 981 2076 .-

250 2089 292 2113 sed
303 2095 343 2112 cos
355 2095 403 2112 non
415 2089 507 2112 cur-(ire
517 2089 616 2119 opinor,
624 2089 686 2120 quid
696 2092 756 2120 aya!
766 2088 905 2113 humanum
915 2096 1003 2121 oenus.

212 2123 245 2150 Et
254 2123 378 2158 quidem,
391 2132 440 2149 cur
450 2124 488 2149 sic
499 2124 636 2158 opinetur,
649 2124 778 2150 rationem
789 2124 910 2150 subiicit.
951 2124 1004 2151 Sed
1026 2112 1029 2135 Ι

213 2160 281 2186 nihil
297 2165 337 2187 est
353 2168 460 2186 necesse
474 2160 562 2186 dicere
577 2169 645 2195 quae
659 2165 823 2196 sequuntur:
846 2166 949 2188 tantum
965 2166 1005 2188 sat
1026 2163 1028 2170 ⁸

212 2202 252 2224 est
263 2197 391 2233 intelligi,
410 2197 436 2224 id
448 2206 553 2223 sumere
566 2199 629 2224 istos
641 2207 688 2232 pro
698 2203 782 2229 certo,
801 2198 872 2233 quod
888 2199 1003 2225 dubium
1026 2212 1028 2234 ρ

212 2240 466 2270 controversumque
478 2236 522 2261 sit.
563 2236 603 2261 Ll.
622 2237 676 2262 ⁴05.
697 2235 823 2270 Sequitur
833 2244 919 2270 porro,
933 2237 1005 2262 Nihil
1026 2237 1028 2259 l

211 2274 270 2298 deos
284 2275 416 2305 iynomre.
436 2274 502 2306 quod
516 2275 600 2298 ovinia
614 2275 665 2298 sint
679 2274 712 2298 ab
725 2275 758 2298 iis
773 2276 917 2299 constituta.
956 2274 1005 2300 Hic
1026 2265 1027 2276 ἵ

212 2317 274 2335 vero
285 2314 382 2344 quanta
395 2318 484 2344 pugna
496 2314 535 2335 est
546 2309 763 2336 doctissimorum
779 2309 933 2341 hominum,
956 2319 1005 2336 ne·
1026 2294 1027 2346 l

211 2347 332 2381 gantium
343 2355 401 2372 esse
415 2347 478 2373 haec
489 2355 502 2372 a
513 2346 567 2372 diis
583 2346 780 2373 immortalibus
793 2348 948 2374 constituta!
973 2349 1004 2374 At
1025 2347 1027 2378 l

212 2388 298 2409 nostra
310 2387 412 2410 interest
421 2387 499 2414 scire,
514 2393 582 2419 quae
593 2389 720 2410 eventura
731 2384 794 2410 sint.
834 2385 948 2420 Magnus
958 2385 1004 2411 Di-
1025 2386 1027 2392 ⁴

212 2420 332 2446 caearchi
345 2420 412 2447 liber
422 2426 470 2452 est,
485 2422 586 2447 nescire
597 2429 627 2447 ea
639 2421 737 2447 melius
748 2429 816 2452 esse,
830 2430 910 2456 quam
923 2423 1001 2448 scire.
1024 2424 1027 2439 ¹

212 2457 313 2491 Negant
326 2460 351 2483 id
361 2467 412 2484 esse
423 2460 533 2484 alienun»
545 2461 674 2484 initia-state
684 2460 799 2488 dem-um,
814 2459 916 2485 scilicet
927 2468 1002 2485 casas
1024 2443 1027 2474 l

212 2495 332 2520 omnium
344 2495 525 2530 introspicere,
539 2500 568 2522 ut
580 2495 699 2525 videant,
712 2495 778 2530 quid
790 2496 888 2530 cuique
900 2496 1003 2523 condu—

212 2535 262 2556 cat.
297 2532 350 2557 t06.
366 2532 457 2566 Neque
469 2541 520 2558 non
532 2537 644 2567 possunt
654 2535 742 2566 sutura
752 2541 928 2565 praenoscere.
950 2534 1003 2559 Ne-

212 2571 275 2602 gant
286 2576 363 2601 posse
375 2569 402 2599 ii,
415 2570 516 2603 quibus
528 2578 578 2596 non
591 2569 676 2604 placet
687 2577 745 2596 esse
756 2574 867 2601 certum,
880 2570 947 2605 quid
959 2570 1003 2596 fu-

213 2609 303 2630 turum
314 2605 358 2631 sit.
399 2606 512 2632 Videsne
524 2607 619 2642 igitur,
635 2615 703 2641 quae
714 2606 797 2633 dubia
808 2607 875 2637 sint,
888 2616 918 2633 ea
929 2608 1002 2633 sumi

213 2649 259 2676 pro
270 2642 349 2668 certis
361 2646 439 2676 atque
450 2644 601 2670 concessis?
613 2643 713 2670 Deinde
724 2648 912 2679 contorquent,
929 2649 956 2671 et
966 2645 1001 2671 ita

840 1345 870 1370 L.
888 1345 1004 1371 Videsne
1034 1342 1035 1357 ³

1032 2373 1034 2382 ,
1054 2352 1099 2373 cut
1110 2348 1277 2382 praedictum
1289 2348 1332 2377 sit,
1344 2348 1469 2373 evaserit.

1001 117 1276 144 ‹ltctzttoNtS

1032 189 1035 198 '
1054 186 1230 213 concludunt:
1249 187 1304 213 Nun
1316 189 1395 219 iynur
1406 192 1464 213 tun!
1474 189 1519 217 dii,
1534 196 1579 214 nec
1588 189 1847 221 tiqnificantsutura:

1033 254 1035 260 7
1057 225 1082 250 icl
1102 225 1174 250 enini
1198 225 1248 250 iam
1270 224 1418 259 perfectum
1438 224 1610 251 arbitrantur.

1650 224 1750 251 Deinde
1770 232 1848 250 usau-

1057 266 1144 287 niuntz
1168 263 1233 287 Suu!
1248 266 1331 286 nutem
1346 263 1397 286 clii:
1413 261 1485 296 quod
1503 262 1591 296 ipsum
1608 271 1659 288 non
1676 262 1709 288 ab
1720 261 1848 288 omnibus

1055 298 1222 324 conceditur:
1236 301 1381 331 nynificcmt
1391 307 1459 331 erqo.
1501 299 1538 325 Ne
1551 298 1576 325 id
1587 299 1698 334 quidem
1710 299 1846 334 nequitur:

1057 340 1168 370 possiunt
1179 335 1250 361 enim
1263 344 1314 361 non
1326 335 1487 370 significare.
1500 340 1624 362 ettamen
1636 345 1694 362 esse
1705 336 1754 362 dii.
1787 336 1848 366 Nec,

1054 376 1076 398 ni
1087 375 1240 405 inquilieum,
1255 382 1303 398 non
1314 375 1376 398 dnn!
1388 376 1442 398 cim
1452 374 1555 406 aliq-ms
1564 375 1599 399 αιΙ
1608 377 1740 399 lemurum
1750 375 1849 406 nuquiti-

1055 412 1171 435 cnn'nnin.
1211 412 1243 436 At
1258 409 1283 436 id
1300 418 1408 444 quoque
1424 415 1522 444 potest.
1544 415 1573 436 ut
1588 419 1639 436 non
1655 410 1718 436 dent
1734 410 1847 440 homini.

1057 447 1107 481 ipsi
1121 446 1244 473 babeant.
1284 447 1338 473 Cur
1349 447 1420 472 enim
1433 447 1527 473 Tuscis¹
1539 448 1641 482 potius.
1659 456 1740 482 quam
1754 448 1849 473 noma-

1057 485 1097 509 nis
1108 483 1220 510 darent?
1241 484 1300 513 Ner,
1312 487 1335 509 m*
1345 486 1407 510 «lant
1418 487 1481 513 vim,
1497 486 1568 510 nullu
1579 489 1614 511 eu
1624 486 1758 510 divinatio.
1798 484 1850 511 Fac

1055 521 1117 546 dare
1129 521 1205 548 deos:
1220 521 1291 556 quod
1303 521 1452 547 absurdum
1463 526 1515 548 est:
1532 521 1598 556 quid
1611 521 1698 551 refert,
1710 522 1733 547 ai
1744 521 1850 556 accipe·

1057 567 1082 584 re
1094 567 1145 584 non
1159 558 1321 593 possumus?
1332 558 1488 584 Extremum
1500 563 1553 585 est:
1569 559 1612 585 Ea!
1623 561 1703 592 iyilur
1712 561 1848 584 divinatio.

1055 595 1094 621 Sit
1114 601 1278 622 extremum:
1302 595 1424 622 ellectum
1447 601 1533 622 tamen
1555 605 1607 622 non
1623 601 1673 622 est.
1713 596 1753 622 Ex
1775 595 1850 621 salsis

1056 633 1141 662 enim.
1159 638 1187 659 ut
1198 633 1231 658 ab
1245 633 1310 667 ipsis
1321 633 1483 664 didicimus,
1503 642 1596 659 verum
1607 633 1678 659 effici
1690 642 1741 659 non
1753 636 1848 668 potest.

1057 670 1123 696 lacet
1136 670 1217 705 igitur
1229 675 1278 696 tota
1290 670 1437 696 conclusio.

1112 707 1163 733 Lu.
1189 708 1244 733 ⁴07.
1268 708 1412 734 Veniamus
1425 716 1495 734 nunc
1506 706 1539 734 ad
1550 708 1683 742 optimum
1696 707 1794 737 virum.
1811 705 1850 733 fa-

1057 743 1188 770 miliarem
1203 749 1337 775 nostrum.
1354 744 1522 780 Cratippum.
1564 745 1609 771 »Si
1621 746 1679 771 sine
1691 743 1790 774 oculis.
1808 744 1851 770 in-

1055 782 1127 815 quit,
1146 791 1196 808 non
1210 787 1295 816 potest
1306 787 1410 808 exstare
1421 782 1540 809 officium
1552 786 1577 808 et
1589 791 1688 808 munus
1699 781 1848 812 oculorum,

1057 824 1168 853 possunt
1179 824 1267 845 autern
1279 819 1424 854 aliquando
1434 819 1505 846 oculi
1518 828 1569 846 non
1582 819 1657 855 fungi
1669 826 1847 850 suomunere3

1055 856 1102 890 qui
1116 855 1156 881 vel
1169 856 1251 882 semel
1266 857 1298 882 ita
1311 862 1350 883 est
1362 866 1428 883 usus
1438 856 1537 887 oculis,
1557 862 1585 883 ut
1601 866 1662 883 vera
1677 860 1809 886 cerneret,
1827 856 1850 882 is

1057 893 1135 919 babet
1146 902 1255 919 sensum
1267 894 1416 924 oculorum.
1431 903 1491 920 vera
1503 895 1681 920 cernentium.
1722 893 1786 919 item
1798 893 1850 928 igi-

1057 935 1111 960 tur,
1134 931 1156 956 si
1173 932 1230 957 sine
1245 930 1411 957 divinatione
1423 940 1474 958 non
1487 936 1573 966 potest
1583 930 1702 957 officium
1714 935 1740 956 et
1751 938 1851 956 munus

1056 1004 1153 1030 tionem
1167 1005 1270 1035 habeat,
1279 1015 1365 1032 errare
1377 1005 1530 1041 aliquando,
1540 1014 1588 1032 nec
1600 1014 1661 1031 vera
1672 1013 1793 1036 cernere;
1807 1012 1852 1030 sa-

1056 1042 1089 1068 tis
1105 1042 1186 1068 estad
1197 1043 1407 1069 confirmandam
1421 1043 1629 1073 divinationem.
1647 1042 1729 1069 semel
1746 1041 1850 1077 aliquid

1057 1080 1090 1104 ita
1102 1087 1161 1105 esse
1172 1079 1334 1110 divinatum,
1343 1080 1410 1106 nihil
1423 1085 1451 1106 ut
1463 1080 1569 1107 fortuito
1579 1079 1710 1106 cecidisse
1718 1079 1849 1106 videatur.

1056 1117 1124 1142 sunt
1139 1122 1227 1143 autem
1243 1118 1302 1143 eius
1313 1118 1420 1153 generis
1433 1117 1651 1144 innumerabilia.
1692 1117 1757 1143 Esse
1768 1117 1852 1152 igitur

1056 1153 1249 1180 divinationem
1261 1155 1442 1181 confitendum
1455 1159 1524 1181 est.«
1570 1155 1675 1181 Festive
1687 1159 1712 1180 et
1723 1154 1849 1180 breviter.

1056 1190 1108 1217 Sed
1120 1200 1204 1226 quum
1218 1192 1260 1218 bis
1270 1193 1400 1227 sumpsit.
1417 1191 1490 1227 quod
1505 1191 1603 1224 voluit3
1622 1192 1702 1217 etiam
1719 1191 1742 1217 si
1759 1190 1851 1217 faciles

1056 1237 1104 1254 nos
1115 1228 1147 1254 ad
1159 1229 1360 1256 concedendum
1374 1229 1511 1261 habuerit,
1531 1229 1558 1256 id
1570 1234 1671 1259 tamen.
1689 1227 1762 1264 quod
1774 1236 1852 1254 assu-

1056 1266 1117 1296 mit,
1135 1266 1245 1292 concedi
1261 1266 1335 1293 nullo
1351 1266 1429 1293 modo
1440 1271 1535 1302 potest.
1578 1268 1634 1292 408.
1654 1265 1733 1297 nsi«.
1751 1265 1849 1300 inquit,

1056 1302 1219 1338 »aliquando
1229 1304 1300 1330 oculi
1311 1309 1429 1339 peccent,
1439 1309 1536 1335 tamen,
1550 1305 1613 1340 quia
1626 1308 1695 1330 recte
1706 1301 1852 1338 aliquando

1056 1340 1182 1371 viderint,
1197 1342 1266 1368 inest
1278 1343 1304 1368 in
1317 1343 1350 1368 iis
1362 1343 1404 1368 vis
1416 1341 1556 1368 videndis
1595 1342 1674 1371 Item,
1691 1340 1738 1366 »Si
1749 1341 1798 1375 qui
1808 1347 1852 1366 se-

1057 1377 1107 1404 mel
1120 1378 1224 1413 aliquid
1237 1379 1343 1410 viderit,
1354 1380 1385 1410 is,
1394 1380 1472 1406 etiam
1483 1387 1568 1414 quum
1580 1383 1680 1413 peccet.
1694 1383 1781 1404 tamen
1792 1377 1852 1403 exi-

1055 1415 1208 1442 stimandus
1228 1417 1264 1442 sit
1284 1416 1381 1443 habere
1402 1417 1458 1443 vim
1474 1416 1646 1442 divinandis
1686 1415 1750 1441 Lm.
1772 1414 1849 1445 vide.

1056 1461 1165 1487 quaeso,
1178 1453 1303 1488 Cratippe
1315 1459 1412 1485 noster,
1428 1462 1509 1488 quam
1521 1454 1575 1480 sint
1586 1454 1636 1479 ista
1646 1452 1757 1479 similia.
1783 1452 1852 1478 Nam

1056 1490 1123 1516 mihi
1136 1499 1187 1517 non
1201 1491 1335 1518 videntur.
1373 1491 1451 1518 Oculi
1462 1492 1534 1517 enim
1546 1499 1608 1517 vera
1619 1494 1758 1517 cernentes
1769 1493 1853 1516 utun-

1057 1532 1099 1553 tur
1110 1533 1202 1554 natura
1215 1533 1294 1563 atque
1308 1537 1404 1555 sensu:
1421 1529 1520 1559 animi,
1536 1529 1560 1555 si
1575 1527 1682 1563 quando
1698 1526 1740 1553 vel
1757 1527 1853 1553 vatici-

1057 1565 1144 1591 nando
1156 1565 1196 1591 vel
1209 1565 1368 1592 somniando
1380 1574 1441 1592 vera
1453 1566 1593 1596 viderunt.
1610 1565 1652 1591 usi
1668 1568 1732 1590 sunt
1746 1563 1851 1590 fortuna

1034 1618 1035 1622 =
1057 1607 1136 1637 atque
1147 1611 1222 1629 casu.
1248 1603 1306 1629 Nisi
1321 1602 1386 1630 forte
1397 1612 1572 1630 concessuros
1583 1602 1632 1629 tibi
1644 1602 1784 1628 existimas
1794 1609 1850 1632 eos,

1057 1640 1103 1674 qni
1115 1640 1219 1666 somnia
1230 1648 1278 1675 pro
1289 1641 1402 1667 somniis
1414 1640 1521 1669 habent,
1535 1639 1676 1675 siquando
1687 1638 1797 1674 aliquod
1808 1646 1852 1664 so-

1057 1678 1161 1702 mnium
1174 1686 1268 1703 verum
1280 1678 1404 1708 evaserit,
1418 1686 1470 1703 non
1482 1677 1509 1703 id
1522 1676 1629 1703 fortuito
1639 1676 1780 1703 accidisse.
1797 1674 1852 1702 Sed

1057 1714 1153 1739 demus
1167 1714 1215 1740 tibi
1232 1715 1296 1740 istas
1310 1714 1378 1740 duas
1393 1715 1574 1749 sumptiones.
1592 1722 1635 1744 ea,
1652 1721 1722 1748 quae
1733 1712 1852 1747 λήμματα

1057 1750 1193 1786 appellant
1207 1751 1355 1783 Dialectici;
1376 1751 1424 1777 sed
1439 1760 1487 1778 nos
1501 1751 1594 1777 Latine
1611 1750 1683 1785 loqui
1700 1749 1848 1776 malumus:

1057 1789 1206 1823 assumptio
1217 1793 1304 1815 tamen
1313 1809 1319 1819 ,
1333 1797 1416 1823 quam
1428 1788 1571 1824 πρόςληψιν
1582 1787 1664 1814 iidem
1678 1792 1785 1818 vocant,
1799 1795 1851 1813 non

1057 1826 1174 1852 dabitur.
1217 1827 1273 1852 ⁴09.
1295 1826 1416 1852 Assumit
1431 1831 1518 1852 autem
1532 1825 1674 1860 Cratippus
1691 1825 1741 1851 hoc
1757 1823 1849 1851 modo:

1057 1863 1143 1889 »Sunt
1156 1867 1244 1889 autem
1256 1863 1467 1889 innumerabiles
1477 1863 1681 1897 praesensiones
1693 1870 1745 1888 non
1757 1861 1852 1888 fortui-

1057 1905 1127 1927 tae.«
1148 1900 1181 1926 At
1196 1908 1245 1936 ego
1259 1900 1319 1927 dico
1335 1899 1447 1926 nullam.
1488 1899 1568 1931 vide,
1584 1905 1682 1935 quanta
1697 1900 1732 1926 sit
1747 1903 1852 1926 contro-

1058 1938 1154 1963 versia.
1196 1938 1263 1968 lam,
1281 1938 1465 1971 assumptione
1480 1946 1532 1963 non
1544 1945 1684 1968 concessa,
1703 1935 1776 1962 nulla
1787 1944 1852 1962 con-

1057 1975 1142 2001 clusio
1153 1979 1202 2000 est.
1243 1975 1276 2001 At
1291 1975 1461 2009 impudentes
1479 1983 1588 2005 sumus,
1610 1975 1671 2009 qui,
1697 1982 1782 2009 quum
1798 1978 1852 2000 tam

1056 2012 1231 2047 perspicuum
1246 2013 1294 2042 sit,
1312 2021 1363 2038 non
1379 2011 1569 2039 concedamus.
1608 2010 1680 2044 Quid
1695 2016 1735 2037 est
1745 2011 1852 2046 perspi-

1056 2049 1156 2075 cuum‘?
1168 2049 1249 2075 Multa
1261 2058 1332 2080 vera,
1347 2050 1444 2084 inquit,
1457 2048 1580 2075 evadere.
1601 2048 1682 2081 Quid,
1695 2047 1768 2083 quod
1779 2047 1852 2074 mul-

1057 2091 1081 2113 to
1094 2087 1172 2121 plura
1185 2086 1268 2113 falsa?
1288 2087 1380 2113 Nonne
1392 2087 1450 2121 ipsa
1461 2087 1589 2116 varietas,
1612 2094 1681 2121 quae
1692 2090 1732 2111 est
1743 2085 1851 2120 propria

1057 2123 1191 2154 fortunae,
1214 2123 1347 2150 fortunam
1360 2132 1420 2150 esse
1430 2132 1567 2154 caussam,
1585 2132 1637 2149 non
1650 2128 1785 2154 naturam,
1802 2121 1851 2149 do-

1056 2161 1114 2187 cet‘?
1129 2161 1242 2191 Deinde,
1256 2162 1279 2187 si
1290 2166 1333 2187 tua
1346 2162 1394 2187 ista
1406 2160 1556 2191 conclusio,
1568 2160 1706 2194 Cratippe,
1721 2168 1784 2186 vera
1795 2164 1848 2186 est:

1056 2200 1154 2233 (tecum
1170 2199 1242 2224 enim
1258 2198 1326 2224 mihi
1342 2207 1384 2224 res
1403 2198 1468 2233 est:)
1488 2206 1576 2225 nonne
1594 2197 1737 2233 intelligis,
1756 2196 1850 2223 eadem

1057 2236 1095 2262 uti
1111 2244 1190 2270 posse
1205 2240 1231 2262 et
1247 2235 1404 2270 haruspices
1419 2240 1445 2262 et
1458 2235 1636 2271 fulguratores
1652 2239 1678 2261 et
1692 2235 1850 2268 interpretes

1055 2277 1219 2299 ostentorum
1243 2278 1269 2299 et
1291 2281 1409 2308 augures
1433 2277 1459 2299 et
1480 2272 1620 2308 sortilegos
1640 2276 1666 2298 et
1684 2269 1850 2298 Chaldaeos?

1055 2318 1169 2345 quorum
1181 2318 1311 2345 generum
1323 2309 1430 2336 nullum
1441 2314 1493 2340 est„
1509 2318 1543 2336 ex
1552 2318 1606 2344 quo
1618 2317 1669 2336 non
1680 2308 1798 2344 aliquid,
1811 2309 1850 2335 si-

1508 2347 1578 2382 Ergo
1589 2351 1634 2373 aut
1643 2354 1673 2372 ea
1683 2354 1791 2380 quoque
1801 2353 1850 2381 ge—

1055 2393 1117 2410 nera
1137 2384 1279 2411 divinandi
1299 2389 1375 2410 sunt:
1398 2392 1467 2419 quae
1488 2388 1517 2410 tu
1532 2384 1680 2410 rectissime
1696 2383 1846 2418 improbas:

1055 2427 1112 2452 aut,
1129 2422 1152 2447 si
1164 2430 1193 2448 ea
1205 2431 1256 2448 non
1268 2426 1344 2452 sunt,
1362 2430 1414 2448 non
1426 2420 1559 2456 intelligo,
1576 2429 1625 2446 cur
1640 2420 1704 2446 haec
1718 2419 1772 2446 duo
1783 2418 1846 2451 sint.

1054 2467 1122 2493 quae
1134 2458 1276 2494 relinquis.
1316 2458 1374 2491 Qua
1390 2467 1453 2494 ergo
1468 2458 1568 2484 ratione
1584 2457 1649 2483 haec
1666 2456 1787 2488 inducis,
1804 2461 1849 2484 ea-

1053 2496 1116 2522 dem
1126 2496 1172 2522 illa
1183 2501 1296 2531 possunt
1306 2504 1375 2526 esse.
1388 2504 1457 2531 quae
1468 2494 1550 2521 tollis.

1109 2533 1173 2559 LlV.
1199 2535 1254 2560 ΗΟ.
1275 2533 1347 2565 Quid
1357 2541 1420 2559 vero
1431 2532 1510 2559 habet
1520 2531 1685 2557 auctoritatis
1696 2529 1770 2558 furor
1784 2531 1845 2562 iste.

1053 2579 1134 2605 quem
1145 2570 1271 2597 divinum
1284 2571 1398 2601 vocatis,
1416 2574 1458 2599 ut,
1474 2577 1543 2604 quae
1557 2569 1665 2603 sapiens
1680 2577 1732 2595 non
1746 2567 1845 2599 videat,

1053 2616 1082 2634 ea
1094 2608 1184 2634 videat
1194 2608 1315 2638 insanus,
1328 2612 1354 2634 et
1365 2608 1396 2637 is,
1409 2607 1458 2641 qui
1469 2606 1601 2632 humanos
1611 2614 1708 2632 sensus
1718 2606 1846 2638 amiserit,

1053 2644 1160 2672 divinos
1178 2650 1319 2672 assecutus
1337 2643 1390 2671 sit?
1409 2642 1529 2679 Sibyllae
1543 2651 1639 2669 versus
1659 2643 1845 2674 observamus,
