1941 3052
646 184 706 210 DE
747 183 1028 211 ORATORE.

22 266 74 294 pus
87 260 238 291 exspectare
251 254 391 290 oportebit.
422 255 478 281 ⁴75.
494 255 523 281 In
541 255 737 282 commoditatis
752 263 815 281 vero

22 295 121 322 ratione
134 293 212 320 modo
225 292 293 319 illud
307 292 464 323 attendatur,
485 292 601 328 dignane
614 301 709 319 caussa
724 292 816 319 videa—

23 337 65 360 tur
86 340 125 362 ea,
149 339 217 366 quae
239 329 272 356 ad
290 329 431 356 utilitatem
450 330 601 364 pertinebit,
626 339 709 365 quare
723 334 769 356 aut
781 329 815 356 de

21 368 216 405 magnificentia
238 372 283 394 aut
304 367 337 393 de
355 367 491 394 honestate
514 367 644 402 quiddam
662 367 813 403 derogetur.

21 407 108 442 Atque
128 406 157 432 in
177 405 227 432 hoc
246 404 302 431 loco
320 405 387 431 mihi
406 409 485 439 caput
498 404 567 431 illud
582 405 688 431 videtur
702 413 769 435 esse,
785 408 815 431 ut

21 451 189 480 quaeramus,
208 442 275 477 quid
293 443 328 468 sit
341 441 418 473 illud,
439 442 512 477 quod
525 443 549 468 si
563 442 675 477 adipisci
690 447 734 468 aut
749 441 815 468 effu-

20 489 82 518 gere
94 480 220 511 velimus,
237 480 326 514 aliqua
341 488 382 506 res
397 480 474 506 nobis
488 480 523 506 sit
532 481 690 510 necessaria,
704 480 753 506 hoc
763 483 811 510 est,

21 526 89 554 quae
105 518 140 544 sit
153 517 298 548 adiunctio,
319 522 348 543 ut
367 517 486 552 proinde,
506 518 546 543 uti
559 525 683 552 quaeque
697 525 739 542 res
754 517 812 547 erit,
842 541 844 549 ,

23 555 171 583 laboremus
187 559 214 581 et
230 555 419 590 gravissimam
437 562 573 589 quamque
591 562 713 580 caussam
733 554 815 580 vehe-

21 592 185 620 mentissime
200 592 375 618 necessariam
389 591 550 618 iudicemus.

76 630 133 656 ⁴76.
148 629 258 656 Ass'ectio
272 633 312 655 est
325 629 456 664 quaedam
470 637 503 655 ex
517 633 644 663 tempore,
660 632 705 654 aut
719 636 753 654 ex
767 636 814 654 ne-

19 668 152 704 gotiorum
170 671 268 693 eventu
287 671 332 693 aut
349 665 587 697 administratione,
608 670 654 692 aut
672 665 813 692 hominurn

19 704 109 732 studio
126 704 298 731 commutatio
315 712 413 734 rerum,
434 707 464 729 ut
478 712 529 730 non
544 703 619 734 tales,
645 702 738 738 quales
753 707 813 729 ante

18 741 124 770 habitae
137 742 192 768 sint
205 745 251 767 aut
263 740 423 776 plerumque
441 741 534 767 haberi
547 740 658 772 soleant,
674 740 813 766 habendae

18 779 160 806 videantur
176 787 248 811 esse;
276 782 314 809 ut,
335 778 368 804 ad
386 778 475 804 hostes
490 779 602 804 transire
615 782 693 812 turpe
707 777 813 804 videtur

19 825 90 850 esse3
105 820 131 842 at
144 824 196 842 non
210 815 257 842 illo
270 816 367 847 animo,
384 824 439 850 quo
448 815 540 842 Ulixes
554 815 672 848 transiit3
692 819 718 841 et
731 824 813 850 pecu-

19 854 90 880 niam
102 853 131 880 in
144 861 216 879 mare
229 852 343 879 deiicere
356 853 465 885 inutile;
481 857 507 879 at
520 861 573 880 non
586 862 617 879 eo
630 852 750 884 consilio,
759 861 813 887 quo

18 891 170 925 Aristippus
184 890 289 917 deiecit.
317 890 387 917 Sunt
399 891 483 926 igitur
495 899 538 917 res
552 890 684 926 quaedam
698 898 732 916 ex
745 895 813 916 tem-

18 936 81 964 pore
93 932 119 954 et
131 936 166 954 ex
178 927 298 959 consilio,
306 936 359 954 non
373 936 407 954 ex
419 937 468 954 sua
482 933 575 954 natura
588 927 809 960 considerandam

19 965 118 1002 quihus
127 965 155 991 in
163 965 299 996 omnibus,
307 965 374 1000 quid
384 970 501 1000 tempora
512 970 611 1000 petant,
619 969 665 991 aut
674 965 741 1000 quid
751 974 813 1000 per-

19 1003 90 1030 sonis
100 1002 213 1038 dignum
224 1003 267 1034 sit,
280 1002 504 1029 considerandum
515 1007 555 1029 est
566 1007 591 1029 et
605 1012 666 1033 non,
680 1002 755 1038 quid,
764 1002 812 1028 sed

18 1048 71 1076 quo
84 1040 205 1075 quidque
220 1040 317 1071 animo,
338 1040 458 1075 quicum,
475 1049 529 1076 quo
539 1045 666 1075 tempore,
679 1040 811 1075 quamdiu

19 1077 70 1111 fiat,
84 1077 273 1104 attendendum
284 1082 333 1104 est.
364 1078 411 1104 His
425 1087 458 1104 ex
471 1078 593 1113 partibus
607 1078 640 1105 ad
651 1079 810 1105 sententiam

842 647 843 672 l

841 681 843 715 l

1626 189 1654 214 Ἡ

866 255 1006 281 dicendam
1022 255 1092 282 locos
1108 257 1179 282 sumi
1191 261 1310 291 oportere
1320 257 1488 284 arbitramur.
1517 259 1585 285 LIX.
1601 260 1657 285 ⁴77.

867 293 970 318 Laudes
985 297 1073 319 autem
1088 298 1114 320 et
1127 294 1335 329 vituperationes
1346 303 1378 321 ex
1388 296 1421 321 iis
1432 295 1496 322 locis
1507 301 1657 323 sumentur.

865 331 913 364 qui
925 329 973 356 loci
984 331 1105 365 personis
1115 336 1179 357 sunt
1189 332 1317 363 attributi,
1331 332 1364 358 de
1375 333 1476 367 quibus
1487 338 1546 359 ante
1557 333 1658 360 dictum

866 371 915 393 est.
944 367 992 393 Sin
1011 368 1182 395 distributius
1202 373 1311 395 tractare
1330 370 1377 404 qui
1393 369 1472 401 volet,
1489 371 1619 405 partiatur
1632 372 1659 397 in

866 405 986 431 animum
1003 409 1028 431 et
1042 414 1139 440 corpus
1155 410 1180 432 et
1194 407 1321 432 extrarias
1336 415 1378 432 res
1392 406 1491 434 licebit.
1519 408 1610 436 Animi
1621 414 1662 434 est

866 442 960 473 virtus,
974 443 1052 468 cuius
1063 443 1095 469 de
1106 443 1227 478 partibus
1239 443 1329 478 paullo
1340 448 1399 470 ante
1410 444 1510 471 dictum
1526 450 1578 477 est,
1603 454 1661 472 cor-

866 479 946 513 poris,
964 479 1097 511 valetudo,
1115 481 1240 516 dignitas,
1258 482 1338 513 vires,
1356 481 1496 515 velocitas,
1520 483 1648 509 extrariae

866 517 958 548 honos,
976 518 1098 551 pecunia,
1113 517 1236 550 affinitas,
1248 527 1344 554 genus,
1360 519 1448 551 amici,
1460 520 1554 554 patria,
1568 525 1657 555 poten-

866 554 901 579 tia
916 558 941 580 et
951 559 1045 585 cetera,
1063 564 1132 589 quae
1143 555 1226 581 simili
1238 565 1296 582 esse
1308 557 1335 582 in
1353 565 1451 592 genere
1465 557 1658 593 intelligentur.

865 591 952 626 Atque
969 592 998 618 in
1016 592 1058 618 his
1077 592 1113 623 id,
1130 592 1202 627 quod
1216 593 1243 619 in
1257 594 1345 619 omnia
1360 593 1438 625 valet,
1455 594 1542 620 valere
1557 599 1660 629 oporte-

865 629 916 655 bit:
933 630 1061 655 contraria
1075 638 1192 664 quoque,
1206 639 1275 664 quae
1289 635 1314 657 et
1327 631 1417 666 qualia
1431 632 1493 663 sint,
1506 632 1660 668 intelligen-

866 670 917 692 tur.
936 667 992 692 478.
1006 666 1100 693 Videre
1114 671 1203 693 autem
1217 668 1245 693 in
1260 667 1392 695 laudando
1406 674 1430 694 et
1444 670 1472 695 in
1484 670 1660 704 w'tuperaudo

864 703 1003 738 oportebit,
1020 712 1072 730 non
1086 708 1140 730 tam
1154 713 1223 739 quae
1236 705 1264 731 in
1274 714 1383 740 corpore
1393 711 1438 732 aut
1448 707 1475 732 in
1486 707 1608 733 extrariis
1619 716 1660 733 re-

864 741 915 767 bus
934 741 1057 767 habuerit
1075 742 1106 772 is,
1126 741 1159 767 de
1178 750 1232 776 quo
1246 747 1347 778 agetur,
1363 752 1445 778 quam
1459 753 1513 778 quo
1527 750 1602 779 pacto
1617 745 1659 770 his

863 778 945 804 rebus
968 787 1034 804 usus
1055 779 1098 804 sit.
1134 780 1200 805 Nam
1223 779 1357 806 fortunam
1379 781 1490 815 quidem
1509 787 1534 808 et
1552 782 1659 808 laudare

864 815 976 842 stultitia
997 820 1023 842 et
1044 816 1195 851 vituperare
1213 818 1340 852 superbia
1353 822 1406 851 est;
1435 818 1517 844 animi
1532 824 1620 845 autem
1635 825 1660 845 et

864 853 923 879 laus
937 853 1047 880 honesta
1062 858 1087 880 et
1100 854 1260 889 vituperatio
1274 855 1420 881 vehemens
1435 860 1483 882 est.
1505 856 1581 882 Nunc
1592 865 1660 891 quo-

864 891 935 917 niam
949 899 1028 917 omne
1041 891 1069 917 in
1083 900 1193 918 caussae
1206 901 1292 928 genus
1307 893 1511 928 argumentandi
1527 895 1592 920 ratio
1608 899 1659 919 tra-

863 927 918 954 dita
932 933 980 960 est,
996 928 1029 955 de
1043 929 1205 960 inventione,
1221 930 1307 964 prima
1322 939 1351 956 ac
1361 931 1477 957 maxima
1487 935 1561 965 parte
1572 931 1659 957 rheto—

862 966 940 997 ricae,
957 966 1021 992 satis
1039 966 1142 993 dictum
1161 966 1276 994 videtur.
1309 967 1405 1000 Quare,
1426 968 1553 1002 quoniam
1568 973 1592 994 et
1608 978 1659 994 una

862 1011 924 1038 pars
938 1003 971 1029 ad
985 1004 1088 1030 exitum
1102 1004 1152 1031 hoe
1165 1013 1195 1031 ac
1209 1005 1346 1039 superiore
1361 1005 1429 1032 libro
1438 1005 1566 1040 perducta
1577 1011 1625 1037 est,
1634 1011 1660 1032 et

862 1040 906 1066 hic
921 1041 988 1067 liber
1001 1050 1054 1068 non
1068 1050 1163 1076 parum
1177 1043 1294 1069 continet
1305 1042 1461 1074 litterarum,
1470 1052 1539 1078 quae
1549 1049 1656 1074 restant,

861 1078 890 1104 in
903 1078 1015 1114 reliquis
1029 1079 1160 1106 dicemus.

721 1195 952 1210 4νῦαῶ-

505 1447 539 1476 Μ.
588 1447 789 1476 TULLII

838 1448 1163 1478 CICERONIS

806 1550 863 1569 AD

225 1627 267 1673 Q.
336 1628 737 1669 FRATREM

800 1630 1175 1670 DIALOGI

1240 1631 1444 1670 TRES

554 1742 654 1791 DE
709 1743 1098 1792 ORATORE.

533 1942 751 1970 NOTITIA
790 1943 1128 1971 LITTERARIA.

120 2029 170 2050 Hoc
184 2036 243 2058 opus
258 2029 293 2050 M.
311 2029 397 2051 Tullius
414 2029 489 2051 Cicero
505 2036 567 2050 amm
584 2037 605 2050 a.
624 2029 661 2051 Ch.
677 2031 711 2050 55.
727 2031 763 2051 vel
774 2037 798 2058 p.
813 2030 839 2051 U.
855 2037 873 2051 ι·-
885 2032 932 2052 699.
955 2030 994 2052 Cn.
1015 2030 1124 2058 Pompeio
1148 2030 1236 2057 Magno
1256 2030 1296 2055 11..
1309 2031 1341 2052 Μ.
1358 2031 1446 2053 Licinio
1460 2031 1538 2053 cmm
1550 2032 1582 2053 11.
1595 2032 1653 2054 (ου.

13 2063 102 2093 strepuit
126 2065 150 2090 Q.
168 2065 258 2094 fratris
269 2069 363 2094 rogatu,
374 2069 402 2087 ut
421 2073 490 2095 quam
509 2067 534 2088 de
554 2070 604 2087 arte
622 2066 739 2087 rhetor-im
753 2066 890 2088 sementiam
901 2066 985 2088 invenis
1001 2067 1073 2087 dicere
1086 2066 1238 2094 festinarat,
1250 2075 1277 2088 ειι
1292 2067 1337 2088 ι’(ιηι
1350 2068 1513 2096 perfectiorem
1528 2069 1563 2090 vir
1578 2073 1655 2090 neent-

10 2101 140 2129 mverh‘or
163 2104 244 2124 ederet.
274 2102 352 2124 Sermo
377 2106 453 2124 autem
471 2102 561 2130 primus
571 2110 592 2123 a.
612 2102 636 2123 L'.
647 2104 695 2124 662.
707 2111 721 2123 a
743 2102 830 2127 Crmm,
851 2103 890 2131 qm'
905 2110 948 2131 per
962 2104 1068 2124 ludorum
1093 2103 1233 2124 Latinorum
1243 2104 1444 2131 opportunitatem
1459 2105 1483 2126 in
1498 2105 1653 2127 Tusculanum

12 2141 139 2163 merae,
155 2145 207 2159 nrm
225 2139 257 2159 Μ.
276 2139 379 2160 Antonio
394 2141 415 2160 et
432 2139 457 2163 Q.
469 2139 502 2160 M.
514 2138 625 2160 Scaevola
633 2139 710 2167 primo
726 2139 760 2160 die
772 2139 932 2167 praesentibus
951 2139 1130 2161 adolescentibus
1144 2139 1165 2161 C.
1178 2139 1246 2161 Caua
1261 2143 1282 2160 rt
1294 2140 1318 2161 Ρ.
1329 2140 1433 2168 Sulpicio
1444 2140 1645 2168 h1111i111sfingi1m

13 2172 89 2195 luero
107 2174 141 2196 die
151 2175 291 2196 continuati!
300 2177 379 2196 eadem
389 2176 414 2196 de
424 2183 447 2196 re
457 2175 597 2197 »maenibus
608 2175 736 2197 intererant
746 2175 816 2197 eciam
829 2176 853 2199 Q.
868 2175 958 2197 Catulus
970 2179 993 2197 et
1004 2176 1026 2197 C.
1038 2175 1114 2197 Iulius
1126 2175 1215 2197 Curatur.

86 2311 162 2332 ΑΚΘ.
176 2312 202 2332 In
216 2311 252 2332 hin
261 2311 327 2332 libris
337 2310 416 2332 Cicero
425 2311 453 2332 (Ie
462 2310 590 2339 eloquentia
599 2311 632 2332 ita
640 2311 758 2340 praecipit,
769 2314 802 2336 ut.

11 2346 66 2374 quod
75 2347 133 2368 alio!
140 2347 212 2372 docet,
222 2347 272 2375 ipae
281 2346 336 2368 velit
345 2346 411 2374 plane
420 2349 536 2368 armentu·
545 2346 625 2368 videri.
649 2346 753 2374 Explicat
763 2353 802 2367 an-

11 2382 53 2405 un
65 2388 117 2403 maa
129 2383 157 2403 de
170 2382 258 2403 dicendi
272 2385 320 2403 arte
333 2381 456 2403 sententian
471 2382 512 2403 snb
525 2382 590 2403 Lucii
599 2382 683 2403 Licinii
693 2381 771 2403 Cra-si
781 2384 803 2402 et

10 2415 79 2439 narei
86 2417 180 2439 Antonii
190 2417 300 2446 per-onir,
307 2417 366 2445 quod
375 2417 401 2438 ml
412 2416 452 2438 boa
463 2416 562 2438 hominen
572 2417 713 2445 eloquentiae
719 2416 802 2445 princi-

10 2453 82 2480 nflhm
97 2459 171 2474 omnen
181 2452 296 2480 anperiore
305 2451 393 2473 saeculo
404 2452 536 2473 detulerant.
560 2452 593 2473 Ac
602 2452 672 2480 primu
683 2452 770 2479 quidem
778 2452 802 2472 in

10 2483 66 2509 ΕΒΗ
75 2487 170 2509 Cranuu
180 2492 202 2509 et
212 2487 323 2509 Antuniu·
334 2488 361 2508 ‘Ie
370 2487 475 2509 universa
485 2487 581 2508 oratoria
591 2487 685 2515 perfecti
694 2487 717 2508 vi
725 2487 801 2515 diupu-

11 2522 64 2547 Μαί,
78 2528 168 2549 quorum
183 2522 239 2544 alter
248 2523 274 2544 ad
283 2522 400 2544 Ciceronis
410 2526 502 2544 mentem
512 2523 539 2543 «Ie
550 2529 576 2543 ea
584 2529 608 2543 re
617 2522 717 2546 dinerit,
727 2522 768 2546 ita,
778 2525 803 2543 ut

11 2558 115 2589 mrem
132 2557 227 2578 omniun·
245 2557 414 2586 disciplinarum
431 2562 453 2579 et
471 2557 550 2578 artium
565 2564 655 2583 gnarum
670 2564 720 2578 ene
732 2556 801 2581 velit;

10 2586 66 2612 fllbr
76 2598 127 2612 vere
139 2592 251 2614 Antoniu-
265 2593 292 2614 *Ie
302 2593 382 2618 Quinti
396 2592 473 2614 fratris
490 2591 602 2612 sententia
613 2591 761 2619 eloquentiam
775 2593 802 2613 ab

10 2620 117 2651 ‘fitutia
125 2626 239 2649 doctrinae
249 2631 356 2654 segregat,
366 2632 388 2649 et
398 2628 421 2648 in
432 2627 523 2655 quodam
535 2626 620 2652 ingr-nii
630 2626 801 2647 etcxcreitan'n-

9 2657 45 2681 ἰὼ
56 2665 135 2686 genere
144 2662 214 2690 ponit.
225 2662 269 2683 vid.
281 2669 299 2683 c.
309 2665 330 2684 ¹2..
341 2662 429 2684 Primn-
438 2662 539 2690 disputat
549 2663 652 2686 Crassus,
662 2661 742 2682 deinde
753 2661 801 2682 ein·

10 2695 140 2720 lmmentii
150 2703 206 2723 quae
215 2697 345 2725 responderi
355 2701 456 2725 lio-eunt,
464 2698 530 2718 affert
539 2697 658 2718 Antonius.
675 2697 699 2718 In
706 2697 801 2718 necundo

9 2725 65 2750 Istro
78 2733 166 2758 praeter
178 2735 263 2753 ceteru-
274 2732 385 2754 Antoniun
395 2733 422 2753 de
430 2731 559 2754 inventione
569 2732 678 2760 praecipit
688 2735 709 2753 ct
719 2732 746 2753 (Ie
755 2731 800 2753 col-

853 2310 965 2332 locatione
977 2317 1049 2332 rerum
1059 2310 1212 2339 locorumque,
1228 2318 1271 2339 qua
1288 2311 1392 2339 inprimis
1406 2311 1505 2332 valui-u·
1515 2312 1645 2332 ‹rede-hnmi-

853 2353 873 2366 ι’.
889 2345 936 2367 Cic.
951 2346 979 2367 (Ie
993 2346 1053 2367 Clar.
1068 2347 1127 2367 (tr-t.
1141 2354 1160 2367 c.
1171 2349 1203 2368 ³7.
1213 2354 1277 2374 quum
1288 2350 1365 2368 contra
1375 2354 1418 2367 nun
1428 2347 1595 2372 eleganti-simo
1606 2354 1649 2367 ncr-

853 2388 916 2402 mnne
925 2383 1032 2406 uteretur,
1042 2381 1163 2407 diligenter
1171 2381 1260 2402 dicendi
1270 2381 1335 2402 lamn-
1343 2382 1471 2402 ‹lnstitutum
1497 2382 1530 2402 ,ὶιΙ
1541 2381 1650 2402 ini-entio-

853 2423 901 2436 nern
915 2423 987 2437 rernm
1001 2418 1073 2437 antem
1089 2416 1191 2443 quoniam
1202 2417 1299 2444 pertinet
1308 2417 1373 2438 etiam
1384 2418 1411 2437 {Ie
1421 2417 1477 2437 iuria
1488 2420 1509 2437 ct
1521 2416 1610 2437 snt-etii·
1619 2416 1649 2437 lu—

853 2458 899 2476 run,
911 2454 933 2471 et
942 2452 1026 2472 ene-ar
1032 2458 1084 2472 vero
1095 2451 1190 2472 omnium
1201 2451 1353 2473 facetissimus
1361 2456 1381 2473 ot
1392 2451 1546 2479 lepidi-simn-
1557 2459 1650 2480 ‘nepu-

853 2487 953 2511 taluatur,
968 2486 1013 2507 vid.
1029 2494 1047 2507 ι·-
1062 2489 1096 2508 5⁴.
1109 2487 1136 2507 ad
1147 2486 1204 2507 hum·
1214 2487 1241 2507 tle
1252 2487 1288 2508 1ιίι
1297 2487 1426 2515 disputandi
1437 2490 1512 2514 partes
1522 2487 1650 2508 ‹tofa-mmm

853 2521 868 2542 1.
880 2529 898 2542 c.
909 2528 979 2548 neque
987 2521 1014 2541 ad
1024 2529 1042 2542 e.
1054 2524 1086 2542 71.

932 2556 957 2577 In
972 2556 1030 2577 libro
1044 2556 1111 2577 tortio
1121 2556 1200 2577 Cim-o
1211 2558 1323 2581 Grannum.
1335 2557 1401 2578 huin·
1412 2563 1433 2578 et
1445 2557 1536 2578 Antonii
1548 2563 1618 2577 muru·
1627 2558 1650 2577 in

853 2591 946 2612 exordio
956 2591 1079 2619 deplorata,
1090 2598 1167 2612 rimu·
1177 2591 1262 2612 inducit
1272 2591 1315 2612 iam
1329 2592 1357 2612 «Ie
1367 2592 1502 2613 ornamenti·
1512 2592 1622 2612 urnii-mi-
1629 2597 1649 2612 et

853 2627 879 2647 :Ie
895 2626 954 2647 urrini
968 2626 1094 2647 elocutiuno
1104 2626 1288 2654 praecipit-ntem.
1303 2633 1345 2653 qna
1354 2627 1435 2647 coieri-
1445 2627 1547 2648 omnibu·
1557 2627 1649 2655 palmam

853 2661 980 2689 prat-ripere
990 2661 1167 2683 exi-timebatur.
1183 2661 1230 2683 rie.
1242 2662 1268 2682 de
1277 2662 1346 2683 ‹lu-rin
1356 2664 1392 2683 0¹¹.
1402 2665 1459 2684 c-38.
1467 2670 1485 2683 ι.
1496 2663 1554 2683 Tum
1562 2663 1647 2686 Latine.

853 2696 926 2724 plane,
946 2700 1036 2721 ornate,
1052 2697 1074 2717 in
1089 2705 1132 2724 quo
1148 2697 1280 2724 explieandu
1299 2697 1403 2725 inprimi·
1417 2697 1499 2718 mulm-
1514 2702 1555 2720 en,
1567 2702 1587 2718 et
1598 2702 1648 2725 apte

853 2732 967 2754 dicendum
979 2739 1029 2753 eno
1038 2733 1109 2753 duret.
1136 2733 1240 2753 ornatum
1251 2736 1323 2753 autem
1334 2733 1445 2753 cani-tert·
1455 2733 1552 2754 une-mli!
1562 2740 1626 2759 quum
1636 2740 1646 2753 r
