1941 3052
436 131 483 157 IN
515 131 715 158 VERREM
748 131 902 158 ACT.II.

84 201 161 227 Nunc
186 205 296 227 tractare
321 209 443 227 caussam
470 202 637 228 instituimus
668 202 876 233 frumentariam,

83 246 153 273 quae
176 238 359 274 magnitudine
381 238 494 265 iniuriae
521 239 574 265 sere
600 240 759 265 criminibus
785 240 879 265 ceteris

84 275 229 307 antecellit,
250 275 423 302 iucunditatis
441 276 468 302 111
487 277 588 311 agendo
602 281 627 302 et
642 277 775 302 varietatis
789 277 878 303 minus
900 300 901 309 ,

84 312 203 338 habebit.
244 313 335 339 Vestra
353 318 441 339 autem
461 314 615 340 auctoritate
634 318 659 340 et
676 313 816 348 prudentia
838 314 880 340 di-

83 349 246 384 gnissimum
266 354 318 381 est,
339 349 455 381 iudices,
480 351 507 377 in
526 351 652 377 audiendi
670 351 808 386 diligentia
827 360 878 377 non
899 375 900 381 ,

84 386 175 413 minus
189 386 311 422 religioni
326 387 451 418 tribuere,
467 396 549 422 quam
563 388 703 422 voluptati.
731 390 771 414 11.
787 389 815 414 In
831 388 879 414 hac

83 432 178 450 caussa
196 424 368 451 frumentaria
386 425 566 460 cognoscenda
586 425 650 451 haec
664 425 740 452 vobis
755 426 880 460 proponi-

84 465 122 492 te,
150 461 266 492 iudices,
295 471 342 488 vos
369 462 402 488 de
428 462 508 488 rebus
535 462 703 497 fortunisque
726 462 878 488 Siculorum

84 498 214 529 omnium,
231 499 263 525 de
277 499 377 525 civium
387 500 576 530 Romanorum,
592 500 639 534 qui
654 504 727 525 arant
738 500 766 525 in
777 499 876 530 Sicilia,

84 535 175 566 bonis,
196 536 229 562 de
247 537 425 572 vectigalibus
443 546 456 562 a
475 537 622 563 maioribus
641 537 757 568 traditis⁷
778 536 811 562 de
826 537 877 562 vita
899 538 901 545 ‘

84 573 211 608 victuque
226 574 318 608 populi
333 575 443 600 Romani
457 574 618 609 cognituros.
659 573 732 605 Quae
746 574 768 599 si
783 582 879 608 magna

83 614 163 645 atque
181 610 246 637 adeo
264 612 381 637 maxima
399 611 476 638 vobis
494 611 632 642 videntur,
660 619 741 645 quam
765 611 836 636 varie
854 615 879 636 et
899 620 900 623 ¹

83 656 164 682 quam
178 648 284 682 copiose
298 648 427 679 dicantur,
444 652 596 682 exspectare
611 647 700 674 nolite.
738 648 877 674 Neminem

83 689 202 711 vestrum
217 686 352 720 praeterit,
369 685 484 715 iudices,
505 693 611 711 omnem
626 685 767 711 utilitatem
782 693 879 720 oppor-

84 723 277 757 tunitatemque
295 723 446 758 provinciae
465 722 583 753 Siciliae,
606 730 674 756 quae
693 722 725 748 ad
740 722 878 749 commoda

82 759 175 794 populi
189 760 299 786 Romani
314 760 437 786 adiuncta
451 760 497 790 sit,
518 759 662 785 consistere
675 759 702 785 in
717 768 744 785 re
758 759 879 785 frumen-

82 797 147 822 taria
162 797 286 823 maxime.
328 798 393 823 Nam
408 797 502 823 ceteris
517 796 597 822 rebus
611 796 772 823 adiuvamur
785 806 818 823 ex
832 796 878 823 illa

82 834 231 868 provincia;
260 834 309 860 hac
327 843 390 861 vero
407 834 506 860 alimur
519 843 548 860 ac
561 834 736 860 sustinemur.
779 836 819 860 12.
841 834 878 860 Ε3

82 879 176 896 caussa
187 871 323 906 tripartita,
339 871 451 902 iudices,
468 872 517 897 erit
527 872 553 897 in
564 871 743 898 accusatione:
759 872 877 906 primum

81 908 152 934 enim
171 907 204 934 de
223 907 383 940 decumano⁷
408 908 504 935 deinde
522 908 555 935 de
573 913 663 944 empto
680 908 801 935 dicemus
821 908 878 935 fru-

80 949 178 977 mento,
194 950 327 980 postremo
340 946 372 972 de
388 947 534 972 aestimato.

137 983 179 1010 VI.
201 983 271 1010 Inter
285 983 403 1010 Siciliam
418 988 572 1018 ceterasque
586 984 746 1018 provincias,
762 983 874 1014 iudices,

79 1019 108 1046 iu
127 1027 250 1056 agrorum
268 1021 440 1057 vectigalium
463 1021 563 1047 ratione
585 1021 634 1047 1100
657 1022 779 1052 10101051,
804 1021 878 1064 quod

80 1058 174 1083 ceteris
188 1062 234 1084 aut
246 1059 402 1093 impositum
418 1058 529 1095 vectigal
545 1063 584 1085 est
601 1058 811 1094 certun1,qu0d
829 1059 878 1085 sti-

79 1095 248 1130 pendiarium
267 1096 376 1128 dicitur,
397 1101 427 1123 ut
440 1097 565 1131 Hispanis
584 1100 608 1122 et
627 1096 763 1131 plerisque
778 1097 878 1122 Poeno-

78 1141 154 1164 rum,
174 1134 252 1168 quasi
271 1134 395 1161 victoriae
413 1134 561 1169 praemium
581 1142 610 1160 ac
629 1143 712 1169 poena
727 1133 804 1165 1)0111;
832 1138 878 1160 301

79 1171 197 1197 00050113
217 1170 310 1198 locatio
329 1172 471 1198 constituta
490 1175 542 1203 est,
563 1176 594 1198 ut
610 1172 702 1202 Asiae,
724 1171 781 1207 lege
800 1170 877 1197 Sem—

78 1208 181 1242 pronia.
222 1207 328 1235 Siciliae
342 1209 462 1236 civitates
476 1209 514 1235 sic
532 1209 560 1235 in
578 1209 722 1235 amicitiam
742 1208 876 1243 iidemque

79 1245 239 1279 recepimus,
252 1250 282 1272 ut
293 1246 385 1273 eodem
397 1247 454 1273 iure
465 1251 562 1277 essent,
575 1255 628 1282 quo
640 1246 767 1272 fuissent:
783 1246 875 1272 eaden]

79 1282 229 1309 conditione
247 1284 347 1318 populo
365 1284 483 1311 Romano
502 1288 636 1318 parerent,
657 1293 709 1319 qua
729 1284 787 1310 suis
801 1288 876 1310 antea

78 1319 241 1354 paruissent.
264 1322 304 1347 ⁴3.
320 1321 471 1356 Perpaucae
485 1321 590 1347 Siciliae
600 1322 721 1347 civitates
732 1325 795 1347 sunt
806 1321 877 1347 bello

79 1366 93 1382 a
115 1358 261 1384 maioribus
285 1359 382 1385 nostris
404 1359 542 1385 subactae:
568 1367 683 1393 quarum
707 1367 768 1394 ager
790 1367 875 1393 quum

79 1399 149 1421 esset
163 1395 289 1430 public-us
304 1396 397 1431 populi
411 1397 522 1423 Romani
538 1395 635 1427 factus,
656 1400 745 1422 tamen
762 1395 817 1422 illis
837 1400 876 1421 est

78 1431 212 1465 redditus;
233 1433 255 1459 is
274 1442 337 1469 ager
354 1442 369 1460 a
387 1434 543 1460 censoribus
563 1433 640 1459 locari
659 1433 735 1459 solet.
775 1433 876 1459 Foede-

78 1473 149 1495 ratae
167 1470 286 1497 civitates
305 1470 373 1497 duae
395 1476 471 1502 sunt,
496 1480 611 1506 quarum
634 1470 762 1497 decumae
785 1471 875 1496 venire

78 1515 130 1533 non
145 1507 254 1538 soleant,
271 1508 426 1535 Mamertina
440 1513 466 1535 et
479 1508 709 1535 Tauromenitana.
750 1507 875 1542 Quinque

77 1549 212 1579 praeterea
229 1545 287 1571 sine
306 1545 410 1572 foedere
429 1546 563 1572 immunes
582 1546 702 1571 civitates
721 1554 750 1571 ac
766 1545 872 1575 liberae,

78 1581 259 1617 Centuripina,
276 1582 408 1614 Halesina,
422 1583 575 1619 Segestana,
588 1582 763 1619 Halicyensis,
777 1583 875 1608 Panor-

77 1619 190 1645 mitana:
219 1625 351 1654 praeterea
370 1621 457 1647 omnis
476 1629 538 1656 ager
552 1620 658 1646 Siciliae
675 1620 813 1646 civitatum
828 1620 875 1646 de-

77 1664 208 1683 cumanus
223 1662 274 1684 est:
295 1658 422 1693 itemque,
439 1662 498 1684 ante
513 1658 656 1693 imperium
672 1657 765 1700 populi
779 1658 875 1683 Roma-

76 1693 118 1725 ni,
143 1694 263 1728 ipsorum
282 1695 433 1722 Siculorum
459 1695 594 1722 voluntate
616 1700 641 1721 et
664 1695 794 1721 institutis
813 1694 872 1720 suit.

78 1731 119 1757 44
141 1731 233 1759 Videte
257 1741 327 1759 nunc
349 1733 480 1759 maiorum
503 1733 674 1768 sapientiam,
699 1733 759 1767 qui,
788 1741 873 1767 quum

77 1767 209 1800 Siciliam,
227 1773 278 1795 tam
293 1774 473 1805 opportunum
488 1770 641 1797 subsidium
656 1769 720 1796 belli
734 1774 813 1805 atque
828 1778 875 1804 pa-

76 1806 124 1837 cis,
141 1806 173 1833 ad
187 1807 382 1842 rempublicam
396 1807 591 1839 adiunxissent,
609 1812 679 1834 tanta
693 1816 755 1833 cura
770 1807 873 1833 Siculos

75 1843 143 1869 tueri
158 1852 188 1870 ac
201 1845 313 1871 retinere
328 1845 479 1876 voluerunt,
496 1850 525 1871 ut
539 1853 590 1872 non
605 1845 683 1871 modo
696 1854 788 1871 00111111
803 1845 873 1880 agris

76 1881 189 1918 vectigal
208 1890 308 1908 novum
329 1882 434 1909 nullum
457 1883 637 1917 imponerent,
663 1882 709 1908 sed
732 1891 764 1908 ne
789 1882 873 1918 legem
895 1903 896 1907 ,

75 1919 186 1954 quidem
205 1919 366 1947 venditionis
384 1920 571 1951 decumarum,
592 1928 659 1946 neve
677 1920 814 1946 vendundi
829 1924 874 1946 aut

75 1960 183 1991 tempus
201 1961 247 1983 aut
266 1957 353 1984 locum
375 1961 582 1983 commutarent:
611 1961 640 1983 ut
662 1962 733 1983 certo
756 1961 874 1992 tempore

76 1994 147 2025 anni,
165 1998 194 2020 ut
208 1994 317 2026 ibidem,
334 1995 361 2021 in
376 1994 476 2026 Sicilia,
493 1994 610 2029 denique
625 1998 653 2020 ut
668 1994 724 2030 lege
735 1995 873 2020 Hieronica

76 2031 234 2058 venderent:
252 2031 394 2058 voluerunt
407 2040 451 2058 eos
466 2033 493 2058 in
507 2032 564 2058 suis
579 2032 659 2057 rebus
674 2032 746 2066 ipsos
761 2033 874 2058 interes-

75 2076 118 2100 se,
143 2077 290 2103 eorumque
308 2069 411 2096 animos
431 2078 482 2095 non
502 2069 579 2095 modo
599 2068 655 2104 lege
675 2078 755 2099 nova,
775 2070 821 2095 sed
841 2077 873 2095 ne

76 2106 183 2132 nomine
196 2106 306 2141 quidem
323 2106 389 2142 legis
404 2115 473 2133 novo
485 2107 656 2133 commoveri.
685 2107 725 2132 ⁴5.
741 2107 777 2132 Ita
791 2106 873 2133 decu-

75 2151 133 2169 mas
157 2143 214 2179 lege
232 2143 369 2169 Hieronica
391 2152 497 2178 semper
519 2143 676 2170 vendundas
699 2148 870 2175 censuerunt,

75 2184 106 2207 ut
119 2181 153 2207 iis
167 2180 309 2207 iucundior
323 2185 392 2207 esset
406 2181 525 2207 muneris
544 2180 618 2207 illius
637 2180 750 2212 functio,
771 2182 794 2207 si
813 2182 872 2207 eius

75 2218 154 2254 regis,
170 2218 218 2253 qui
233 2217 331 2245 Siculis
345 2218 500 2244 carissimus
516 2217 578 2249 suit,
596 2227 646 2244 non
660 2218 748 2244 solum
763 2219 872 2245 institu-

75 2258 109 2287 ta,
125 2259 287 2282 commutato
301 2256 421 2290 imperio,
438 2264 530 2282 verum
545 2255 623 2281 etiam
635 2265 730 2282 nomen
742 2261 870 2283 maneret.

74 2292 128 2320 Hoc
145 2293 203 2319 iure
221 2297 280 2319 ante
299 2293 405 2319 Verrem
429 2297 574 2327 praetorem
594 2292 677 2319 Siculi
699 2302 806 2328 semper
829 2295 870 2320 usi
893 2314 894 2320 .

75 2334 151 2357 sunt:
179 2330 223 2357 hic
237 2331 342 2365 primus
356 2331 476 2357 instituta
495 2330 629 2361 omnium,
649 2331 869 2357 consuetudinem
893 2332 894 2363 ᾗ

74 2376 89 2394 a
103 2368 249 2394 maioribus
264 2368 399 2399 traditam,
415 2367 594 2394 conditionem
609 2368 754 2399 amicitiae,
770 2369 813 2395 ius
827 2378 871 2395 so-
892 2382 900 2396 ’1

74 2405 185 2436 01013115,
201 2404 351 2431 convellere
365 2409 390 2431 et
403 2409 566 2431 commutare
580 2413 663 2430 ausus
678 2409 727 2431 est.

130 2442 184 2469 vn.
208 2443 248 2468 16.
270 2441 327 2474 Qua
346 2443 373 2469 in
392 2451 419 2468 re
438 2443 555 2477 primum
575 2441 641 2467 illud
660 2442 825 2477 reprehendo
845 2447 870 2469 01

74 2487 183 2511 accuso,
200 2479 287 2506 curin
303 2488 330 2506 10
344 2483 397 2506 tam
413 2484 513 2510 vetere,
531 2484 582 2505 tam
597 2479 702 2511 usitata,
719 2480 867 2515 quidquam

75 2517 136 2543 novi
151 2516 253 2543 feceris.
295 2517 404 2552 Ingenio
417 2516 520 2552 aliquid
535 2520 674 2542 assecutus
688 2516 734 2542 es‘?
760 2517 808 2543 Tot
822 2517 869 2543 ho-

74 2553 160 2580 mines
178 2554 390 2588 sapientissimos
409 2559 434 2580 et
451 2554 628 2585 clarissimos,
647 2554 694 2588 qui
716 2553 788 2580 illam
808 2563 869 2589 pro-

74 2590 189 2617 vinciam
203 2595 263 2617 ante
277 2595 301 2618 te
316 2595 471 2622 tenuerunt,
492 2591 632 2626 prudentia
646 2591 813 2626 consilioque
829 2592 869 2617 vi—

72 2627 152 2654 cisti?
168 2628 215 2654 Est
228 2632 314 2659 tuum,
330 2633 371 2655 est
384 2629 484 2664 ingenii
499 2628 706 2663 diligentiaeque
721 2633 791 2655 tuae.
832 2629 868 2654 Do

73 2664 123 2692 hoc
137 2665 184 2691 tibi
199 2669 225 2692 et
236 2665 361 2693 concedo.

401 2666 474 2697 Scio,
496 2670 520 2692 te
535 2666 644 2696 Romae,
664 2674 750 2701 quum
766 2671 868 2701 praetor
889 2686 897 2692 ..

938 132 1025 158 LIB.
1048 132 1091 158 111.
1126 132 1223 158 CAP.
1260 134 1374 159 2—9.
1676 136 1724 160 ‚³855

930 211 1016 233 esses,
1037 202 1122 229 edicto
1140 207 1186 230 tuo
1204 204 1386 238 possessiones
1405 203 1582 230 hereditatum
1602 213 1614 230 a
1635 205 1724 231 liberis

930 240 963 265 ad
977 223 1085 271 alienos,
1101 249 1115 266 a
1126 241 1220 275 primis
1231 241 1375 267 heredibus
1390 241 1423 268 ad
1436 241 1577 272 secundos,
1593 251 1606 267 a
1619 242 1660 277 1οὲ
1654 242 1724 268 ibus

931 276 963 303 ad
987 277 1126 303 libidinem
1149 282 1221 304 tuam
1245 278 1389 304 tratulisse.
1430 278 1504 310 Scio,
1528 284 1553 305 te
1576 278 1660 305 edicta
1679 288 1726 305 su-

931 315 1065 348 periorum
1080 315 1200 341 omnium
1213 316 1368 346 correxisse,
1385 319 1410 342 et
1423 316 1606 350 possessiones
1620 316 1726 342 heredi-

931 356 1014 377 tatum
1029 361 1081 378 non
1096 352 1244 378 secundum
1259 361 1315 383 005,
1332 354 1379 388 qui
1394 353 1551 388 proferrent,
1568 353 1616 379 sed
1630 362 1726 380 secun-

931 388 996 414 dum
1011 398 1068 419 eos,
1085 390 1131 424 qui
1145 389 1263 416 dicerent
1277 395 1462 417 testamentum
1478 390 1586 421 facturn
1603 390 1723 417 dedisse:

931 434 1029 460 easque
1048 435 1089 452 res
1108 435 1190 453 novas
1209 427 1255 453 abs
1275 432 1299 453 te
1318 427 1432 462 prolatas
1451 432 1476 454 et
1493 429 1614 454 inventas
1630 437 1726 464 magno

906 471 908 499 1
932 463 979 488 tibi
994 464 1117 497 quaestui
1132 463 1215 490 fuisse
1229 465 1297 490 scio.¹
1314 465 1494 508 eumdemque
1508 470 1532 491 te
1543 466 1654 492 memini
1664 474 1726 492 cen-

906 515 907 518 «
932 500 1015 526 sorias
1033 509 1141 535 quoque
1161 501 1231 536 leges
1250 502 1277 527 in
1296 503 1374 528 sartis
1393 503 1468 529 100115
1482 503 1621 538 exigendis
1636 502 1726 529 tollere

931 541 957 563 et
974 543 1150 564 commutare:
1180 547 1212 564 110
1231 539 1253 564 15
1273 539 1425 571 redimeret,
1448 540 1507 566 cuia
1526 549 1567 566 res
1581 545 1664 566 esset:
1694 548 1726 566 ne

932 574 1035 608 pupillo
1049 579 1148 601 1010105
1162 576 1362 611 propinquique
1375 561 1552 607 consulerent,
1570 586 1624 612 quo
1635 578 1725 603 11111105

931 611 1045 638 fortunis
1059 613 1185 638 omnibus
1199 618 1372 640 everteretur:
1397 615 1522 650 exiguam
1541 614 1612 640 diem
1632 614 1726 649 praefi-

931 649 987 674 11110
1001 650 1083 684 operi,
1100 659 1152 684 qua
1166 654 1266 676 ceteros
1280 651 1313 677 ab
1328 652 1432 686 negotio
1446 652 1610 682 excluderes,
1626 653 1683 687 ipse
1697 653 1725 678 in

930 690 976 712 tuo
990 686 1155 721 redemptore
1171 687 1272 714 nullam
1286 692 1383 714 certam
1398 689 1468 714 diem
1483 689 1578 715 observ
1581 698 1647 715 ares.
1684 690 1724 716 ⁴7

930 723 1109 765 Quamobrem
1124 733 1175 750 nov
1178 733 1219 750 am
1234 724 1319 760 legem
1334 730 1358 751 te
1369 726 1395 751 in
1407 726 1527 752 decumis
1537 727 1661 752 statuisse
1674 735 1725 753 non

931 761 1024 791 miror,
1041 761 1197 787 hominem'
1191 771 1218 788 111
1232 763 1325 788 edictis
1339 763 1489 805 praetoriis,
1505 765 1533 789 in
1547 764 1673 790 censoriis
1688 764 1726 790 le-

930 798 1010 833 g1bus
1021 802 1074 824 tam
1086 798 1252 833 prudentem,
1268 804 1320 825 tam
1330 800 1517 827 exercitatum:
1531 809 1591 832 non,
1603 802 1722 836 iuquam,

930 835 1025 866 miror,
1046 840 1070 862 te
1084 835 1187 870 aliquid
1201 837 1378 872 excogitasse.
1407 837 1467 868 sed,
1487 838 1560 872 quod
1575 842 1619 864 tua
1633 843 1726 881 sponte

930 873 1037 898 iniussu
1056 873 1148 908 populi
1167 874 1224 900 sine
1243 879 1351 900 senatus
1370 876 1523 901 auctoritate
1542 875 1598 901 iura
1617 877 1726 909 provin-

930 910 985 936 ciae
1000 910 1106 936 Siciliae
1121 912 1246 943 mutaris,
1262 911 1290 938 id
1305 912 1478 946 reprehendo,
1495 912 1523 938 id
1537 921 1641 938 accuso.
1686 915 1723 938 18.

930 948 959 973 L.
976 947 1086 974 Octavio
1103 952 1128 974 et
1142 948 1171 975 C.
1187 948 1276 975 Cottae
1294 949 1452 976 consulibus
1471 954 1579 976 senatus
1594 950 1723 984 permisit,

929 989 959 1011 ut
973 985 1029 1011 vini
1044 990 1069 1011 et
1082 985 1133 1012 olei
1147 986 1274 1013 decumas
1288 991 1314 1013 et
1332 986 1441 1023 frugum
1460 987 1637 1018 minutarum,
1658 996 1726 1022 quas

929 1026 989 1048 ante
1011 1026 1035 1048 te
1058 1027 1212 1057 quaestores
1236 1024 1263 1050 in
1287 1024 1377 1050 Sicilia
1401 1024 1516 1051 vendere
1541 1030 1723 1055 consuessent,

928 1060 1027 1086 Rornae
1047 1060 1203 1092 venderent,
1226 1061 1366 1097 legemque
1384 1062 1426 1088 his
1444 1062 1538 1093 rebus,
1559 1070 1639 1097 quam
1659 1063 1726 1097 ipsis

929 1097 1077 1129 videretur,
1094 1098 1235 1125 edicerent.
1276 1098 1364 1131 Quum
1380 1099 1473 1126 locatio
1487 1099 1572 1130 fieret,
1588 1099 1724 1134 publicani

929 1134 1106 1170 postularunt,
1124 1136 1254 1170 quasdam
1270 1145 1312 1162 res
1323 1141 1352 1162 ut
1362 1137 1394 1162 ad
1406 1136 1491 1172 legem
1502 1137 1629 1163 adderent
1640 1146 1725 1172 neque

929 1177 1017 1199 tamen
1031 1181 1046 1198 a
1059 1174 1186 1199 censoriis
1200 1174 1293 1200 ceteris
1309 1174 1414 1209 legibus
1428 1174 1589 1201 recederent.
1631 1175 1724 1201 Contra

929 1210 997 1236 dixit
1010 1210 1047 1241 is,
1063 1211 1110 1245 qni
1125 1219 1188 1237 casu
1204 1216 1260 1237 tum
1274 1212 1372 1237 Romae
1387 1211 1437 1238 suit
1452 1216 1514 1238 1005
1530 1212 1640 1246 hospes,
1663 1213 1726 1238 Vei·-

929 1256 979 1278 res,
997 1247 1104 1282 hospeS,
1120 1248 1241 1283 inquam,
1257 1254 1282 1275 et
1297 1248 1435 1275 familiaris
1450 1254 1522 1280 tuus,
1540 1249 1667 1276 Sthenius
1683 1249 1725 1275 hic

929 1285 1127 1312 Thermitanus.
1150 1286 1280 1312 Consules
1290 1295 1412 1312 caussam
1423 1291 1613 1322 cognoverunt.
1635 1287 1723 1319 Quum

928 1323 999 1348 viros
1014 1323 1154 1357 primarios
1168 1328 1248 1358 atque
1262 1323 1444 1358 amplissimos
1458 1325 1573 1350 civitatis
1588 1325 1686 1351 multos
1697 1325 1723 1350 in

927 1360 1070 1386 consilium
1085 1360 1270 1391 advocassent,
1291 1361 1324 1387 de
1342 1361 1446 1388 consilii
1462 1362 1591 1388 sententia
1607 1370 1725 1396 pronun-

928 1397 1036 1427 tiarunt,
1053 1406 1082 1423 se
1098 1397 1155 1433 lege
1169 1398 1306 1425 Hieronica
1321 1398 1486 1426 vendituros.
1514 1399 1579 1425 Vlll.
1598 1400 1636 1425 ⁴9.
1654 1400 1724 1425 Itane

928 1434 1007 1460 vero‘?
1021 1435 1225 1469 prudentissimi
1240 1437 1299 1467 viri,
1316 1444 1421 1462 summa
1436 1437 1589 1462 auctoritate
1601 1436 1721 1471 praediti,

927 1472 1027 1506 quibus
1042 1477 1150 1498 senatus
1165 1472 1255 1508 legum
1270 1473 1444 1499 dicendarum
1458 1474 1485 1500 in
1505 1473 1622 1500 locandis
1643 1474 1723 1500 vecti-

927 1509 1035 1543 galibus
1058 1518 1164 1536 omnem
1189 1515 1344 1545 potestatem
1369 1512 1526 1545 permiserat
1552 1511 1723 1546 populusque

927 1548 1061 1573 Romanus
1077 1548 1197 1578 iusserat,
1215 1548 1306 1574 Siculo
1319 1557 1373 1574 uno
1388 1553 1533 1579 recusante,
1550 1557 1611 1574 cum
1627 1548 1723 1582 ampli-

928 1584 1047 1610 ficatione
1062 1584 1243 1620 vectigalium,
1261 1594 1357 1612 nomen
1372 1586 1524 1612 Hieronicae
1541 1586 1606 1621 legis
1621 1591 1723 1612 mutare

927 1621 1083 1648 noluerunt.¹
1100 1626 1137 1653 tu,
1155 1622 1233 1648 1101110
1247 1623 1351 1649 1111011111
1366 1623 1479 1653 consilii,
1497 1623 1599 1649 nullius
1609 1624 1723 1649 auctori-

927 1659 995 1689 tatis,
1013 1659 1119 1685 iniussu
1134 1660 1226 1694 populi
1242 1669 1271 1685 ac
1285 1665 1393 1686 senatus
1410 1665 1460 1687 tota
1472 1660 1562 1686 Sicilia
1575 1666 1720 1689 recusante.

926 1705 987 1722 cum
1000 1697 1117 1723 maximo
1127 1697 1285 1723 detrimento
1295 1702 1373 1732 atque
1385 1698 1450 1723 adeo
1460 1699 1540 1724 exitio
1552 1698 1721 1733 vectigalium

927 1738 1006 1760 totam
1021 1734 1186 1760 Hieronicam
1203 1734 1287 1769 legem
1303 1734 1456 1761 sustulisti?
1487 1737 1528 1761 20.
1544 1735 1577 1762 At
1590 1744 1670 1770 quam
1687 1735 1723 1761 10-

926 1779 986 1806 gem
1001 1771 1122 1807 corrigit,
1142 1772 1258 1802 iudices,
1275 1777 1354 1807 atque
1369 1772 1434 1799 adeo
1449 1777 1528 1798 totam
1544 1772 1623 1799 tollit!
1653 1773 1723 1798 Acu-

927 1809 1029 1834 tissimc
1044 1818 1072 1834 ae
1087 1809 1293 1844 diligentissime
1304 1811 1443 1844 scriptam:
1460 1818 1529 1844 quae
1539 1810 1664 1836 omnibus
1676 1819 1723 1836 eu-

925 1845 1019 1872 stodiis
1033 1846 1184 1872 subiectum
1196 1852 1322 1873 aratorem
1335 1847 1482 1874 decumano
1494 1847 1580 1878 tradit,
1597 1852 1626 1874 ut
1637 1856 1723 1882 neque

926 1884 952 1909 in
967 1884 1104 1919 segetibus
1119 1892 1206 1919 neque
1220 1885 1247 1911 in
1262 1885 1329 1910 areis
1350 1894 1436 1919 neque
1455 1885 1481 1910 in
1501 1885 1614 1915 horreis,
1637 1893 1722 1919 neque

925 1921 952 1946 in
967 1921 1114 1947 amovendo
1129 1930 1215 1964 neque
1228 1922 1253 1948 in
1264 1922 1422 1957 asportando
1434 1922 1568 1948 frumento
1577 1931 1659 1958 grano
1670 1931 1723 1948 uno

925 1962 1015 1993 posset
1034 1963 1118 1985 arator
1136 1960 1194 1985 51110
1213 1960 1328 1986 maxima
1348 1968 1431 1994 poena
1451 1959 1572 1986 fraudare
1595 1960 1722 1986 1111011111-

926 2004 1001 2021 1111111.
1024 1995 1129 2039 Stripta
1143 1996 1185 2022 lex
1200 1997 1235 2022 ita
1251 1997 1393 2032 diligenter
1403 2001 1451 2027 est,
1469 2002 1497 2023 ut
1508 2006 1569 2023 eum
1581 1997 1722 2032 50111151551

924 2038 1062 2068 appareat,
1084 2034 1152 2068 qui
1146 2033 1196 2060 alia
1213 2034 1351 2069 vectigalia
1369 2043 1419 2060 uon
1437 2034 1557 2066 haberet,
1585 2036 1619 2061 ita
1635 2039 1719 2065 1111110,

925 2075 954 2096 ut
970 2070 1106 2103 Siculnm¹
1124 2071 1160 2097 ita
1173 2080 1274 2101 serere,
1293 2076 1319 2098 ut
1336 2076 1361 2107 t)
1365 2080 1492 2098 rannum:
1508 2081 1560 2106 qua
1578 2072 1617 2097 10Η
1602 2081 1633 2103 ,10
1644 2072 1721 2098 Sicu-

926 2107 958 2133 115
979 2113 1065 2134 111111011
1086 2092 1158 2134 111-1110
1178 2109 1325 2143 expediret.
1367 2110 1433 2135 Nam
1453 2109 1487 2135 ita
1503 2109 1645 2144 ‹titigcnur
1658 2118 1720 2136 con-

924 2145 1015 2171 stituta
1031 2150 1094 2171 511111
1109 2147 1165 2171 iura
1180 2146 1393 2177 de‹.·11111n110,ut
1413 2151 1499 2172 tamen
1519 2147 1551 2172 ab
1567 2147 1651 2173 invito
1665 2156 1692 2172 111·
1694 2156 1720 2172 a-

924 2186 978 2208 1010
993 2182 1055 2217 111115
1069 2183 1181 2209 decuma
1198 2192 1248 2209 11011
1265 2188 1354 2218 1105501
1368 2183 1476 2210 auferri.

978 2221 1019 2246 et.
1041 2220 1131 2252 Quum
1151 2220 1215 2247 haec
1234 2226 1323 2247 essent
1341 2221 1376 2246 ita
1394 2222 1549 2249 constituta,
1572 2221 1664 2247 Verres
1686 2226 1719 2246 tot

923 2257 1000 2283 annis
1014 2261 1093 2291 1111100
1109 2257 1174 2283 adeo
1188 2258 1302 2283 sacculis
1317 2259 1442 2284 inventus
1456 2263 1509 2288 est,
1525 2259 1572 2292 qui
1590 2258 1652 2284 haee
1669 2267 1718 2284 non

922 2298 1110 2324 commutaret,
1131 2294 1177 2320 sed
1196 2300 1338 2326 everteret,
1359 2304 1456 2329 eaque,
1478 2304 1547 2330 quae
1567 2295 1666 2321 iamdiu
1686 2295 1718 2320 ad

923 2330 1036 2357 salutem
1057 2332 1189 2357 sociorum
1210 2332 1406 2366 utilitatemque
1426 2332 1588 2366 reipublicae
1611 2341 1719 2367 courmo-

922 2368 972 2394 sita
997 2373 1202 2403 comparataque
1227 2373 1329 2400 esseut,
1358 2369 1390 2395 ad
1418 2378 1481 2395 suos
1505 2369 1718 2403 improbissimos¹

922 2410 1050 2440 quaestus
1065 2411 1242 2432 rameru-ret:
1270 2407 1317 2441 qui
1337 2407 1454 2440 primum
1473 2411 1558 2432 0011115
1575 2407 1717 2433 instituerit

923 2443 1029 2468 1101111110
1053 2443 1229 2473 decumanos,
1255 2452 1282 2469 re
1305 2452 1365 2469 vera
1384 2444 1519 2470 111inistros
1540 2452 1569 2470 ac
1589 2444 1717 2470 satellites

921 2479 1097 2514 cupiditatum
1113 2489 1237 2513 suarum;
1262 2489 1309 2515 per
1321 2489 1390 2515 quos
1403 2481 1541 2507 ostendam
1556 2481 1594 2507 sic
1609 2482 1717 2516 provin-

920 2517 987 2542 ciam
1005 2525 1051 2551 per
1066 2517 1209 2544 triennium
1226 2522 1346 2544 vexatam
1358 2522 1437 2553 atque
1449 2523 1586 2549 vastatam,
1603 2519 1714 2549 10111005,

898 2574 899 2578 ,
920 2558 949 2580 01
967 2563 1024 2580 eam
1045 2555 1137 2581 multis¹
1156 2556 1232 2581 annis
1252 2555 1395 2581 multorum
1411 2556 1559 2582 innocentia
1574 2557 1715 2591 sapientia-

919 2599 972 2625 que
991 2600 1107 2618 reereare
1126 2601 1301 2627 nequeamus.
1343 2593 1388 2619 ΙΧ.
1404 2594 1446 2619 22.
1466 2593 1564 2619 Eorum
1583 2594 1712 2623 omnium,

919 2629 966 2663 qui
980 2628 1121 2655 decumani
1137 2630 1307 2659 vocabantur.
1325 2630 1449 2664 princeps
1463 2635 1518 2656 crat
1531 2630 1562 2662 Q.
1576 2630 1620 2657 ille
1632 2632 1716 2666 Apro-

919 2666 995 2697 nius,
1016 2675 1097 2701 quem
1117 2667 1227 2694 videtis:
1252 2666 1285 2694 de
1303 2668 1380 2694 cuius
1400 2667 1566 2702 improbitate
1585 2669 1713 2704 singulari
