1941 3052
196 121 251 145 422.
279 119 312 144 M.
341 119 370 144 T.
397 118 650 145 CICERONIS
680 118 731 144 DE
764 118 947 144 NATURA
977 117 1163 144 DEORUM
1194 118 1274 144 LIB.
1301 119 1337 144 ΙΙ.
1365 118 1455 146 (ΣΑΡ.
1486 120 1580 144 i—t.

117 190 137 216 1.
162 191 184 216 l.
207 184 288 221 Quae
308 198 394 224 quum
410 189 483 216 Cotta
503 189 633 220 dixisset,
657 194 713 216 tum
727 189 856 220 Velleius,

63 227 118 253 Nae
128 235 190 262 ego,
208 227 310 261 inquit,
324 227 462 257 incautus,
476 228 523 262 qui
535 236 597 253 cum
608 227 767 253 Academico
778 232 803 253 et
814 235 859 253 eo-

63 263 125 290 dem
136 264 240 290 rhetore
255 264 383 299 congredi
398 269 508 291 conatus
520 265 585 290 sim!
608 266 675 291 Nam
688 273 775 299 neque
786 264 858 290 indi-

63 305 164 328 sertum
175 301 366 327 Academicum
378 303 588 336 pertimuissem,
603 311 652 328 nee
662 302 720 328 sine
734 302 781 328 ista
796 301 859 336 phi—

63 337 184 372 losophia
195 338 337 370 rhetorem,
350 340 476 373 quamvis
487 339 670 374 eloquentem:
688 348 775 374 neque
786 340 858 364 enim

63 374 173 402 flumine
191 376 334 402 conturbor
350 377 471 403 inanium
488 377 633 403 verborum
647 386 695 403 nee
710 376 858 402 subtilitate
879 374 881 404 l

62 413 265 444 sententiarum,
278 423 302 439 ει
312 415 440 440 orationis
451 419 491 440 est
501 415 618 440 siccitas.
636 415 676 440 Tu
687 418 784 442 autem,
798 414 860 440 Cot·
879 409 881 445 ζ

63 454 96 480 ta,
106 454 252 485 utraquere
264 450 388 477 valuisti:
402 460 497 478 corona
505 451 696 478 tibietiudices
704 451 858 477 defuerunt.
879 451 881 479 l

62 486 116 513 Sed
127 487 159 514 ad
172 488 221 514 ista
233 488 312 514 alias:
321 497 402 543 Γ,ιιιιιιε
414 489 563 520 Lucilium,
582 489 605 514 si
622 490 674 523 ipsi
686 488 859 515 commodum

62 528 110 555 est,
127 525 280 551 audiamus.
368 526 436 552 Tum
452 526 565 557 Balbus,
582 526 715 552 Eumdem
732 525 859 560 equidem

62 545 171 588 mallem
186 562 280 588 audire
295 563 411 594 Cottam,
433 563 512 594 dum,
535 572 588 598 qua
604 563 756 598 eloquentia
778 562 859 588 salsos
879 562 881 590 ἶ

62 599 126 625 deos
137 600 256 630 sustulit
271 600 364 626 eadem
376 609 452 627 veros
464 601 583 627 inducat.
618 601 665 627 Est
676 601 748 627 enim
761 605 785 626 et
796 597 880 634 phi·
879 612 881 636 3

62 635 168 671 losophi
180 641 205 663 et
216 638 350 672 pontificis
361 642 386 664 et
396 637 485 664 Cottae
497 638 529 664 de
541 638 595 664 diis
606 637 804 664 immortalibus
811 637 880 662 ha-

61 673 125 700 bere
139 683 191 700 non
207 680 339 701 errantem
353 680 379 701 et
396 684 504 711 vagam,
523 680 552 702 ut
566 675 732 705 Academici,
750 674 811 705 sed,
831 678 860 699 ut
879 675 881 708 ξ

62 712 160 743 nostri,
177 712 302 738 stabilem
317 717 471 747 certamque
482 713 652 739 sententiam.
693 713 761 738 Nam
769 716 859 737 contra

61 748 210 783 Epicurum
226 750 291 776 satis
305 758 441 784 superque
456 750 559 776 dictum
575 754 623 776 est.
665 749 718 775 Sed
733 757 798 775 aveo
810 757 859 774 au-

61 785 129 817 dire,
143 791 171 813 tu
183 787 249 821 ipse,
263 787 346 818 Cotta,
359 787 427 821 quid
438 788 548 814 sentias.
583 787 633 818 An,
648 787 744 821 inquit,
757 786 858 812 oblitus
879 794 880 799 ¹

62 832 104 854 es,
117 823 184 858 quid
197 825 274 851 initio
287 824 418 855 dixerim,
435 824 543 851 facilius
555 833 610 851 me.
624 824 724 851 talibus
737 832 859 858 praeser—

62 862 110 887 tim
122 861 154 887 de
167 862 256 892 rebus,
265 861 331 897 quid
338 870 390 888 non
402 863 629 896 sentirem,quam
640 861 708 896 quid
718 862 857 891 sentirem,

61 907 140 933 posse
151 898 258 925 dicere‘.>
287 901 312 925 3.
334 898 411 931 Quod
426 900 449 925 si
461 899 588 925 haberem
602 898 720 933 aliquid,
738 898 810 933 quod
826 898 859 924 li-
879 914 881 922 ,

61 940 168 971 queret,
186 941 274 962 tamen
290 940 314 962 te
326 937 449 963 vicissim
463 936 556 963 audire
568 936 679 967 vellem,
702 945 788 971 quum
801 937 858 970 ipse
880 959 881 962 ,

61 977 114 1000 tam
126 973 210 1000 multa
220 973 363 1000 dixissem.
404 975 472 1000 Tum
483 973 591 1005 Balbus,
606 974 703 1000 Geram
716 974 799 1009 igitur
809 973 858 1000 tibi

61 1019 171 1041 morem,
178 1016 287 1046 etagam
293 1020 375 1046 quam
382 1011 544 1038 brevissime
554 1016 659 1046 potero;
676 1012 785 1041 etenim,
794 1020 859 1037 eon-

60 1049 140 1075 victis
156 1049 266 1083 Epicuri
282 1049 431 1080 erroribus,
456 1049 533 1085 longa
552 1049 585 1075 de
601 1058 658 1075 mea
676 1049 858 1083 disputatione
879 1050 888 1075 'i

60 1085 176 1112 detracta
196 1087 280 1113 oratio
300 1091 349 1113 est.
389 1086 507 1113 Omnino
529 1086 657 1113 dividunt
675 1087 759 1113 nostri
779 1091 858 1113 totam

60 1123 139 1150 istam
160 1123 193 1149 de
213 1123 267 1150 diis
291 1124 489 1150 immortalibus
512 1125 698 1159 quaestionem
722 1125 750 1150 in
770 1129 859 1159 partes

60 1165 195 1196 quattuor.
236 1161 357 1187 Primum
369 1161 465 1188 docent
478 1170 537 1188 esse
548 1162 626 1194 deos;
639 1161 751 1192 deinde,
764 1161 859 1196 quales

60 1199 127 1231 sint3
151 1203 222 1229 tum,
241 1198 373 1225 mundum
390 1199 423 1225 ab
439 1200 473 1225 iis
493 1199 688 1231 administrari,
713 1204 856 1233 postremo,

60 1235 201 1262 consulere
220 1244 265 1262 eos
285 1236 366 1262 rebus
385 1236 522 1263 humanis.
563 1237 617 1263 Nos
632 1241 721 1263 autem
737 1236 786 1262 hoc
802 1245 859 1262 ser-

60 1282 153 1304 mone,
176 1282 244 1308 quae
261 1274 348 1308 priora
364 1273 418 1301 duo
434 1279 509 1305 sunt,
532 1283 687 1300 sumamus:
710 1275 818 1300 tertium
834 1278 860 1300 et

60 1315 196 1345 quartum,
212 1311 275 1346 quia
288 1311 386 1338 maiora
399 1316 470 1342 sunt,
481 1316 544 1346 puto
555 1320 613 1338 esse
625 1312 653 1338 in
665 1311 739 1337 aliud
752 1316 858 1346 tempus

59 1348 218 1375 disserenda.
260 1349 370 1375 Minime
382 1357 454 1379 vero,
470 1349 558 1384 inquit
571 1349 657 1376 Cotta:
672 1358 732 1375 nani
745 1354 770 1375 et
781 1349 858 1376 otiosi

60 1394 165 1417 sumus,
179 1391 205 1413 et
216 1386 249 1412 iis
260 1385 293 1412 de
307 1386 388 1413 rebus
398 1387 516 1422 agimus,
529 1395 599 1421 quae
610 1391 674 1413 sunt
685 1387 765 1413 etiam
777 1395 859 1422 nego—

61 1424 106 1450 tiis
119 1423 330 1458 anteponendae.

114 1461 146 1487 11.
169 1462 193 1487 4.
215 1461 283 1487 Tum
301 1461 436 1492 Lucilius,
459 1462 497 1487 Ne
513 1469 592 1496 egere
612 1461 723 1496 quidem
741 1461 856 1493 videtur,

59 1499 163 1533 inquit,
180 1499 298 1525 oratione
315 1499 400 1533 prima
417 1507 488 1533 pars.
529 1498 600 1530 Quid
616 1499 688 1525 enini
703 1503 790 1533 potest
800 1508 859 1525 esse

59 1540 112 1562 tam
128 1540 250 1570 apertum
262 1540 370 1570 tamque
386 1537 574 1571 perspicuum,
590 1545 676 1570 quum
692 1536 796 1562 caelum
812 1545 859 1563 su-

59 1574 210 1607 speximus,
219 1573 398 1608 caelestiaque
408 1573 580 1608 contemplati
591 1582 697 1605 sumus,
706 1582 788 1608 quam
800 1583 858 1600 esse

60 1610 170 1645 aliquod
181 1619 281 1637 numen
295 1611 539 1645 praestantissimae
552 1612 658 1643 mentis,
675 1620 728 1646 quo
740 1611 805 1638 haec
818 1621 859 1637 re-

59 1647 174 1683 gantur?
202 1648 279 1679 Quod
301 1649 328 1674 ni
350 1649 384 1674 ita
404 1653 487 1680 esset,
519 1650 567 1683 qui
594 1649 725 1683 potuisset
745 1658 858 1676 assensu

59 1686 181 1712 omnium
194 1685 283 1712 dicere
294 1686 414 1712 Ennius:

96 1722 195 1755 'Aspice
215 1725 260 1750 hoc
279 1725 385 1750 sublima
397 1725 520 1753 candens,
543 1732 617 1757 quem
637 1725 756 1750 invocant
775 1728 860 1750 omnes

471 1761 567 1792 Iovem,·

60 1795 138 1823 illum
152 1805 214 1824 vero
224 1801 250 1824 et
260 1798 363 1828 lovem,
377 1801 403 1824 et
413 1797 607 1824 dominatorem
621 1807 719 1829 reruni,
733 1803 759 1825 et
769 1799 858 1825 omnia

60 1838 127 1861 nutu
139 1838 285 1870 regentem,
298 1839 332 1865 et,
346 1839 375 1861 ut
386 1835 457 1861 idem
469 1835 582 1867 Ennius,

134 1887 170 1891 —
179 1877 280 1905 patrem
290 1874 423 1906 divamque
434 1874 620 1906 hominumque,

60 1913 86 1935 et
97 1913 265 1943 praesentem
282 1918 312 1935 ae
328 1914 528 1943 praepotentem
540 1909 640 1936 deum‘?
659 1909 736 1942 Quod
748 1911 796 1945 qui
808 1910 860 1937 du-

60 1945 135 1977 bitet,
145 1946 216 1972 haud
229 1955 292 1972 sane
304 1946 434 1981 intelligo,
443 1956 491 1973 cur
502 1955 553 1973 non
566 1946 647 1978 idem,
656 1947 695 1973 sol
707 1948 742 1974 sit
753 1956 786 1974 an
798 1948 860 1974 nul-

61 1982 104 2009 lus
124 1984 167 2014 sit,
190 1983 315 2010 dubitare
335 1985 430 2018 possit.
470 1985 495 2010 5.
517 1984 588 2016 Quid
604 1985 677 2010 enim
693 1989 734 2011 est
749 1985 798 2011 hoc
814 1985 860 2012 illo

60 2019 233 2047 evidentius?
252 2020 329 2053 Quod
346 2021 399 2047 nisi
419 2021 557 2057 cognitum
578 2021 859 2057 comprehensumque

60 2058 160 2084 animis
173 2057 348 2089 haberemus,
367 2067 418 2084 non
431 2063 484 2085 tam
496 2058 602 2085 stabilis
613 2059 705 2093 opinio
719 2068 860 2094 permane-

60 2100 108 2126 ret,
123 2104 171 2122 nec
184 2096 387 2122 confirmaretur
397 2095 573 2123 diuturnitate
585 2097 727 2131 temporis,
744 2105 793 2123 nec
808 2106 859 2124 una

60 2141 123 2159 cuni
147 2132 263 2159 saeculis
284 2133 472 2168 aetatibusque
494 2133 634 2160 hominum
652 2134 796 2160 inveterari
813 2143 860 2169 po-

60 2170 166 2197 tuisset.
206 2170 314 2197 Etenim
338 2170 477 2201 videmus,
502 2175 603 2197 ceteras
623 2172 765 2205 opiniones
786 2171 860 2198 fictas

60 2211 140 2242 atque
152 2216 235 2234 vanas
246 2207 422 2234 diuturnitate
434 2207 600 2235 extabuisse.
633 2208 701 2240 Quis
713 2209 785 2235 enim
799 2209 859 2244 liip-

60 2249 253 2279 pocentaurum
262 2244 345 2271 fuisse
352 2245 567 2272 autchimaeram
575 2245 666 2280 putat?
675 2254 780 2280 quaeve
792 2256 860 2273 anus

61 2286 114 2309 tam
125 2290 219 2308 excors
232 2282 347 2309 inveniri
359 2287 459 2316 potest,
476 2291 545 2317 quae
561 2282 620 2314 illa,
638 2291 707 2318 quae
723 2284 859 2318 quondam

60 2318 239 2346 credebantur
250 2319 321 2354 apud
334 2319 433 2346 interos
449 2324 582 2354 portentu,
599 2321 774 2347 extimescat?
794 2323 860 2356 Opi-

60 2356 173 2383 nionum
188 2357 261 2383 enim
277 2361 426 2383 commenta
442 2357 514 2383 delet
531 2357 604 2388 dies,
627 2362 736 2384 naturae
759 2359 859 2385 iudicia
881 2374 883 2385 l

60 2393 208 2420 confirmat.
249 2395 340 2428 Itaque
361 2398 388 2420 et
408 2395 435 2420 in
457 2399 546 2421 nostro
562 2394 661 2429 populo
677 2400 703 2421 et
719 2397 744 2422 in
763 2397 860 2423 ceteris

60 2429 172 2457 deorum
184 2430 273 2458 cultus
289 2431 507 2467 religionumque
521 2432 675 2458 sanctitates
686 2434 821 2460 exsistunt
833 2435 858 2460 in

59 2467 119 2494 dies
140 2468 254 2495 maiores
276 2473 355 2504 atque
377 2468 511 2495 meliores.
551 2471 576 2495 6.
600 2469 682 2504 quue
700 2471 791 2496 evenit
807 2480 858 2497 non

61 2509 160 2531 temere
180 2513 230 2532 nec
248 2514 327 2537 casu
349 2506 397 2532 sed
417 2506 489 2540 quod
506 2507 683 2540 praesentiam
705 2516 785 2542 εειομο
800 2507 857 2534 divi

60 2550 138 2568 suam
149 2541 297 2570 declarant:
313 2548 377 2570 utet
388 2543 459 2578 apud
468 2543 601 2579 Regillum
615 2543 684 2570 bello
692 2544 856 2576 Latinorum,

60 2587 147 2613 quum
168 2579 199 2606 A.
220 2580 374 2607 Postumius
394 2581 507 2607 dictator
527 2589 589 2607 eum
609 2582 719 2607 Octavio
740 2582 859 2609 Mamilio

61 2615 214 2643 Tusculano
224 2617 324 2652 praelio
339 2617 492 2648 dimicaret,
512 2618 537 2644 in
555 2622 643 2644 nostra
658 2618 715 2645 acie
726 2619 818 2646 Castor
833 2625 859 2646 et

61 2652 158 2681 Pollux
171 2662 205 2681 ex
220 2655 298 2690 equis
312 2663 434 2691 pugnare
446 2656 498 2682 visi
514 2659 590 2687 sunt,
608 2660 633 2682 et
645 2657 790 2684 recentiore
802 2665 858 2684 nie—

1643 122 1702 146 itit

910 189 994 215 moria
1006 189 1089 215 iidem
1100 189 1268 224 Tyndaridae
1279 189 1375 215 Persen
1390 189 1490 215 victum
1502 190 1705 217 nuntiaverunt.

910 228 939 253 P.
957 227 1029 252 enim
1046 227 1183 257 Vatinius,
1204 236 1271 252 avus
1285 226 1367 252 huius
1383 226 1573 257 adolescentis,
1592 236 1677 262 quum
1693 237 1706 253 e

911 264 1075 298 praefectura
1089 265 1197 290 Reatina
1209 265 1318 290 Romam
1335 265 1454 290 venienti
1471 269 1550 290 noctu
1564 264 1618 290 duo
1630 265 1707 290 iuve—

912 310 958 327 nes
974 310 1035 327 cum
1052 302 1130 335 equis
1147 301 1216 327 albis
1227 301 1373 331 dixissent,
1395 310 1484 336 regem
1497 302 1594 328 Persen
1607 302 1652 328 illo
1664 303 1707 328 die

911 344 1028 373 captum,
1037 339 1196 373 senatuique
1208 339 1400 364 nuntiavisset:
1415 339 1509 372 primo,
1519 340 1597 373 quasi
1609 345 1708 366 temere

911 376 943 401 de
956 376 1093 410 republica
1105 376 1222 404 locutus,
1240 377 1266 401 in
1278 384 1410 401 carcerem
1422 377 1559 402 coniectus
1571 382 1622 406 est;
1637 382 1705 411 post,

911 423 924 439 a
937 413 1028 439 Paullo
1041 413 1136 439 litteris
1152 413 1252 443 allatis,
1270 422 1354 447 quum
1371 413 1442 438 idem
1459 413 1517 439 dies
1533 415 1705 445 constitisset,

911 456 936 476 et
947 459 1010 485 agro
1022 459 1035 475 a
1047 455 1140 476 senatu
1152 455 1177 476 et
1189 456 1324 476 vacatione
1337 450 1451 476 donatus
1463 456 1511 476 est.
1529 452 1615 486 Atque
1627 453 1707 478 etiam

911 497 996 522 quum
1013 487 1045 513 ad
1063 487 1176 513 fluvium
1189 488 1299 522 Sagram
1316 488 1479 513 Crotoniatas
1496 489 1572 514 Locri
1590 490 1708 515 maximo

911 525 1011 559 praelio
1023 525 1200 553 devicissent,
1218 533 1248 551 eo
1260 526 1318 559 ipso
1329 525 1372 550 die
1385 525 1503 551 auditam
1516 534 1574 551 esse
1586 535 1644 552 eam
1658 535 1708 560 pu-

911 571 990 597 gnam
1004 562 1076 587 ludis
1087 562 1237 597 Olympiae,
1251 563 1393 588 memoriae
1405 563 1540 596 proditum
1553 568 1602 589 est.
1625 564 1709 598 Saepe

911 600 1064 626 Faunorum
1081 608 1159 625 voces
1175 599 1330 629 exauditae,
1348 608 1426 633 saepe
1443 600 1516 625 visae
1534 600 1632 626 formae
1644 601 1709 627 ‹leo-

911 646 970 663 rum
983 638 1108 671 quemvis
1120 645 1171 662 non
1183 642 1228 662 aut
1241 636 1363 663 hebetem
1375 642 1419 662 aut
1433 638 1548 671 impium
1561 638 1625 663 deos
1633 647 1709 672 prae-

910 680 998 700 sentes
1010 683 1069 699 esse
1081 674 1200 700 confiteri
1211 679 1365 709 coegerunt.
1406 675 1449 700 Ill.
1465 675 1489 700 7.
1511 675 1709 701 Praedictiones

911 720 974 737 vero
985 712 1220 746 etpraesensiones
1233 720 1321 737 rerum
1335 711 1486 737 suturarum
1499 712 1565 746 quid
1577 713 1650 738 aliud
1661 713 1710 739 de-

910 749 1020 779 clarant,
1034 750 1086 775 nisi
1099 749 1256 774 hominibus
1268 757 1306 778 ea,
1321 757 1389 782 quae
1402 748 1490 775 futura
1503 755 1578 779 sunt,
1592 750 1707 781 ostendi,

911 787 1066 817 monstrari,
1090 786 1226 820 portendi,
1251 785 1388 820 praedici?
1408 794 1442 811 ex
1462 795 1516 820 quo
1535 787 1579 812 illa
1596 793 1707 818 ostenta,

912 829 1038 853 monstra,
1053 828 1186 857 portenta,
1202 823 1324 858 prodigia
1336 822 1473 849 dicuntur.
1515 823 1591 855 Quod
1603 826 1625 850 si
1637 835 1666 850 ea
1680 825 1710 850 li·

911 867 951 887 cta
962 861 1099 886 credimus
1112 861 1218 886 licentia
1232 860 1382 886 fabularum
1392 881 1397 890 ,
1416 861 1538 894 Mopsum
1548 882 1553 891 ,
1567 862 1707 891 Tiresiam,

910 899 1115 933 Amphiaraum,
1128 898 1309 927 Calchantem,
1324 897 1463 926 llclenum,
1480 907 1548 932 quos
1560 904 1646 925 tamen
1662 909 1710 925 au-

910 945 991 971 gures
1012 945 1045 962 ne
1065 937 1139 970 ipsae
1160 935 1271 970 quidem
1294 934 1400 960 fabulae
1421 936 1595 967 ascivissent,
1621 937 1644 962 si
1669 946 1710 962 res

910 975 1020 999 omnino
1037 973 1202 1007 repudiaret:
1226 981 1258 998 ne
1275 972 1430 998 domesticis
1444 973 1555 1007 quidem
1577 974 1710 1008 exemplis

910 1011 981 1037 docti
997 1020 1098 1037 numen
1114 1010 1225 1036 deorum
1245 1009 1501 1044 comprobabimus?
1527 1011 1598 1036 Nihil
1618 1021 1664 1037 nos
1682 1013 1708 1037 l‘.

910 1049 1016 1075 Claudii
1036 1048 1106 1074 bello
1122 1048 1222 1074 Punico
1243 1048 1330 1081 primo
1352 1048 1486 1074 temeritas
1508 1049 1640 1079 movebit,
1663 1051 1711 1084 qui

910 1087 991 1112 etiam
1007 1095 1054 1121 per
1070 1087 1159 1112 iocum
1175 1085 1239 1111 deos
1256 1084 1384 1114 irridens,
1407 1094 1493 1119 quum
1509 1094 1588 1111 cavea
1607 1086 1711 1112 liberati

911 1124 980 1158 pulli
992 1133 1044 1150 non
1055 1127 1242 1158 pascerentur,
1261 1123 1346 1157 mergi
1362 1130 1407 1148 eos
1422 1123 1448 1148 in
1461 1132 1558 1157 aquam
1573 1124 1664 1154 iussit,
1684 1129 1712 1150 ut

911 1161 1042 1191 biberent,
1057 1161 1185 1195 quoniam
1197 1168 1255 1185 esse
1269 1159 1387 1185 nollent?
1408 1160 1460 1192 Qui
1472 1161 1552 1190 risus,
1566 1161 1651 1187 classe
1664 1161 1711 1187 de-

911 1200 994 1230 victa,
1013 1198 1110 1224 multas
1125 1199 1175 1232 ipsi
1189 1197 1326 1227 lacrimas,
1345 1205 1469 1232 magnam
1482 1198 1581 1232 populo
1595 1199 1712 1225 llomano

911 1236 1014 1262 cladem
1027 1236 1124 1262 attulit.
1166 1238 1190 1261 8.
1213 1234 1302 1266 Quid?
1317 1234 1419 1269 collega
1435 1236 1494 1260 eius
1507 1237 1600 1262 lunius
1617 1237 1711 1262 eodeni

911 1274 982 1300 bello
994 1282 1081 1300 nonne
1094 1277 1250 1307 tempestate
1265 1271 1378 1297 classem
1394 1273 1498 1303 amisit,
1516 1281 1601 1308 quum
1618 1275 1711 1307 auspi-

910 1312 960 1337 ciis
978 1321 1029 1337 non
1046 1310 1197 1345 paruisset?
1219 1310 1309 1344 ltaque
1325 1309 1455 1335 Claudius
1472 1320 1485 1336 a
1501 1311 1601 1345 populo
1612 1311 1711 1337 conde-

911 1354 1018 1375 mnatus
1030 1353 1078 1378 est,
1095 1348 1189 1374 lunius
1202 1356 1293 1373 necem
1306 1346 1358 1372 sibi
1373 1347 1429 1381 ipse
1441 1349 1582 1374 conscivit.
1609 1348 1637 1375 C.
1652 1348 1712 1375 Fla-

912 1387 1028 1412 minium
1052 1385 1159 1412 Caelius
1183 1384 1313 1420 religione
1338 1384 1456 1420 neglecta
1482 1386 1613 1412 cecidisse
1639 1386 1711 1420 apud

911 1425 1118 1450 Thrasiinenum
1130 1422 1224 1448 scribit
1235 1431 1296 1447 cum
1310 1430 1405 1457 magno
1417 1423 1581 1457 reipublicae
1590 1423 1710 1450 vulnere.

911 1462 1030 1494 Quorum
1041 1461 1123 1487 exitio
1139 1459 1253 1495 intelligi
1271 1463 1370 1494 potest,
1394 1467 1486 1486 eorum
1503 1461 1626 1494 imperiis
1641 1470 1712 1487 rein-

911 1499 1049 1534 publicam
1065 1497 1269 1532 amplificatam,
1287 1497 1334 1531 qui
1351 1497 1529 1533 religionibus
1546 1499 1710 1532 paruissent.

911 1538 956 1567 Et,
973 1537 996 1563 si
1008 1535 1129 1562 conferre
1142 1534 1268 1561 volumus
1281 1538 1369 1560 nostra
1382 1543 1444 1560 cuni
1460 1536 1593 1566 externis,
1616 1536 1712 1561 ceteris

912 1575 992 1600 rebus
1004 1578 1049 1600 aut
1061 1582 1138 1608 pares
1149 1573 1286 1598 autetiam
1299 1571 1438 1598 inferiores
1451 1574 1630 1607 reperiemur,
1650 1573 1712 1599 reli—

910 1612 1000 1647 gione,
1018 1611 1043 1637 id
1055 1615 1095 1637 est
1106 1609 1181 1636 cultu
1193 1610 1315 1639 (storum,
1333 1609 1416 1635 multo
1428 1611 1590 1644 superiores.
1630 1612 1654 1637 9.
1673 1612 1710 1636 An

911 1650 974 1676 Attii
992 1649 1070 1675 Navii
1088 1648 1170 1674 lituus
1187 1647 1246 1678 ille,
1269 1655 1324 1681 quo
1342 1647 1374 1673 ad
1391 1648 1611 1683 investigandum
1635 1656 1712 1674 sueni

911 1688 1034 1722 regiones
1047 1687 1140 1712 vineae
1157 1685 1326 1714 terminavit,
1344 1685 1558 1711 contemnendus
1570 1685 1628 1711 est?
1648 1686 1711 1712 Cre—

911 1724 1016 1754 derem,
1036 1724 1089 1749 nisi
1105 1723 1164 1749 eius
1179 1723 1294 1757 augurio
1309 1730 1356 1749 rex
1369 1722 1498 1748 llostilius
1513 1724 1629 1749 maxima
1642 1722 1712 1749 bella

910 1763 1050 1797 gessisset.
1091 1760 1143 1786 Sed
1161 1760 1323 1795 negligentia
1340 1760 1488 1786 nobilitatis
1504 1761 1612 1795 augurii
1628 1760 1713 1786 disci-

912 1799 984 1834 plina
996 1799 1109 1829 omissa,
1129 1799 1226 1824 veritas
1242 1798 1425 1832 auspiciorum
1437 1803 1524 1832 spreta
1537 1802 1590 1826 est,
1608 1799 1712 1832 species

911 1842 1014 1863 tantum
1027 1840 1137 1862 retenta.
1180 1837 1270 1870 ltaque
1283 1836 1416 1861 maximae
1434 1835 1598 1870 reipublicae
1611 1841 1709 1870 partes,

913 1875 939 1901 in
953 1875 995 1900 liis
1007 1873 1086 1905 bella,
1100 1873 1202 1907 quibus
1214 1872 1378 1907 reipublicae
1390 1872 1464 1900 salus
1475 1874 1634 1903 continetur,
1652 1873 1713 1898 nnl-

913 1912 946 1938 lis
958 1911 1089 1946 auspiciis
1101 1910 1336 1942 administrantur,
1361 1910 1433 1936 nulla
1451 1911 1587 1946 peremnia
1602 1919 1713 1936 servan·

912 1954 963 1980 tur,
978 1948 1052 1975 nulla
1063 1957 1097 1976 ex
1108 1948 1294 1979 acuminibus3
1313 1947 1382 1974 nulli
1395 1949 1446 1975 viri
1459 1953 1601 1978 vocantur,
1615 1957 1648 1974 ex
1659 1956 1713 1982 quo

912 1987 939 2013 in
955 1987 1094 2021 procinctu
1110 1991 1267 2013 testamenta
1285 1986 1431 2019 perierunt.
1472 1986 1540 2012 Tum
1557 1986 1630 2012 enini
1643 1985 1712 2011 bella

911 2033 1003 2059 gerere
1016 2024 1099 2050 nostri
1111 2023 1194 2050 duces
1209 2023 1357 2057 incipiunt,
1376 2032 1461 2058 quum
1477 2024 1597 2058 auspicia
1615 2031 1712 2057 posue-

912 2066 984 2088 runt.
1028 2062 1067 2088 lO.
1090 2061 1123 2087 At
1138 2070 1201 2087 vero
1217 2060 1289 2095 apud
1306 2062 1420 2087 maiores
1437 2066 1506 2087 tanta
1519 2060 1658 2096 religionis
1672 2060 1712 2085 vis

913 2098 972 2129 fuit,
982 2103 1010 2125 ut
1021 2098 1133 2140 quidam
1147 2100 1320 2132 imperatores
1330 2099 1410 2124 etiam
1422 2099 1526 2132 seipsos
1537 2098 1591 2124 diis
1603 2099 1713 2123 immor-

912 2135 1012 2162 talibus
1028 2136 1115 2170 capite
1128 2135 1214 2162 velato
1226 2134 1316 2161 verbis
1327 2137 1407 2161 certis
1419 2145 1466 2170 pro
1479 2135 1601 2170 republic
1604 2144 1616 2160 ι
1629 2134 1661 2160 ‹lr-
1657 2143 1712 2159 -ιο-

913 2177 1014 2199 v.erent
1056 2172 1138 2198 Multa
1154 2181 1188 2198 ex
1198 2171 1341 2207 Sibyllinis
1359 2173 1610 2201 vatiiinatimiilnis,
1630 2171 1711 2197 inulta

912 2219 945 2236 ox
957 2210 1132 2244 liar-uspimm
1145 2210 1281 2244 responsis
1292 2218 1500 2235 commemoramur«
1514 2218 1633 2244 possum
1650 2209 1712 2243 qui-

912 2247 963 2273 bus
975 2256 1004 2273 ea
1016 2246 1222 2277 contii-,nientur
1238 2255 1307 2281 quae
1321 2246 1404 2272 dubia
1418 2248 1520 2273 nemini
1531 2247 1563 2272 ‹lr-
1568 2247 1599 2272 lu
1603 2252 1629 2272 nt
1641 2254 1709 2271 isse.

913 2285 955 2311 lV.
968 2285 1050 2319 Atqui
1061 2289 1087 2310 et
1098 2290 1248 2311 nostrorum
1261 2292 1396 2319 augurum
1408 2289 1433 2310 et
1444 2285 1617 2310 Etruscorum
1631 2284 1712 2309 haru-

911 2323 1018 2356 spicum
1035 2321 1209 2356 disciplinam
1227 2322 1254 2347 Ρ.
1273 2321 1413 2356 Scipione,
1432 2321 1462 2348 C.
1481 2321 1576 2356 Figulo
1592 2320 1711 2346 consuli-

912 2359 963 2385 bus
976 2368 1017 2385 res
1030 2360 1087 2394 ipsa
1099 2359 1235 2394 probavit:
1254 2367 1322 2392 (pios
1332 2367 1418 2393 quum
1429 2359 1469 2384 Ti.
1486 2358 1634 2386 Grai-clius.
1647 2366 1711 2383 con·

911 2396 953 2422 sul
967 2397 1073 2427 iteruin,
1086 2401 1201 2427 crearet,
1215 2396 1319 2430 primus
1332 2401 1482 2430 rogatorum
1492 2416 1497 2425 ,
1514 2401 1541 2421 nt
1552 2404 1597 2421 eos
1610 2395 1709 2424 retulit.

913 2433 1014 2459 ibiilini
1031 2439 1071 2460 ‹st
1087 2439 1194 2468 ripente
1206 2437 1337 2459 mortuus.
1378 2433 1517 2458 tii-aulius
1528 2441 1614 2467 quum
1627 2433 1710 2458 ‹oini-

913 2472 946 2497 tia
963 2470 1142 2497 nihilominus
1159 2471 1319 2506 peregisse&
1344 2479 1454 2504 remque
1471 2470 1544 2496 illani
1563 2470 1588 2496 in
1602 2469 1711 2506 religio-

912 2517 972 2534 nem
985 2508 1084 2542 populo
1096 2510 1203 2534 venisse
1214 2509 1334 2535 sentiret.
1348 2507 1380 2533 ad
1391 2513 1513 2533 senatum
1529 2507 1629 2534 retulit.
1663 2507 1711 2533 Se·

911 2554 934 2571 ιι
930 2550 997 2573 itus,
1010 2554 1078 2580 quos
1089 2545 1121 2571 ad
1133 2545 1238 2575 soleret
1254 2554 1279 2571 re
1284 2544 1423 2571 somnium
1435 2545 1548 2571 censuit
1581 2545 1711 2580 llnruspi-

909 2592 954 2608 ees
971 2582 1114 2609 introducti
1131 2582 1327 2617 responderunt
1341 2591 1392 2608 non
1410 2581 1492 2608 fuisse
1508 2583 1609 2609 iustum
1625 2583 1710 2609 conii-

911 2620 1008 2646 tiorum
1021 2625 1178 2655 rogatorem.
1214 2621 1252 2645 Η.
1269 2620 1336 2645 Τιιιιι
1349 2620 1497 2651 Gracchus,
1511 2625 1540 2647 ut
1551 2628 1564 2646 e
1576 2625 1650 2654 patre
1662 2628 1710 2646 au-

910 2656 1027 2689 diebam,
1041 2657 1167 2685 incensus
1180 2657 1228 2689 ira.
1240 2657 1312 2684 {tuno
1325 2656 1406 2684 vero?
1425 2666 1474 2694 ego
1486 2666 1538 2685 uon
1551 2658 1648 2689 iustus,
1661 2658 1710 2694 qui
