1941 3052
412 151 458 177 IN
491 151 689 177 VERREM
723 150 873 177 ACT.11.

67 222 138 257 quod
160 231 218 248 eam
241 221 386 256 palaestrae
407 222 579 248 commissam
599 229 659 247 esse
676 221 774 247 dicant.
816 221 857 247 37.

67 260 169 287 Placuit
194 259 260 286 ratio
285 259 369 286 Verri.
409 259 476 285 Nam
502 259 552 285 hoc
578 259 667 285 animo
691 258 856 293 providebat,

67 307 152 334 quum
171 301 240 324 tanta
259 296 391 322 hereditas
409 297 437 322 in
455 296 661 322 controversiam
680 296 799 321 venisset
817 295 860 321 iu-

68 336 191 369 dicioque
209 339 356 368 peteretur,
376 333 432 359 fieri
451 342 503 360 non
522 342 613 368 posse,
639 337 668 359 ut
687 333 745 359 sine
764 332 859 367 praeda

68 374 125 408 ipse
139 371 296 398 discederet.
336 371 472 405 Approbat
484 371 641 397 consilium:
664 374 754 396 auctor
767 374 814 400 est,
832 374 860 395 ut

67 418 148 445 quam
162 409 280 444 primum
295 416 372 443 agere
386 408 525 443 incipiant,
546 408 736 442 hominemque
750 407 777 433 id
791 411 861 432 aeta-

68 448 101 474 tis
111 447 222 473 minime
233 445 380 481 litigiosum
391 454 472 479 quam
483 445 726 471 tumultuosissime
740 444 862 470 adorian-

69 489 119 511 tur.
160 483 292 510 Scribitur
305 483 423 509 Heraclio
436 482 504 508 dica.
544 482 602 508 XV.
624 482 713 507 Primo
732 482 862 507 mirantur

67 530 159 548 omnes
181 521 378 555 improbitatem
400 520 562 546 calumniae:
590 519 686 545 deinde
709 519 755 553 qui
778 518 860 544 istum

69 563 188 589 nossent,
213 558 309 593 partim
328 557 546 592 suspicabantur,
571 556 667 590 partim
690 555 767 589 plane
786 555 862 581 vide-

68 597 130 622 bant
148 596 280 622 adiectum
299 603 359 621 esse
377 594 484 621 oculum
504 593 649 620 hereditati.

67 633 187 664 advenit,
208 641 262 667 quo
275 632 318 658 die
332 641 390 658 sese
404 640 437 657 ex
450 632 570 657 instituto
585 639 614 656 ac
629 630 685 665 lege
700 629 805 664 Rupilia
820 629 862 655 di-

67 680 111 698 cas
129 671 285 697 sortiturum
304 669 444 705 Syracusis
466 669 516 694 iste
537 667 668 694 edixerat:
698 671 804 701 paratus
828 666 859 692 ad

68 708 135 734 hanc
157 708 243 734 dicam
267 706 427 733 sortiendam
452 709 568 731 venerat.

68 745 213 776 Heraclius,
230 753 282 770 non
296 752 374 778 posse
388 751 418 769 eo
431 742 474 769 die
488 742 589 773 sortiri,
610 741 682 776 quod
697 741 740 767 lex
753 740 860 775 Rupilia

69 786 167 809 vetaret
176 782 272 808 diebus
282 789 342 806 xxx
353 781 440 807 sortiri
451 780 546 810 dicam,
558 779 659 814 quibus
670 778 768 813 scripta
779 782 858 804 esset.

68 821 128 846 Dies
146 827 206 845 xxx
222 818 342 845 nondum
362 817 473 843 fuerant.
515 816 642 851 Sperabat
660 815 811 845 Heraclius,
836 815 859 841 si

67 857 145 883 illum
155 856 227 883 diem
237 855 382 890 effugisset,
400 858 459 880 ante
473 854 581 880 alteram
593 854 758 880 sortitionem
768 852 799 884 Q.
811 852 861 878 Ar-

67 894 146 924 rium,
161 901 242 928 quem
258 892 392 927 provincia
407 896 463 917 tum
478 891 594 917 maxime
604 890 782 925 exspectabat,
799 898 861 916 suc-

66 939 216 957 cessurum.
258 931 298 956 38.
320 930 371 955 Iste
385 929 511 955 omnibus
526 929 593 954 dicis
606 928 678 954 diem
693 927 811 953 distulit:
835 931 861 953 et

66 977 124 994 eam
142 967 214 994 diem
231 967 381 997 constituit,
406 971 436 992 ut
453 966 520 992 hanc
534 965 647 992 Heraclii
666 965 752 991 dicam
771 964 860 991 sortiri

66 1009 126 1040 post
143 1005 201 1031 dies
218 1012 278 1030 xxx
296 1012 329 1030 ex
348 1004 405 1039 lege
423 1007 520 1038 posset.
560 1004 734 1037 Posteaquam
754 1011 783 1028 ea
802 1002 860 1028 dies

67 1043 148 1073 venit,
164 1043 214 1068 iste
228 1042 323 1076 incipit
336 1041 463 1067 simulare
477 1049 506 1067 se
520 1040 588 1067 velle
603 1041 700 1067 sortiri.
723 1039 860 1065 Heraclius

65 1088 127 1106 cum
141 1079 276 1106 advocatis
290 1078 345 1105 adit
358 1083 383 1104 et
397 1078 522 1113 postulat,
538 1082 568 1104 ut
581 1078 635 1103 sibi
648 1086 710 1103 cum
721 1077 860 1111 palaestri-

66 1118 114 1148 tis,
134 1117 183 1143 hoc
197 1120 237 1142 est
250 1125 311 1142 cum
326 1116 425 1150 populo
440 1116 619 1151 Syracusano,
640 1123 725 1149 aequo
743 1115 800 1140 iure
818 1114 860 1139 ‹li-

66 1158 183 1189 sceptare
198 1153 283 1180 liceat.
318 1153 471 1179 Adversarii
485 1153 630 1188 postulant,
647 1157 676 1178 ut
690 1153 716 1178 in
732 1161 789 1177 eam
804 1160 858 1177 rem

65 1192 168 1218 iudices
182 1191 279 1218 dentur
292 1199 325 1217 ex
343 1191 385 1217 his
404 1191 571 1221 civitatibus,
592 1198 661 1225 quae
680 1191 706 1216 in
727 1189 753 1215 id
773 1189 858 1215 furum

64 1229 246 1256 convenirent.
279 1228 372 1259 Electi,
388 1228 436 1263 qui
450 1228 525 1254 Verri
538 1227 706 1253 viderentur:
722 1226 859 1252 Heraclius

65 1270 168 1297 contra,
184 1270 214 1292 ut
227 1265 330 1292 iudices
345 1274 359 1292 e
373 1265 430 1301 lege
443 1265 550 1300 Rupilia
565 1265 674 1295 dentur,
691 1269 721 1290 ut
734 1264 767 1290 ah
781 1265 860 1290 insti-

65 1304 130 1330 tutis
154 1303 336 1338 superiorum,
365 1303 398 1329 ab
420 1303 574 1329 auctoritate
596 1306 718 1332 senatus,
746 1301 779 1327 ab
803 1302 859 1327 iure

65 1341 185 1368 omnium
200 1340 352 1367 Siculorum
366 1349 399 1366 ne
412 1340 558 1366 recedatur.
589 1339 658 1365 XVI.
675 1341 715 1365 39.
730 1338 800 1370 Quid
812 1347 860 1373 ego

65 1379 143 1405 istius
158 1378 183 1404 in
199 1379 257 1404 iure
271 1377 387 1404 dicundo
401 1377 540 1404 libidinem
555 1375 780 1403 commonstrem?
797 1376 859 1411 quis

66 1420 185 1442 vestrum
200 1424 250 1441 non
266 1424 299 1442 cx
313 1415 414 1441 urbana
428 1415 612 1441 iurisdictione
630 1413 772 1449 cognovit?
797 1414 859 1448 quis

66 1462 209 1488 umquam,
230 1454 280 1479 isto
299 1457 417 1487 praetore
436 1452 581 1479 Chelidone
600 1452 682 1477 invita
703 1451 760 1486 lege
782 1459 859 1485 agere

65 1490 169 1526 potuit?
194 1491 250 1516 Non
266 1490 362 1519 istum,
379 1494 473 1516 utnon
487 1489 636 1519 neminem,
653 1488 788 1523 provincia
802 1497 860 1514 cor—

65 1529 150 1563 rupit:
166 1528 237 1554 idem
252 1527 310 1558 suit,
326 1527 373 1562 qui
387 1527 494 1553 Romae.
525 1526 614 1559 Quum
629 1526 664 1556 id,
681 1526 753 1560 quod
766 1534 859 1551 omnes

65 1565 262 1601 intelligebant.
283 1565 383 1590 diceret
396 1564 546 1594 Heraclius,
568 1564 611 1590 ius
629 1571 688 1589 esse
702 1567 803 1589 certum
818 1563 860 1589 Si-

64 1603 146 1634 culis,
166 1603 235 1629 inter
248 1611 277 1628 se
290 1610 344 1636 quo
359 1601 415 1628 iure
433 1605 576 1632 certarent,
598 1601 683 1636 legem
702 1609 761 1626 esse
775 1600 860 1634 Rupi-

66 1640 141 1671 liam,
163 1648 244 1675 quam
258 1640 287 1666 P.
303 1639 429 1674 Rupilius
447 1638 541 1665 consul
560 1638 592 1664 de
606 1638 698 1664 decem
713 1637 858 1671 legatorum

65 1678 195 1704 sententia
209 1677 342 1703 dedisset:
359 1676 408 1703 hoc
421 1684 514 1702 omnes
529 1684 635 1710 semper
649 1676 677 1701 in
691 1675 782 1701 Sicilia
796 1683 860 1701 eon—

64 1715 137 1741 sules
151 1718 339 1749 praetoresque
353 1722 488 1746 servasse;
511 1714 619 1749 negavit
637 1721 666 1739 se
684 1712 787 1738 iudices
802 1712 859 1747 lege

65 1752 171 1787 Rupilia
185 1752 356 1778 sortiturum:
383 1751 506 1786 quinque
519 1751 637 1782 iudices,
659 1758 728 1785 quos
742 1758 860 1775 commo-

64 1790 128 1816 dum
148 1789 200 1824 ipsi
220 1788 282 1819 fuit,
303 1788 383 1815 dedit.
424 1790 465 1815 40.
487 1787 558 1820 Quid
577 1788 626 1814 hoc
639 1787 747 1814 homine
762 1786 860 1813 sacias‘?

64 1826 135 1862 quod
161 1826 325 1861 supplicium
353 1825 466 1862 dignum
493 1825 600 1852 libidini
630 1825 689 1851 eius
719 1823 860 1850 invenias?

65 1864 259 1898 l'raescriptum
283 1863 332 1890 tibi
354 1872 439 1898 quum
462 1868 544 1893 esset.
570 1863 650 1889 homo
671 1862 813 1888 deterrime
835 1865 860 1887 et

65 1901 313 1936 impudentissime,
334 1900 562 1936 quemadmodum
580 1900 686 1926 iudices
700 1900 768 1925 inter
782 1899 860 1925 Sicu—

66 1938 103 1964 los
117 1938 208 1964 dares:
232 1947 317 1973 quum
332 1938 498 1972 imperatoris
513 1937 606 1972 populi
620 1937 732 1963 Romani
745 1937 859 1963 auctori-

66 1981 116 2007 ωε,
134 1975 280 2011 legatorum
295 1975 400 2004 decem,
417 1983 584 2001 summorum
600 1974 754 2005 hominum,
770 1974 860 2009 digni-

65 2017 117 2043 tas,
137 2016 247 2039 senatus
261 2012 415 2038 consultum
434 2012 621 2043 intercederet,
641 2012 720 2037 cuius
738 2011 860 2037 consulto

65 2050 92 2076 l'.
108 2049 233 2084 Rupilius
248 2050 280 2075 de
293 2058 313 2075 x
328 2049 474 2085 legatorum
493 2049 622 2075 sententia
642 2049 714 2084 leges
728 2049 754 2074 in
769 2048 858 2074 Sicilia

64 2087 250 2114 constituerat:
265 2095 350 2121 quum
364 2095 457 2112 omnes
472 2091 531 2112 ante
546 2091 569 2112 te
580 2090 725 2120 praetorem
738 2085 859 2120 Rupilias

66 2125 137 2160 leges
155 2129 180 2150 et
199 2125 226 2150 in
244 2125 339 2150 ceteris
358 2123 438 2150 rebus
457 2128 483 2150 et
500 2124 527 2150 in
546 2123 654 2149 iudiciis
674 2123 789 2149 maxime
803 2132 860 2149 ser-

65 2165 186 2193 vassent3
212 2166 239 2187 tu
258 2170 342 2187 ausus
361 2169 389 2186 es
408 2169 456 2195 pro
474 2160 559 2187 nihilo
578 2169 639 2195 prae
654 2165 697 2186 tua
713 2160 808 2195 praeda
824 2165 859 2186 tot

65 2207 107 2226 res
125 2199 308 2225 sanctissimas
327 2197 442 2224 ducere‘?
467 2198 516 2224 tibi
534 2198 607 2224 nulla
628 2198 670 2224 lex
692 2197 761 2224 suit‘?
787 2197 858 2224 nulla

65 2236 176 2271 religio?
201 2236 293 2262 nullus
307 2235 513 2262 existimationis
532 2235 634 2270 pudor?
654 2235 746 2261 nullus
765 2235 858 2261 iudicii

65 2273 171 2300 metus‘?
196 2273 298 2300 nullius
321 2273 392 2308 apud
417 2277 441 2298 te
459 2273 549 2307 gravis
568 2272 728 2299 auctoritas?
753 2272 857 2298 nullum
886 2301 887 2307 1

886 2324 888 2333 ι
911 2318 1019 2336 munem
1036 2309 1123 2336 litium
1143 2310 1353 2336 aestimationem
1374 2309 1488 2334 venisse.

886 2348 888 2364 ἲ
912 2347 1053 2373 damnatus
1064 2351 1103 2373 est
1114 2347 1219 2376 absens,
1237 2355 1288 2372 uon
1302 2345 1390 2372 solum
1405 2345 1479 2371 illius
1494 2344 1654 2374 hereditatis,
1671 2344 1704 2370 do

65 2310 228 2345 exemplum.
244 2311 316 2346 quod
330 2311 407 2345 sequi
423 2309 525 2336 velles‘?
558 2311 597 2336 44.
614 2310 722 2340 Verum,
739 2314 767 2335 ut
783 2310 859 2335 insti-

65 2349 104 2375 tui
117 2348 213 2379 dicere,
230 2349 351 2383 quinque
367 2347 502 2374 iudicibus
517 2347 590 2373 nulla
606 2346 676 2381 lege,
694 2346 768 2373 nullo
781 2347 859 2372 insti—

65 2390 134 2416 tuto,
151 2385 224 2412 nulla
238 2386 392 2416 reiectione,
414 2384 487 2410 nulla
501 2389 583 2414 sorte,
606 2393 639 2410 ex
654 2384 766 2410 libidine
780 2384 859 2410 istius

64 2422 146 2453 datis,
163 2431 214 2449 non
229 2423 276 2458 qui
289 2431 412 2448 caussam
427 2426 627 2457 cognoscerent.
649 2421 695 2447 sed
710 2421 770 2455 qui,
787 2420 858 2456 quod

65 2460 223 2494 imperatum
238 2464 316 2490 esset,
333 2460 494 2490 iudicarent:
523 2467 554 2484 eo
567 2459 610 2484 die
625 2458 691 2484 nihil
706 2463 794 2484 actum
808 2463 856 2488 est,

64 2496 158 2523 adesse
171 2497 298 2523 iubentur
312 2497 449 2532 postridie.
489 2496 570 2522 XVII.
593 2495 730 2521 Heraclius
748 2496 856 2525 interea,

64 2542 149 2568 quum
168 2542 260 2560 omnes
279 2534 392 2561 insidias
411 2543 425 2560 a
444 2537 563 2568 praetore
585 2532 698 2559 fortunis
720 2532 778 2558 suis
803 2533 858 2558 lieri

65 2570 179 2597 videret.
200 2572 270 2606 capit
287 2571 430 2598 consilium
448 2571 482 2597 (le
495 2571 642 2597 amicorum
656 2574 681 2595 et
696 2570 859 2604 propinquo-

65 2616 123 2634 rum
138 2609 281 2640 sententia,
302 2617 353 2635 non
372 2608 467 2634 adesse
479 2607 512 2634 ad
527 2607 668 2634 iudicium.
709 2608 799 2641 ltaque
814 2606 858 2632 illa

65 2649 139 2671 nocte
163 2644 303 2681 Syracusis
327 2645 453 2681 profugit.
494 2645 545 2671 lste
571 2649 675 2679 postero
701 2644 744 2669 die
771 2652 856 2674 mane,

64 2689 149 2717 quum
169 2682 253 2709 multo
271 2683 402 2709 maturius
420 2691 501 2718 quam
521 2690 649 2717 umquam
672 2685 747 2707 antea
769 2689 859 2707 suri-e-

690 593 788 618 Interea
803 593 860 618 dies
881 610 883 625 ÷

608 705 677 730 Tum
701 712 763 730 eum
786 703 862 729 docet
881 715 882 720 ¹

909 150 1356 176 LtB.11.CAP.4i—1s.
1654 153 1701 177 -267

911 221 1002 252 xisset,
1019 220 1122 247 iudices
1135 221 1210 246 citari
1224 221 1307 247 iubet.
1348 221 1398 247 Ubi
1412 221 1540 254 comperit
1554 221 1702 248 Heraclium

911 267 963 284 non
973 257 1075 288 adesse,
1091 266 1184 293 cogere
1193 258 1288 292 incipit
1299 266 1352 288 eos,
1368 262 1398 284 ut
1407 257 1544 284 absentem
1555 258 1703 285 Heraclium

911 295 1126 321 condemnarent.
1166 294 1209 321 Illi
1223 304 1285 321 eum
1299 294 1553 325 commonefaciunt,
1576 300 1617 326 ut,
1638 296 1662 322 si
1680 297 1705 322 ei

911 332 1046 362 videatur,
1067 337 1157 358 utatur
1169 333 1293 358 instituto
1307 341 1369 363 suo,
1386 341 1434 358 nec
1448 337 1523 367 cogat
1541 337 1600 358 ante
1614 333 1704 359 horam

911 370 1043 395 decimam
1057 370 1089 396 de
1103 369 1213 396 absente
1226 370 1375 396 secundum
1391 374 1557 404 praesentem
1572 370 1703 397 iudicare:

912 407 1064 441 impetrant.
1106 408 1147 433 42.
1169 408 1269 433 Interea
1288 416 1351 433 sane
1370 407 1541 441 perturbatus
1559 412 1585 433 et
1603 408 1661 442 ipse
1681 413 1706 434 et

912 444 971 470 eius
994 444 1073 470 amici
1096 449 1121 470 ct
1143 444 1302 475 consiliarii,
1327 444 1438 470 moleste
1462 444 1528 470 serre
1551 450 1703 479 coeperunt,

912 481 1062 507 Heraclium
1085 481 1250 516 profugisse:
1275 482 1404 516 putabant
1422 482 1540 508 absentis
1559 482 1707 509 damnatio-

912 527 986 548 nem,
1007 519 1161 553 praesertim
1181 523 1266 544 tantae
1284 519 1425 553 pecuniae⁷
1447 519 1531 545 multo
1550 519 1708 546 invidiosio—

912 564 967 581 rem
982 555 1045 587 fore,
1062 564 1143 590 quam
1158 557 1181 581 si
1196 564 1322 590 praesens
1336 556 1478 582 damnatus
1493 561 1571 582 esset.
1612 557 1650 582 Eo
1664 566 1707 583 ac-

912 592 1034 623 cedebat,
1055 593 1127 627 quod
1141 593 1244 619 iudices
1259 602 1272 619 e
1287 593 1344 628 lege
1359 594 1464 627 Rupilia
1479 594 1532 620 dati
1547 602 1598 620 non
1617 599 1704 620 erant:

912 630 996 656 multo
1010 630 1088 656 etiam
1102 639 1158 656 rem
1173 631 1317 664 turpiorem
1334 630 1387 656 fore
1402 636 1426 656 et
1440 631 1601 666 iniquiorem
1616 632 1704 657 visum

912 667 945 693 iri
968 667 1161 702 intelligebant.
1202 668 1292 701 Itaque
1315 668 1363 693 hoc
1390 668 1454 693 dum
1481 669 1610 703 corrigere
1637 668 1703 698 vult,

912 705 1026 738 apertior
1039 705 1098 730 eius
1112 704 1245 738 cupiditas
1260 705 1471 739 improbitasque
1486 705 1612 737 factapst.
1639 706 1706 732 Nam

912 741 966 767 illis
980 742 1101 776 quinque
1115 741 1251 767 iudicibus
1266 742 1304 767 uti
1319 750 1377 767 sese
1389 747 1475 777 negat.
1498 742 1580 771 Iubet.
1597 743 1624 768 id
1634 742 1707 777 quod

912 779 988 804 initio
1007 778 1064 813 lege
1078 779 1185 813 Rupilia
1205 779 1261 804 [ieri
1279 784 1442 813 oportuerat,
1462 779 1537 805 citari
1556 780 1706 806 Heraclium

912 820 937 842 et
950 824 1007 846 eos,
1028 816 1076 850 qui
1089 816 1176 842 dicam
1191 817 1365 850 scripserant:
1393 817 1429 842 ait
1443 825 1471 842 se
1485 816 1588 842 iudices
1602 826 1633 842 ex
1649 817 1706 852 lege

912 853 980 879 velle
994 853 1093 879 sortiri.
1127 853 1204 885 Quod
1218 853 1251 879 ab
1265 862 1296 880 eo
1309 853 1404 888 pridie.
1421 862 1506 888 quum
1521 854 1614 879 multis
1630 854 1706 880 lacri-

912 891 963 916 mis
977 895 1062 916 oraret
1075 895 1155 925 atque
1168 891 1318 917 obsecraret
1332 890 1481 922 Heraclius,
1498 891 1640 925 impetrare
1654 900 1706 917 non

912 932 1046 962 potuerat:
1075 928 1103 954 id
1121 929 1146 954 ei
1164 933 1269 962 postera
1287 928 1330 954 die
1344 929 1418 954 venit
1432 929 1459 954 in
1474 933 1603 958 mentem.
1620 937 1633 954 e
1649 928 1706 964 lege

912 965 1019 1000 Rupilia
1033 966 1121 991 sortiri
1136 965 1208 991 dicas
1222 970 1351 1000 oportere.
1392 965 1489 992 Educit
1502 974 1535 992 ex
1553 974 1619 991 urna
1638 970 1704 991 tres:

911 1003 954 1033 iis,
968 1007 997 1029 ut
1006 1003 1143 1028 absentem
1154 1003 1303 1029 Heraclium
1314 1003 1499 1033 condemnent,
1515 1003 1640 1037 imperat:
1657 1003 1708 1029 ita-

912 1049 964 1074 que
978 1040 1163 1066 condemnant.
1200 1042 1240 1066 43.
1262 1040 1344 1072 Quae,
1361 1040 1471 1071 malum,
1487 1041 1537 1066 ista
1552 1040 1602 1066 suit
1615 1049 1707 1066 amen-

912 1077 965 1103 tia‘?
991 1077 1128 1112 ecquando
1142 1081 1167 1103 te
1181 1078 1308 1104 rationem
1324 1077 1451 1104 sactorum
1468 1082 1572 1104 tuorum
1588 1077 1707 1103 redditu-

912 1123 971 1141 rum
986 1114 1104 1149 putasti?
1130 1115 1267 1150 ecquando
1286 1115 1328 1140 his
1347 1115 1379 1141 de
1398 1115 1479 1141 rebus
1493 1114 1558 1141 tales
1574 1115 1644 1141 viros
1659 1124 1705 1140 au-

912 1152 1014 1178 dituros
1029 1152 1208 1178 existimasti?
1229 1153 1335 1178 Petatur
1349 1152 1481 1178 hereditas
1496 1160 1533 1183 ea,
1550 1161 1619 1186 quae
1634 1152 1705 1178 nulla

911 1189 1035 1219 debetur,
1057 1190 1084 1215 in
1104 1190 1228 1224 praedam
1243 1189 1388 1224 praetoris?
1415 1190 1596 1224 interponatur
1611 1198 1705 1216 nomen

912 1226 1046 1253 civitatis?
1060 1227 1212 1261 imponatur
1225 1227 1351 1253 honestae
1363 1227 1465 1253 civitati
1480 1227 1636 1261 turpissima
1647 1235 1707 1261 pei·-

911 1273 975 1291 sona
989 1264 1157 1291 calumniae?
1182 1265 1274 1299 Neque
1289 1264 1338 1290 hoc
1351 1264 1453 1290 solum:
1478 1264 1524 1290 sed
1540 1265 1574 1290 ita
1589 1272 1630 1290 res
1645 1272 1706 1299 aga-

911 1306 967 1332 tur,
988 1307 1018 1328 ut
1031 1310 1064 1328 ne
1078 1302 1216 1328 simulatio
1229 1302 1339 1337 quidem
1354 1302 1496 1336 aequitatis
1511 1301 1564 1328 ulla
1579 1301 1706 1327 adhibea-

911 1339 972 1365 tur‘?
985 1340 1060 1370 Nam,
1077 1348 1124 1374 per
1138 1339 1201 1365 deos
1215 1339 1388 1369 immortales,
1405 1339 1471 1374 quid
1482 1339 1599 1369 interest,
1616 1343 1704 1364 utrum

911 1381 1014 1411 praetor
1031 1377 1158 1411 imperet,
1180 1377 1262 1411 vique
1281 1381 1356 1412 cogat
1374 1376 1491 1411 aliquem
1510 1376 1542 1402 de
1556 1376 1613 1401 suis
1629 1376 1705 1401 bonis

910 1414 1036 1440 omnibus
1050 1414 1191 1446 decedere,
1216 1423 1248 1440 an
1263 1413 1419 1440 huiusmodi
1435 1413 1565 1439 iudicium
1580 1413 1636 1443 det,
1652 1421 1705 1447 quc

911 1451 1011 1477 iudicio
1025 1451 1123 1477 indicta
1137 1460 1230 1477 caussa
1243 1451 1355 1477 fortunis
1367 1451 1493 1477 omnibus
1504 1451 1586 1476 everti
1599 1458 1706 1476 necesse

911 1488 964 1515 sit‘?
1002 1489 1093 1514 xvut.
1118 1490 1158 1515 44.
1181 1489 1299 1515 Profecto
1312 1488 1383 1514 enim
1399 1496 1493 1523 negare
1507 1496 1558 1514 non
1574 1493 1660 1522 potes,
1681 1492 1705 1513 te

911 1535 944 1552 ex
959 1525 1016 1561 lege
1031 1525 1137 1560 Rupilia
1151 1527 1238 1552 sortiri
1253 1526 1355 1551 iudices
1369 1525 1508 1555 debuisse,
1529 1534 1614 1559 quum
1630 1533 1705 1559 pra&

911 1564 1001 1589 sertim
1021 1563 1156 1589 Heraclius
1176 1564 1202 1589 id
1222 1563 1376 1598 postularet.
1417 1562 1464 1588 Sin
1484 1562 1551 1588 illud
1570 1562 1656 1592 dices.
1681 1566 1705 1588 te

911 1601 1022 1627 lleraclii
1042 1600 1178 1627 voluntate
1196 1601 1229 1627 ab
1249 1600 1306 1635 lege
1326 1601 1480 1626 recessisse:
1506 1600 1562 1634 ipse
1582 1604 1605 1625 te
1620 1600 1706 1634 inipe-

911 1638 982 1669 dies:
998 1638 1056 1672 ipse
1071 1643 1098 1664 tu
1114 1642 1157 1664 tna
1168 1637 1322 1664 defensione
1334 1637 1514 1671 implicabere.
1535 1636 1622 1668 Quare
1633 1637 1704 1662 enim

911 1675 1029 1710 primum
1044 1675 1089 1701 ille
1102 1675 1195 1701 adesse
1210 1675 1303 1705 noluit,
1320 1684 1404 1709 quum
1420 1683 1452 1700 ex
1466 1683 1496 1700 eo
1511 1683 1620 1700 numero
1634 1674 1706 1700 iudi-

911 1721 954 1739 ces
969 1712 1091 1742 haberet,
1111 1721 1179 1747 quos
1197 1711 1361 1747 postularat?
1384 1712 1481 1737 Deinde
1497 1717 1524 1738 tu
1539 1720 1586 1737 cur
1601 1716 1658 1746 post
1673 1711 1706 1736 il-

912 1750 964 1776 lius
979 1749 1070 1785 fugam
1085 1750 1188 1776 iudices
1203 1749 1268 1776 alios
1282 1749 1392 1775 sortitus
1406 1758 1447 1779 es,
1464 1749 1486 1774 si
1501 1758 1554 1778 eos,
1571 1750 1617 1783 qui
1633 1753 1705 1774 erant

911 1792 985 1813 antea
1000 1787 1063 1818 dati,
1081 1788 1223 1822 utriusque
1237 1786 1347 1813 dederas
1360 1785 1513 1812 voluntate?
1527 1786 1626 1812 Deinde
1637 1790 1706 1811 ceto-

911 1833 952 1851 ras
966 1825 1039 1851 dicas
1053 1833 1145 1851 omnes
1160 1824 1205 1850 illo
1220 1824 1276 1851 soro
1290 1825 1324 1850 M.
1341 1824 1494 1850 Postumius
1507 1828 1632 1858 quaestor
1649 1832 1705 1849 sor-

911 1863 975 1888 titus
988 1867 1041 1888 est:
1058 1862 1125 1888 hanc
1139 1861 1221 1889 solam
1236 1866 1264 1888 tu
1279 1861 1325 1887 illo
1339 1865 1470 1887 conventu
1486 1861 1614 1895 reperiere
1629 1861 1707 1886 sorti-

911 1899 971 1926 tus‘?
1005 1901 1045 1926 45.
1070 1899 1153 1935 Ergo,
1173 1900 1277 1933 inquiet
1291 1898 1402 1933 aliquis,
1423 1898 1529 1924 donavit
1545 1898 1644 1932 populo
1657 1898 1706 1933 Sy-

910 1945 1039 1964 racusano
1052 1936 1125 1963 illam
1142 1935 1332 1963 hereditatem?
1353 1936 1485 1967 Primum,
1506 1936 1527 1961 si
1548 1935 1574 1961 id
1588 1935 1704 1961 conliteri

911 1974 1001 2005 velim,
1019 1979 1105 2000 tamen
1120 1975 1202 2000 istum
1216 1973 1399 2000 condemnetis
1414 1981 1522 1999 neccsse
1537 1977 1590 1998 est:
1619 1980 1705 2006 neque

910 2012 981 2038 enim
993 2012 1154 2046 permissum
1166 2016 1214 2042 est,
1228 2016 1257 2037 ut
1268 2011 1378 2045 impune
1389 2010 1466 2036 nobis
1477 2010 1560 2040 liceat,
1574 2009 1645 2044 quod
1657 2009 1705 2035 ali-

909 2049 953 2075 cui
963 2049 1151 2083 eripuerimus,
1160 2048 1186 2075 id
1198 2048 1271 2075 alteri
1284 2048 1392 2074 tradere.
1416 2048 1514 2074 Verum
1525 2056 1557 2073 ex
1568 2048 1616 2073 ista
1629 2055 1704 2081 repe-

911 2086 984 2112 rietis
1000 2086 1142 2112 hereditate
1156 2087 1191 2112 ita
1206 2086 1287 2112 istum
1300 2085 1463 2120 praedatum,
1481 2090 1509 2111 ut
1520 2093 1650 2119 perpauca
1662 2093 1705 2110 oc-

910 2124 980 2150 culte
993 2123 1096 2150 seccrit:
1110 2123 1240 2158 populum
1251 2123 1360 2158 quidem
1373 2122 1570 2158 Syracusanum
1583 2122 1609 2147 iu
1620 2122 1705 2147 maxi—

910 2170 980 2187 mam
992 2160 1120 2187 invidiam
1132 2170 1180 2187 sna
1191 2160 1308 2190 infamia,
1318 2160 1404 2186 alieno
1413 2159 1702 2194 praemiopervenisse:

911 2207 1008 2233 paucos
1015 2198 1205 2234 Syracusanos,
1214 2206 1267 2228 eos,
1280 2198 1327 2232 qui
1338 2206 1366 2223 se
1378 2205 1447 2223 nnnc
1459 2196 1565 2231 publice
1577 2195 1704 2222 laudatio-

911 2236 952 2262 nis
962 2244 1056 2262 caussa
1071 2236 1176 2262 venisse
1190 2235 1296 2264 dicunt,
1317 2239 1341 2260 et
1357 2239 1418 2260 tunc
1434 2234 1574 2268 participes
1594 2233 1704 2267 praedae

911 2272 995 2299 fuisse
1009 2277 1034 2299 ct
1048 2281 1119 2299 nunc
1134 2281 1184 2299 non
1199 2272 1231 2298 ad
1243 2273 1322 2298 istius
1335 2271 1521 2300 laudationem.
1534 2270 1580 2296 sed
1591 2270 1623 2295 ad
1632 2278 1705 2295 com-

1530 2308 1703 2341 Posteaquam

910 2392 963 2418 qua
977 2383 1170 2419 ambigebatur,
1187 2392 1255 2418 quae
1269 2388 1323 2409 crat
1338 2382 1400 2408 ll-S
1411 2383 1507 2411 tricies,
1524 2382 1570 2407 sed
1583 2382 1703 2407 omnium

912 2422 1040 2447 bonorum
1057 2425 1225 2455 paternorum
1241 2421 1327 2454 ipsius
1339 2420 1459 2449 lleraclii,
1476 2428 1544 2453 quae
1556 2427 1606 2445 non
1619 2419 1704 2445 minor

910 2463 965 2484 erat
979 2458 1104 2492 pecunia,
1121 2457 1264 2492 palaestrae
1279 2457 1520 2492 Syracusanorum,
1537 2456 1585 2482 hoc.
1599 2461 1639 2482 est
1652 2456 1703 2491 Sy-

911 2495 1055 2525 racusanis.
1073 2495 1206 2529 possessio
1220 2494 1340 2520 traditur.
1368 2495 1409 2520 46.
1424 2493 1496 2525 Quae
1511 2499 1549 2520 est
1564 2494 1612 2519 ista
1628 2502 1703 2528 prae—

911 2532 987 2559 tura‘?
1008 2533 1096 2566 Eripis
1112 2532 1292 2561 hereditatem,
1309 2540 1378 2566 quae
1393 2535 1499 2557 venerat
1512 2540 1525 2557 n
1541 2531 1699 2565 propinquo.

911 2574 1016 2596 venerat
1034 2574 1203 2600 testamento,
1224 2574 1330 2595 venerat
1350 2568 1468 2604 legibus;
1495 2577 1563 2603 quae
1583 2568 1649 2594 hona
1669 2568 1700 2596 is.

910 2607 958 2642 qui
973 2611 1159 2633 testamentum
1176 2606 1245 2637 fecit,
1262 2606 1324 2632 huic-
1339 2605 1465 2636 Heraclio,
1481 2610 1541 2632 anto
1555 2605 1700 2640 aliquanto.

910 2652 990 2679 quam
1006 2649 1045 2670 est
1059 2649 1194 2674 mortium,
1214 2644 1302 2670 onmia
1321 2643 1418 2669 utenda
1432 2651 1462 2669 ac
1476 2643 1635 2678 possidenda
1651 2648 1700 2669 tra-

910 2680 1026 2712 dideram
1050 2682 1128 2708 euius
1148 2680 1314 2710 hereditatis.
1334 2689 1420 2715 quum
1434 2679 1479 2707 illo
1493 2680 1628 2715 aliquanto
1643 2685 1702 2706 ante

1436 2727 1492 2753 34·
