1941 3052
307 97 633 125 EPISTOLARUM

93 169 123 190 x.
140 168 215 189 Aac.
233 167 293 189 Inter
306 167 394 188 Niciam
409 167 570 192 grammaticum
587 170 608 187 et
621 166 711 187 Vidium
725 166 793 186 iudex
808 165 831 186 in

40 212 126 228 ceusu.
136 207 161 224 ut
170 204 264 228 vitietur,
275 203 414 230 pecuniaria,
426 203 561 223 constitutus
568 218 573 227 ,
586 202 662 222 iocose
671 202 697 222 (le
707 201 830 227 grammati-

41 240 74 261 cis
84 239 169 261 scribit.
198 239 286 259 locatur
297 238 362 258 etiam
372 238 398 258 110
408 238 483 258 Sullae
493 241 568 258 morte.

230 276 317 299 (Romae,
327 275 406 293 Caesare
415 275 447 292 lv.
459 281 495 292 ros.
507 282 520 291 s.
530 275 572 292 rull.
584 274 638 295 70⁹.)

110 319 146 346 M.
169 318 312 346 CICERO
333 318 360 344 S.
381 318 411 344 D.
435 319 462 344 P.
485 317 752 344 DOLABELLAE.

99 358 120 383 l.
143 351 208 382 Non
223 365 284 382 sum
300 364 382 382 ausus
394 355 485 381 Salvio
501 360 589 381 nostro
601 354 669 381 nihil
681 354 713 380 ad
725 359 749 380 te
762 353 832 379 litte—

42 402 132 421 rarum
147 393 223 420 dare:
247 401 295 419 nec
310 392 464 419 mehercule
480 392 627 423 habebam,
648 391 714 426 quid
730 391 832 417 scribe-

40 440 107 462 rem,
121 431 174 457 nisi
185 434 209 457 te
221 439 235 456 a
246 439 288 456 me
299 429 458 456 mirabiliter
468 430 565 456 amari:
578 429 611 455 de
622 437 684 464 quo,
699 429 778 455 etiam
790 428 833 454 ni-

42 468 81 495 hil
92 468 226 494 scribente
237 476 292 498 me,
307 471 331 493 te
342 476 393 493 non
405 467 538 497 dubitare,
551 471 622 492 certo
632 467 697 492 scio.
738 465 832 492 Omni-

42 514 76 533 no
88 505 156 532 mihi
168 506 253 540 magis
266 504 367 531 litterae
379 509 442 530 sunt
452 503 646 538 exspectandae
658 512 671 529 a
682 507 805 538 te‚quam
818 511 832 528 a

41 551 85 570 me
97 543 156 569 tibi.
196 541 269 568 Nihil
286 542 358 568 enim
369 542 466 568 Romae
482 542 596 576 geritur,
614 540 685 575 quod
702 544 726 566 te
740 544 831 574 putem

41 581 111 607 scire
127 588 234 606 curare:
252 579 305 605 nisi
321 578 385 605 forte
402 579 470 605 scire
484 579 526 604 vis
537 586 579 604 me
591 578 659 603 inter
669 577 773 603 Niciam
785 585 832 602 no-

41 622 128 645 strum
139 621 165 644 et
175 617 284 643 Vidium
296 616 413 642 iudicem
424 624 492 642 esse.
532 614 633 642 Profert
648 614 712 641 alter
725 614 764 649 (ut
773 614 833 648 opi-

42 654 100 690 nor)
119 654 226 681 duobus
242 653 384 680 versiculis
399 661 549 688 expensum
564 652 669 678 Niciae:
692 651 758 677 alter
771 651 833 677 Ari-

42 692 166 719 starchus
181 691 230 718 hos
245 690 356 726 ὀβελὶζει.
395 691 465 726 Ego,
487 694 623 724 tamquam
639 689 748 715 criticus
764 688 833 714 anti-

42 738 128 766 quus,
146 729 313 755 iudicaturus
328 736 403 758 sum,
421 732 511 753 utrum
527 728 581 753 sint
596 728 642 753 τοῦ
657 728 778 759 ποιητοῦ,
799 734 833 751 an

42 766 289 803 παρεμβεβλημένοι.
328 766 353 792 2.
375 765 441 791 Puto
456 769 482 791 te
496 773 569 790 nunc
581 763 684 790 dicere:
703 763 833 790 oblitusne

42 814 68 831 es
79 807 159 838 igitur
167 806 303 837 sunqorum
313 803 425 833 illorum,
438 803 575 835 quosapud
580 800 702 828 Niciam?
712 803 834 834 011719011-

43 844 107 868 tium
120 842 274 874 squillarum
290 848 347 865 cum
360 841 450 872 sophia
464 838 604 872 septimae?
623 837 694 870 Quid
710 837 791 874 ergo?
805 842 833 863 tu

43 878 109 905 adeo
119 877 187 904 mihi
199 885 340 903 excussam
351 877 521 903 severitatem
532 880 650 902 veterem
660 879 748 910 putas,
761 879 791 901 ut
801 883 834 900 ne

44 917 71 943 in
88 915 143 942 foro
156 914 268 950 quidem
284 913 413 949 reliquiae
429 914 558 948 pristinae
569 913 663 940 frontis
673 911 835 947 appareant?

0 960 1 964 ¹
42 953 96 980 Sed
106 957 194 979 tamen
205 952 399 978 suavissimum
411 951 556 987 συμβιώτην
567 955 688 977 nostrum
694 950 834 985 praestabo

43 989 216 1026 integellum:
238 997 287 1015 nec
302 989 480 1020 committam,
498 993 541 1020 ut,
559 989 583 1015 si
597 997 646 1024 ego
663 997 725 1014 eum
736 987 836 1014 conde-

43 1036 149 1059 mnaro,
168 1031 196 1054 tu
211 1027 349 1058 restituas,
367 1035 401 1053 ne
416 1026 513 1052 haheat
523 1026 606 1052 Bursa
617 1025 745 1057 Plancus,
763 1024 835 1060 apud

44 1074 126 1100 quem
142 1064 242 1091 litteras
257 1064 352 1090 discat.
392 1066 417 1091 3.
439 1063 492 1090 Sed
507 1063 574 1098 quid
589 1062 656 1099 ago?
670 1072 755 1098 quum
767 1062 836 1088 mihi

43 1103 79 1129 sit
89 1103 235 1133 incertum,
252 1101 430 1136 tranquillone
441 1102 478 1127 sis
490 1101 593 1132 animo,
611 1110 657 1132 an,
676 1105 706 1126 ut
716 1101 743 1127 in
754 1099 833 1130 bello,

44 1140 72 1167 in
84 1139 175 1175 aliqua
186 1138 335 1166 maiuscula
347 1148 410 1165 cura
423 1139 563 1174 negotiove
575 1147 689 1170 versere,
699 1137 837 1164 laborlon-

43 1178 116 1213 gius.
155 1176 245 1209 Quum
257 1177 340 1211 igitur
349 1176 417 1202 mihi
428 1177 478 1202 erit
487 1175 669 1211 exploratum,
688 1180 712 1202 te
724 1175 837 1202 libenter

44 1223 103 1241 esse
114 1214 241 1245 risurum,
254 1213 370 1240 scribam
384 1213 418 1240 ad
429 1218 453 1240 te
464 1213 600 1248 pluribus.
640 1214 676 1239 Te
688 1218 775 1240 tamen
788 1213 837 1239 hoc

44 1252 113 1278 scire
126 1251 200 1282 volo,
222 1250 394 1278 vehementer
407 1250 538 1286 populum
550 1250 697 1277 sollicitum
709 1250 793 1277 fuisse
804 1250 838 1276 de

44 1290 74 1316 P.
96 1288 187 1316 Sullae
207 1292 304 1319 morte,
332 1293 475 1323 antequam
497 1292 600 1314 certum
619 1289 720 1315 scierit.
760 1289 838 1314 Nunc

43 1334 173 1362 quaerere
184 1325 331 1356 desierunt,
345 1326 479 1361 quomodo
491 1326 610 1360 perierit.
651 1326 721 1352 Satis
732 1330 835 1360 putant,

44 1373 73 1390 se
89 1365 170 1395 scire,
192 1362 264 1398 quod
282 1363 380 1390 sciunt.
420 1363 477 1399 Ego
492 1363 627 1398 ceteroqui
643 1363 732 1390 animo
753 1371 838 1398 aequo

45 1401 114 1434 fero,
128 1409 212 1428 unum
223 1409 324 1431 vercor,
338 1409 371 1427 ne
383 1400 457 1427 hasta
468 1400 589 1427 Caesaris
601 1400 744 1427 refrixerit.

99 1470 140 1492 XI.
157 1470 174 1491 Λ
183 1470 234 1490 RG.
254 1470 287 1490 All
303 1476 351 1494 eas,
368 1476 421 1496 quas
435 1473 486 1497 pont
496 1469 588 1490 Tulliae
599 1473 688 1490 mortem
699 1477 712 1490 u
721 1469 838 1490 Dolabella

45 1508 167 1533 acceperat.
177 1505 264 1526 littera·
275 1505 385 1525 rescribit.

280 1542 367 1563 (Caesare
378 1541 409 1559 lv.
420 1548 457 1559 cos.
468 1548 483 1559 a.
494 1542 538 1559 coll.
550 1541 604 1563 709.)

201 1584 344 1612 CICERO
368 1584 627 1612 DOLABELLAE
653 1585 681 1612 S.

103 1625 125 1650 l.
147 1619 203 1650 Vel
219 1631 278 1649 meo
295 1623 383 1658 ipsius
399 1623 508 1649 interitu
524 1622 632 1649 mallem
648 1622 749 1649 litteras
765 1629 838 1648 meas

44 1660 224 1691 desiderares,
237 1669 320 1695 quam
330 1668 361 1687 eo
371 1668 446 1692 casu,
460 1669 515 1695 quo
526 1669 586 1686 sum
597 1660 758 1696 gravissime
769 1658 838 1686 affli-

44 1703 117 1725 ctus:
135 1706 216 1733 quem
232 1697 329 1724 serrem
345 1702 416 1724 certe
431 1697 609 1728 moderatius,
627 1698 651 1724 si
662 1702 687 1724 te
699 1697 836 1724 haberem.

45 1736 112 1763 Nam
128 1740 154 1762 et
168 1735 251 1762 oratio
263 1739 306 1761 tua
317 1734 451 1770 prudens,
469 1739 495 1761 et
505 1743 579 1761 amor
589 1743 651 1770 erga
663 1743 705 1761 me
716 1734 839 1770 singula-

45 1773 92 1804 ris,
105 1772 221 1799 multum
233 1772 342 1799 levaret.
377 1772 430 1799 Sed
441 1773 569 1807 quoniam
581 1772 657 1799 brevi
669 1776 796 1807 tempore,
810 1776 840 1798 ut

44 1810 136 1845 opinio
147 1814 235 1836 nostra
247 1814 299 1841 est,
317 1814 342 1836 te
352 1818 413 1836 sum
424 1810 548 1841 visurus,
562 1810 598 1836 ita
609 1818 651 1836 me
662 1809 787 1836 affectum
798 1808 839 1835 os-

45 1847 148 1878 fendes,
156 1852 186 1873 ut
196 1846 311 1874 multum
323 1851 372 1874 ate
381 1847 484 1882 possim
496 1847 596 1873 iuvari:
611 1856 663 1874 non
674 1855 728 1882 quo
740 1847 775 1873 ita
786 1846 839 1873 sim

46 1884 146 1912 fractus
154 1904 160 1915 ,
182 1888 212 1910 ut
225 1888 272 1910 aut
285 1884 422 1911 hominem
432 1893 475 1910 me
486 1892 545 1910 esse
553 1883 655 1910 oblitus
665 1884 719 1911 sim
729 1888 775 1911 aut
786 1883 839 1910 sor-

45 1926 126 1950 tunae
137 1920 370 1948 succumbendum
381 1926 487 1956 putem;
501 1921 549 1948 sed
560 1926 648 1948 tamen
659 1921 780 1948 hilaritas
793 1920 839 1948 illa

46 1963 136 1987 nostra
146 1962 172 1985 et
182 1958 301 1985 suavitas
309 1978 316 1990 ,
337 1967 407 1993 quae
419 1963 443 1985 te
453 1963 558 1993 praeter
567 1962 668 1985 ceteros
679 1958 837 1990 delectabat,

46 2001 136 2031 erepta
157 1995 225 2022 mihi
245 1995 334 2022 omnis
354 2000 403 2023 est.
444 1996 609 2022 Firmitatem
626 2000 714 2023 tamen
730 1999 756 2022 et
775 2004 840 2022 con-

45 2034 186 2064 stantiam,
202 2033 226 2059 si
241 2032 320 2059 modo
336 2031 387 2059 suit
401 2032 547 2068 aliquando
563 2033 590 2059 in
607 2033 698 2064 nobis,
716 2033 839 2060 eamdem

45 2079 201 2108 cognosces,
214 2078 296 2105 quam
308 2069 452 2105 reliquisti.
491 2071 517 2097 2.
532 2069 609 2102 Quod
619 2070 726 2102 scribis,
739 2069 840 2105 praelia

46 2113 72 2137 te
83 2117 141 2135 mea
151 2116 246 2134 caussa
257 2107 403 2138 sustinere,
418 2115 470 2134 uon
482 2112 535 2134 tam
547 2107 574 2134 id
587 2106 690 2139 laboro,
704 2112 741 2139 ut,
754 2108 778 2134 si
791 2108 840 2142 qui

47 2145 115 2173 mihi
125 2145 282 2175 obtrectent,
295 2153 310 2171 a
321 2148 344 2170 te
356 2143 514 2176 refutentur,
527 2153 609 2179 quam
621 2144 736 2180 intelligi
747 2145 837 2179 cupio,

47 2182 119 2218 quod
130 2186 200 2209 corte
212 2180 381 2217 intelligitur,
390 2190 431 2208 me
442 2191 456 2208 a
468 2186 492 2208 te
502 2182 596 2208 amari.
617 2181 694 2214 Quod
706 2187 735 2209 ut
746 2181 838 2213 facias,

47 2224 73 2248 te
83 2220 163 2247 etiam
175 2224 254 2254 atque
265 2219 345 2245 ctiam
357 2227 430 2254 rogo,
443 2219 620 2254 ignoscasque
632 2219 757 2246 brevitati
769 2219 841 2246 litte-

47 2265 138 2285 rarum
152 2265 286 2284 mearum:
304 2265 367 2282 nam
382 2260 408 2283 et
422 2256 544 2282 celeriter
555 2265 607 2283 una
619 2255 724 2283 futuros
739 2265 786 2283 nos
797 2265 840 2283 ar-

45 2293 144 2359 gitror,
162 2298 189 2322 et
201 2293 322 2321 nondum
337 2293 403 2321 satis
418 2293 590 2320 confirmatus
601 2302 662 2320 sum
673 2293 707 2321 ad
718 2293 841 2320 scriben-

67 2339 124 2359 um.

100 2403 152 2425 xu.
171 2404 247 2425 Ano.
265 2403 397 2425 Dolabellae
410 2402 534 2428 gratulatur
546 2403 573 2424 «In
588 2403 688 2424 Baiarum
700 2403 839 2428 salubritate,

49 2441 71 2459 et
81 2437 201 2460 ontionem
211 2445 250 2466 pro
261 2438 367 2460 Deiotaro
378 2438 454 2459 mittit.

205 2476 235 2500 (In
245 2476 355 2496 Puteolano,
365 2476 443 2494 (ἵκει-11·
453 2475 485 2493 iv.
496 2481 533 2493 eon.
544 2482 559 2492 ιι.
570 2475 614 2493 mn.
626 2475 681 2497 709.)

222 2518 365 2547 CICERO
396 2518 668 2546 DOLABELLAE.

107 2557 130 2582 t.
151 2551 279 2584 Gratulor
293 2557 364 2583 Baiis
380 2557 491 2589 nostris;
514 2555 664 2591 siquidem,
687 2559 716 2582 ut
730 2555 838 2587 scribis,

48 2590 170 2619 salubres
181 2598 288 2628 repente
300 2593 382 2620 sactae
392 2598 468 2626 sunt;
483 2593 535 2619 nisi
548 2593 613 2620 sorte
624 2597 648 2620 te
659 2597 757 2624 amant,
770 2598 796 2619 ct
807 2593 840 2620 ti·-

49 2627 79 2656 bi
93 2634 275 2663 assentantur,
290 2636 316 2659 ct
326 2631 443 2664 tamdiu,
460 2631 525 2658 dum
538 2635 565 2658 tu
576 2629 653 2662 ades,
670 2629 840 2658 suntoblitao

663 97 716 124 AD
744 95 971 123 DIVERSOS
1002 96 1154 122 LIB.1X.
1186 96 1246 122 ΕΡ,
1269 97 1285 121 7
1304 110 1340 115 —-
1362 95 1401 121 ⁴4.

1621 94 1670 119 727

883 167 935 193 sui.
975 166 1051 199 Quod
1062 166 1173 201 quidem
1185 167 1208 193 si
1219 167 1254 193 ita
1266 171 1318 198 est,
1337 166 1448 192 minime
1458 165 1553 195 miror,
1567 163 1671 190 caelum

883 205 963 230 etiam
974 209 999 230 et
1009 208 1092 231 terras
1103 204 1159 230 vim
1170 212 1257 235 suam,
1270 204 1294 229 si
1305 203 1355 230 tibi
1367 203 1401 229 ita
1412 202 1566 233 conveniat,
1579 201 1673 227 dimit-

883 247 946 268 tere.
986 243 1011 268 2.
1034 242 1230 268 Oratiunculam
1242 250 1290 274 pro
1304 242 1437 270 Deiotaro,
1454 248 1535 274 quam
1551 239 1673 273 require-

883 279 944 310 bas,
965 279 1097 305 habebam
1113 287 1232 309 mecum,
1255 277 1328 313 quod
1342 286 1394 304 non
1410 282 1542 312 putaram.
1582 277 1673 310 ltaque

883 325 941 342 eam
953 317 1002 343 tibi
1014 317 1089 342 misi:
1108 325 1189 351 quam
1205 315 1288 342 velim
1303 316 1342 341 sic
1358 315 1444 350 legaS,
1461 318 1491 340 ut
1501 322 1624 340 caussam
1635 318 1674 339 te-

883 363 964 379 nuem
980 358 1005 379 et
1020 354 1126 388 inopem
1141 362 1190 379 nec
1200 353 1344 388 scriptione
1355 360 1452 388 magno
1462 360 1541 386 opere
1552 350 1673 386 dignam.

884 391 937 417 Sed
952 399 1001 425 ego
1017 391 1117 425 hospiti
1133 391 1216 417 veteri
1231 396 1256 416 et
1269 390 1355 416 amico
1366 388 1560 416 munusculum
1570 388 1674 414 mittere

884 428 958 454 volui
974 428 1111 454 levidense
1131 437 1220 454 crasso
1236 427 1293 459 filo,
1318 426 1472 453 cuiusmodi
1488 426 1575 460 ipsius
1589 424 1676 452 solent

883 474 942 491 esse
953 474 1074 492 munera.
1115 465 1153 491 Tu
1170 465 1252 491 velim
1268 465 1357 491 animo
1367 464 1482 498 sapienti
1494 463 1609 497 sortique
1620 462 1673 494 sis3

884 507 913 529 ut
932 507 976 529 tua
996 503 1141 529 moderatio
1161 507 1186 529 et
1206 503 1323 538 gravitas
1345 501 1458 528 aliorum
1477 499 1588 527 infamet
1602 499 1676 526 iniu-

883 549 960 567 riam.

936 609 999 629 xm.
1017 609 1093 629 ΑΚΘ.
1112 609 1194 634 Rogat,
1213 611 1238 629 ut
1256 607 1365 628 Suberino
1384 610 1405 628 et
1423 606 1516 631 Pluuio,
1535 612 1588 627 cnu
1606 604 1676 630 mugi·

884 650 946 670 quum
957 643 1071 664 voluntate
1080 643 1235 671 Pompeianis.
1255 643 1348 663 reditum
1363 642 1386 662 in
1401 642 1493 669 patriam
1505 648 1516 662 a
1527 642 1622 662 eae-are
1635 640 1676 660 im-

884 682 962 706 petret.
994 681 1089 701 (Asturae,
1100 681 1177 699 Caesare
1186 681 1218 698 1v.
1230 686 1266 698 cos.
1276 686 1290 697 s.
1303 679 1346 697 coll.
1359 680 1414 701 709.)

1037 723 1180 751 CICERO
1208 722 1468 749 DOLABELLAE
1500 721 1528 747 S.

941 763 964 788 1.
986 757 1073 788 Caius
1084 761 1236 787 Suberiuus
1249 759 1365 787 Calenus
1380 764 1406 785 et
1417 767 1494 785 meus
1510 762 1550 784 est
1561 756 1678 784 familia-

885 799 931 830 ris,
944 803 970 825 et
981 799 1078 833 Leptae
1089 798 1174 825 nostri
1184 797 1390 824 familiarissimi
1401 795 1628 831 pernecessarius.
1653 794 1678 820 Is

885 845 970 871 quum
986 835 1090 862 vitandi
1106 835 1171 861 belli
1186 844 1280 861 caussa
1296 833 1431 869 profectus
1451 837 1521 859 esset
1539 832 1566 858 in
1582 832 1679 866 1115113-

886 874 958 900 niam
969 882 1032 900 cum
1042 874 1078 900 M.
1090 873 1207 900 Varrone
1218 877 1278 899 ante
1289 871 1402 902 bellum,
1419 871 1486 897 utin
1498 878 1528 896 ea
1539 869 1679 904 provincia

885 915 969 942 esset,
994 911 1022 937 in
1042 919 1095 945 qua
1111 919 1189 937 nemo
1203 914 1323 936 nostrum
1339 913 1399 944 post
1412 907 1552 934 Afranium
1567 914 1680 941 supera-

886 954 943 975 tum
958 948 1060 974 bellum
1071 947 1158 974 ullum
1170 947 1225 974 fore
1236 951 1354 982 putarat:
1372 945 1468 972 incidit
1478 945 1506 971 in
1517 953 1546 970 ea
1558 944 1616 978 ipsa
1624 951 1681 969 ma-

887 986 921 1017 la,
934 994 1003 1021 quae
1013 994 1120 1012 summo
1131 985 1221 1012 studio
1231 985 1371 1011 vitaverat.
1393 983 1545 1018 Oppressus
1557 985 1597 1008 est
1607 981 1681 1007 enim

886 1023 958 1050 bello
969 1024 1121 1058 repentino:
1139 1023 1211 1058 quod
1222 1021 1335 1053 bellum,
1351 1024 1514 1048 commotum
1526 1028 1540 1045 a
1552 1017 1679 1053 Scapula,

887 1062 923 1088 ita
936 1066 1027 1096 postea
1038 1061 1224 1087 confirmatum
1235 1064 1275 1086 est
1286 1069 1300 1086 a
1310 1059 1450 1093 Pompeio,
1468 1062 1498 1084 ut
1512 1055 1586 1083 nulla
1601 1056 1682 1082 ratio-

887 1107 920 1125 ne
932 1107 960 1125 se
972 1099 1005 1125 ab
1017 1098 1063 1125 illa
1074 1098 1183 1124 miseria
1194 1098 1298 1132 eripere
1309 1101 1408 1132 posset.
1433 1097 1458 1122 2.
1474 1094 1574 1121 Eadem
1586 1101 1680 1120 caussa

888 1136 942 1162 fere
954 1141 994 1163 est
1004 1136 1039 1163 M.
1052 1136 1138 1163 Planii
1149 1135 1274 1166 Heredis,
1291 1134 1339 1170 qui
1355 1138 1395 1160 est
1409 1134 1472 1160 item
1483 1131 1613 1161 Calenus,
1631 1131 1682 1156 Le-

888 1178 948 1209 ptae
962 1174 1047 1200 nostri
1062 1173 1301 1200 familiarissimus.
1341 1172 1425 1198 Hosce
1442 1170 1525 1206 igitur
1541 1168 1620 1196 ambo
1631 1167 1682 1194 tihi

888 1212 927 1238 sic
938 1211 1110 1242 commendo,
1128 1215 1158 1237 ut
1169 1211 1268 1237 maiore
1282 1218 1360 1241 cura,
1376 1208 1480 1239 studio,
1498 1205 1682 1234 sollicitudine

889 1249 972 1276 animi
983 1248 1170 1275 commendare
1181 1256 1233 1274 non
1245 1247 1358 1282 possim.
1392 1245 1458 1273 Volo
1472 1246 1592 1280 ipsorum
1602 1251 1682 1270 caus-

888 1295 931 1319 sa3
950 1294 1048 1321 meque
1064 1286 1091 1312 in
1102 1294 1132 1312 οο
1144 1285 1317 1312 vehementer
1328 1289 1353 1310 et
1364 1283 1482 1311 amicitia
1493 1285 1584 1308 movet
1593 1285 1619 1307 et
1630 1280 1682 1306 hu-

889 1324 1013 1350 manitas.
1053 1324 1135 1358 Lepta
1146 1331 1209 1349 vero
1220 1330 1306 1357 quum
1317 1322 1352 1348 ita
1364 1321 1474 1351 laboret,
1487 1317 1683 1346 0101051010]-

889 1369 938 1387 nae
954 1360 1096 1387 videantur
1111 1361 1138 1386 in
1153 1360 1299 1386 discrimen
1314 1359 1420 1391 venire;
1438 1366 1490 1384 non
1506 1364 1617 1392 possum
1633 1363 1683 1390 ego

889 1407 942 1425 non
954 1403 999 1424 aut
1009 1398 1131 1433 proxime
1143 1403 1222 1433 atque
1234 1397 1293 1428 ille,
1307 1396 1442 1423 autetiam
1454 1402 1538 1430 aeque
1551 1393 1681 1420 laborare.

888 1435 1068 1470 Quapropter,
1086 1435 1137 1461 etsi
1152 1443 1231 1469 saepe
1247 1438 1374 1468 expertus
1390 1441 1465 1463 sum,
1487 1435 1619 1466 quantum
1640 1437 1683 1456 me

889 1482 1002 1504 amares,
1016 1477 1103 1499 tamen
1115 1473 1154 1499 sic
1165 1472 1247 1499 velim
1259 1472 1309 1499 tibi
1320 1470 1492 1507 persuadeaS,
1501 1468 1528 1495 id
1540 1476 1582 1495 me
1595 1468 1621 1494 in
1633 1467 1683 1494 hac

890 1519 917 1537 re
929 1511 1046 1537 maxime
1058 1510 1251 1536 iudicaturum.
1292 1511 1317 1535 3.
1339 1509 1401 1534 Peto
1412 1508 1494 1542 igitur
1505 1515 1518 1532 a
1530 1510 1568 1537 10,
1584 1504 1641 1536 vel,
1659 1504 1683 1530 si

889 1549 997 1583 pateris,
1010 1556 1064 1579 oro,
1074 1552 1104 1574 ut
1115 1547 1237 1574 homines
1248 1547 1370 1576 miseros,
1384 1549 1409 1572 et
1420 1544 1534 1574 fortuna,
1547 1550 1629 1578 quam
1641 1542 1684 1568 vi·

890 1590 944 1612 tare
960 1594 1039 1611 nemo
1053 1590 1153 1619 potest,
1170 1584 1271 1620 magis,
1292 1592 1374 1618 quam
1388 1582 1482 1616 eulpa,
1502 1580 1682 1610 calamitosos.

889 1631 1032 1649 conserves
1043 1622 1206 1649 incolumes:
1220 1621 1343 1656 velisque
1355 1629 1402 1655 per
1413 1624 1436 1646 te
1449 1628 1491 1645 me
1502 1618 1552 1645 hoc
1563 1617 1684 1644 muneris

889 1669 974 1695 quum
987 1660 1054 1695 ipsis
1065 1660 1160 1686 amicis
1172 1659 1338 1689 hominibus,
1350 1663 1408 1684 tum
1419 1656 1568 1690 municipio
1574 1654 1682 1685 Caleno,

889 1706 1007 1733 quocum
1028 1697 1097 1724 mihi
1117 1706 1214 1733 magna
1234 1695 1405 1723 necessitudo
1426 1699 1478 1724 051,
1501 1698 1558 1720 tum
1575 1693 1681 1727 Leptae,

889 1743 971 1770 quem
991 1735 1118 1761 omnibus
1138 1739 1283 1770 antepono,
1305 1733 1378 1759 dare.
1419 1733 1443 1759 t.
1465 1730 1541 1763 Quod
1561 1729 1684 1756 dicturus

890 1781 965 1804 sum,
983 1777 1047 1807 puto
1063 1772 1190 1808 equidem
1206 1780 1258 1798 nou
1272 1770 1350 1798 valde
1366 1769 1398 1797 ad
1411 1778 1466 1795 rem
1481 1768 1623 1803 pertinere,
1636 1766 1683 1792 sed

890 1815 979 1837 tamen
990 1809 1058 1836 nihil
1069 1809 1147 1836 obest
1157 1809 1256 1836 dicere.
1286 1809 1337 1835 Res
1349 1806 1490 1834 familiaris
1501 1804 1577 1832 alteri
1592 1812 1684 1831 eorum

890 1847 970 1874 valde
985 1847 1083 1882 exigua
1098 1851 1151 1878 est,
1173 1846 1249 1873 alteri
1268 1846 1315 1873 vix
1336 1844 1478 1880 equestris
1518 1842 1686 1877 Quapropter

890 1884 998 1920 quando
1018 1884 1061 1911 his
1078 1884 1175 1911 Caesar
1194 1885 1278 1911 vitam
1298 1892 1346 1910 sua
1368 1880 1526 1908 liberalitate
1541 1879 1683 1909 concessit,

891 1931 939 1949 nec
950 1926 999 1953 est,
1015 1921 1087 1957 quod
1099 1922 1132 1948 iis
1144 1926 1279 1957 praeterea
1290 1929 1387 1956 magno
1398 1927 1477 1954 opere
1489 1918 1575 1953 possit
1585 1916 1681 1944 adimi:

891 1959 1021 1991 reditum,
1044 1959 1068 1985 si
1084 1968 1126 1986 me
1142 1964 1245 1986 tantum
1261 1967 1349 1989 amne,
1366 1961 1498 1992 quantum
1514 1959 1584 1981 certe
1599 1962 1682 1983 amas,

891 1996 1048 2024 hominibus
1069 1996 1179 2023 confice.
1219 1997 1248 2023 In
1268 2004 1322 2032 quo
1345 1993 1413 2021 nihil
1429 1998 1469 2020 est
1489 1997 1592 2028 praeter
1613 1992 1684 2017 viam

892 2033 1012 2070 longam:
1035 2042 1117 2068 quam
1129 2033 1229 2060 idcirco
1241 2042 1292 2060 non
1306 2032 1426 2068 fugiunt,
1440 2035 1469 2057 ut
1480 2035 1506 2056 01
1516 2030 1609 2056 vivant
1622 2036 1684 2055 cum

891 2071 949 2098 suis
960 2075 986 2098 et
1001 2071 1149 2107 moriantur
1163 2070 1247 2098 domi.
1286 2069 1363 2102 Quod
1375 2074 1403 2095 ut
1413 2069 1514 2095 enitare
1525 2066 1685 2093 contendas-

890 2117 954 2143 que,
968 2107 1009 2135 vel
1021 2109 1111 2143 potius
1123 2113 1151 2135 01
1162 2108 1299 2143 perficias:
1316 2114 1394 2142 posse
1408 2105 1481 2132 enim
1493 2109 1531 2135 te,
1544 2103 1685 2138 011111Ρο1-

891 2146 978 2172 suasi:
992 2144 1165 2172 vehementer
1177 2150 1200 2172 te
1211 2145 1292 2172 etiam
1304 2149 1383 2178 atque
1394 2143 1474 2170 etiam
1487 2150 1559 2177 rogo.

945 2218 1006 2239 xlv.
1030 2218 1048 2238 A
1056 2218 1107 2238 ΚΟ.
1130 2216 1268 2238 Dolabellam
1288 2216 1375 2239 laudnt,
1394 2215 1451 2241 quui!
1469 2213 1603 2237 columnam,
1621 2211 1684 2238 quui

891 2261 950 2274 uram
961 2256 1046 2273 niortuo
1056 2252 1160 2276 cumi,
1175 2255 1199 2272 ut
1209 2252 1261 2275 deo,
1273 2254 1378 2274 erectam,
1395 2248 1511 2273 everterit,
1523 2252 1543 2268 οι
1555 2248 1577 2267 in
1590 2253 1636 2271 eun,
1647 2245 1684 2272 qui

891 2292 968 2310 contu
978 2288 1103 2308 libert-tem
1113 2286 1311 2309 tumultu-matur,
1323 2283 1510 2305 animadverterit.

1039 2325 1068 2346 (In
1077 2323 1199 2347 Pompeiano.
1209 2322 1299 2342 Ante-nio,
1309 2322 1409 2340 IInInhrlIn
1420 2327 1465 2339 tou.
1478 2320 1532 2338 710.)

946 2366 1089 2394 CICERO
1114 2365 1373 2393 DOLABELLAE
1398 2363 1569 2391 CONSULI
1595 2362 1623 2388 S.

950 2406 973 2433 t.
993 2400 1054 2431 Etsi
1065 2408 1206 2431 contentus
1217 2412 1303 2433 cram,
1317 2403 1353 2428 mi
1366 2400 1514 2429 [1010110110.
1533 2405 1576 2425 tua
1587 2398 1681 2434 gloria,

891 2442 1011 2477 satisque
1027 2450 1060 2468 cx
1075 2450 1105 2468 ca
1122 2449 1247 2477 magnam
1261 2440 1387 2468 laetitiam
1403 2437 1624 2472 voluptatemque
1638 2444 1683 2462 ca-

892 2479 1013 2514 piebam:
1037 2484 1123 2505 tamen
1140 2487 1192 2505 non
1208 2486 1319 2513 possum
1336 2485 1387 2504 nou
1398 2475 1532 2505 confiteri.
1550 2472 1683 2500 cumulari

892 2526 934 2543 me
946 2516 1063 2544 maximo
1072 2515 1172 2552 gaudio
1180 2536 1186 2547 ,
1204 2515 1276 2550 quod
1293 2514 1375 2550 vulgo
1386 2513 1527 2540 hominum
1538 2511 1630 2546 opinio
1640 2519 1683 2536 so-

890 2555 964 2580 cium
980 2562 1022 2580 mo
1037 2553 1152 2580 ascribat
1163 2553 1216 2580 tuis
1229 2552 1364 2579 laudibus.
1406 2549 1546 2577 Neminem
1557 2548 1681 2577 conveni,

890 2591 1030 2627 (convenio
1050 2596 1139 2618 autem
1154 2590 1275 2626 quotidie
1290 2588 1435 2624 plurimos:
1458 2591 1521 2614 sunt
1534 2586 1606 2612 enim
1622 2593 1682 2621 per-

891 2628 969 2657 multi
979 2628 1076 2665 optimi
1087 2629 1152 2661 viri,
1169 2628 1217 2665 qui
1232 2626 1395 2655 valetudinis
1405 2633 1499 2653 caussa
1511 2624 1538 2652 in
1551 2623 1615 2651 haec
1627 2622 1684 2649 loca
