1941 3052
223 128 271 152 022
797 127 849 150 102.
883 125 904 149 M
950 125 978 150 'l'.
1009 124 1027 150 (Σ

226 199 276 223 iau)
295 197 375 222 Varro
391 197 458 222 milii
477 196 681 221 denuntiaverat
698 203 821 229 magnam
838 202 901 220 sane
917 199 942 220 et
956 202 1017 229 gra·
1038 196 1047 236 [J

226 244 284 259 wiu
302 233 490 269 πρικιμάνιμην,
532 232 672 257 liii-unium
696 232 844 266 praeteriit,
867 240 952 266 quum
974 231 1017 256 ille
1039 237 1047 272 1¹

227 270 402 302 Κιιλλυιηῶης
413 269 522 294 assiduo
535 277 614 294 cursu
627 269 749 294 cubitum
763 268 867 294 nullum
882 277 1018 303 processe·
1039 288 1047 303 Η

226 309 268 333 rit.
296 308 350 340 Ιίμω
361 312 447 332 autem
462 315 502 331 mc
514 305 639 340 parabam
652 306 684 331 ad
698 305 733 335 id,
747 305 818 340 quod
831 305 875 331 ille
888 305 954 331 milii
968 306 1018 330 iui-
1046 311 1047 314 ’

224 346 311 371 sisset.
327 349 354 369 ut
366 344 435 378 ιη’·ιῴ
449 345 480 377 τῷ
490 343 574 377 μέτρῳ
583 343 626 369 καὶ
638 343 723 371 λώϊιιν,
734 343 756 368 si
770 342 847 368 modo
859 344 1017 377 potuissem.
1039 335 1047 366 l*

225 382 291 407 Nam
305 381 353 406 boc
367 381 446 406 ctiam
459 380 591 405 llcsiodus
605 379 724 408 ascribit.
738 381 793 406 ni'xe
805 379 901 412 δύνηαι.
943 380 1018 405 Nunc
1040 378 1041 384 ¹

227 418 298 444 illam
311 417 368 449 περὶ
380 418 459 443 τελῶν
469 416 600 445 σύντηξιν,
612 425 675 442 sanc
688 417 754 442 milii
767 416 914 451 probatam,
928 417 1016 446 Bruto,
1040 416 1041 422 ¹

226 460 253 481 ut
268 455 315 480 tibi
329 454 438 488 placuit,
451 453 661 488 despondimus:
679 454 760 488 idque
773 459 799 480 tu
811 462 873 479 eum
885 462 936 479 non
949 453 1019 479 nolle

225 492 292 517 milii
304 491 448 525 scripsisti.
481 491 550 523 Ergo
561 490 634 516 illam
646 490 812 525 ιὶκηῦημική-ν,
826 491 851 516 in
864 499 916 525 qua
933 490 1019 516 bomi-

225 537 281 558 ues,
297 528 399 554 nobiles
411 527 450 554 illi
462 528 583 562 quidem,
594 528 640 554 sed
653 528 727 554 nullo
739 528 817 554 modo
829 527 969 563 philologi,
979 529 1020 553 ni-

226 566 277 592 mis
300 570 376 591 acute
403 565 562 600 loquuntur,
589 565 622 591 ad
647 566 790 591 Varronem
816 565 1018 591 transferamus.

224 603 330 629 Etenim
341 602 559 636 sunt'.-tuw31ffln,
571 610 640 637 quae
653 603 701 629 iste
714 602 790 629 valde
802 602 904 637 probat.
939 602 1020 628 Catu-

227 640 250 665 lo
265 644 291 666 et
307 640 418 665 Lucullo
433 639 497 665 alibi
516 648 690 674 r‹·ponr·mus;
715 641 749 666 ita
765 644 866 670 tamen,
886 640 909 665 si
927 645 953 665 tu
971 639 1020 665 boc
1048 658 1049 669 2

226 677 336 712 probas:
353 677 441 711 deque
452 685 483 703 eo
494 677 562 703 milii
574 677 705 703 rescribas
717 676 810 703 velim.
851 678 874 703 4.
897 677 932 703 De
945 677 1020 702 Brin-

226 715 303 741 niana
320 715 442 740 auctione
460 714 551 749 accepi
566 722 579 740 a
595 715 715 741 Vestorio
731 714 841 741 litteras.
882 714 938 743 Ait,
961 714 1020 740 sino

226 751 279 777 ulla
291 751 471 778 controversia
483 760 538 777 rem
551 752 584 778 ad
597 760 639 778 me
653 760 712 778 esse
725 751 847 778 collatam
859 751 966 786 (Itomae
979 751 1021 777 vi-

225 789 323 815 delicet
333 794 379 815 aut
391 788 576 815 in'rusculano
588 798 630 815 me
642 789 695 815 fore
707 789 909 824 putaverunt)a.
922 788 950 814 d.
962 796 1018 814 vui.

227 826 284 852 Kal.
299 826 391 858 Quint.
432 826 508 852 Dices
521 827 604 861 igitur
615 826 655 852 vcl
668 827 755 852 amico
766 831 823 856 tuo,
837 826 865 852 S.
879 826 964 852 Vettio
975 834 1021 851 co—

227 863 319 889 licredi
335 872 403 893 men,
426 863 467 889 vel
486 863 601 890 Labeoni
618 869 720 893 nostro,
743 863 864 898 paullum
887 863 1021 898 proferant
1042 877 1043 892 i

225 901 390 931 auctionem;
406 909 447 927 me
458 901 658 927 circiterNonas
670 902 695 927 in
704 900 855 927 Tusculano
866 900 930 926 fore.
952 900 1019 927 Cum

226 938 320 964 Pisone
332 938 438 964 Erotem
456 938 548 964 babes.
589 939 624 963 De
636 938 796 973 Scapulanis
807 937 890 964 bortis
906 942 958 964 toto
972 945 1021 972 pe-

225 979 296 1002 cion-e
306 976 466 1011 cogitemus.
508 976 568 1001 Dies
579 975 664 1002 adest.

280 1044 343 1065 ΧΙΙΙ.
367 1048 398 1067 (In
407 1046 502 1068 Ari-iuni,
513 1046 591 1064 caum
603 1047 632 1063 IV.
644 1053 680 1064 con.
691 1053 705 1063 ι.
715 1047 757 1064 coll.
769 1048 822 1068 709.)

413 1089 580 1116 CICERO
609 1089 777 1116 ATTICO
806 1089 833 1115 S.

282 1129 303 1152 l.
320 1122 482 1153 Commotus
494 1127 547 1153 tuis
560 1126 664 1157 litteris,
677 1126 750 1161 quod
762 1126 794 1152 ad
807 1134 849 1152 me
860 1126 893 1152 de
905 1126 1021 1152 Varrone

225 1165 382 1198 scripseras,
397 1168 476 1190 totam
483 1163 655 1190 Academiam
667 1164 700 1189 ab
713 1163 870 1190 hominibus
881 1163 1022 1190 nobilissi-

225 1202 303 1227 simis
320 1200 432 1231 abstuli.
449 1201 595 1236 tratulique
611 1201 644 1227 ad
660 1206 780 1227 nostrum
796 1200 930 1231 sodalem,
947 1205 973 1227 et
988 1209 1022 1227 ex

225 1238 332 1265 duobus
349 1238 427 1264 libris
442 1237 544 1264 contuli
559 1239 587 1264 in
605 1243 740 1273 quattuor.
780 1238 944 1265 Grandiores
958 1242 1022 1264 sunt

225 1276 348 1306 omnino,
366 1283 447 1310 quam
463 1280 538 1302 erant
553 1275 607 1308 i11i;
626 1275 673 1301 sed
689 1280 777 1302 tamen
793 1275 877 1302 multa
893 1275 1020 1302 detracta.

225 1314 264 1339 Tu
276 1317 365 1339 autem
381 1312 449 1338 mihi
466 1312 597 1347 pervelim
609 1313 725 1344 scribas,
743 1315 791 1348 qui
807 1312 973 1339 intellexeris
987 1311 1022 1338 il-

228 1350 283 1376 lum
295 1349 374 1376 velle.
405 1349 474 1376 Illud
486 1358 549 1376 vero
560 1351 654 1385 utique
666 1351 734 1376 scire
746 1351 835 1385 cupio,
848 1359 930 1385 quem
942 1349 1023 1376 intel-

226 1387 324 1414 lexeris
340 1387 373 1413 ab
388 1395 420 1413 eo
435 1388 653 1421 ζηλοτυπεῖσθαι,
675 1388 728 1414 nisi
748 1387 814 1414 forte
829 1388 951 1414 Brutum.
992 1386 1022 1413 ld

1044 124 1283 150 ictinuxis·

1125 193 1172 212 xv.
1201 195 1229 211 ιιι.
1242 194 1421 216 A¹1›‹1··ti,C‹-nn
1433 195 1457 211 ιν
1475 202 1503 211 -.,.
1521 202 1527 212 ι
1545 197 1579 211 ...ιι
1598 197 1650 215 rm,

1253 236 1420 263 CICERO
1450 238 1618 264 ATTICO
1645 238 1671 263 S,

1124 268 1200 305 Quid
1214 274 1281 309 agit,
1296 274 1407 300 obsecro
1419 279 1456 304 to.
1473 275 1556 301 Attica
1569 275 1676 301 nostra?
1696 275 1761 301 Nam
1774 275 1864 301 triduo

1069 311 1117 336 abs
1130 316 1153 337 te
1165 311 1252 337 nullan
1264 319 1430 345 acceperam:
1448 320 1496 337 nec
1508 313 1620 338 mirum:
1639 320 1716 338 nemo
1731 321 1803 338 enim
1817 320 1863 338 ve-

1071 352 1156 374 nerat.-
1173 356 1221 374 nec
1238 348 1348 374 fortasse
1363 357 1457 374 caussa
1474 348 1568 374 fuerat.
1608 349 1698 384 ltaque
1710 350 1778 384 ipse.
1796 349 1863 384 quid

1040 407 1041 411 ,
1070 385 1230 416 scriberem,
1247 394 1298 411 non
1316 385 1458 411 habebam.
1497 385 1556 417 Quo
1570 391 1658 412 autem
1670 386 1714 412 die
1727 387 1774 412 bas
1787 386 1864 412 vate-

1071 423 1109 448 rio
1120 422 1227 452 dabam,
1243 422 1431 456 exspectabam
1443 422 1561 457 aliquem
1574 431 1707 449 meorum:
1723 425 1771 459 qui
1783 424 1806 450 si
1819 432 1864 450 ve-

1071 460 1167 490 nisset,
1189 464 1214 486 et
1229 468 1243 484 a
1260 464 1284 485 te
1298 459 1364 494 quid
1383 459 1530 490 attulisset,
1551 459 1676 486 videbam
1693 469 1744 487 non
1755 460 1864 488 defutu-

1048 504 1049 508 ’
1071 505 1140 526 rum,
1152 496 1224 531 quod
1236 496 1392 523 scriberem.

1047 534 1049 625 l}
1124 565 1186 586 XVI.
1211 568 1240 587 (in
1251 567 1343 590 Aqua-ii.
1356 568 1433 584 (unm
1446 567 1476 584 nx
1487 574 1523 584 vm
1536 574 1548 583 ι
1559 567 1602 584 mu.
1614 569 1667 587 τω)

1047 630 1050 642 l

1258 609 1424 636 CICERO
1454 609 1620 636 ATTICO
1648 610 1675 636 S.

1128 657 1149 681 t.
1163 649 1236 684 Nos,
1253 664 1338 689 quum
1350 654 1459 681 flumina
1471 660 1496 682 et
1507 655 1667 682 solitudines
1679 664 1862 690 sequeremur.

1048 674 1050 728 l
1071 701 1125 727 quo
1135 692 1242 718 facilius
1256 694 1405 719 sustentare
1424 702 1471 719 nos
1487 701 1642 727 possemus,
1660 692 1755 727 pedem
1771 702 1784 718 e
1802 693 1864 718 villa

1048 731 1049 764 l
1071 729 1159 756 adhuc
1171 730 1272 765 egressi
1285 738 1335 756 non
1347 738 1456 761 sumus;
1475 730 1509 756 ita
1522 738 1633 764 magnos
1643 735 1669 756 et
1678 729 1802 756 assiduos
1814 731 1865 756 im-

1048 769 1049 773 ’
1072 767 1132 793 bres
1145 767 1321 793 habebamus.
1352 766 1426 793 Illam
1438 767 1596 801 ιὶκιιόημικὴν
1607 766 1729 795 σύνταξιν
1741 772 1819 793 totam
1832 767 1865 793 ad

1048 802 1050 834 Ι
1072 804 1215 830 Varronem
1232 804 1412 830 traduximus.
1453 804 1541 830 Primo
1559 803 1610 830 fuit
1624 803 1725 834 Catuli,
1748 803 1863 834 Luculli.

1072 842 1219 868 llortensii:
1242 841 1356 871 deinde,
1378 842 1442 876 quia
1458 841 1530 876 παρὰ
1546 841 1576 867 τὸ
1595 843 1695 875 πρέπον
1713 840 1863 871 videbatur,

1071 878 1143 913 quod
1159 883 1215 905 erat
1231 878 1387 905 hominibus
1403 884 1477 908 nota,
1495 887 1547 904 non
1560 877 1605 904 illa
1615 878 1727 913 quidem
1738 878 1866 906 ἀπωδεν·

1041 926 1043 935 ¹
1071 917 1124 946 σία,
1139 915 1186 942 sed
1199 917 1225 942 in
1239 916 1272 942 iis
1284 915 1364 942 rebus
1375 915 1492 951 ιὶιριψία.
1506 914 1587 941 simul
1600 924 1630 941 ac
1643 916 1703 941 veni
1715 915 1748 941 ad
1762 915 1864 946 villam,

1071 953 1179 979 cosdem
1200 952 1260 979 illos
1278 961 1416 979 sermones
1435 952 1468 978 ad
1484 953 1609 979 Catonem
1628 952 1794 987 Brutumque
1813 958 1865 979 tra-

1072 990 1131 1016 tuli.
1172 990 1239 1016 Ecce
1259 995 1318 1016 tuae
1339 989 1440 1016 litterae
1460 989 1493 1016 de
1510 990 1635 1016 Varrone.
1676 989 1783 1016 Nemini
1808 991 1865 1016 visa

1049 1029 1050 1033 ’
1071 1032 1112 1054 est
1122 1028 1208 1062 aptior
1221 1027 1358 1061 Ἀντιόχεια
1374 1028 1449 1053 ratio.
1490 1029 1514 1053 Ξ,
1535 1026 1587 1053 Sed
1603 1032 1690 1053 tamen
1706 1026 1787 1053 velim
1799 1027 1866 1053 scri—

1072 1065 1120 1091 bas
1131 1064 1164 1090 ad
1175 1073 1232 1095 me,
1255 1065 1383 1098 primum,
1400 1064 1537 1099 placeatne
1549 1064 1597 1090 tibi
1609 1063 1712 1099 aliquid
1723 1063 1756 1090 ad
1772 1064 1864 1096 illum,

1071 1101 1184 1133 deinde,
1197 1102 1221 1128 si
1234 1101 1364 1136 placebit,
1378 1102 1461 1128 hocne
1472 1101 1654 1136 potissimum.
1691 1100 1762 1133 Quid
1775 1101 1867 1127 Servi-

1073 1138 1126 1165 lia?
1140 1139 1229 1165 iamne
1241 1137 1332 1165 venit?
1351 1139 1448 1165 Brutus
1458 1138 1557 1173 ecquid
1568 1139 1636 1174 agit,
1653 1137 1810 1173 ecquando?
1830 1138 1867 1164 De

1072 1176 1184 1203 Caesare
1197 1175 1265 1211 quid
1275 1174 1402 1202 auditur'?
1414 1176 1471 1211 Ego
1481 1175 1515 1202 ad
1526 1176 1624 1206 Nonas.
1637 1175 1867 1210 quemadmodum

1072 1213 1142 1240 dei.
1181 1213 1222 1240 Tu
1231 1221 1294 1240 cum
1306 1213 1411 1243 Pisone,
1424 1214 1448 1239 si
1459 1212 1526 1248 quid
1537 1213 1647 1248 poteris.

1125 1290 1199 1312 XVII.
1226 1293 1256 1315 (111
1265 1292 1360 1316 Arpinati.
1370 1293 1449 1311 cature
1460 1292 1492 1309 IV.
1503 1298 1541 1309 om.
1551 1299 1565 1309 ι.
1576 1292 1619 1309 mu.
1630 1294 1683 1312 709.)

1259 1334 1428 1363 CICERO
1456 1334 1624 1362 ATTICO
1653 1334 1682 1361 S.

1129 1376 1235 1413 Quinto
1245 1380 1358 1407 Kalend.
1375 1380 1564 1416 exspectabam
1580 1380 1662 1407 Roma
1677 1378 1795 1414 aliquid;
1815 1387 1867 1406 non

1072 1419 1323 1453 quoimperassem.
1367 1418 1452 1454 Igitur
1467 1417 1571 1453 aliquid
1582 1418 1646 1444 tuis.
1685 1417 1762 1443 Nunc
1773 1416 1867 1443 eadem

226 1423 315 1450 hercle
331 1424 456 1451 restabat.
496 1424 550 1450 Sed
566 1429 654 1451 tamen
675 1425 745 1451 scire
762 1424 905 1460 pervelim.
946 1424 1022 1451 Libri

225 1461 336 1497 quidem
348 1462 383 1488 ita
394 1462 531 1492 exierunt,
549 1462 612 1497 (nisi
628 1461 694 1488 forte
710 1470 752 1488 me
763 1462 917 1488 communis
927 1463 1023 1496 φιλαυ-

225 1500 266 1525 τία
277 1498 399 1533 decipit.)
410 1503 439 1525 ut
450 1499 477 1525 in
489 1498 535 1526 tali
546 1507 644 1535 genere
656 1507 688 1525 ne
699 1499 771 1534 apud
784 1499 898 1526 Graecos
909 1499 1020 1534 quidem

225 1536 315 1562 simile
326 1536 487 1571 quidquam.
510 1537 549 1562 Tu
561 1536 635 1562 illam
648 1537 777 1563 iacturam
789 1536 858 1563 feres
871 1537 1022 1572 aequoani-

226 1581 278 1603 mo,
291 1573 365 1608 quod
376 1573 436 1604 illa,
449 1582 518 1608 quae
530 1573 613 1600 habes
624 1573 657 1600 de
667 1573 851 1605 Academicis,
865 1573 963 1600 frustra
973 1573 1022 1600 de-

225 1611 324 1645 scripta
340 1615 412 1636 sunt.
452 1610 535 1637 Multo
550 1615 638 1637 tamen
654 1611 720 1637 haec
734 1616 813 1638 erunt
826 1611 1019 1646 splendidiora,

226 1648 362 1678 breviora,
380 1647 500 1674 meliora.
541 1649 566 1675 2.
588 1649 666 1674 Nunc
681 1653 771 1674 autem
787 1648 892 1684 ἀπορῶ,
909 1657 964 1683 quo
978 1656 1022 1674 me

226 1689 338 1711 vertam.
379 1684 444 1711 Volo
454 1684 606 1712 Dolabellae
621 1685 699 1712 valde
715 1685 894 1712 desideranti:
912 1694 965 1712 nou
979 1694 1023 1712 re—

224 1722 309 1756 perio,
325 1721 406 1756 quid:
424 1726 449 1748 et
460 1722 542 1748 simul
558 1722 678 1757 αἰδέομαι
690 1725 795 1759 Τρῶαςε
817 1731 919 1758 neque,
936 1723 961 1749 si
971 1722 1022 1748 ali-

225 1758 301 1794 quid,
319 1763 409 1793 potero
423 1760 521 1795 μέμψιν
537 1759 664 1795 effugere.
702 1759 755 1786 Aut
765 1760 927 1786 cessandum
938 1760 1022 1795 igitur

226 1800 271 1822 aut
286 1795 390 1830 aliquid
405 1796 624 1832 excogitandum.
663 1799 688 1823 3.
711 1796 764 1823 Sed
782 1797 850 1832 quid
865 1797 932 1824 haec
952 1796 1022 1823 levia

225 1832 370 1859 curamus‘.>
390 1834 474 1860 Attica
487 1842 554 1864 mea,
567 1833 678 1860 obsecro
688 1838 723 1865 te,
735 1834 802 1869 quid
813 1833 886 1870 agit?
898 1842 967 1869 quae
978 1842 1021 1860 me

226 1870 304 1896 valde
315 1870 399 1905 angit.
439 1870 491 1896 Sed
506 1870 600 1897 crebro
615 1876 724 1906 regusto
734 1875 794 1897 tuas
805 1871 921 1898 litteras:
938 1872 966 1898 in
977 1871 1021 1898 his

226 1908 378 1942 acquiesco.
419 1908 519 1934 Tamen
529 1913 656 1942 exspecto
667 1916 760 1934 novas.

278 1976 341 1997 XIV.
373 1978 403 2000 (ln
413 1977 508 2001 Arpinati,
519 1978 597 1996 mesan-
607 1979 639 1996 lv.
650 1985 687 1996 ens.
697 1985 711 1996 ι.
719 1979 763 1997 toll.
774 1981 826 1999 709.)

409 2019 577 2047 CICERO
606 2021 776 2049 ATTICO
805 2021 834 2048 S.

283 2060 306 2084 ⁴.
328 2052 438 2084 Brinnii
460 2058 586 2089 libertus,
608 2059 718 2085 coheres
738 2064 841 2090 noster,
864 2059 974 2093 scripsit
988 2059 1021 2085 ad

226 2102 278 2126 me,
292 2094 371 2126 velle,
384 2095 407 2121 si
418 2095 487 2122 mihi
498 2095 626 2130 placeret,
640 2096 798 2127 coheredes,
814 2105 843 2122 se
854 2101 880 2123 et
890 2096 1021 2123 Sabinum

226 2132 350 2163 Albium,
369 2132 401 2158 ad
414 2141 456 2158 me
468 2134 569 2159 venire.
609 2133 637 2160 Id
649 2141 699 2169 ego
709 2133 788 2168 plane
800 2133 870 2160 nolo.
910 2133 1022 2160 Heredi-

226 2174 266 2196 tas
281 2170 347 2196 tanti
362 2178 414 2196 non
430 2174 480 2196 est.
520 2170 553 2196 Et
568 2175 657 2197 tamen
668 2171 743 2197 obire
754 2171 887 2197 auctionis
897 2170 970 2197 diem
982 2170 1022 2197 fa-

225 2206 276 2233 cile
287 2211 419 2241 poterunt,
433 2207 483 2242 (est
494 2208 610 2234 enimlu.
619 2207 670 2243 Id.)
681 2209 704 2234 si
716 2217 758 2234 me
771 2208 799 2234 in
810 2207 962 2235 Tusculano
973 2217 1022 2243 po-

226 2244 320 2271 stridie
332 2245 420 2270 Nonas
436 2253 514 2271 mane
525 2246 709 2272 convenerint.
749 2245 826 2278 Quod
837 2246 861 2272 si
873 2245 962 2272 laxius
974 2254 1022 2272 vo-

226 2281 280 2308 lent
291 2281 408 2316 proferre
419 2281 501 2313 diem,
513 2287 639 2317 poterunt
649 2282 691 2308 vel
699 2282 824 2314 biduum,
833 2282 876 2309 vel
888 2282 1019 2313 triduum,

226 2318 268 2344 vel
280 2323 309 2345 ut
324 2318 470 2345 videbitur.
511 2319 584 2345 Nihil
601 2320 674 2346 enim
689 2321 809 2346 interest.
848 2319 949 2352 Quare,
967 2321 1021 2346 nisi

225 2356 278 2381 iam
294 2355 405 2390 profecti
421 2360 497 2386 sunt,
515 2357 645 2383 retinebis
660 2357 794 2383 homines.
833 2358 859 2384 2.
882 2357 916 2383 De
929 2357 1019 2388 Bruto,

225 2393 248 2418 si
264 2393 331 2427 quid
346 2394 408 2425 erit;
430 2393 464 2419 de
479 2393 605 2424 Caesare,
622 2394 647 2420 si
661 2394 728 2429 quid
743 2394 826 2426 scies;
849 2395 874 2420 si
889 2394 956 2428 quid
971 2395 1022 2421 erit

226 2435 369 2463 praeterea,
382 2430 496 2456 scribes.
531 2433 556 2457 3.
576 2431 646 2457 Illud
657 2432 738 2458 etiam
749 2436 829 2466 atque
839 2431 920 2457 etiam
931 2432 1022 2458 consi-

225 2466 303 2492 deres
319 2467 415 2498 velim,
432 2467 570 2502 placeatne
584 2468 634 2494 tibi
648 2469 718 2494 mitti
729 2468 762 2494 ad
776 2469 936 2499 Varronem,
947 2468 1021 2504 quod

225 2504 396 2537 scripsimus.
437 2505 495 2531 Etsi
510 2506 590 2532 etiam
607 2505 640 2532 ad
656 2510 680 2532 te
691 2505 796 2540 aliquid
811 2506 939 2540 pertinet;
958 2514 1020 2532 nam

225 2540 306 2570 scito,
323 2545 347 2566 te
363 2542 389 2567 ei
402 2541 509 2577 dialogo
519 2542 677 2569 adiunctum
690 2551 750 2568 esse
761 2543 880 2568 tertium.
919 2542 1022 2578 Opinoi·

226 2577 310 2611 igitur
330 2578 542 2605 consideremus.
582 2579 641 2606 Etsi
660 2580 768 2606 nomina
789 2580 843 2606 iam
858 2579 926 2607 facta
940 2584 1017 2613 sunt;

226 2612 274 2639 sed
285 2613 328 2640 vel
339 2614 442 2645 induci,
456 2616 498 2642 vel
510 2617 610 2645 mutati
619 2621 742 2652 possunt.

1072 1455 1133 1482 illa:
1150 1455 1218 1491 quid
1229 1456 1326 1482 Brutus
1336 1454 1452 1491 cogitet?
1466 1460 1525 1486 aut,
1538 1455 1562 1481 si
1573 1453 1677 1489 aliquid
1687 1454 1756 1490 egit,
1769 1453 1867 1488 ecquid

1073 1502 1087 1520 a
1098 1493 1221 1520 Caesare.
1261 1492 1314 1519 Sed
1329 1493 1396 1528 quid
1411 1494 1475 1523 ista,
1492 1500 1561 1527 quae
1577 1492 1668 1518 minus
1682 1490 1765 1518 curo?
1781 1491 1867 1517 Attica

1073 1535 1162 1557 nostra
1177 1529 1245 1565 quid
1260 1534 1333 1566 agat,
1350 1530 1420 1556 scire
1435 1531 1529 1565 cupio:
1551 1529 1602 1556 etsi
1617 1533 1677 1555 tuae
1694 1527 1795 1555 litterae
1810 1527 1867 1562 (sed

1073 1568 1127 1594 iam
1142 1567 1224 1594 nimis
1240 1572 1344 1594 veteres
1359 1567 1432 1602 sunt)
1446 1571 1516 1594 recte
1530 1574 1638 1602 sperare
1647 1565 1756 1593 iubent:
1779 1570 1867 1592 tamen

1072 1609 1200 1640 exspecto
1210 1613 1303 1631 recens
1314 1604 1429 1640 aliquid.

1126 1674 1212 1695 XVIU.
1237 1676 1268 1700 (ln
1277 1675 1373 1698 Arpha-ti,
1383 1675 1462 1693 camare
1472 1674 1504 1692 tv.
1514 1680 1551 1691 ou·-
1560 1680 1574 1691 a.
1584 1673 1628 1691 0011.
1638 1674 1693 1695 7⁰⁹.)

1256 1717 1422 1745 CICERO
1453 1715 1622 1744 ATTICO
1651 1715 1680 1742 S.

1128 1751 1229 1786 Vides,
1242 1755 1430 1790 propinquitas
1440 1753 1508 1790 quid
1519 1753 1625 1780 habeat.
1665 1752 1719 1779 Nos
1729 1760 1793 1779 vero
1803 1760 1868 1779 con-

1074 1793 1196 1820 ficiamus
1207 1793 1306 1819 hortos.
1346 1791 1470 1827 Colloqui
1485 1790 1659 1821 videbamur,
1676 1790 1704 1816 in
1715 1789 1868 1816 Tusculano

1072 1839 1158 1866 quum
1171 1838 1273 1863 essem;
1291 1833 1361 1856 tanta
1372 1834 1428 1855 erat
1438 1828 1566 1855 crebritas
1577 1827 1736 1854 litterarum.
1772 1826 1824 1853 Sed
1839 1825 1867 1852 id

1072 1867 1184 1903 quidem
1200 1868 1254 1894 iam
1268 1867 1328 1893 erit.
1367 1866 1424 1902 Ego
1439 1867 1540 1893 interea
1555 1864 1695 1891 admonitu
1710 1868 1756 1891 tuo
1766 1863 1866 1898 perfeci

1072 1913 1136 1931 sane
1147 1904 1286 1940 argutulos
1297 1903 1380 1930 libros
1391 1903 1424 1929 ad
1435 1903 1594 1930 Varronem:
1612 1901 1660 1928 sed
1671 1906 1759 1928 tamen
1770 1908 1868 1936 exsp&

1072 1947 1126 1973 cto,
1143 1941 1211 1977 quid
1221 1941 1255 1968 ad
1265 1949 1310 1971 ea.
1326 1949 1396 1976 quae
1406 1941 1504 1975 scripsi
1515 1939 1549 1966 ad
1561 1944 1598 1966 te:
1615 1939 1748 1974 primum,
1765 1940 1813 1973 qui
1825 1939 1868 1964 in-

1072 1979 1208 2006 tellexeris
1218 1987 1281 2005 eum
1291 1978 1444 2004 desiderare
1455 1986 1469 2004 a
1480 1986 1536 2008 me,
1554 1984 1640 2012 quum
1655 1977 1714 2011 ipse
1725 1975 1804 2002 homo
1817 1985 1864 2002 πο-

1072 2015 1279 2053 λυγραφώτατος
1285 2023 1434 2050 numquam
1441 2023 1484 2041 me
1491 2014 1656 2041 lacessisset:
1669 2012 1776 2042 deinde,
1784 2020 1866 2047 quem

1074 2055 1238 2088 ζηλοτυπεῖν,
1249 2053 1303 2079 nisi
1315 2052 1380 2079 forte
1386 2053 1513 2079 Brutum:
1530 2059 1612 2086 quem
1623 2051 1710 2077 sinon
1722 2050 1866 2083 ζηλοτυπεῖ,

1073 2090 1158 2117 multo
1170 2091 1342 2117 Hortensium
1356 2090 1461 2120 minus,
1479 2093 1526 2115 aut
1539 2096 1598 2119 eos,
1615 2087 1664 2123 qui
1679 2086 1713 2113 de
1728 2085 1866 2121 republica

1074 2128 1230 2163 loquuntur.
1270 2126 1352 2153 Plane
1367 2126 1418 2153 hoc
1431 2126 1500 2152 mihi
1515 2124 1635 2160 explices
1650 2124 1749 2150 velim:
1766 2124 1795 2150 in
1808 2123 1867 2158 pri—

1073 2166 1139 2196 mis,
1153 2173 1297 2191 maneasne
1308 2165 1335 2191 in
1347 2164 1491 2194 sententia,
1505 2167 1535 2189 ut
1545 2163 1650 2189 mittam
1660 2160 1694 2187 ad
1707 2169 1769 2187 eum
1777 2181 1784 2192 ‚
1795 2168 1867 2196 quae

1072 2203 1183 2238 scripsi;
1197 2211 1230 2229 an
1241 2201 1311 2228 nihil
1322 2209 1430 2228 necesse
1441 2205 1531 2236 putes.
1568 2198 1622 2226 Sed
1631 2199 1697 2226 haec
1705 2206 1805 2225 coram.

1125 2271 1190 2292 XIX.
1213 2273 1244 2295 (tn
1252 2272 1348 2297 Arpinati.
1357 2272 1437 2291 eae-are
1447 2271 1479 2289 lv.
1489 2277 1526 2289 eus.
1535 2277 1549 2288 ι.
1558 2270 1602 2289 ωΙΙ.
1611 2269 1668 2291 70³.)

1257 2314 1426 2343 CICERO
1454 2312 1622 2341 ATTICO
1650 2312 1679 2339 S.

1130 2355 1153 2379 t.
1175 2349 1358 2379 Commodum
1378 2352 1540 2378 discesserat
1553 2350 1660 2377 Hilarus
1679 2348 1807 2375 librarius
1827 2356 1864 2375 iv.

1072 2389 1142 2421 Kal..
1155 2391 1201 2417 cui
1210 2390 1338 2416 dederam
1350 2389 1450 2416 litteras
1465 2388 1498 2415 ad
1509 2394 1547 2419 te,
1563 2395 1649 2423 quum
1664 2386 1738 2412 venit
1753 2384 1867 2412 tabella·-

1072 2429 1129 2454 rius
1140 2435 1204 2454 cum
1214 2428 1269 2454 tuis
1281 2427 1376 2454 litteris
1386 2426 1475 2461 pridie
1485 2425 1569 2452 datis:
1580 2425 1608 2451 in
1618 2422 1721 2458 quibus
1732 2421 1801 2448 illud
1813 2423 1866 2448 mi-

1072 2465 1101 2491 hi
1115 2465 1302 2501 gratissimum
1318 2463 1383 2494 fuit,
1399 2462 1473 2498 quod
1487 2462 1574 2489 Attica
1588 2465 1676 2487 nostra
1691 2464 1765 2495 rogat
1775 2464 1814 2490 te,
1831 2468 1866 2486 ne

1071 2503 1156 2528 tristis
1166 2502 1214 2533 sis,
1227 2501 1355 2537 quodque
1365 2505 1394 2527 tu
1406 2499 1530 2527 ἀκίνδυνα
1539 2506 1599 2525 esse
1609 2497 1717 2524 scribis.
1748 2498 1774 2523 2.
1786 2497 1866 2530 Liqu-

1070 2542 1182 2569 rianam,
1193 2543 1223 2565 ut
1234 2538 1313 2565 video
1320 2559 1326 2569 ,
1339 2536 1473 2573 praeclare
1483 2536 1626 2562 auctoritas
1636 2539 1682 2561 tua
1691 2533 1866 2561 commenda-

1071 2577 1120 2603 vit.
1157 2576 1272 2610 Scripsit
1286 2576 1360 2602 enim
1370 2574 1404 2601 ad
1414 2581 1457 2600 me
1467 2572 1566 2599 Balbus
1576 2577 1603 2598 et
1612 2571 1718 2606 Oppius
1726 2592 1732 2602 ,
1750 2570 1866 2597 mirifice

1070 2621 1100 2639 se
1110 2613 1236 2648 probare3
1253 2612 1288 2639 ob
1303 2619 1417 2646 eamque
1430 2618 1554 2636 caussam
1569 2609 1603 2635 ad
1614 2608 1754 2636 Caesarem
1764 2616 1824 2634 eam
1834 2615 1865 2633 se

1069 2649 1266 2678 oratiunculam
1277 2649 1394 2676 misisse.
1427 2647 1481 2674 Hoc
1492 2647 1576 2683 igitur
1585 2646 1658 2673 idem
1669 2650 1698 2673 tu
1709 2645 1778 2672 mihi
1787 2649 1864 2672 antea
