1941 3052
227 135 288 158 tutu
797 129 851 154 itt.
884 127 918 153 M.
949 127 979 153 Τ.

224 204 335 230 fiwiunt,
357 207 383 227 ut
399 202 420 227 si
438 201 538 227 lnexum
556 204 655 234 partem
674 198 853 232 neptim-rvnt,
875 197 1012 224 dexteram
1034 197 1037 208 '

223 245 372 267 tuerentur:
391 243 434 264 nut
453 239 537 271 ili-«ius
549 237 646 265 nuiini,
664 241 691 262 ut
704 234 764 261 sevit
776 234 905 265 llcrillus,
920 236 1014 269 cogni·
1035 246 1037 269 2

223 279 320 304 titmem
337 276 563 310 unuplvxnrentur,
585 274 714 298 actionem
731 272 922 306 relinquerent.
963 272 1015 298 Eo-
1036 286 1037 293 ι

223 324 281 340 rum
302 315 372 339 enini
388 313 522 340 oninium.
546 310 627 336 multa
644 309 925 344 praetermittentium.
947 309 1013 335 dum

222 352 320 383 eligunt
333 349 448 383 aliquid,
466 347 537 382 quod
550 352 709 381 sequnntur,
731 347 808 380 quasi
820 351 894 372 curta
906 351 1015 372 senten-

223 390 266 414 tia.
310 389 339 413 ‚tt
362 396 422 412 vero
440 385 482 411 iu..
500 384 613 419 perfecta
630 389 708 418 utque
726 383 817 418 plena,
835 392 942 414 eorum,
965 383 1013 418 qui

222 434 305 459 qumn
318 424 350 449 «Ιι-
364 423 479 448 hominis
491 431 597 447 sunum»
609 421 677 447 bono
687 425 858 455 quaererent,
872 421 974 447 nullum
987 421 1013 447 in
1043 420 1045 455 i

222 473 252 487 vu
269 470 353 495 mapu-
369 461 450 486 :initui
468 467 553 493 neque
565 459 682 493 eorporis
695 463 795 492 partem
809 467 920 484 vacuam
933 458 1013 484 tutela

223 499 395 532 reliqui-runt.
437 498 477 522 517.
502 497 552 522 Vos
567 501 670 526 nutem,
691 496 767 526 (eluto,
784 496 848 530 quia
864 496 962 525 virtus,
985 500 1014 522 ut
1036 512 1037 517 ι

221 544 313 561 uuines
327 535 447 564 sau-mur,
461 534 622 559 altissimum
634 532 720 558 locum
734 533 759 558 in
772 532 880 559 liomine
891 537 916 559 et
927 533 1015 559 maxi·
1036 543 1037 548 ¹

223 581 263 599 mc
275 571 448 598 excellentem
462 576 540 600 tenet,
550 575 575 596 et
585 570 656 604 quod
669 578 722 600 eos,
735 571 783 604 qui
795 570 929 604 sapientes
940 574 1012 601 sunt,

221 609 357 636 absolutos
368 614 392 634 et
407 608 536 642 periectos·
548 612 687 642 putamus,
705 608 789 633 aciem
803 608 954 633 animorum
967 615 1015 633 no-
1036 609 1037 639 l

221 652 335 673 §trorum
357 646 464 671 virtutis
485 645 626 679 splendore
644 645 851 679 praestringitis.
891 645 920 670 ln
940 645 1014 671 omni
1036 642 1045 662 ¹¹

221 685 292 710 enim
309 685 443 709 animante
459 687 499 708 cst
514 691 651 708 summum
664 681 767 716 aliquid
779 687 859 716 atque
870 682 1012 716 optimum,

223 727 248 747 ιιι
263 723 288 747 ιιι
301 720 554 755 e(p1is,in(·anibus;
571 719 673 754 quibus
684 724 770 745 tamen
783 724 809 745 et
819 718 909 745 dolore
921 727 1014 745 vacare

220 767 288 793 opus
300 764 340 784 est
350 763 375 784 et
388 757 484 783 valet-c.
504 757 548 783 Sic
563 757 644 792 igitur
655 757 681 782 in
695 756 802 783 homine
814 757 941 790 perfectio
953 757 1012 787 ista,

223 797 248 822 in
260 804 291 821 eo
303 796 482 830 potissimum,
495 794 566 829 quod
579 799 618 820 cst
629 795 771 828 optimum,
780 793 806 819 id
816 798 856 820 cst
866 794 893 820 in
906 794 1012 825 virtute,

223 833 355 859 laudatur.
396 833 486 866 ltaque
499 832 564 857 milii
579 840 628 857 non
641 832 705 857 satis
718 831 849 857 videmini
860 831 1015 858 considera-

223 880 262 899 re,
278 870 350 904 qumi
368 870 415 895 iter
430 870 464 895 sit
480 874 600 898 naturaie,
617 877 741 903 quaeque
753 869 914 903 progressio.
956 869 1013 895 Non
1036 859 1045 903 ,l'

221 906 384 941 cnim.qno‹l
398 906 458 932 facit
471 907 496 932 in
509 906 782 940 si·1igib11s,ut,qiitim
795 906 828 932 ad
839 907 941 940 spicam
954 914 1015 940 per-

221 945 328 982 duxerit
345 944 378 970 al»
394 943 488 970 lwrba.
507 943 639 977 relinquat
655 948 680 969 et
692 952 739 977 pro
750 943 835 969 nihilo
846 943 942 970 habeat
954 943 1015 969 lier—

222 982 292 1012 bam,
307 981 376 1007 idem
389 981 449 1007 favit
462 981 487 1006 in
499 981 615 1011 homine,
628 989 714 1015 quum
726 989 788 1006 cum
801 980 834 1007 ad
846 981 955 1008 rationis
967 980 1015 1006 ha-

222 1019 308 1045 lntum
320 1018 484 1053 perduxerit.
521 1018 632 1052 Semper
643 1018 716 1044 enim
729 1019 764 1044 ita
775 1019 888 1045 assumit
899 1017 1012 1053 aliquid,
1036 1035 1045 1071 χ,

223 1061 251 1082 ιιι
261 1065 300 1087 ca,
313 1064 382 1090 quae
395 1056 479 1090 prima
490 1055 601 1086 dederit,
616 1064 648 1081 ne
659 1055 772 1082 deserat.
795 1057 836 1082 38.
849 1056 941 1091 Itaque
952 1063 1015 1081 sen-
1036 1066 1037 1071 ¹

221 1094 298 1119 sibus
314 1094 441 1119 rationem
457 1092 593 1123 adiunxit,
619 1097 656 1124 et,
674 1093 775 1119 ratione
790 1093 894 1123 effecta,
917 1101 1014 1119 sensus
1036 1076 1045 1139 ll

222 1139 273 1157 nou
286 1130 423 1164 relinquit.
454 1130 485 1156 [t
496 1131 519 1155 si
530 1130 634 1156 cultura
646 1130 752 1161 vitium,
765 1131 844 1157 cuius
854 1131 903 1157 lioc
915 1138 1014 1156 munus
1036 1126 1038 1158 l

221 1173 274 1197 est,
293 1168 446 1198 interliciat,
469 1172 496 1193 ut
515 1168 578 1193 vitis
593 1176 655 1194 cum
672 1167 794 1202 partibus
809 1169 867 1194 suis
886 1168 1014 1194 omnibus
1036 1168 1045 1203 },

221 1214 302 1240 quam
317 1206 416 1239 optime
433 1213 460 1230 sc
477 1204 585 1231 habeat:
604 1204 659 1239 (sed
676 1206 716 1231 sic
731 1205 929 1241 intelligamus:
953 1204 1016 1231 licct

221 1243 307 1272 enim,
328 1247 355 1268 ut
372 1251 419 1267 vos
434 1250 541 1276 quoque
558 1241 650 1268 soletis
666 1242 765 1278 fingere
780 1242 885 1277 aliquid
899 1242 1014 1269 docendi

220 1288 313 1306 caussa
323 1279 339 1313 Β)
350 1280 372 1304 si
386 1279 467 1313 igitur
479 1279 524 1305 illa
535 1279 639 1305 cultura
651 1280 748 1306 vitium
760 1280 787 1306 in
798 1281 853 1306 vite
865 1280 941 1311 insit,
956 1280 1014 1314 ipsa

220 1321 318 1347 cetera,
337 1316 428 1347 credo,
447 1316 524 1348 velit,
542 1325 612 1351 quae
628 1316 660 1343 ad
672 1316 811 1343 colendam
823 1318 905 1344 vitem
918 1317 1015 1344 attine-

222 1355 300 1384 l›unt,
321 1354 391 1380 sieut
407 1358 496 1380 antea:
518 1362 547 1380 sc
562 1358 651 1380 autem
668 1354 795 1381 omnibus
810 1355 875 1381 vitis
890 1354 1014 1389 partibus

221 1390 362 1426 μιηοῖριοῑ,
381 1396 531 1426 statuatque
546 1391 615 1417 nihil
627 1400 685 1417 esse
696 1391 794 1418 melius
808 1392 836 1418 in
848 1393 915 1423 vite,
931 1400 1013 1427 quam

220 1438 260 1455 se:
279 1428 404 1454 similiter
414 1437 524 1459 sensus,
537 1437 622 1463 quum
634 1429 747 1455 accessit
757 1429 790 1455 ad
802 1434 923 1456 naturam
932 1450 938 1460 ,
956 1434 1015 1456 tue-

221 1472 262 1492 tur
273 1465 347 1491 illam
361 1465 487 1500 quidem,
505 1466 551 1492 sed
568 1466 648 1492 etiam
665 1471 753 1492 tuetur
764 1475 806 1492 se:
827 1475 914 1501 quum
924 1472 1014 1493 autem

220 1508 356 1537 assumpta
368 1503 433 1529 ratio
444 1508 492 1534 est,
502 1507 573 1530 tanto
584 1503 611 1529 in
622 1503 760 1530 dominatu
772 1504 880 1534 locatur,
891 1504 1014 1530 utomnia

222 1541 264 1566 illa
282 1541 368 1575 prima
387 1545 496 1566 naturae
517 1540 599 1567 huius
620 1541 716 1567 tutelae
740 1541 930 1568 subiiciantur.
971 1542 1012 1568 39.

221 1579 309 1613 Itaque
322 1586 373 1604 non
385 1577 499 1604 discedit
510 1578 544 1603 ab
555 1586 648 1604 eorum
659 1579 810 1609 curatione,
823 1578 925 1613 quibus
937 1586 1015 1613 prae-
1036 1579 1037 1594 l

220 1616 304 1649 posita
317 1616 398 1641 vitam
409 1623 517 1641 onmem
529 1614 607 1641 debet
618 1615 784 1651 gubernare:
806 1621 836 1642 ut
846 1617 939 1642 mirari
948 1616 1014 1642 satis

220 1661 311 1679 eorum
322 1653 528 1679 inconstantiam
540 1661 592 1679 non
604 1653 751 1687 possimus.
775 1653 930 1680 Naturalem
942 1654 1014 1680 enim

220 1690 424 1724 appetitionem,
441 1698 524 1724 quam
535 1695 631 1716 vocant
641 1690 722 1725 ὁρμήν
730 1711 736 1719 ,
752 1691 871 1725 itemque
882 1690 1012 1722 officium,

222 1728 306 1761 ipsam
317 1728 397 1754 etiam
409 1728 536 1754 virtutem
549 1736 609 1753 esse
619 1727 714 1754 volunt
724 1736 817 1754 earum
828 1736 918 1754 rerum
926 1749 932 1758 ,
945 1736 1015 1763 quae

220 1764 368 1790 secundum
385 1769 507 1791 naturam
523 1769 598 1797 sunt;
621 1773 707 1799 quum
723 1770 813 1791 autem
829 1765 862 1791 ad
876 1774 1015 1792 summum

221 1802 320 1828 bonum
332 1801 425 1828 volunt
436 1801 750 1836 pervenire,transiliunt
760 1803 859 1832 omnia,
868 1807 893 1829 et
903 1802 957 1829 duo
968 1811 1016 1829 no-
1045 1828 1047 1830 ,

221 1839 262 1865 bis
274 1847 351 1873 opera
363 1848 410 1874 pro
421 1847 475 1866 uno
485 1839 650 1874 relinquunt,
659 1839 745 1866 utalia
752 1848 902 1871 sumamus,
910 1839 961 1866 alia
968 1848 1016 1874 ap—

222 1881 342 1910 petamus
363 1877 466 1911 potius,
487 1885 570 1912 quam
590 1885 644 1903 uno
667 1877 718 1903 line
738 1881 884 1912 utrumque
906 1876 1017 1904 conclu-

221 1913 294 1939 dant.
1037 1929 1047 1950 p

276 1950 334 1976 XV.
357 1952 397 1977 40.
417 1951 450 1977 At
460 1951 533 1977 enim
545 1955 637 1977 natura
649 1950 740 1977 dicitis
750 1951 878 1977 virtutem
889 1959 941 1977 non
953 1960 1016 1986 pos-

221 1995 250 2013 se
260 1988 398 2018 constitui,
412 1989 435 2014 si
447 1996 477 2014 ea
486 2009 492 2019 ,
504 1996 574 2023 quae
585 1993 658 2014 extra
670 1989 799 2015 virtutem
810 1989 877 2019 sint,
894 1988 927 2015 ad
939 1988 1015 2015 beate
1038 1995 1047 2028 ιζ

222 2024 368 2050 vivendum
385 2026 543 2059 pertincant.
583 2024 659 2057 Quod
675 2030 760 2052 totum
775 2030 866 2052 contra
882 2030 931 2052 est.
971 2027 1016 2052 In—
1038 2033 1047 2062 i,

222 2061 325 2088 troduci
339 2063 411 2088 enim
427 2063 515 2089 virtus
531 2062 606 2089 nullo
621 2062 699 2089 modo
717 2067 817 2098 potest,
840 2063 894 2089 nisi
913 2063 1012 2094 onmia,
1038 2062 1047 2104 l

221 2107 290 2133 quae
302 2098 371 2135 leget
380 2108 504 2134 quaeque
515 2100 630 2131 reiieiet,
644 2109 726 2126 unam
736 2099 885 2127 referantur
895 2100 928 2127 ad
940 2109 1016 2126 sum-
1038 2109 1039 2126 ι

222 2145 302 2162 mam.
342 2137 408 2162 Nam
423 2138 447 2163 si
461 2137 572 2164 omnino
585 2146 616 2163 ea
631 2137 816 2173 negligemus,
837 2138 864 2164 in
876 2138 1015 2164 Aristonea
1038 2129 1040 2185 l

224 2174 285 2199 vitia
305 2178 330 2200 et
350 2179 456 2208 peccata
472 2174 638 2205 incidemus.
659 2174 923 2210 obliviscemurque,
945 2183 1016 2210 quae
1038 2190 1039 2215 ἢ

224 2211 314 2236 virtuti
326 2211 378 2245 ipsi
390 2212 523 2246 principia
535 2212 700 2238 dederimus.
731 2211 778 2238 Sin
788 2220 818 2238 ea
829 2221 882 2238 non
893 2212 1016 2248 neglige·
1038 2224 1039 2238 1

223 2256 295 2273 mus.
319 2256 405 2282 neque
421 2253 508 2275 tamen
525 2249 558 2275 ad
574 2249 654 2275 finem
668 2250 770 2275 summi
781 2249 845 2275 boni
857 2249 1013 2280 reseremus,

223 2293 273 2310 non
289 2284 404 2311 multum
420 2285 453 2311 ab
469 2285 562 2312 Herilli
583 2285 689 2313 levitate
708 2287 904 2313 aberrabimus
945 2287 1016 2313 Dua·
1037 2279 1046 2335 l'

223 2330 282 2347 rum
293 2322 365 2347 enim
377 2322 491 2348 vitarum
502 2323 580 2349 nobis
591 2329 669 2350 erunt
680 2324 802 2350 instituta
808 2323 949 2358 capienda.
965 2324 1016 2350 Fa-

223 2358 338 2384 citenim
351 2358 396 2385 ille
407 2359 460 2386 duo
474 2361 594 2386 seiuncta
611 2361 705 2387 ultima
723 2361 868 2387 bonorum:
886 2369 969 2396 quae,
986 2365 1016 2388 ut

223 2400 309 2421 essent
322 2404 393 2426 vera,
405 2397 533 2432 coniungi
545 2397 706 2424 debuerunt.
738 2399 815 2424 Nunc
826 2399 876 2424 ista
887 2406 1016 2433 separan-

225 2436 279 2472 tur,
296 2437 325 2458 ut
339 2432 473 2460 disiuncta
487 2435 550 2461 sint.
591 2435 649 2467 Quo
660 2434 728 2460 nihil
738 2440 825 2469 potest
835 2443 894 2461 esse
905 2444 1016 2470 perver·
1036 2456 1045 2471 3,

224 2476 290 2494 sius.
331 2470 371 2495 4⁴.
392 2471 483 2505 Itaque
494 2476 584 2498 contra
595 2476 644 2501 est,
656 2480 686 2498 ac
696 2471 800 2504 dicitis;
814 2481 876 2498 nam
887 2473 1014 2499 constitui

227 2505 309 2530 virtus
320 2506 393 2532 nullo
404 2507 482 2534 modo
494 2513 588 2542 potest,
601 2509 654 2535 nisi
666 2517 709 2539 ea,
723 2516 792 2543 quae
802 2510 857 2536 sint
866 2511 954 2544 prima
966 2518 1014 2536 na-

226 2546 311 2582 turae,
324 2547 354 2568 ut
363 2543 395 2568 ad
407 2553 540 2571 summam
550 2546 725 2580 pertinentia,
738 2546 850 2573 tenebit.
889 2546 1014 2579 Quaesita

225 2585 296 2603 enlm
313 2579 397 2605 virtus
412 2586 463 2612 est,
484 2591 535 2608 nou
551 2591 620 2617 quae
636 2582 799 2617 relinqueret
813 2588 949 2615 naturam,
967 2583 1014 2610 sed
1036 2573 1045 2611 l*

225 2622 293 2648 quae
305 2619 430 2643 tueretur.
457 2619 489 2644 At
498 2618 552 2650 illa,
566 2619 683 2646 ut--vobis
694 2620 790 2654 placet,
803 2626 906 2655 partem
917 2629 1015 2656 quam·
1036 2619 1037 2636 l

225 2651 286 2677 dam
298 2656 397 2683 tuetur,
414 2654 544 2690 reliquam
558 2656 666 2683 deserit.
706 2657 793 2692 Atque
809 2659 868 2692 ipsa
881 2659 1015 2685 institutio
1035 2637 1038 2681 l

1042 318 1044 344 ι
1066 314 1121 334 tum
1137 310 1203 335 satis
1218 313 1286 339 erat,
1303 308 1370 343 quid
1387 310 1503 336 maximo
1518 316 1611 336 nutura
1628 311 1717 337 vellet.

1043 370 1044 376 ,
1066 351 1143 372 netur
1155 351 1247 381 igitur.

1043 402 1045 412 .
1065 392 1133 418 quae
1155 392 1215 417 pars
1237 387 1346 409 naturae
1366 383 1536 419 negligatur?
1564 385 1592 411 ln
1612 393 1665 420 qua
1685 387 1708 411 si
1730 385 1798 411 niliil
1819 390 1860 412 est

1044 1573 1045 1577 Ἰ
1066 1546 1129 1567 sunt
1145 1549 1196 1567 non
1212 1540 1361 1567 dissimiles
1371 1540 1514 1566 Aristonis.

1045 1967 1047 1977 ι
1067 1952 1199 1977 Neutrum
1212 1959 1287 1981 vero,
1305 1951 1395 1985 inquit
1410 1949 1465 1976 ille.

1015 127 1286 153 ctetitttixts

1065 197 1182 223 bominis
1194 198 1217 223 si
1230 196 1390 232 loqueretur,
1400 196 1464 223 hacc
1475 197 1588 225 diceret:
1603 198 1704 225 Primos
1715 207 1778 225 nuos
1788 208 1857 234 qua-

1064 236 1087 260 si
1103 239 1213 268 ‹tm-ptus
1230 234 1372 268 appetendi
1393 234 1490 265 tuisse.
1512 241 1540 262 ut
1555 245 1584 262 se
1598 241 1767 263 conservaret
1783 237 1809 263 in
1825 245 1856 263 ea

1066 277 1171 301 natura,
1187 272 1212 297 in
1223 280 1276 306 qua
1287 276 1361 297 ortus
1372 277 1451 298 essct.
1492 273 1616 300 Nondum
1627 279 1716 299 nutem
1727 273 1857 308 explum-

1758 311 1859 346 Expla-

1287 346 1358 378 Quid
1369 355 1433 381 ergo
1443 346 1516 373 aliud
1530 347 1702 382 intelligetur.
1717 349 1768 374 nisi
1785 353 1813 374 ut
1824 356 1858 375 ne

1066 425 1169 454 praeter
1190 421 1332 450 rationem,
1355 422 1391 447 sit
1410 422 1436 447 in
1459 429 1511 447 una
1527 422 1625 448 virtute
1640 422 1701 448 finis
1715 422 1858 449 bonorum.

1044 487 1045 491 Ἰ
1065 458 1110 483 Sin
1128 463 1168 484 est
1183 459 1262 484 etiam
1278 466 1389 492 eorpus,
1409 459 1456 484 ista
1472 458 1626 493 explanatio
1640 465 1748 486 naturae
1763 468 1859 494 nempe

1067 495 1115 521 linc
1126 495 1255 525 effecerit,
1273 500 1300 521 ut
1311 504 1355 525 ea,
1372 504 1441 530 quae
1452 500 1512 522 ante
1523 495 1737 530 explanationem
1750 497 1860 523 teneba-

1066 541 1135 562 mus.
1150 532 1345 567 relinquamus.
1381 533 1450 567 Ergo
1463 533 1489 559 id
1500 538 1539 559 est
1550 534 1739 560 convenienter
1750 539 1860 560 naturae

1067 572 1170 600 vivere,
1189 579 1202 595 ιι
1219 575 1311 596 natura
1323 570 1472 596 discedere.
1513 571 1554 597 42.
1571 570 1602 597 Ut
1616 570 1727 605 quidam
1740 571 1860 605 philos&

1066 608 1127 642 plii,
1145 615 1244 641 quum,
1262 617 1275 633 a
1291 608 1417 634 sensibus
1432 607 1556 642 profecti,
1575 608 1673 634 maiora
1685 608 1817 643 quaedam
1829 617 1860 634 ac

1065 645 1198 671 diviniora
1211 645 1350 675 vidissent,
1359 653 1456 671 sensus
1467 645 1648 680 reliquerunt:
1662 646 1701 671 sic
1713 646 1859 680 isti,quum

1065 691 1099 708 ex
1119 683 1281 716 appetitione
1301 691 1390 708 rerum
1412 683 1520 708 virtutis
1535 682 1766 717 pulchritudinem
1781 691 1860 717 aspe-

1066 720 1167 746 xissent
1176 740 1182 749 ,
1199 721 1288 746 omnia
1297 740 1303 750 ,
1321 725 1428 754 propter
1437 728 1506 754 quae
1518 725 1622 754 praeter
1635 721 1760 746 virtutem
1773 721 1861 754 ipsam

1066 756 1197 787 viderant,
1210 757 1374 787 abiecerunt,
1383 757 1469 786 obliti,
1479 762 1602 783 naturam
1613 766 1719 783 omnem
1732 762 1862 792 appeten-

1065 794 1160 820 darum
1173 803 1261 820 rerum
1275 795 1309 821 ita
1322 794 1371 820 late
1383 799 1486 829 patere,
1500 800 1528 820 ut
1539 804 1552 820 a
1566 795 1707 829 principiis
1719 803 1862 829 permana-

1066 836 1104 858 ret
1124 831 1156 857 ad
1179 832 1260 858 lines:
1288 840 1375 866 neque
1397 831 1564 863 intelligunt,
1591 840 1619 857 sc
1639 840 1728 858 rerum
1753 831 1861 858 illarum

1065 868 1240 904 pulchrarum
1256 874 1335 904 atquc
1349 868 1551 895 admirabifium
1569 868 1741 895 fundamenta
1755 868 1862 895 subdu-

1065 914 1134 933 cere.
1176 906 1246 932 ΧΠ.
1263 908 1303 932 43.
1327 907 1417 941 ltaque
1428 906 1496 932 milii
1509 906 1635 932 videntur
1644 915 1738 932 omnes
1748 906 1861 941 quidem

1066 943 1106 970 illi
1117 952 1233 974 errasse,
1251 945 1299 978 qui
1316 943 1395 969 finem
1412 943 1542 970 bonorum
1553 952 1612 969 esse
1623 944 1751 970 dixerunt
1762 946 1863 969 tionem

1044 1007 1045 1017 ,
1065 984 1158 1007 rivere.
1185 980 1236 1007 Sed
1248 981 1319 1007 alius
1329 981 1382 1007 alio
1394 981 1493 1015 magis:
1508 981 1609 1016 Pyrrho
1620 981 1723 1007 scilicet
1735 982 1862 1010 maxime,

1065 1019 1127 1053 qui,
1144 1018 1242 1044 virtute
1253 1019 1409 1048 constituta,
1428 1018 1629 1047 nihilomnino,
1647 1017 1718 1052 quod
1733 1023 1862 1052 appeten-

1065 1056 1130 1081 dum
1142 1056 1185 1086 sit,
1200 1055 1346 1090 relinquat:
1360 1055 1560 1085 deindeAristo,
1569 1056 1616 1091 qui
1629 1055 1696 1081 niliil
1709 1054 1862 1089 relinquere

1066 1102 1118 1119 non
1135 1097 1174 1118 est
1190 1101 1286 1118 ausus:
1310 1092 1457 1119 introduxit
1471 1098 1574 1122 autem,
1594 1093 1696 1127 quibus
1712 1097 1863 1118 commotus

1044 1142 1045 1171 ἦ
1065 1131 1174 1164 sapiens
1195 1135 1330 1164 appeteret
1351 1129 1468 1164 aliquid,
1491 1130 1682 1165 quodcumque
1699 1130 1726 1156 in
1745 1134 1862 1156 mentem

1067 1167 1210 1197 incideret,
1233 1172 1258 1193 et
1277 1166 1468 1201 quodcumque
1485 1172 1622 1201 tamquam
1637 1172 1797 1193 occurreret.
1838 1167 1862 1192 [s

1044 1223 1045 1229 ,
1067 1205 1116 1231 hoc
1128 1204 1232 1235 melior,
1245 1213 1328 1239 quam
1335 1204 1444 1239 Pyrrho,
1458 1204 1530 1239 quod
1543 1204 1584 1229 vel
1596 1203 1705 1239 aliquod
1717 1212 1803 1239 genus
1815 1212 1864 1238 ap-

1066 1241 1175 1277 petendi
1187 1241 1275 1268 dedit:
1294 1241 1422 1271 deterior,
1440 1250 1522 1276 quam
1533 1242 1628 1271 ceteri,
1645 1241 1717 1276 quod
1730 1241 1837 1275 penitus
1848 1249 1863 1266 a

1067 1284 1158 1306 natura
1171 1279 1290 1305 recessit.
1331 1278 1414 1305 Stoici
1430 1283 1532 1309 autem,
1551 1278 1623 1313 quod
1639 1278 1719 1304 finem
1731 1278 1863 1304 bonorum

1067 1318 1093 1343 in
1106 1325 1157 1343 una
1171 1317 1268 1343 virtute
1279 1321 1391 1351 ponunt.
1405 1315 1510 1342 similes
1521 1321 1584 1342 sunt
1596 1315 1716 1342 illorum:
1730 1315 1803 1350 quod
1814 1323 1864 1341 au-

1067 1359 1118 1381 tem
1134 1354 1299 1389 principium
1313 1353 1396 1380 ol'ficii
1411 1358 1557 1388 quaerunt,
1575 1352 1686 1383 melius,
1703 1361 1785 1388 quam
1797 1353 1864 1388 Pyr-

1067 1392 1128 1418 rho:
1142 1391 1215 1427 quod
1227 1400 1256 1418 ea
1269 1399 1321 1418 non
1332 1391 1499 1417 occurrentia
1511 1390 1624 1426 fingunt,
1639 1391 1751 1416 vincunt
1761 1390 1865 1416 Aristo-

1067 1438 1142 1455 nem:
1160 1429 1233 1464 quod
1245 1433 1333 1455 autem
1345 1437 1389 1459 ea,
1407 1436 1476 1463 quae
1488 1427 1521 1454 ad
1532 1433 1654 1454 naturam
1665 1427 1864 1454 accommodata

1044 1499 1045 1502 Ἴ
1066 1471 1091 1493 et
1103 1475 1150 1501 per
1160 1475 1188 1492 se
1200 1466 1362 1492 assumenda
1375 1474 1434 1491 esse
1445 1465 1548 1494 dicunt,
1562 1474 1613 1491 non
1625 1465 1776 1499 adiungunt
1787 1464 1821 1490 ad
1832 1464 1865 1490 fi-

1067 1512 1127 1530 nem
1143 1503 1288 1534 bonorum,
1304 1503 1459 1529 desciscunt
1473 1512 1488 1529 a
1504 1507 1597 1529 natura
1613 1507 1638 1528 et
1653 1502 1770 1537 quodam
1785 1501 1864 1528 modo

1555 1540 1602 1566 llle
1613 1540 1685 1566 enim
1697 1540 1864 1566 occurrentia

1067 1579 1158 1605 nescio
1172 1586 1241 1613 quae
1257 1577 1525 1604 comminiscebatur:
1548 1577 1577 1603 hi
1597 1581 1687 1603 autem
1702 1581 1805 1611 ponunt
1820 1575 1862 1602 illi

1044 1627 1045 1650 g
1066 1615 1178 1651 quidem
1193 1616 1281 1650 prima
1295 1620 1418 1646 naturae,
1435 1614 1484 1641 sed
1499 1622 1528 1640 ea
1540 1615 1688 1650 seiungunt
1698 1623 1712 1640 3
1725 1614 1826 1640 finibus
1836 1618 1863 1640 et

1044 1670 1045 1673 =
1067 1662 1081 1679 a
1096 1661 1202 1679 summa
1219 1653 1364 1679 bonorum:
1387 1660 1457 1687 quae
1475 1660 1561 1686 quum
1582 1656 1763 1686 praeponunt,
1785 1656 1814 1677 ut
1828 1651 1865 1677 sit

1044 1691 1046 1721 ἱ
1067 1690 1158 1725 aliqua
1168 1699 1258 1716 rerum
1268 1689 1390 1721 selectiog
1404 1694 1526 1716 naturam
1537 1688 1664 1715 videntur
1673 1689 1765 1723 sequi:
1777 1696 1863 1723 quum

1044 1727 1046 1764 Ἀ
1067 1733 1156 1754 autem
1172 1732 1284 1763 negant,
1302 1735 1332 1753 ea
1347 1726 1498 1762 quidquam
1514 1725 1547 1752 ad
1563 1725 1667 1752 beatam
1683 1726 1766 1752 vitam
1780 1726 1864 1760 perti-

1044 1765 1046 1774 '
1067 1773 1143 1797 nere3
1157 1773 1252 1791 rursus
1263 1769 1386 1791 naturam
1397 1764 1564 1798 relinquunt.

1125 1803 1166 1829 44.
1187 1802 1275 1836 Atque
1291 1801 1380 1827 adhuc
1395 1810 1426 1827 ea
1441 1801 1513 1830 dixi,
1529 1808 1625 1826 caussa
1640 1808 1689 1826 cur
1698 1799 1797 1825 Zenoni
1810 1807 1863 1825 non

1067 1838 1176 1870 suisset,
1192 1839 1368 1874 quamobrem
1383 1847 1398 1865 a
1413 1839 1583 1872 superiorum
1599 1837 1755 1864 auctoritate
1775 1836 1865 1862 disce-

1067 1876 1150 1903 deret.
1182 1877 1260 1902 Nunc
1271 1876 1376 1911 reliqua
1387 1875 1543 1902 videamus:
1561 1875 1613 1901 nisi
1625 1874 1714 1901 autad
1726 1874 1800 1904 haec,
1813 1873 1865 1900 Ca-

1067 1919 1106 1944 to,
1124 1913 1213 1940 dicere
1228 1913 1334 1948 aliquid
1349 1914 1404 1943 vis,
1422 1918 1468 1939 aut
1482 1921 1530 1939 nos
1546 1913 1599 1938 iam
1612 1911 1745 1947 longiores
1756 1919 1862 1937 sumus

1506 1950 1572 1976 Nam
1584 1954 1609 1975 et
1620 1958 1634 1975 a
1646 1954 1670 1975 te
1682 1948 1774 1983 perfici
1783 1949 1864 1975 istam

1067 1988 1276 2023 disputationem
1293 1987 1368 2018 volo.
1391 1995 1440 2014 nec
1455 1992 1499 2013 tua
1511 1986 1580 2013 mihi
1590 1986 1674 2013 oratio
1685 1986 1763 2021 longa
1775 1985 1864 2012 videri

1067 2031 1163 2060 potest.
1203 2025 1324 2060 Optime,
1346 2026 1468 2060 inquam.
1508 2023 1580 2056 Quid
1600 2024 1673 2050 enim
1694 2023 1762 2049 mihi
1777 2027 1865 2057 potest

1067 2071 1126 2089 esse
1140 2063 1271 2098 optatius,
1289 2071 1370 2097 quam
1386 2070 1448 2088 cum
1464 2061 1576 2091 Catone,
1593 2061 1716 2087 omnium
1731 2061 1864 2086 virtutum

1067 2105 1186 2131 auctore,
1208 2100 1242 2126 de
1257 2099 1405 2126 virtutibus
1420 2098 1576 2134 disputare?
1608 2099 1649 2125 45.
1671 2097 1722 2124 Sed
1743 2098 1863 2132 primum

1066 2137 1136 2164 illud
1155 2137 1232 2167 vide,
1254 2138 1445 2172 gravissimam
1465 2136 1540 2162 illam
1559 2140 1676 2162 vestram
1691 2135 1860 2165 sententiam,

1066 2183 1136 2210 quae
1152 2174 1283 2201 familiam
1299 2173 1386 2205 ducit,
1406 2174 1549 2200 honestum
1560 2173 1634 2207 quod
1644 2173 1692 2203 sit,
1710 2171 1739 2198 id
1749 2179 1808 2198 esse
1818 2179 1863 2198 so-

1067 2212 1124 2238 lum
1133 2212 1248 2242 bonum,
1262 2211 1427 2246 honesteque
1438 2211 1530 2237 vivere
1544 2210 1675 2236 bonorum
1687 2209 1776 2239 finem,
1788 2217 1863 2235 com-

1038 2246 1046 2276 i]
1066 2258 1177 2276 munem
1196 2248 1251 2275 fore
1266 2249 1344 2275 vobis
1359 2257 1422 2275 cum
1437 2248 1579 2278 omnibus,
1596 2248 1644 2282 qui
1660 2247 1688 2273 in
1699 2254 1752 2272 una
1762 2246 1862 2272 virtute

1066 2287 1233 2313 constituunt
1247 2286 1328 2312 finem
1347 2286 1493 2312 bonorum:
1510 2284 1639 2320 quodque
1653 2283 1756 2313 dicitis,
1777 2282 1863 2309 infor-

1044 2352 1046 2363 ,
1066 2324 1134 2350 mari
1144 2332 1197 2351 non
1208 2332 1287 2358 posse
1299 2324 1440 2354 virtutem,
1457 2323 1481 2348 si
1492 2323 1648 2357 quippiam,
1664 2320 1718 2347 nisi
1728 2319 1801 2354 quod
1813 2319 1863 2346 ho-

1044 2383 1045 2390 ,
1066 2366 1172 2388 nestum
1188 2362 1236 2391 sit,
1255 2366 1425 2391 numeretur,
1442 2359 1515 2386 idem
1531 2359 1636 2385 dicetur
1649 2357 1684 2384 ab
1701 2357 1770 2385 inis.
1792 2365 1861 2392 quos

1044 2396 1045 2443 i
1066 2398 1145 2425 modo
1156 2399 1304 2425 nominavi.

1344 2398 1412 2424 Mihi
1423 2402 1511 2423 autem
1525 2396 1640 2431 aequius
1649 2394 1800 2425 videbatur,
1812 2395 1862 2421 Ze-

1066 2444 1163 2462 nonem
1175 2444 1237 2461 cum
1248 2435 1390 2462 Polemone
1401 2434 1609 2468 disceptantem,
1626 2440 1641 2458 3
1651 2440 1718 2466 quo,
1736 2439 1806 2466 quae
1817 2440 1862 2458 es-

1044 2491 1045 2512 ,
1066 2478 1125 2499 sent
1136 2473 1270 2507 principia
1282 2477 1401 2502 naturae,
1413 2475 1559 2506 acceperat,
1577 2478 1591 2496 3
1604 2469 1796 2496 communibus
1806 2469 1862 2495 ini-

1066 2511 1110 2536 tiis
1126 2510 1342 2546 progredientem
1356 2509 1462 2539 videre,
1478 2508 1526 2534 ubi
1538 2508 1656 2542 primum
1668 2507 1817 2536 insisteret,
1834 2511 1861 2532 et

1065 2547 1137 2573 unde
1156 2556 1251 2574 caussa
1269 2546 1466 2573 controversiae
1485 2549 1650 2575 nasceretur3
1675 2552 1727 2569 non
1746 2548 1860 2570 stantem

1065 2592 1127 2610 cum
1138 2585 1181 2615 iis,
1189 2585 1238 2619 qui
1249 2593 1282 2611 ne
1293 2584 1412 2610 dicerent
1421 2581 1533 2617 quidem
1543 2589 1592 2608 sua
1602 2588 1709 2607 summa
1719 2580 1790 2606 bona
1800 2588 1860 2606 esse

1065 2630 1079 2647 a
1090 2626 1183 2648 natura
1194 2621 1311 2656 profecta
1320 2641 1326 2652 ‚
1343 2625 1373 2647 ut
1383 2619 1481 2646 iisdem
1496 2618 1662 2654 argumentis
1671 2638 1677 2648 ,
1694 2617 1796 2652 quibus
1807 2616 1857 2647 illi,

1065 2664 1204 2686 uterentur
1221 2658 1375 2693 iisdemque
1390 2656 1540 2684 sententiis.
1581 2655 1664 2682 xm.
1686 2655 1727 2681 46.
1747 2655 1859 2680 Minime
