1941 3052
251 79 300 104 730
824 76 866 101 79.
899 75 932 100 M.
955 74 984 100 T.

252 152 321 173 certe
337 155 369 173 ex
386 147 459 172 ebrio
474 146 541 171 ,uu-ire
557 154 658 179 posses.
699 144 751 170 sm!
768 154 816 179 ego
830 146 887 175 ista,
902 146 938 171 nii
953 146 1037 175 Pactu,

253 194 303 211 non
323 193 435 219 quac-ro:
459 184 575 217 primum
592 183 654 216 quin
670 182 703 207 ‹le
720 181 792 207 lucro
808 191 889 216 prope
907 183 957 207 iam
973 190 1040 216 quu-

253 222 407 247 ‹tra-unium
426 221 554 250 vivimus,
579 220 601 244 si
618 224 662 244 aut
679 219 726 245 lloc
740 219 843 244 lucrum
855 224 903 249 est,
917 224 962 245 aut
977 219 1040 244 haec

254 259 319 288 vita,
342 258 512 292 superstitem
531 255 693 289 reipublicae
711 256 814 281 vivere:
840 256 951 286 deinde,
968 256 1039 290 qnod

251 297 318 321 scire
339 303 446 329 quoque
463 293 527 319 mihi
547 292 649 323 videor,
671 292 737 327 quid
760 292 879 318 futurum
899 294 943 319 sit.
985 293 1041 319 Fiet

251 333 322 358 enini
334 331 522 365 quodcumque
536 329 632 358 voh-nt,
641 330 687 364 qui
700 329 839 359 vah-buum
856 329 983 356 valebunt
993 339 1041 356 au-

253 374 302 394 ten·
315 377 421 402 sempe-r
432 376 513 393 arinia.
530 367 598 392 Satis
612 367 693 400 igitur
704 367 781 393 nobis
793 376 851 392 esso
863 367 1041 402 ‹l‹»l›et,quid-

251 405 316 439 quid
337 405 501 430 cunct-ulitur.
543 404 594 429 lloc
610 404 632 429 si
649 404 695 438 qui
712 404 765 438 pati
783 413 833 430 non
851 405 949 439 potuit,
974 405 1040 430 mori

251 443 354 468 debuit.
399 444 423 467 2.
448 442 583 467 Veientem
604 440 713 475 quidem
730 450 824 476 agrum
840 446 865 467 et
880 442 1040 476 Capenatem

252 480 406 505 metiuntur.
449 478 500 504 lloc
513 486 563 503 non
577 477 653 512 longe
665 478 740 504 abest
752 488 764 504 a
777 478 939 505 Tusculano.
967 478 1039 505 Nihil

251 522 337 542 tamt-n
351 516 443 541 timeo:
458 515 538 544 fruor.
552 514 617 540 (lum
630 514 702 541 licet:
716 520 786 550 opto,
796 520 824 542 ut
835 524 941 551 semper
953 516 1039 542 liceat.

251 554 278 579 Si
292 553 317 579 ἰιΙ
330 553 420 579 minus
432 552 586 588 contigerit:
605 556 691 578 tamen
700 573 706 583 ,
719 552 826 587 quando
837 561 899 587 ego,
914 554 955 579 vir
967 553 1041 579 tortis

251 590 376 625 idemque
398 589 589 624 philosophus,
617 590 707 615 vivere
728 589 941 624 pulcherrimum
962 590 1038 620 duxi,

251 636 302 654 non
314 636 424 662 possum
436 635 497 653 euin
510 636 561 653 non
572 626 695 662 diligere,
708 627 786 653 cuius
798 627 928 654 bem-ficio
940 627 965 654 id
977 636 1041 653 con-

250 669 359 691 secutus
370 673 441 691 sum.
481 664 533 696 Qui
544 665 568 690 si
579 665 669 699 cupiat
680 672 738 690 esse
751 664 960 699 rempublicam,
973 673 1041 699 qua-

252 702 303 728 lem
320 701 430 728 fortasse
445 706 471 728 et
486 701 531 728 ille
548 701 618 732 vult,
641 706 666 728 et
680 710 773 728 omnes
788 706 879 736 optare
894 701 1038 728 debemus:

250 739 316 774 quid
329 739 407 766 saciat
419 744 515 770 tamen,
529 747 580 765 non
594 739 686 765 babet:
703 739 738 765 ita
749 748 777 765 se
788 748 850 765 cum
863 739 955 766 multis
965 739 1042 765 colli-

250 777 334 811 gavit.
374 778 399 803 3.
412 776 465 803 Sed
478 776 583 811 longius
595 776 763 812 progredior:
777 776 867 803 scribo
878 777 949 803 enim
961 776 993 803 ad
1006 781 1040 803 te.

250 814 304 841 Hoc
319 819 406 840 tamen
417 814 497 844 scito,
516 822 566 840 non
579 813 656 840 modo
668 822 723 844 me,
741 814 788 849 qui
804 813 924 840 consiliis
936 823 988 840 non
1000 814 1043 840 in-

251 856 366 882 tersum,
383 851 432 877 sed
443 860 475 877 ne
488 851 576 885 ipsum
588 851 698 886 quidem
710 851 860 886 principem
875 852 957 883 scire,
975 851 1042 886 quid

252 888 372 915 futurum
387 889 432 915 sit.
473 888 526 915 Nos
541 889 611 914 enim
629 888 827 919 illiservimus,
846 889 903 924 ipse
915 889 1042 924 tempori-

251 926 313 952 bus.
353 927 389 952 lta
402 934 450 952 nec
462 925 519 956 illc,
533 926 599 960 quid
612 930 728 960 tempora
740 925 905 960 postulatura
916 926 979 957 sint,
994 935 1042 952 nec

210 963 214 970 ¹
251 972 308 994 nos,
321 963 388 998 quid
401 962 445 989 ille
456 963 565 998 cogitet,
579 963 647 989 scire
659 972 814 998 possumus.
854 964 923 990 Ilaec
934 964 983 990 tibi
994 972 1042 990 an-

251 1005 291 1027 tea
303 1009 355 1027 non
367 1000 505 1034 rescripsi:
520 1009 570 1026 non
583 1009 636 1035 quo
647 1000 955 1033 cessatoressesolerem,
964 1010 1042 1037 prae-

251 1038 343 1064 sertim
355 1037 382 1064 in
400 1037 508 1063 litteris:
526 1037 572 1063 sed
585 1046 669 1072 quum
681 1037 811 1072 explorati
823 1038 890 1065 nihil
903 1039 1039 1071 haberem,

251 1083 299 1101 nec
311 1075 360 1101 tibi
371 1074 582 1101 sollicitudinem
593 1084 626 1101 ex
637 1075 804 1102 dubitatione
816 1084 874 1102 mea
882 1096 888 1107 ,
905 1085 954 1103 nec
964 1085 1040 1111 spem

251 1121 284 1139 ex
299 1111 474 1139 affirmatione
490 1111 581 1138 afferre
592 1112 676 1138 volui.
716 1112 785 1139 Illud
797 1117 886 1140 tamen
897 1114 1039 1145 ascribam,

250 1149 322 1184 quod
338 1154 378 1176 est
393 1149 579 1180 verissimum,
602 1158 644 1176 me
660 1149 702 1176 his
718 1150 885 1185 temporibus
900 1151 989 1177 adhuc
1009 1151 1042 1177 de

250 1188 300 1213 isto
312 1186 432 1221 periculo
442 1186 510 1212 nibil
523 1186 641 1213 audisse.
671 1187 711 1213 Tu
722 1191 808 1214 tamen
820 1196 868 1222 pro
879 1193 923 1215 tua
934 1189 1043 1223 sapien-

250 1225 285 1250 tia
297 1224 410 1250 debebis
420 1227 511 1258 optare
521 1225 621 1259 optima
629 1245 635 1256 ,
651 1225 767 1260 cogitare
777 1224 948 1258 difficillima,
962 1225 1040 1257 ferre,

249 1269 436 1297 quaecumque
446 1265 534 1288 erunt.

302 1330 386 1351 xvm,
405 1330 480 1351 ARG.
496 1331 601 1358 Exponit,
613 1338 652 1351 rur
661 1330 718 1351 atio·
729 1331 870 1352 declamando
880 1338 983 1353 exercere
992 1339 1040 1353 toe-

249 1365 313 1392 perit.
343 1365 432 1386 locatur
441 1366 468 1386 de
477 1372 592 1386 coenarum
603 1371 718 1393 apparatu.

397 1403 426 1424 (ln
437 1402 552 1423 Tit-rulant),
562 1403 640 1421 Caesare
652 1403 685 1420 Ill.
696 1403 771 1426 Lepido
781 1410 827 1421 coss.
840 1404 895 1422 708)

328 1444 471 1472 CICERO
491 1445 519 1472 S.
541 1446 572 1472 D.
594 1446 624 1472 L.
646 1446 804 1473 PAPIRIO
823 1446 960 1474 PAETO.

307 1483 329 1508 l.
351 1478 449 1514 Quum
464 1491 551 1509 essem
566 1483 668 1510 otiosus
680 1484 708 1510 in
719 1483 884 1516 Tusculano,
902 1489 1041 1519 propterea

248 1519 320 1554 quod
331 1519 482 1555 discipulos
492 1520 601 1547 obviam
613 1521 739 1548 miseram
747 1542 753 1552 ,
771 1526 800 1548 ut
811 1522 895 1548 iidem
906 1530 948 1548 me
959 1531 1041 1556 quam

248 1557 365 1583 maxime
379 1556 553 1584 conciliarent
568 1557 694 1584 familiari
709 1567 771 1586 suo:
789 1560 880 1594 accepi
896 1563 954 1586 tuas
971 1559 1042 1585 litte-

249 1602 304 1624 ras,
322 1594 495 1628 plenissimas
509 1595 664 1621 suavitatis:
681 1603 715 1622 ex
730 1596 831 1631 quibus
847 1596 968 1623 intellexi
979 1605 1042 1630 pro-

249 1630 306 1657 bari
318 1631 367 1657 tibi
378 1640 470 1658 meum
480 1631 639 1664 consilium,
652 1632 738 1667 quod,
754 1637 785 1659 ut
794 1633 938 1668 Dionysius
950 1638 1041 1668 tyran-
1068 1633 1070 1641 '

249 1676 309 1699 nuS,
322 1676 408 1702 quum
419 1668 560 1704 Syracusis
571 1669 702 1704 expulsus
713 1674 797 1701 esset,
810 1670 930 1697 Corinthi
941 1670 1041 1697 dicitur

249 1703 344 1730 ludum
361 1707 513 1740 aperuisse,
531 1707 570 1732 sic
585 1715 647 1742 ego,
668 1706 782 1733 sublatis
799 1707 922 1738 iudiciis,
941 1708 1040 1734 amisso

249 1749 330 1777 regno
342 1741 450 1774 sorensi,
465 1742 559 1769 ludum
570 1744 649 1778 quasi
661 1743 758 1770 habere
769 1745 914 1779 coeperim.
930 1746 955 1772 2.
968 1744 1039 1777 Quid

248 1778 374 1813 quaeris?
389 1788 431 1805 me
446 1788 554 1815 quoque
565 1780 678 1807 delectat
692 1781 850 1807 consilium:
867 1781 951 1808 multa
967 1783 1039 1808 enim

247 1824 409 1851 consequor:
427 1818 559 1851 primum,
577 1817 604 1843 id
615 1817 687 1852 quod
698 1818 815 1844 maxime
827 1827 898 1845 nunc
909 1827 977 1854 opus
989 1824 1037 1850 est,

248 1854 342 1879 munio
357 1862 399 1879 me
415 1853 448 1880 ad
464 1854 529 1881 haec
544 1859 672 1889 tempora.
699 1855 741 1881 -Id
757 1855 910 1882 cuiusmodi
926 1857 974 1887 sit,
993 1865 1040 1883 ne-
1068 1862 1069 1878 ἱ

248 1890 317 1916 scio:
335 1894 439 1916 tantum
454 1891 546 1922 video,
570 1891 672 1918 nullius
687 1892 775 1919 adhuc
790 1893 901 1919 consilia
918 1902 960 1919 me
975 1893 1040 1920 huic

249 1931 421 1961 anteponere:
435 1929 488 1954 nisi
501 1927 565 1954 forte
576 1929 643 1955 mori
654 1929 752 1956 melius
763 1929 826 1956 fuit:
841 1932 868 1956 in
881 1930 986 1961 lectulo,
1000 1930 1040 1957 sa-

248 1969 316 1990 teor:
334 1964 382 1990 sed
398 1973 450 1991 nen
467 1965 572 1992 accidit.
613 1967 640 1992 In
658 1967 714 1993 acie
725 1976 777 1993 non
790 1966 839 1994 fui.

880 1967 966 1994 Ceteri
977 1969 1040 2002 qui—

247 2001 318 2032 dem,
332 2002 484 2036 Pompeius,
498 2003 627 2029 Lentulus
638 2008 709 2035 tuus,
723 2004 820 2039 Scipio,
834 2004 970 2036 Afranius,
985 2005 1041 2031 Ioe-
1068 2006 1069 2010 ’

247 2037 279 2064 de
291 2039 437 2073 perierunt.
477 2040 510 2066 At
520 2040 583 2067 Cato
594 2040 738 2075 praeclare.
770 2043 823 2068 lam
836 2042 905 2068 istuc
916 2042 1036 2078 quidem,

247 2083 332 2110 quum
343 2075 474 2108 volemus,
493 2077 597 2104 licebit:
610 2077 705 2104 demus
716 2078 794 2105 modo
805 2087 927 2113 operam,
941 2088 973 2106 ne
986 2085 1039 2107 tam

247 2120 355 2139 necesse
367 2113 445 2140 nobis
455 2115 498 2145 sit,
507 2123 588 2149 quam
599 2114 640 2141 illi
652 2115 715 2148 suit,
729 2116 756 2142 id
767 2116 840 2150 quod
851 2117 968 2152 agimus.
989 2117 1040 2144 Er-

246 2158 280 2185 go
292 2149 341 2176 hoc
352 2151 480 2185 primum.
521 2153 545 2178 3.
567 2152 694 2187 Sequitur
708 2152 790 2179 illud:
808 2154 865 2188 ipse
880 2154 975 2181 melior
989 2154 1036 2181 fio:

246 2187 364 2221 primum
376 2187 544 2219 valetudine,
557 2197 653 2224 quam,
666 2190 828 2217 intermissis
840 2192 1039 2218 exercitationi-

245 2224 306 2255 bus,
320 2225 475 2252 amiseram:
489 2226 585 2252 deinde
596 2227 654 2261 ipsa
666 2227 720 2258 illa,
734 2228 758 2254 si
769 2237 822 2263 qua
833 2228 884 2255 fuit
894 2229 922 2255 in
933 2237 985 2260 me,
999 2228 1039 2255 sa-
1059 2232 1061 2240 ¹

245 2260 331 2288 cultas
341 2263 477 2294 orationis,
494 2264 547 2289 nisi
558 2272 600 2289 me
612 2264 645 2290 ad
656 2264 704 2290 has
715 2265 919 2292 exercitationes
930 2266 1038 2293 retulis-

245 2306 312 2330 sem,
325 2300 484 2326 exaruisset.
512 2301 670 2327 Extremum
682 2301 750 2328 illud
761 2307 809 2334 est,
823 2303 895 2337 quod
907 2307 935 2330 tu
947 2304 1038 2330 nescio

246 2344 278 2361 an
290 2336 408 2370 primum
419 2342 506 2371 putes.
531 2337 624 2364 Plures
636 2339 689 2365 iam
700 2347 819 2373 pavones
830 2339 942 2371 confeci,
955 2349 1037 2375 quam

245 2377 274 2398 tu
285 2372 374 2407 pullos
384 2374 564 2401 columbinos.
603 2376 643 2402 Tu
658 2376 718 2402 istic
729 2381 754 2402 te
765 2377 910 2404 Atheriano
920 2378 978 2404 iure
989 2377 1038 2403 de-

247 2408 352 2440 lectato,
370 2419 419 2446 ego
435 2421 478 2438 me
494 2412 537 2438 bic
548 2413 676 2439 Hirtiano.
716 2413 784 2439 Veni
795 2414 890 2449 igitur,
909 2415 932 2441 si
943 2415 986 2441 vir
996 2423 1034 2446 ες,

246 2450 272 2471 et
281 2446 354 2472 disce
366 2448 419 2474 iam
430 2451 636 2485 προλεγομένας,
649 2458 716 2485 quas
727 2452 849 2485 quaeris:
866 2452 916 2478 etsi
927 2460 974 2478 sus
985 2452 1038 2478 Mi-

247 2490 365 2509 nervam.
397 2486 420 2511 4.
438 2486 490 2512 Sed
500 2486 617 2521 quando,
629 2491 659 2513 ut
670 2487 756 2518 video,
770 2489 967 2515 aestimationes
977 2493 1036 2515 tuas

247 2519 362 2545 vendere
378 2530 429 2548 non
445 2528 519 2557 potes
534 2532 621 2559 neque
635 2523 716 2551 ollam
726 2524 896 2551 denariorum
912 2525 1034 2561 implere,

247 2555 357 2582 Romam
372 2557 421 2583 tibi
436 2561 637 2595 remigrandum
648 2565 697 2588 est.
738 2561 827 2588 Satius
838 2567 878 2588 est
889 2563 934 2589 hic
944 2562 1036 2589 crudi-

247 2596 308 2623 tate,
321 2601 402 2628 quam
414 2595 473 2622 istic
485 2596 563 2624 fame.
584 2598 668 2626 Video
680 2603 704 2626 te
714 2598 782 2626 bona
794 2599 959 2634 perdidisse:
973 2608 1036 2636 spe-

1068 398 1071 534 Ι
1093 416 1136 436 nihi
1147 417 1316 437 commend-ue.

1068 536 1070 546 l

1068 550 1070 564 ι

1063 1429 1065 1447 3
1093 1419 1123 1441 ut
1133 1415 1336 1445 constitueram,
1354 1422 1407 1440 non
1422 1413 1552 1448 potuisse.

1063 1453 1064 1462 ¹
1093 1452 1241 1487 hospitem,
1254 1451 1302 1478 sed
1313 1450 1542 1478 contubernalem.
1580 1450 1613 1477 At
1623 1459 1705 1485 quem
1716 1451 1818 1477 virum!
1832 1459 1885 1477 non

1024 75 1297 102 ‹jttzlittoNIS

1093 155 1120 171 ro
1137 146 1206 173 idern
1225 147 1283 173 istic
1300 148 1310 158 ⁶
1328 147 1473 174 familiares
1491 157 1560 176 turm,

1601 152 1694 177 Actum
1713 152 1794 185 igitur
1808 152 1841 178 de
1857 157 1882 179 te

1092 188 1144 213 est,
1164 184 1215 209 nini
1228 184 1363 218 provides.

1405 186 1479 212 Potes
1495 187 1568 213 mulo
1583 188 1646 217 isto,
1664 198 1745 223 quein
1758 189 1806 215 tihi
1819 189 1883 216 reli-

1092 229 1177 254 quum
1189 220 1258 246 dieis
1269 230 1336 251 esne,
1350 223 1477 257 qnoniam
1489 224 1655 250 cantherium
1667 226 1817 256 comedim,
1831 227 1883 253 Ro-

1093 267 1162 284 mam
1175 258 1295 292 pervehi.
1336 259 1407 285 Sella
1423 260 1471 286 tibi
1487 262 1536 287 erit
1553 262 1578 287 in
1591 261 1666 291 ludo,
1685 268 1820 298 tamquam
1834 264 1883 291 liv-

1093 295 1264 330 podidasealo
1275 297 1410 330 proxima:
1424 306 1482 323 eam
1495 297 1623 332 pulvinus
1634 306 1771 334 aequetur.
1855 294 1862 299 ⁰

1147 381 1210 401 ΧΙΧ,
1227 382 1302 402 Atto.
1323 383 1413 403 Paetum
1429 390 1467 410 per
1481 383 1541 404 ioco·
1556 384 1626 407 artui«
1644 384 1706 405 udat
1725 386 1883 406 ‹undanti-m

1348 420 1435 439 suanm,
1446 421 1523 437 cum.»
1535 421 1566 438 m.
1579 422 1652 443 lap-a«,
1662 429 1708 439 ψ...
1721 424 1775 442 του.)

1169 462 1313 488 CICERO
1333 462 1360 488 S.
1384 463 1412 488 I).
1436 463 1465 489 t..
1487 463 1643 490 PAPIRIO
1665 465 1799 491 PAETO.

1150 501 1172 525 l.
1189 495 1296 525 Tamen
1309 509 1322 525 a
1335 499 1435 526 malitia
1447 509 1498 526 non
1510 501 1638 527 discedis.
1679 502 1825 529 Tenuit-ulo
1836 512 1883 537 ap-

1093 541 1184 570 paratu
1202 537 1338 571 significas
1353 537 1463 563 Balbum
1480 537 1563 564 {uisse
1573 543 1737 565 contentum.
1778 540 1831 565 lloc
1844 541 1884 565 vi-

1092 573 1164 599 deris
1175 573 1273 603 ‹liet-re,
1287 582 1371 608 quum
1385 583 1461 609 reges
1473 579 1525 601 tam
1537 576 1591 601 sint
1601 576 1781 605 continentes,
1800 577 1884 604 multo

1093 611 1179 645 magis
1194 611 1348 637 consulares
1364 620 1423 637 esse
1437 617 1566 646 oportere.
1608 613 1701 639 Nescis
1721 622 1763 639 me
1783 613 1816 639 ab
1838 613 1884 640 illo

1091 649 1180 674 omnia
1192 649 1374 683 expiscatum:
1390 654 1458 675 recta
1469 658 1530 675 cum
1544 650 1553 661 ‘
1566 658 1579 675 a
1591 655 1664 684 porta
1676 650 1785 676 domum
1797 659 1883 677 meam

1093 685 1217 711 venisse‘?
1238 694 1324 720 neque
1337 686 1386 712 hoe
1397 685 1527 716 admiror,
1540 687 1613 721 quod
1626 696 1677 713 non
1689 696 1765 714 suam
1777 689 1881 722 potius;

1092 722 1139 748 sed
1156 722 1237 753 illud,
1260 723 1331 757 quod
1348 732 1400 750 non
1416 723 1448 749 ad
1464 733 1544 750 suum
1556 724 1578 750 ⁸.
1618 724 1674 759 Ego
1688 729 1776 750 autem
1789 725 1884 759 primis

1068 751 1071 791 Ι
1092 759 1179 785 tribus
1196 760 1299 790 verbis,
1317 760 1387 792 Quid
1404 765 1492 787 noster
1508 761 1620 787 I'aetus‘?
1637 762 1669 788 At
1686 761 1730 788 ille
1745 762 1882 792 adiurans,

1069 794 1071 832 Ι
1093 797 1231 831 Nusquam
1243 805 1271 823 se
1284 806 1412 832 umquam
1426 798 1562 825 libentius.
1603 800 1628 825 2.
1641 799 1694 824 lloc
1705 799 1727 825 si
1741 799 1830 825 verbis
1841 808 1886 825 as—

1092 839 1201 860 secutus
1216 842 1258 865 es,
1276 843 1354 861 aures
1370 835 1402 861 ad
1415 840 1438 861 te
1450 835 1556 862 afferam
1569 845 1619 862 non
1633 836 1722 862 minus
1734 835 1881 870 elegantes:

1092 871 1133 897 sin
1150 876 1238 897 autem
1249 871 1374 901 obsonio.
1393 878 1453 907 peto
1467 882 1480 899 a
1498 877 1535 903 te,
1553 881 1586 899 ne
1600 873 1686 907 pluris
1704 882 1762 899 esse
1779 873 1882 903 balbos,

1092 917 1174 942 quam
1189 908 1303 935 disertos
1319 914 1406 944 putes.
1447 910 1487 936 Me
1502 910 1622 945 quotidie
1639 910 1712 936 aliud
1727 919 1760 937 ex
1771 910 1822 936 alio
1834 912 1885 936 im-

1093 945 1175 980 pedit.
1216 945 1283 977 Sed,
1300 948 1323 972 si
1340 955 1381 973 me
1393 947 1549 982 expediero,
1568 953 1597 974 ut
1613 949 1638 974 in
1656 948 1704 973 ista
1721 947 1775 973 loca
1793 949 1884 974 venire

1093 983 1204 1017 possim,
1218 992 1269 1010 non
1280 985 1454 1015 committam,
1470 989 1500 1010 ut
1510 989 1534 1011 te
1545 993 1604 1011 sero
1615 994 1628 1011 a
1641 993 1682 1011 me
1693 985 1832 1011 certiorem
1846 985 1885 1011 Ia-

1092 1025 1165 1047 ctum
1176 1025 1264 1056 putes.

1146 1106 1200 1127 XX.
1216 1106 1292 1127 ARG.
1311 1107 1410 1131 {ue-mr.
1427 1113 1450 1127 ιε
1460 1113 1529 1131 nune,
1544 1106 1674 1134 Epicureum
1691 1107 1784 1131 saecun,
1799 1107 1885 1128 abiectu

1093 1141 1148 1169 reip.
1159 1148 1222 1166 cura.
1237 1141 1321 1162 lantiu-
1329 1158 1335 1166 .
1350 1148 1413 1168 quun
1423 1145 1499 1166 antea,
1515 1141 1669 1168 excipiendum
1679 1148 1736 1162 ene.
1760 1141 1826 1163 Vitae
1833 1149 1886 1163 nune

1094 1181 1189 1198 rabones
1199 1177 1325 1205 perscribit.
1359 1179 1445 1201 (Rom-e,
1456 1179 1534 1197 caune
1545 1179 1577 1196 111.
1590 1179 1662 1201 [Aepulo
1673 1186 1719 1196 con.
1730 1180 1786 1201 τοῦ.)

1309 1221 1477 1249 CICERO
1514 1221 1670 1249 PAETO.

1150 1267 1172 1292 ⁴.
1191 1260 1347 1300 Dupliciter
1356 1263 1503 1291 delectatus
1514 1273 1575 1290 sum
1587 1265 1640 1290 tuis
1652 1263 1756 1294 litteris,
1773 1269 1799 1291 et
1811 1264 1885 1300 quod

1094 1303 1152 1338 ipse
1168 1303 1229 1333 risi,
1247 1307 1272 1329 et
1288 1301 1361 1337 quod
1376 1306 1400 1328 te
1416 1301 1536 1328 intellexi
1552 1302 1605 1328 iam
1616 1310 1695 1336 posse
1706 1301 1804 1328 ridere.
1844 1302 1886 1328 Me

1093 1345 1182 1367 autem
1194 1349 1207 1366 a
1219 1344 1257 1371 te,
1274 1345 1304 1366 ut
1318 1348 1438 1366 scurram
1450 1338 1571 1370 velitem,
1588 1338 1666 1365 malis
1677 1343 1815 1365 oneratum
1826 1347 1885 1366 esse

1094 1386 1146 1404 non
1158 1377 1268 1403 moleste
1280 1376 1339 1403 tuli.
1380 1376 1449 1402 Illud
1460 1375 1546 1407 doleo,
1560 1377 1587 1403 in
1597 1377 1647 1402 ista
1661 1375 1716 1402 loca
1728 1377 1820 1403 venire
1830 1385 1883 1407 me,

1591 1413 1738 1440 Habuisses
1748 1413 1821 1439 enim
1832 1422 1885 1440 non

1093 1498 1164 1520 eum,
1177 1497 1259 1524 quem
1271 1493 1299 1515 tu
1310 1497 1339 1515 es
1349 1488 1445 1515 solitus
1455 1487 1621 1523 promulside
1635 1487 1774 1514 conficere.
1815 1488 1886 1514 Inte·

1092 1535 1168 1562 gram
1181 1526 1277 1552 famem
1290 1525 1322 1552 ad
1332 1534 1415 1552 ovum
1426 1525 1515 1552 affero.
1548 1526 1639 1560 ltaque
1651 1533 1737 1560 usque
1748 1524 1782 1551 ad
1793 1533 1885 1551 assum

1093 1563 1239 1590 vitulinum
1250 1571 1330 1598 opera
1341 1563 1507 1597 perducitur.
1547 1562 1594 1589 Illa
1605 1571 1677 1593 mea,
1694 1571 1763 1597 quae
1778 1561 1885 1588 solebas

1092 1605 1167 1627 antea
1183 1600 1305 1631 laudare,
1327 1609 1343 1626 o
1359 1600 1495 1626 hominem
1512 1599 1631 1626 facilem!
1652 1608 1668 1626 o
1683 1599 1816 1634 hospitem
1831 1607 1884 1626 non

1091 1638 1214 1673 gravem!
1235 1638 1368 1664 abierunt.
1410 1638 1487 1663 Nunc
1501 1645 1608 1663 omnem
1623 1642 1740 1663 nostram
1755 1636 1788 1662 de
1803 1645 1885 1671 repu-

1092 1675 1161 1701 blica
1173 1683 1279 1705 curam,
1297 1675 1485 1710 cogitationem
1500 1673 1533 1700 de
1548 1673 1661 1700 dicenda
1677 1674 1704 1699 in
1716 1678 1810 1700 senatu
1821 1682 1885 1700 sen—

1092 1713 1186 1743 tentia,
1209 1712 1458 1738 commentationem
1479 1719 1635 1738 caussarum
1654 1711 1814 1737 abiecimus.
1854 1711 1883 1737 In

1091 1749 1201 1784 Epicuri
1217 1758 1265 1775 nos
1280 1748 1427 1776 adversarii
1443 1749 1526 1774 nostri
1541 1753 1626 1775 castra
1637 1748 1816 1779 coniecimus:
1835 1755 1884 1774 nec

1091 1791 1179 1813 tamen
1195 1786 1228 1813 ad
1244 1786 1312 1812 hanc
1327 1785 1510 1816 insolentiam,
1528 1785 1575 1811 sed
1587 1785 1620 1811 ad
1632 1784 1706 1811 illam
1718 1790 1791 1811 tuam
1804 1784 1884 1811 lauti-

1091 1824 1168 1854 tiam,
1196 1828 1314 1850 veterem
1331 1823 1405 1854 dico,
1431 1831 1516 1858 quum
1541 1823 1568 1849 in
1587 1827 1727 1857 sumptum
1752 1822 1882 1848 habebas.

1090 1861 1148 1887 Etsi
1163 1869 1312 1895 numquam
1327 1860 1404 1895 plura
1424 1859 1533 1895 praedia
1553 1859 1683 1886 habuisti.
1723 1860 1748 1886 2.
1771 1859 1884 1886 Proinde

1091 1903 1116 1924 te
1128 1907 1204 1932 para:
1227 1906 1288 1924 cum
1301 1898 1408 1924 homine
1419 1903 1445 1924 et
1455 1897 1530 1923 edaci
1542 1897 1591 1923 tibi
1603 1905 1645 1923 res
1656 1901 1709 1928 est,
1727 1901 1753 1923 et
1767 1897 1815 1932 qui
1829 1897 1883 1923 iam

1091 1935 1194 1970 aliquid
1219 1934 1364 1970 intelligat:
1395 1934 1542 1970 ὀψιμαθεῖς
1566 1939 1655 1961 autem
1681 1934 1804 1961 homines
1829 1934 1883 1960 scis

1090 1981 1172 2007 quam
1183 1972 1329 1998 insolentes
1340 1973 1404 1998 sint.
1442 1971 1624 1998 Dediscendae
1636 1971 1686 1998 tibi
1696 1976 1760 1998 sunt
1770 1970 1883 2006 sportel-

1091 2009 1130 2036 lae
1142 2015 1167 2036 et
1178 2009 1324 2045 artolagani
1335 2010 1385 2036 tui.
1418 2009 1472 2035 Nos
1483 2010 1536 2035 iam
1547 2009 1612 2036 artis
1625 2014 1728 2035 tantum
1739 2008 1880 2039 hahemus,

1090 2047 1248 2073 utVerrium
1255 2052 1332 2073 tuum
1343 2046 1527 2077 etCamillum,
1535 2055 1588 2081 qua
1599 2045 1732 2072 munditia
1743 2045 1880 2072 homines!

1090 2093 1143 2119 qua
1158 2084 1303 2120 elegantia!
1321 2092 1415 2110 vocare
1431 2084 1540 2118 saepius
1555 2083 1713 2110 audeamus.
1752 2082 1804 2109 Sed
1819 2082 1882 2109 vide

1090 2121 1244 2148 audaciam:
1257 2122 1337 2148 etiam
1348 2121 1432 2147 Hirtio
1442 2129 1552 2147 coenam
1563 2120 1626 2147 dedi
1637 2121 1695 2146 sine
1707 2128 1823 2154 pavone;
1842 2124 1883 2146 ta—

1090 2167 1151 2185 men
1163 2159 1190 2185 in
1200 2167 1230 2185 ea
1241 2167 1321 2185 caena
1333 2166 1436 2193 coquus
1447 2167 1523 2184 meus
1533 2162 1637 2193 praeter
1647 2158 1689 2183 ius
1701 2156 1806 2183 fervens
1812 2156 1882 2184 nihil

1089 2196 1177 2230 potuit
1191 2196 1300 2222 imitari.
1341 2197 1365 2222 3.
1388 2196 1457 2222 Haec
1473 2195 1556 2231 igitur
1572 2199 1612 2221 est
1626 2202 1698 2221 nunc
1714 2195 1767 2220 vita
1781 2199 1879 2221 nostra.

1088 2233 1165 2259 Mane
1179 2232 1329 2260 salutamus
1344 2232 1416 2259 domi
1430 2237 1456 2259 et
1466 2232 1550 2259 bonos
1561 2233 1634 2258 viros
1645 2230 1757 2263 multos,
1774 2231 1822 2257 sed
1834 2232 1882 2258 tri—

1088 2275 1152 2301 stes,
1165 2274 1191 2296 et
1203 2269 1251 2296 hos
1263 2269 1345 2296 laetos
1356 2270 1484 2296 victores:
1497 2270 1546 2304 qui
1556 2277 1598 2295 me
1608 2267 1719 2303 quidem
1730 2268 1882 2303 perofficio—

1088 2315 1117 2333 se
1132 2312 1158 2333 et
1173 2311 1340 2341 peramanter
1353 2306 1506 2333 observant.
1546 2306 1598 2332 Ubi
1615 2304 1740 2332 salutatio
1756 2304 1878 2337 defluxit,

1089 2344 1184 2370 litteris
1195 2353 1238 2370 me
1248 2343 1366 2374 involvo,
1374 2349 1420 2370 aut
1430 2343 1518 2370 scribo
1524 2348 1570 2370 aut
1580 2341 1648 2377 lego.
1665 2343 1878 2374 Veniuntetiam,

1087 2382 1136 2416 qui
1151 2390 1194 2408 me
1205 2381 1316 2408 audiant
1325 2381 1403 2416 quasi
1417 2381 1526 2407 doctum
1541 2380 1691 2410 homiuem,
1709 2380 1773 2414 quia
1787 2379 1880 2414 paullo

1087 2427 1158 2449 sum,
1171 2427 1253 2453 quarn
1264 2419 1331 2453 ipsi,
1344 2417 1455 2444 doctior.
1494 2417 1558 2444 Inde
1569 2417 1673 2451 corpori
1683 2425 1762 2443 omne
1772 2421 1880 2452 tempus

1087 2455 1175 2482 datur.
1206 2456 1320 2482 Patriam
1330 2455 1404 2481 eluxi
1415 2455 1468 2481 iam
1479 2459 1505 2481 et
1513 2454 1625 2490 gravius
1635 2458 1661 2480 et
1671 2453 1783 2485 diutius,
1796 2461 1879 2488 quam

1088 2492 1142 2519 ulla
1154 2497 1238 2519 mater
1247 2493 1358 2519 unicum
1370 2492 1466 2518 filium.
1505 2490 1557 2517 Sed
1570 2499 1647 2521 cura,
1661 2491 1685 2516 si
1695 2499 1738 2517 me
1749 2499 1836 2522 amas,
1848 2495 1880 2518 ut

1087 2529 1190 2556 valeas:
1203 2538 1237 2556 ne
1247 2538 1305 2565 ego,
1319 2534 1344 2556 te
1354 2530 1465 2559 iacente,
1477 2528 1546 2554 bona
1557 2533 1603 2554 tua
1612 2527 1756 2555 comedim.
1790 2527 1877 2555 Statui

1087 2568 1159 2594 enim
1171 2567 1220 2594 tibi
1230 2575 1264 2594 ne
1275 2571 1380 2602 aegroto
1390 2565 1501 2601 quidem
1513 2573 1631 2600 parcere.
