1941 3052
183 156 232 180 9152
748 153 789 177 20.

825 150 859 176 M.
893 150 923 176 T.
960 148 1235 176 etet-:noxis

182 223 346 259 Pamphylia,
360 224 432 249 „citi-<-
443 231 501 249 ense
513 222 698 256 pleni-mimum
710 221 847 255 signoruni
859 220 973 254 optimo-
1000 221 1004 244 l
1026 228 1139 254 nemque
1154 220 1247 246 acerbo
1260 224 1285 245 et
1300 219 1417 252 lugubri.
1441 219 1499 246 vidi
1513 219 1643 246 vallavere
1656 221 1743 247 omnia
1760 219 1815 246 fur-

183 270 251 288 rum.
293 262 348 287 Non
363 261 448 286 (livam
464 261 535 286 illine
551 260 598 285 lnu·
613 259 719 291 signum
735 257 852 282 ablatum
872 266 929 282 esse
948 261 974 282 et

1026 258 1058 282 tis
1073 257 1134 286 tuin,
1152 257 1247 290 praeda
1263 257 1467 291 prm-inviarum,
1484 257 1577 292 spoliis
1590 258 1721 284 sociorum
1736 263 1816 293 atque

182 298 263 325 iuml:
293 299 340 324 lio«-
354 298 427 326 diro,
445 297 548 323 nullum
564 301 587 321 te
603 295 718 329 Aspendi
734 295 851 327 signnm,
869 294 970 324 Verres,
994 314 1003 327 ,Ἰ
1025 294 1180 319 amicorum.
1212 296 1270 325 Quo
1283 293 1392 328 quidem
1407 299 1531 329 tempore.
1549 295 1659 324 iudices,
1677 296 1726 321 iste
1740 303 1814 330 spem

182 335 336 370 reliquisse:
362 335 448 361 «minin
463 343 494 359 ex
511 333 590 362 fanis,
607 341 638 358 ex
656 332 718 357 locis
733 331 857 365 publicis,
875 330 970 365 palam.

182 373 364 407 spectantibus
383 372 521 399 caninibus,
543 369 669 403 plaustris
683 373 772 394 evecta
787 372 972 402 asportataque

183 418 250 436 esse.
291 410 375 443 Atqu·-
389 410 465 433 etiam
482 407 556 432 illuni
573 406 737 440 Aspendium
752 405 925 434 citharistam,
941 405 974 430 de

183 456 237 481 qno
250 455 328 480 saepe
342 446 453 470 audistis
469 445 503 473 id,
516 443 586 478 quod
602 448 642 469 est
656 443 763 469 Graecis
779 442 933 468 bominibus
947 442 974 468 in

185 484 331 518 proverbio,
347 491 426 516 quem
441 482 527 507 omnia
543 481 614 506 intus
629 490 721 506 canere
735 480 866 509 dicebant,
882 483 975 505 sustu-

186 521 213 546 lit
231 525 255 546 et
275 521 300 546 in
321 520 421 545 intimis
435 519 492 544 suis
506 518 618 543 nedibus
633 519 734 552 posuit:
761 522 789 543 nt
803 518 882 542 etiam
898 516 973 542 illum

185 559 271 591 ipsum
291 566 340 581 suo
358 557 466 581 artifieio
485 564 624 590 superasse
644 555 773 580 videatur.
815 555 855 580 56.
879 554 975 588 Pergae
996 565 997 586 1

185 595 274 620 fanum
289 594 506 628 antiquissimum
522 598 546 618 ct
557 593 755 618 sanctissimum
768 592 863 617 Dianae
874 592 975 617 scimus
996 601 997 608 ¹

1003 531 1005 545 l

184 640 250 657 esse.
286 631 312 656 lul
327 639 434 665 qunque
449 639 460 655 a
477 635 500 656 te
515 630 642 656 nudatum
659 638 688 655 ac
701 629 845 664 spoliatum
859 637 926 658 esse.
943 636 975 654 ex
996 647 1005 662 ‚1

184 669 240 702 ipsu
256 668 348 698 Diana,
368 667 439 702 quod
455 667 567 693 1101101101
580 667 650 697 auri,
670 667 816 692 ‹letrae-tum
836 670 915 700 atque
929 665 975 691 ab—
996 669 999 694 ἱ

186 705 265 731 latum
281 714 338 731 csse
352 705 420 731 divo.
460 705 545 737 Quae,
563 704 676 734 malum,
693 709 732 730 est
746 704 794 730 ista
811 708 879 729 tanta
894 702 975 728 auda·
997 730 998 735 ¹

183 743 222 768 cia
242 747 320 777 atque
339 741 471 768 mnemia?
491 742 562 774 Quas
581 742 650 767 enini
671 742 801 767 sociorum
817 745 895 775 atque
909 740 975 766 nmi-

183 788 274 806 corum
295 780 373 806 nrbes
392 780 469 806 adisti
490 779 627 815 legationis
646 779 702 805 inre
722 783 746 804 ct
765 779 885 809 nomine;
907 778 929 803 si
949 778 974 803 in

184 826 228 843 cas
247 817 271 843 vi
290 826 351 843 cum
370 818 486 843 exercitu
506 817 670 851 imperioque
694 816 852 846 invasisse«,
878 820 973 844 tamen.

183 855 289 889 opinor,
309 863 377 889 quae
395 855 472 890 signa
491 859 569 888 atque
589 858 740 880 ornamenta
759 862 792 879 ex
807 853 848 878 liis
863 852 975 878 urbibus

184 891 350 921 sustulisses.
366 892 428 917 baec
444 901 493 917 non
510 892 534 917 in
551 896 622 917 tuam
636 890 755 920 domum,
769 898 854 924 neque
870 890 895 915 in
911 889 976 915 sub-

184 929 284 955 urbana
303 930 461 959 amicorum,
483 928 528 954 sed
548 929 656 954 Romam
677 928 702 954 in
723 927 862 962 publicum
881 927 976 961 depor—
998 929 999 936 ¹

185 971 277 992 tasses.
320 966 392 992 XXI.
414 967 455 992 55.
478 965 547 998 Quid
566 974 615 999 ego
632 965 665 991 ‹le
680 965 714 990 M.
731 964 854 991 Marcello
873 963 974 998 loquar,

184 1004 230 1037 qui
250 1003 394 1038 Syracusas
414 1003 506 1029 urbem
525 1003 719 1029 ornatissimam
741 1001 829 1036 cepit?
854 1001 920 1036 quid
943 1000 976 1027 de

185 1041 214 1067 L.
231 1040 367 1075 Scipione,
387 1041 433 1075 qui
450 1040 550 1066 bellum
566 1040 592 1066 in
606 1040 667 1066 Asia
685 1039 780 1075 gessit,
802 1038 977 1065 Antiochum—

184 1084 237 1113 que
251 1086 339 1113 regem
355 1078 569 1112 potentissimum
585 1076 666 1103 vicit?
685 1076 750 1111 quid
769 1076 801 1102 de
817 1076 973 1105 Flaminino,

184 1115 230 1149 qui
250 1123 339 1149 regem
355 1115 509 1150 Philippum
529 1119 554 1141 et
567 1114 746 1140 Macedoniam
765 1112 891 1149 subegit?
910 1112 976 1147 quid

183 1152 217 1179 de
232 1153 262 1179 L.
277 1152 380 1183 Panno.
396 1153 443 1187 qui
459 1161 546 1187 regem
561 1152 657 1178 Persen
673 1151 698 1177 vi
713 1160 742 1176 ac
757 1151 853 1176 virtute
867 1158 977 1184 supera-

184 1189 240 1216 vit‘?
260 1189 324 1224 quid
344 1189 376 1215 de
391 1190 420 1216 L.
436 1190 577 1219 Mummio,
597 1189 644 1224 qui
660 1188 752 1215 urbem
768 1187 975 1222 pulcherrimam

184 1231 264 1262 atque
286 1227 481 1253 ornatissimam
500 1226 655 1253 Corinthum
680 1225 864 1260 plenissimam
887 1233 975 1251 rerum

184 1265 304 1291 omnium
319 1264 437 1296 sustulit,
454 1264 588 1298 urbesque
600 1263 712 1289 Achaiae
722 1263 895 1297 Boeotiaeque
906 1262 977 1288 mul-

184 1306 224 1328 tas
241 1301 293 1327 sub
311 1302 453 1336 imperium
473 1301 564 1336 populi
583 1301 693 1327 Romani
711 1300 892 1334 ditionemque
911 1299 977 1325 sub-

183 1338 290 1365 iunxit?
308 1347 422 1373 quorum
437 1338 545 1369 domus,
565 1347 650 1373 quum
670 1338 767 1364 honore
780 1342 806 1363 et
820 1338 916 1363 virtute
931 1336 978 1362 llo-

184 1380 280 1406 rei-ent,
296 1376 380 1411 signis
395 1381 420 1402 et
433 1375 531 1402 tabulis
545 1376 622 1410 pictis
637 1379 710 1401 erant
724 1383 831 1400 vacuae.
867 1374 901 1400 At
915 1382 977 1400 vero

184 1413 278 1439 urbem
293 1417 382 1443 totam.
396 1413 494 1448 templa
508 1413 617 1439 deorum
631 1420 778 1447 omnesque
790 1411 878 1438 ltaliae
890 1416 976 1446 partes

185 1450 290 1476 illorum
317 1450 394 1477 donis
419 1459 449 1476 ac
474 1451 654 1477 monumentis
680 1454 818 1476 exornatas
841 1449 975 1475 videmus.

183 1489 225 1516 56.
248 1487 356 1520 Vereor,
376 1496 410 1514 ne
428 1487 492 1515 haec
511 1488 576 1515 forte
593 1488 719 1522 cuiquam
735 1487 815 1512 nimis
830 1486 937 1520 antiqua
952 1490 978 1512 et

183 1528 234 1553 iam
254 1526 370 1553 obsoleta
389 1526 538 1552 videantur.
578 1525 615 1551 lta
632 1525 702 1550 enim
722 1529 779 1550 tum
803 1523 978 1558 aequabiliter

183 1573 275 1590 omnes
289 1568 363 1589 erant
376 1562 541 1593 huiusmodi,
555 1567 585 1588 ut
598 1562 662 1588 haec
677 1561 734 1587 laus
745 1561 858 1587 eximiae
869 1560 977 1586 virtutis

184 1606 209 1627 et
232 1600 396 1627 innocentiae
419 1608 471 1626 non
493 1600 580 1626 solum
604 1599 757 1629 hominum,
783 1606 876 1624 verum
898 1598 976 1624 etiam

184 1643 334 1673 temporum
353 1638 460 1664 illorum
478 1645 537 1663 esse
555 1636 685 1663 videatur.
726 1636 754 1661 Ρ.
771 1634 915 1666 Servilius,
937 1635 978 1660 vir

182 1675 349 1702 clarissimus
363 1675 488 1701 maximis
501 1674 581 1700 rebus
594 1673 685 1709 gestis,
702 1672 776 1698 adest
790 1672 822 1698 de
836 1676 861 1698 te
870 1676 978 1698 senten-

184 1714 246 1739 tiam
262 1712 378 1739 laturus:
400 1711 545 1747 Olympum
560 1712 599 1742 vi,
615 1711 712 1745 copiis,
733 1709 857 1740 consilio,
879 1709 976 1735 virtute

183 1751 266 1785 cepit,
286 1750 380 1776 urbem
399 1749 535 1783 antiquam
553 1752 579 1774 et
597 1747 722 1774 omnibus
740 1747 820 1773 rebus
835 1751 937 1772 auctam
952 1750 977 1772 et

184 1791 312 1813 ornatam.
353 1787 453 1813 Recens
467 1785 621 1820 exemplum
636 1784 772 1811 fortissimi
792 1784 842 1810 viri
861 1783 975 1818 profero.

185 1824 251 1850 Nam
263 1829 352 1858 postea
364 1823 495 1850 Servilius
506 1823 647 1857 imperator
659 1821 750 1857 populi
761 1821 872 1847 Romani
883 1820 977 1856 Olym—

185 1869 249 1896 pum
264 1861 357 1887 urbem
372 1861 488 1887 hostium
503 1861 586 1894 cepit,
606 1868 686 1895 quam
706 1864 734 1885 tu
752 1860 779 1885 111
799 1859 894 1885 iisdem
913 1858 976 1885 locis

186 1898 288 1934 legatus
309 1899 478 1933 quaestorius
500 1897 597 1932 oppida
623 1901 713 1931 pacata
739 1897 871 1922 sociorum
897 1900 976 1930 atque

184 1936 329 1962 amicorum
353 1934 501 1970 diripienda
519 1943 548 1960 ac
571 1934 691 1960 vexanda
713 1934 821 1960 curasti.
861 1934 903 1959 57.
925 1933 974 1964 Tu,

184 1981 253 2007 quae
267 1981 300 1998 ex
314 1972 382 1998 fanis
396 1971 606 2008 religiosissimis
617 1980 664 2006 per
673 1970 762 1997 scelus
773 1975 798 1997 et
809 1970 975 1996 latrocinium

185 2009 334 2040 abstulisti,
358 2018 387 2036 ea
406 2018 453 2035 nos
471 2009 561 2035 videre
579 2009 630 2035 nisi
649 2009 675 2034 in
700 2009 754 2034 tuis
775 2008 976 2042 amicorumque

186 2052 291 2073 tuorum
306 2047 381 2073 tectis
391 2055 443 2072 non
455 2055 613 2081 possumus:
630 2046 657 2072 P.
669 2045 808 2076 Servilius,
821 2053 890 2080 quae
900 2045 976 2080 signa

185 2088 264 2119 atque
282 2088 433 2110 ornamenta
451 2092 485 2110 ex
503 2083 568 2109 urbe
587 2083 717 2113 hostium.
738 2083 765 2108 vi
784 2086 809 2108 et
823 2083 919 2108 virtute
933 2091 977 2108 ca-

185 2126 242 2156 pta,
267 2120 329 2147 belli
354 2120 410 2156 lege
432 2125 511 2156 atque
533 2121 701 2155 imperatorio
723 2120 781 2145 iure
798 2119 921 2150 sustulit,
947 2128 976 2145 ea

186 2157 285 2193 populo
298 2159 415 2184 Romano
428 2158 588 2192 apportavit,
605 2166 652 2192 per
665 2156 832 2191 triumphum
847 2157 932 2188 vexit,
948 2157 976 2183 in

185 2195 289 2221 tabulas
308 2195 428 2230 publicas
446 2195 479 2221 ad
501 2195 630 2221 aerarium
655 2193 841 2229 perscribenda
862 2194 974 2220 curavit.

185 2233 341 2268 Cognoscite
364 2241 396 2259 ex
422 2232 514 2258 litteris
537 2231 653 2267 publicis
678 2231 794 2258 hominis
815 2230 976 2266 amplissimi

185 2269 362 2305 diligentiam.
401 2269 500 2296 Recita.
540 2277 684 2295 1111101105
707 2277 841 2294 ustum:
865 2278 887 2294 ι’.
911 2277 977 2294 ssu-

185 2316 268 2333 vimi.
308 2307 365 2333 Non
389 2306 476 2333 solum
499 2315 641 2332 numerum
664 2306 803 2341 signorum
827 2305 874 2332 sed
897 2305 976 2332 etiam

185 2345 266 2370 unius
280 2344 412 2379 cuiusque
427 2343 650 2379 magnitudinem,
672 2343 797 2378 figuram,
820 2347 919 2369 statum
934 2342 978 2369 111-

186 2382 248 2407 teris
266 2380 370 2407 definiri
389 2381 473 2407 vides.
513 2381 589 2407 Certe
607 2381 690 2406 maior
706 2384 746 2406 est
764 2380 871 2406 virtutis
894 2380 978 2406 victo—

186 2419 292 2452 riaeque
306 2418 471 2449 iucunditas,
492 2426 573 2453 quam
587 2418 636 2444 ista
651 2417 787 2451 voluptas,
808 2425 878 2452 quae
892 2417 979 2451 perci-

186 2455 258 2489 pitur
281 2463 314 2481 ex
337 2455 447 2481 libidine
470 2459 496 2481 et
518 2454 671 2489 cupiditate.
712 2454 795 2480 Multo
820 2453 978 2490 diligentius

187 2491 282 2517 babere
295 2492 354 2518 dico
364 2492 508 2518 Servilium
522 2492 646 2526 praedam
660 2491 752 2526 populi
763 2491 883 2522 Romani,
895 2499 976 2525 quam

187 2533 210 2554 te
224 2533 268 2554 tua
283 2528 351 2555 furta
365 2533 451 2555 notata
464 2533 544 2564 atque
557 2529 712 2563 perscripta.
744 2528 828 2554 XXII.
844 2529 885 2554 58.
901 2528 976 2554 Dices

187 2570 231 2591 tua
247 2573 356 2600 quoque
373 2566 449 2601 signa
466 2570 492 2591 et
509 2565 613 2592 tabulas
635 2566 719 2601 pictas
742 2570 895 2591 ornamento
913 2565 976 2591 Urbi

187 2601 296 2637 foroque
310 2602 402 2636 populi
416 2603 525 2628 Romani
541 2602 634 2629 fuisse.
674 2602 798 2628 Memini:
819 2601 875 2628 vidi
893 2601 975 2628 simul

186 2647 247 2665 cum
262 2638 362 2674 populo
370 2639 487 2665 Romano
502 2639 587 2665 forum
601 2639 795 2674 comitiumque
808 2638 974 2669 adornatum,

187 2675 219 2702 ad
237 2676 352 2711 speciem
371 2676 510 2711 magnifico
527 2681 633 2707 ornatu,
657 2676 689 2702 ad
712 2684 821 2702 sensum
839 2676 977 2711 cogitatio-

1026 331 1168 356 maximam
1184 331 1346 365 reliquorum
1361 339 1467 365 quoque
1482 337 1647 366 peccatorum
1663 338 1755 358 nactus
1765 337 1814 358 est.

1027 368 1096 393 Vidit
1110 368 1180 393 enim
1195 376 1248 398 eos,
1264 368 1311 402 qul
1327 367 1485 394 iudiciorum
1500 369 1621 395 dominos
1636 379 1664 394 se
1677 370 1729 396 dici
1746 369 1818 395 volo-

1027 405 1097 435 bant,
1115 405 1208 431 inarum
1222 405 1398 439 cupiditatum
1412 414 1470 431 esee
1485 415 1584 432 servos.
1614 408 1655 432 5⁹.
1671 407 1740 433 Socii
1757 415 1819 432 vem

1027 443 1199 476 nationesque
1217 447 1320 468 externe
1339 451 1413 476 spem
1431 443 1551 469 omnium
1569 448 1624 469 tum
1639 445 1756 478 primum
1771 443 1818 470 ab·

1027 480 1109 505 iecere
1124 488 1211 505 reruni
1226 488 1254 505 ac
1271 479 1435 505 fortunarum
1447 488 1571 506 suarum:
1587 486 1732 515 propterea.
1745 480 1817 516 quod

1026 525 1087 542 casu
1105 515 1181 550 legati
1196 525 1228 543 cx
1243 516 1303 542 Asia
1319 521 1398 551 atque
1412 517 1508 542 Achaia
1523 517 1631 552 plurimi
1644 518 1740 544 Itomae
1755 524 1818 544 tunc

1028 553 1147 583 fuerunt,
1168 554 1215 588 qui
1230 554 1339 579 deorum
1354 553 1495 580 simulacra
1510 563 1541 580 ex
1556 555 1613 580 suis
1632 554 1699 581 fania
1713 555 1817 582 sublata

1027 592 1053 617 in
1068 590 1123 616 foro
1138 591 1340 617 venerabantur.
1382 591 1499 625 Itemque
1512 596 1596 617 cetera
1611 592 1686 625 signa
1700 597 1725 618 et
1741 601 1818 618 orna-

1027 632 1114 654 menta
1127 637 1212 663 quum
1227 634 1424 663 cognoscerent,
1440 628 1489 654 alia
1503 628 1554 654 alio
1569 629 1594 655 in
1611 629 1666 654 loco
1681 629 1819 655 lacriman-

1027 670 1065 691 tes
1084 665 1264 691 intuebantur.
1305 665 1423 697 Quorum
1442 666 1561 691 omnium
1581 665 1652 692 hunc
1669 674 1817 692 sermonem

1028 707 1083 728 tum
1097 711 1156 728 esse
1170 703 1360 729 audiebamus:
1383 703 1454 729 Nihil
1468 712 1527 732 ease,
1542 706 1610 737 quod
1622 706 1756 737 quiequam
1770 706 1818 729 du-

1027 742 1118 766 bitaret
1131 742 1162 766 de
1174 743 1255 766 exitio
1267 743 1394 766 sociarum
1407 745 1484 773 utque
1496 743 1652 767 amicorum:
1669 750 1747 774 quum
1760 743 1819 774 qui-

1026 780 1080 803 dem
1094 780 1206 803 riderent
1221 780 1247 802 111
1261 780 1318 811 [ον-ο
1328 779 1417 810 populi
1430 778 1548 807 Romani,
1563 786 1613 811 quo
1626 780 1653 803 t'n
1667 779 1722 804 Ioco
1733 783 1818 807 antea,

1026 816 1070 847 qui
1083 817 1159 840 aoct'u'a
1173 817 1284 840 iniurias
1296 817 1416 847 fecerunt.
1431 817 1552 841 accusari
1565 820 1588 840 et
1603 817 1765 841 condemnari
1777 823 1818 840 w-

1027 853 1118 881 Iebant‚
1134 853 1170 877 t'bt‘
1182 860 1235 877 ease
1246 853 1333 885 palam
1344 855 1428 884 posita
1442 861 1480 880 m,
1494 862 1559 886 quae
1572 854 1605 878 ab
1617 855 1694 878 sociis
1706 861 1752 885 per
1764 861 1819 877 sce-

1028 890 1067 914 !ua
1080 890 1168 914 ablata
1181 894 1316 922 ereptaque
1330 894 1417 914 essent.
1457 891 1498 915 60.
1519 889 1566 915 llic
1579 898 1628 925 ego
1643 898 1693 915 non
1707 889 1820 915 arbitror

1027 925 1104 952 illum
1120 930 1292 961 negaturum,
1308 926 1384 961 signa
1398 934 1456 952 sese
1471 926 1599 961 plurima,
1616 926 1720 952 tabulas
1735 927 1819 961 pictas

1028 962 1237 989 innumerabiles
1257 963 1366 989 babere:
1387 963 1447 994 sed,
1472 968 1501 989 ut
1523 964 1630 998 opinor,
1654 963 1721 990 solet
1744 963 1816 994 haec.

1027 1008 1095 1035 quae
1114 1001 1203 1035 rapuit
1220 1004 1245 1026 et
1260 999 1362 1026 furatus
1375 1005 1428 1030 est,
1450 1009 1651 1036 nonnumquam
1669 1000 1770 1030 dicere.
1790 1008 1819 1026 se

1028 1038 1138 1063 emisse:
1161 1038 1286 1072 quoniam
1301 1037 1410 1072 quidem
1426 1038 1452 1063 in
1466 1038 1606 1069 Achaiam,
1621 1038 1725 1068 Asiam.
1742 1037 1820 1064 Pam-

1028 1074 1146 1110 phyliam
1161 1079 1271 1109 sumptu
1287 1074 1396 1109 publico
1408 1079 1433 1101 et
1447 1074 1585 1111 legationis
1600 1076 1705 1101 nomine
1720 1083 1820 1101 merca-

1028 1117 1067 1138 tor
1093 1113 1232 1147 signorum
1259 1111 1464 1147 tabularumque
1491 1112 1620 1147 pictarum
1646 1113 1746 1138 missus
1768 1116 1818 1138 est.

1028 1149 1124 1175 xxm.
1147 1149 1235 1175 liabeo
1248 1153 1273 1175 et
1287 1149 1378 1179 istius.
1395 1154 1420 1175 et
1433 1150 1514 1184 patris
1529 1150 1588 1175 eius
1601 1150 1700 1184 accepti
1715 1148 1820 1175 tabulas

1027 1195 1128 1217 omnes.
1141 1195 1209 1221 quas
1223 1186 1428 1222 diligentissime
1444 1186 1495 1222 legi
1511 1192 1590 1221 atque
1603 1186 1712 1222 digessi,
1726 1187 1817 1221 patris,

1027 1223 1114 1258 quoad
1129 1224 1208 1254 vixit,
1229 1228 1301 1254 tuas.
1321 1223 1409 1258 quoad
1426 1224 1465 1250 ais
1479 1228 1503 1250 te
1516 1223 1671 1250 confecisse.
1712 1224 1777 1250 Nam
1792 1224 1819 1250 in

1028 1262 1090 1292 isto,
1110 1261 1226 1292 iudices,
1247 1260 1296 1287 hoc
1314 1270 1413 1287 novum
1433 1261 1579 1296 reperietis.
1620 1261 1752 1287 Audimus
1770 1260 1820 1286 ali-

1027 1306 1108 1333 quem
1127 1298 1230 1324 tabulas
1248 1307 1396 1333 numquam
1414 1297 1573 1324 confecisse:
1595 1307 1664 1333 quae
1677 1303 1718 1324 est
1729 1298 1820 1333 opinio

1028 1335 1168 1362 hominum
1178 1336 1211 1362 de
1221 1336 1256 1361 M.
1270 1336 1384 1362 Antonio
1397 1335 1476 1361 falsa:
1494 1344 1554 1361 nam
1571 1334 1631 1361 fecit
1645 1335 1820 1371 diligentissi-

1004 1395 1007 1400 .
1029 1381 1084 1399 me:
1096 1381 1190 1399 verum
1199 1372 1294 1399 sithoc
1304 1381 1390 1408 genus
1401 1372 1508 1407 aliquod
1520 1373 1630 1399 minime
1640 1372 1818 1407 probandum.

1027 1409 1160 1436 Audimus
1175 1409 1257 1436 alium
1271 1418 1323 1436 non
1337 1410 1370 1436 ab
1384 1410 1459 1436 initio
1473 1409 1580 1441 fecisse,
1596 1409 1643 1436 sed
1657 1418 1691 1436 ex
1703 1414 1820 1445 tempore

1028 1447 1118 1482 aliquo
1131 1446 1291 1474 confecisse:
1313 1451 1352 1473 est
1370 1446 1459 1482 aliqua
1473 1448 1552 1473 etiam
1565 1447 1678 1474 huiusce
1692 1448 1728 1473 rei
1743 1447 1819 1473 ratio.

1028 1485 1080 1511 Hoc
1099 1493 1161 1511 vero
1178 1493 1278 1511 novum
1297 1488 1322 1511 et
1340 1484 1483 1511 ridiculum
1506 1489 1558 1515 est,
1583 1485 1656 1519 quod
1678 1484 1721 1511 hic
1743 1484 1820 1511 nobis

1028 1521 1177 1556 respondit,
1197 1530 1282 1557 quum
1297 1521 1330 1548 ab
1343 1530 1374 1548 eo
1389 1521 1492 1548 tabulas
1505 1521 1716 1557 postularemus,
1733 1529 1820 1556 usque

1028 1559 1061 1585 ad
1080 1559 1114 1585 M.
1131 1559 1284 1585 Terentium
1303 1563 1328 1585 et
1342 1558 1371 1585 C.
1387 1558 1507 1586 Cassium
1526 1559 1650 1586 consulas
1663 1558 1818 1590 confecisse,

1028 1600 1118 1631 postea
1132 1595 1276 1622 destitisse.
1317 1597 1358 1622 61.
1379 1596 1439 1622 Alio
1457 1595 1526 1627 loco,
1546 1596 1596 1623 hoc
1609 1596 1760 1622 cuiusmodi
1773 1597 1818 1627 sit.

1028 1633 1266 1660 considerabimus.
1306 1633 1383 1659 Nunc
1401 1633 1467 1659 nihil
1486 1633 1518 1659 ad
1537 1642 1580 1659 me
1597 1634 1701 1660 attinet:
1724 1633 1820 1660 horum

1028 1671 1098 1696 enim
1114 1675 1272 1705 temporum.
1288 1671 1316 1696 in
1330 1670 1430 1706 quibus
1445 1678 1515 1697 nunc
1529 1679 1627 1701 versor,
1644 1670 1728 1697 habeo
1742 1670 1821 1697 tabu-

1029 1707 1066 1733 las
1084 1712 1110 1734 et
1128 1712 1186 1734 tuas
1210 1712 1236 1734 et
1258 1708 1350 1742 patris.
1390 1707 1507 1734 Plurima
1530 1708 1606 1743 signa
1628 1707 1818 1742 pulcherrima.

1028 1744 1158 1779 plurimas
1176 1744 1280 1771 tabulas
1297 1745 1413 1780 optimas
1430 1745 1583 1779 deportasse
1601 1750 1638 1775 te,
1659 1753 1754 1781 negare
1768 1753 1820 1772 non

1028 1787 1116 1816 potes:
1132 1786 1211 1817 atque
1226 1783 1328 1808 utinam
1341 1782 1435 1818 neges!
1456 1782 1543 1808 Unum
1557 1781 1666 1808 ostende
1680 1783 1706 1808 111
1721 1782 1820 1808 tabulis

1027 1824 1073 1846 aut
1087 1819 1140 1845 tuis
1154 1824 1200 1846 aut
1213 1820 1294 1854 patris
1308 1820 1348 1845 tui
1362 1823 1482 1854 emptum
1496 1827 1568 1846 esse:
1585 1819 1682 1846 vicisti.
1704 1819 1743 1845 Ne
1755 1819 1821 1846 baec

1027 1856 1138 1891 quidem
1155 1856 1210 1883 duo
1227 1857 1304 1892 signa
1322 1856 1514 1891 pulcherrima,
1538 1865 1607 1892 quae
1629 1864 1701 1883 nunc
1718 1856 1751 1883 ad
1768 1857 1821 1882 im-

1028 1893 1153 1928 pluvium
1171 1898 1248 1920 tuum
1266 1898 1348 1925 stant,
1372 1902 1442 1929 qnae
1460 1893 1559 1920 multos
1576 1902 1659 1920 annos
1677 1893 1710 1920 ad
1728 1892 1820 1920 valvas

1028 1932 1136 1957 lunonis
1158 1931 1262 1957 Samiae
1282 1935 1425 1962 steterunt,
1449 1930 1531 1957 habes
1552 1930 1686 1966 quomodo
1707 1931 1819 1963 emeris3

1028 1968 1105 1999 haec,
1125 1969 1249 2003 inquam,
1269 1968 1336 2000 duo,
1361 1976 1430 2003 quae
1446 1969 1475 1994 in
1493 1967 1604 1995 aedibus
1622 1968 1676 1994 tuis
1693 1967 1750 1994 sola
1766 1968 1820 1994 iam

1027 2010 1098 2037 sunt,
1114 2014 1183 2041 quae
1196 2010 1324 2032 sectorem
1338 2010 1504 2040 exspectant.
1520 2005 1610 2032 relicta
1623 2013 1653 2032 ac
1665 2004 1792 2032 destituta
1805 2013 1820 2031 a

1027 2043 1121 2069 ceteris
1135 2043 1229 2078 signis.
1270 2043 1367 2070 XXIV.
1388 2044 1430 2070 62.
1450 2042 1497 2073 At.
1517 2042 1607 2073 credo.
1627 2043 1655 2069 in
1669 2042 1742 2069 hisce
1755 2041 1820 2068 solis

1027 2080 1108 2106 rebus
1121 2080 1264 2106 indomitas
1277 2079 1437 2115 cupiditates
1450 2084 1530 2115 atque
1542 2079 1680 2106 effrenatas
1690 2079 1818 2106 habebat:

1027 2122 1129 2144 ceterae
1147 2117 1272 2144 libidines
1290 2117 1349 2144 eius
1367 2117 1466 2144 ratione
1483 2116 1573 2152 aliqua
1586 2121 1631 2143 aut
1645 2116 1723 2143 modo
1735 2117 1820 2143 conti-

1028 2154 1168 2181 nebantur.
1201 2154 1287 2187 Quam
1301 2154 1394 2181 multis
1407 2155 1491 2181 istum
1503 2154 1637 2190 ingenuis,
1652 2162 1734 2189 quam
1748 2152 1820 2180 mul-

1028 2192 1061 2218 tis
1075 2192 1206 2218 matribus
1220 2191 1344 2223 familias,
1356 2192 1384 2218 in
1397 2191 1444 2218 1113
1458 2196 1521 2218 tetra
1535 2196 1615 2226 atque
1627 2191 1732 2225 impura
1747 2189 1820 2226 lega-

1028 2229 1107 2260 tione,
1123 2229 1178 2255 vim
1193 2228 1314 2255 attulisse
1327 2227 1504 2255 existimatis?
1515 2228 1608 2263 quue
1619 2228 1648 2254 in
1661 2227 1760 2262 oppido
1772 2235 1821 2262 pe-

1027 2266 1088 2292 dem
1102 2267 1205 2301 posuit,
1221 2266 1267 2292 ubi
1282 2275 1334 2292 non
1347 2265 1425 2301 plura
1437 2270 1592 2300 stuprorum
1605 2264 1820 2300 flagitiorumque

1027 2312 1148 2335 suorum,
1165 2312 1247 2338 quam
1261 2303 1392 2330 adventus
1405 2303 1448 2330 sui
1463 2303 1574 2338 vestigia
1588 2301 1744 2336 reliquerit?
1766 2301 1820 2328 Sed

1027 2349 1076 2376 ego
1097 2341 1199 2372 omnia,
1226 2349 1295 2375 quae
1318 2340 1409 2376 negari
1434 2343 1569 2375 poterunt,
1596 2339 1817 2373 praetermittam:

1027 2378 1106 2404 etiam
1121 2377 1194 2409 haec,
1209 2386 1279 2413 quae
1291 2378 1440 2404 certissima
1453 2381 1517 2403 sunt
1528 2380 1555 2402 et
1566 2375 1722 2407 clarissima,
1738 2375 1820 2402 relin-

1027 2423 1123 2450 quam:
1137 2423 1224 2441 unum
1237 2414 1346 2450 aliquod
1360 2414 1392 2440 de
1406 2413 1514 2440 nefariis
1526 2413 1605 2439 istius
1618 2412 1694 2439 factis
1705 2412 1817 2449 eligam:

1027 2460 1082 2487 quo
1094 2451 1202 2478 facilius
1215 2452 1248 2478 ad
1259 2451 1377 2478 Siciliam
1391 2451 1492 2486 possim
1505 2449 1657 2485 aliquando,
1668 2458 1738 2485 quae
1751 2449 1819 2477 mihi

1027 2489 1077 2516 hoc
1089 2489 1177 2515 oneris
1191 2490 1343 2525 negotiique
1356 2488 1492 2522 imposuit,
1509 2488 1656 2522 pervenire.
1678 2489 1720 2513 63.
1734 2486 1819 2522 Oppi-

1027 2527 1093 2552 dum
1106 2530 1147 2553 est
1159 2526 1187 2552 in
1200 2526 1371 2561 Hellesponto
1383 2525 1575 2559 Lampsacum,
1590 2524 1706 2555 iudices,
1721 2525 1750 2550 in
1763 2524 1820 2559 pri-

1027 2564 1078 2589 mis
1091 2563 1170 2590 Asiae
1182 2563 1336 2598 provinciae
1348 2561 1450 2589 clarum
1463 2565 1490 2588 01
1507 2561 1609 2588 nobile:
1634 2561 1757 2588 homines
1769 2569 1820 2588 au-·

1026 2605 1080 2627 tem
1093 2600 1146 2635 ipsi
1157 2599 1330 2635 Lampsaceni
1344 2603 1402 2626 tum
1415 2607 1521 2625 summe
1533 2599 1562 2625 in
1574 2606 1668 2625 omnes
1679 2599 1754 2625 cives
1766 2598 1819 2625 Ro-

1027 2645 1118 2664 manos
1127 2637 1249 2669 officiosi,
1261 2642 1319 2663 tum
1329 2640 1463 2671 praeterea
1475 2636 1592 2662 maxime
1605 2635 1690 2662 sedati
1703 2640 1729 2662 et
1741 2635 1819 2670 quie-

1027 2675 1059 2705 ti,
1086 2682 1168 2709 prope
1190 2679 1292 2709 praeter
1312 2677 1412 2700 ceteros
1437 2672 1471 2699 ad
1495 2681 1634 2700 summum
1656 2673 1817 2700 Graecorum
