1941 3052
639 117 840 143 BRUTUS.
875 117 973 143 CAP.

1008 118 1040 143 92
1060 132 1095 136 —
1116 117 1157 142 97.
1672 123 1715 147 161

84 192 126 214 tur
140 187 204 213 haec
218 187 338 213 senibus.
373 187 456 222 Saepe
472 188 596 214 videbam
610 196 695 223 quum
710 187 873 218 irridentem,
897 186 900 203 ⁸
929 187 965 218 hi,
982 188 1070 218 Brute,
1087 187 1234 213 adhibuisti
1249 189 1303 214 tuis
1317 189 1486 215 suavissimis
1504 188 1606 220 litteris,
1620 191 1720 225 quibus

84 229 141 251 tum
163 225 242 250 etiam
262 225 418 251 irascentem
437 229 462 251 et
480 226 688 251 stomachantem
703 225 874 259 Philippum:

83 262 131 288 sed
153 261 319 288 mirabantur
340 261 528 294 adolescentes,
550 262 695 289 multitudo
709 263 875 288 movebatur.

84 300 142 326 327.
157 299 220 325 Erat
233 299 366 325 excellens
380 299 481 326 iudicio
495 299 578 335 vulgi,
595 304 620 326 et
635 299 711 326 facile
726 300 825 334 primas
839 304 878 325 te—

84 336 163 362 nebat
176 336 339 362 adolescens.
372 337 429 362 Etsi
443 338 514 363 enim
529 346 614 373 genus
628 337 696 363 illud
710 337 816 363 dicendi
830 345 878 362 au-

84 373 211 400 ctoritatis
225 373 340 399 habebat
352 382 456 408 parum,
469 378 556 400 tamen
571 379 664 409 aptum
678 383 736 400 esse
750 374 826 400 aetati
837 374 878 399 vi-

84 410 210 442 debatur;
240 415 266 437 et
287 415 366 442 certe,
390 411 462 446 quod
480 416 505 437 et
523 412 624 447 ingenii
643 411 775 446 quaedam
795 410 877 437 forma

86 448 190 474 lucebat
211 453 237 474 et
258 449 444 475 exercitatione
467 448 581 483 perfecta
604 453 658 475 erat
681 449 878 483 verborumque

85 486 189 511 astricta
203 485 414 520 comprehensio,
423 495 556 512 summam
571 487 711 513 hominum
725 485 879 511 admiratio-

85 531 145 549 nem
159 523 300 549 excitabat.
326 523 386 554 Sed,
399 532 485 558 quum
499 524 552 550 iam
566 524 679 549 honores
693 527 718 549 et
731 522 777 548 illa
791 523 879 548 senior

85 560 226 586 auctoritas
248 561 357 596 gravius
383 561 512 596 quiddam
539 561 697 595 requireret,
726 560 878 585 remanebat

84 597 155 623 idem
170 606 217 623 nec
231 597 340 624 decebat
353 598 438 631 idem,
459 597 585 633 quodque
595 597 809 624 exercitationem
821 601 879 622 stu-

85 634 216 669 diumque
233 635 378 666 dimiserat,
405 635 477 670 quod
500 635 527 661 in
550 643 581 661 eo
604 634 689 660 fuerat
707 635 874 665 acerrimum,

84 673 249 698 concinnitas
277 672 323 698 illa
345 673 527 707 crebritasque
550 672 742 698 sententiarum
766 672 877 706 pristina

86 710 216 740 manebat,
238 709 285 735 sed
297 717 327 735 ea
341 709 438 736 vestitu
453 709 499 735 illo
513 710 646 740 orationis,
663 718 716 744 quo
731 717 878 734 consueve—

85 751 132 777 rat,
148 751 237 773 ornata
252 755 304 773 non
318 750 380 773 erat.
415 747 468 773 Hoc
482 747 530 773 tibi
545 746 598 777 ille,
614 747 702 777 Brute,
719 747 810 772 minus
825 745 878 772 for-

84 788 154 810 tasse
177 783 285 818 placuit,
310 792 391 818 quam
415 783 568 818 placuisset,
594 784 617 810 si
631 783 709 810 illum
723 783 876 819 flagrantem

84 821 173 847 studio
187 825 211 846 et
225 819 360 847 florentem
374 820 498 847 facultate
512 821 604 847 audire
619 821 762 856 potuisses

138 862 230 889 XCVI.
246 863 302 889 328.
318 863 386 888 Tum
400 863 506 894 Brutus,
522 863 578 898 Ego
593 871 663 894 vero,
676 863 772 898 inquit,
782 864 875 894 etista,

83 908 153 936 quae
166 899 242 930 dicis,
258 899 337 926 video
350 899 440 935 qualia
454 900 516 931 sint,
529 904 554 926 et
564 900 733 926 Hortensium
748 909 877 936 magnum

83 941 212 964 oratorem
242 945 348 972 semper
378 938 470 972 putavi
497 938 667 972 maximeque
693 938 803 972 probavi
830 947 878 972 pro

83 973 196 1001 Messala
214 973 355 1006 dicentem,
372 983 457 1010 quum
471 978 501 1001 tu
515 974 635 1001 abfuisti.
665 975 708 1001 Sic
722 975 819 1006 ferunt,
836 976 878 1001 in-

83 1021 173 1047 quam,
199 1011 281 1047 idque
302 1012 417 1038 declarat
437 1011 556 1042 totidem,
576 1016 642 1047 quot
655 1012 732 1043 dixit,
749 1017 778 1039 ut
792 1013 875 1044 aiunt,

83 1050 181 1084 scripta
204 1049 293 1075 verbis
316 1050 407 1076 oratio.
440 1050 511 1085 Ergo
529 1049 574 1076 ille
592 1058 607 1075 a
620 1049 715 1076 Crasso
729 1050 839 1076 consule
853 1054 879 1076 et

82 1086 207 1114 Scaevola
229 1095 316 1122 usque
339 1087 372 1113 ad
394 1086 517 1113 Paullum
536 1091 561 1113 et
579 1087 735 1113 Marcellum
754 1087 878 1114 consules

82 1123 183 1157 ssoruit;
211 1132 258 1150 nos
277 1125 304 1150 in
318 1124 411 1151 eodem
424 1133 506 1151 cursu
521 1123 622 1150 fuimus
637 1133 651 1151 a
665 1124 739 1151 Sulla
752 1125 878 1152 dictatore

82 1161 116 1188 ad
138 1161 246 1188 eosdem
269 1160 323 1188 fere
344 1161 478 1188 consules
516 1161 559 1188 Sic
572 1161 603 1194 Q.
619 1162 752 1188 Hortensii
767 1171 819 1189 vox
832 1171 879 1189 ex-

83 1199 178 1225 stincta
201 1198 253 1225 fato
276 1207 326 1225 suo
348 1204 396 1230 est,
422 1203 510 1225 nostra
536 1199 655 1234 publico.
690 1201 748 1227 329.
768 1200 874 1232 Melius,

82 1244 190 1271 quaeso,
206 1236 333 1268 ominare,
350 1237 439 1272 inquit
451 1237 559 1263 Brutus
586 1237 625 1263 Sit
638 1246 710 1269 sane,
727 1241 757 1264 ut
770 1238 820 1269 vis,
837 1238 879 1264 in-

82 1282 173 1309 quam,
189 1277 214 1300 et
227 1273 255 1300 id
269 1282 321 1300 non
334 1278 387 1300 tam
402 1283 460 1301 mea
473 1283 576 1305 caussa,
592 1283 674 1309 quam
688 1279 747 1308 tua,
767 1275 814 1301 sed
825 1274 879 1301 for-

82 1315 192 1337 tunatus
211 1310 285 1337 illius
304 1312 402 1343 exitus,
422 1312 470 1347 qui
484 1320 514 1338 ea
528 1320 580 1338 non
594 1312 662 1338 vidit
675 1321 760 1347 quum
775 1312 876 1344 fierent,
900 1328 901 1333 =

82 1356 152 1383 quae
169 1348 287 1383 providit
304 1348 407 1375 futura!
438 1349 521 1384 Saepe
539 1349 611 1375 enim
629 1350 698 1376 inter
712 1358 759 1376 nos
773 1350 879 1384 impen-

83 1385 177 1412 dentes
195 1394 274 1412 casus
292 1385 459 1417 deflevimus,
479 1395 565 1422 quum
584 1386 648 1413 belli
666 1387 755 1413 civilis
769 1396 878 1413 caussas

82 1423 110 1449 in
129 1423 294 1457 privatorum
312 1424 505 1458 cupiditatibus
524 1423 651 1455 inclusas,
678 1425 751 1459 pacis
769 1433 845 1459 spem
864 1434 878 1450 a
900 1424 901 1455 ἶ

84 1460 195 1495 publico
208 1460 320 1487 consilio
333 1469 392 1487 esse
406 1461 543 1488 exclusam
558 1461 722 1488 videremus.
738 1462 789 1488 Sed
800 1462 877 1488 illum

82 1497 190 1524 videtur
208 1497 319 1524 felicitas
338 1499 434 1533 ipsius,
455 1507 507 1534 qua
527 1507 632 1534 semper
646 1503 686 1525 est
700 1508 776 1530 usus,
793 1499 826 1525 ab
840 1500 878 1525 eis

82 1535 208 1567 miseriis,
224 1543 293 1569 quae
307 1540 464 1562 consecutae
477 1541 549 1568 sunt,
566 1540 650 1562 morte
664 1537 853 1563 vindicavisse.

139 1573 196 1598 330.
217 1572 270 1599 Nos
289 1577 387 1605 autem,
408 1574 495 1605 Brute,
517 1574 644 1609 quoniam
659 1578 719 1608 post
732 1574 874 1605 Hortensii,

82 1608 224 1636 clarissimi
243 1610 362 1642 oratoris,
383 1615 494 1637 mortem
517 1611 596 1637 orbae
614 1610 781 1646 eloquentiae
799 1612 877 1646 quasi

82 1650 182 1673 tutores
204 1646 289 1673 relicti
311 1656 415 1680 sumus,
440 1648 513 1675 domi
530 1653 668 1674 teneamus
686 1657 753 1679 eam,
774 1653 876 1683 septam

83 1683 186 1710 liberali
207 1684 340 1718 custodia;
371 1690 396 1712 et
419 1685 467 1712 hos
486 1686 590 1722 ignotos
608 1690 688 1721 atque
705 1686 877 1720 impudentes

82 1729 176 1756 procos
186 1722 369 1757 repudiemus,
378 1727 563 1758 tueamurque,
573 1727 602 1749 ut
609 1723 726 1750 adultam
734 1724 874 1759 virginem,
899 1752 900 1758 ἵ

82 1762 162 1789 caste,
183 1763 209 1785 et
226 1759 259 1785 ab
273 1764 419 1787 amatorum
442 1761 554 1796 impetu,
574 1765 704 1796 quantum
719 1769 874 1796 possumus,

83 1795 282 1830 prohibeamus.
304 1797 446 1833 Equidem,
456 1799 505 1825 etsi
519 1797 604 1829 doleo,
613 1807 655 1824 me
665 1798 693 1824 in
704 1799 786 1825 vitam
799 1798 877 1833 paul-
898 1819 899 1826 ,
1147 1830 1152 1835 ⁵
1489 1832 1492 1836 .
1591 1831 1594 1836 Ι

898 1835 899 1838 ’
928 1829 1030 1861 multis,
1043 1829 1055 1842 *
1070 1829 1082 1843 *
1097 1828 1108 1842 ‘¹
1130 1839 1153 1856 51
1168 1838 1278 1865 operosa
1292 1835 1331 1857 est
1344 1836 1511 1857 concursatio
1525 1840 1611 1867 magis
1625 1839 1723 1866 oppor-

84 1832 109 1859 lo
125 1833 220 1865 serius,
241 1837 376 1870 tamquam
395 1835 422 1861 in
436 1836 516 1867 viam,
536 1836 700 1871 ingressum,
716 1836 876 1871 priusquam

930 233 971 250 me
991 224 1050 251 sorti
1069 225 1157 251 animo
1174 233 1232 251 esse
1245 230 1364 259 oportere
1377 226 1513 257 censebas,
1530 227 1601 261 quod
1616 236 1644 253 ea
1659 236 1722 262 ges—

930 262 1035 293 sissem,
1056 270 1125 297 quae
1142 262 1175 288 de
1189 270 1231 288 me
1245 263 1324 289 etiam
1338 271 1381 289 me
1395 268 1495 289 tacente
1509 264 1564 298 ipsa
1581 263 1722 299 loqueren-

930 304 980 329 tur,
1002 304 1161 334 mortuoque
1180 300 1313 333 viverent,
1340 302 1397 326 33⁴.
1417 309 1495 335 quae,
1516 302 1539 327 si
1559 306 1627 327 recte
1641 307 1719 331 esset,

929 336 1015 362 salute
1034 336 1209 371 reipublicae,
1238 337 1280 363 sin
1294 346 1381 368 secus,
1397 338 1505 363 interitu
1525 339 1583 372 ipso
1602 339 1722 365 testimo—

930 374 1004 399 nium
1036 382 1157 400 meorum
1187 374 1220 400 de
1250 374 1386 409 republica
1416 375 1588 401 consiliorum
1619 376 1719 402 darent.

929 410 1032 437 XCVII.
1049 411 1101 437 Sed
1116 412 1142 437 in
1157 416 1181 437 te
1195 412 1504 445 intuens‚Brute‚doleo;
1525 414 1602 439 cuius
1618 413 1644 439 in
1659 414 1723 440 ado—

931 448 1083 474 lescentiam
1098 457 1144 483 per
1158 449 1259 475 medias
1275 449 1366 475 laudes
1381 450 1457 484 quasi
1472 450 1610 486 quadrigis
1622 450 1722 476 vehen-

930 489 982 511 tem
1011 490 1161 511 transversa
1188 487 1300 513 incurrit
1332 488 1427 513 misera
1460 486 1563 513 fortuna
1592 488 1722 522 reipubli-

930 531 984 548 cae.
1019 523 1066 549 Hic
1085 531 1127 548 me
1141 523 1215 549 dolor
1229 525 1320 559 tangit,
1338 524 1401 550 haec
1416 533 1458 550 me
1471 533 1534 550 cura
1548 524 1680 555 sollicitat,
1698 530 1722 551 et

929 559 1001 586 hunc
1023 568 1138 590 mecum,
1164 561 1266 586 socium
1285 561 1406 587 eiusdem
1424 566 1449 587 et
1467 563 1563 588 amoris
1578 567 1603 588 et
1617 562 1720 588 iudicii.

929 597 989 623 Tibi
1004 596 1135 628 favemus,
1151 602 1175 623 te
1191 602 1233 623 tua
1249 598 1301 624 frui
1316 599 1412 624 virtute
1426 600 1566 633 cupimus,
1588 600 1635 625 tibi
1648 604 1722 634 opta-

930 643 990 660 mus
1013 643 1070 660 eam
1097 634 1304 668 rempublicam,
1330 637 1357 661 in
1380 645 1431 670 qua
1455 636 1569 662 duorum
1592 645 1721 672 generum

929 671 1157 706 amplissimorum
1184 681 1309 698 renovare
1339 674 1493 699 memoriam
1520 678 1599 708 atque
1626 683 1721 709 augere

928 709 1025 743 possis.
1056 709 1144 734 Tuum
1159 709 1229 734 enim
1245 709 1340 741 sorum,
1361 714 1437 736 tuum
1453 715 1507 736 erat
1522 711 1588 737 illud
1603 712 1723 737 curricu-

929 746 999 778 lum;
1026 749 1054 772 tu
1074 745 1139 771 illuc
1157 754 1267 772 veneras
1282 756 1360 777 unus,
1382 747 1428 782 qui
1444 756 1494 773 non
1510 748 1629 783 linguam
1644 748 1722 775 modo

928 784 1047 809 acuisses
1062 783 1246 809 exercitatione
1261 784 1375 815 dicendi,
1393 784 1439 810 sed
1456 789 1481 811 et
1494 786 1580 819 ipsam
1595 785 1722 820 eloquen-

928 821 992 846 tiam
1007 819 1225 854 locupletavisses
1238 822 1390 856 graviorum
1403 822 1498 847 artium
1510 823 1687 849 instrumento
1698 828 1723 849 et

928 857 1024 883 iisdem
1043 858 1145 883 artibus
1164 858 1246 884 decus
1260 867 1338 884 omne
1353 859 1459 885 virtutis
1473 868 1534 885 cum
1549 868 1654 885 summa
1669 860 1723 886 elo-

927 895 1052 929 quentiae
1067 894 1145 921 laude
1160 895 1304 922 iunxisses.
1338 898 1395 923 332.
1415 897 1456 922 Ex
1470 901 1493 922 te
1508 896 1608 931 duplex
1623 906 1669 923 nos
1684 897 1723 923 al'-

929 932 983 958 ficit
1000 932 1160 963 sollicitudo,
1181 933 1253 967 quod
1272 938 1296 959 et
1314 934 1372 968 ipse
1387 933 1523 968 republica
1537 943 1625 960 careas
1640 939 1664 960 et
1678 934 1722 960 illa

928 974 962 996 te.
997 970 1036 996 Tu
1052 974 1148 1000 tamen,
1165 971 1214 996 etsi
1228 979 1337 996 cursum
1353 971 1454 1006 ingenii
1470 972 1517 1001 tui,
1531 972 1618 1002 Brute,
1629 973 1724 1006 premit

930 1007 993 1033 haec
1016 1008 1168 1041 importuna
1192 1007 1281 1034 clades
1303 1009 1427 1039 civitatis,
1453 1009 1558 1034 contine
1581 1014 1605 1035 te
1623 1010 1650 1035 in
1669 1010 1722 1035 tuis

928 1045 1101 1079 peremnibus
1125 1044 1223 1070 studiis
1242 1050 1267 1071 et
1284 1045 1359 1072 effice
1378 1045 1413 1077 id,
1430 1046 1502 1081 quod
1517 1046 1569 1072 iam
1583 1055 1723 1081 propemo-

928 1082 994 1108 dum
1017 1081 1059 1108 vel
1083 1081 1161 1116 plane
1179 1083 1268 1117 potius
1286 1083 1418 1114 effeceras,
1439 1088 1468 1109 ut
1486 1088 1510 1109 te
1524 1084 1621 1118 eripias
1636 1093 1669 1110 ex
1682 1093 1720 1114 ea.

928 1128 1010 1154 quam
1029 1128 1077 1155 ego
1096 1120 1218 1155 congessi
1236 1120 1264 1146 in
1282 1120 1354 1146 hunc
1369 1129 1527 1151 sermonem,
1545 1121 1620 1147 turba
1636 1127 1724 1156 patro-

929 1165 1034 1183 norum.
1070 1157 1123 1183 Nec
1142 1158 1213 1183 enim
1227 1157 1302 1184 decet
1317 1163 1349 1187 te,
1366 1163 1488 1184 ornatum
1502 1159 1646 1184 uberrimis
1661 1160 1724 1185 arti-

928 1194 989 1225 bus,
1010 1202 1077 1229 quas
1091 1203 1177 1229 quum
1191 1194 1270 1221 domo
1284 1195 1390 1221 haurire
1405 1204 1456 1221 non
1471 1205 1571 1230 posses,
1584 1197 1724 1222 arcessivi-

928 1233 962 1258 sti
976 1240 1010 1258 ex
1023 1232 1089 1258 urbe
1103 1240 1142 1263 ea,
1155 1241 1225 1267 quae
1238 1233 1335 1259 domus
1349 1237 1389 1259 est
1403 1242 1509 1268 semper
1523 1233 1611 1259 habita
1625 1233 1723 1260 doctri-

929 1278 985 1301 nae,
1011 1270 1144 1296 numerari
1167 1270 1195 1296 in
1217 1269 1300 1306 vulgo
1319 1275 1498 1305 patronorum.
1533 1271 1599 1297 Nam
1618 1271 1684 1306 quid
1699 1276 1723 1297 te

928 1307 1047 1333 exercuit
1062 1307 1225 1338 Pammenes,
1247 1309 1288 1334 vir
1302 1307 1379 1343 longe
1394 1308 1631 1343 eloquentissimus
1642 1309 1723 1335 Grae-

928 1343 1003 1370 ciae‘?
1022 1344 1090 1379 quid
1103 1344 1149 1370 illa
1163 1349 1240 1371 vetus
1255 1345 1396 1371 Academia
1411 1350 1490 1380 atque
1504 1347 1562 1371 eius
1577 1346 1653 1372 heres
1663 1346 1724 1372 Ari-

929 1385 996 1413 stus,
1021 1381 1120 1416 hospes
1142 1386 1168 1408 et
1191 1381 1331 1408 familiaris
1354 1391 1439 1413 meus,
1465 1383 1600 1418 siquidem
1619 1383 1722 1409 similcs

929 1419 1036 1445 maioris
1054 1420 1137 1454 partis
1155 1424 1288 1445 oratorum
1308 1419 1391 1446 futui-i
1410 1420 1524 1446 sunius‘?
1556 1422 1611 1447 333.
1631 1422 1723 1447 Nonne

928 1457 1073 1488 cernimus,
1099 1457 1145 1482 vix
1162 1456 1278 1492 singulis
1297 1457 1427 1483 aetatibus
1446 1457 1522 1483 binos
1536 1463 1651 1484 oratores
1667 1458 1723 1484 lau-

900 1496 901 1499 ’
929 1493 1031 1519 dabilcs
1045 1493 1215 1520 constitisse?
1225 1493 1309 1520 Galba
1324 1494 1375 1520 fuit
1388 1495 1456 1520 inter
1470 1499 1505 1521 tot
1516 1495 1640 1530 aequales
1652 1504 1723 1521 unus

899 1546 901 1567 3
928 1530 1071 1562 excellenS,
1087 1531 1140 1562 cui,
1156 1531 1384 1566 quemadmodum
1399 1533 1593 1566 accepimus,ct
1609 1532 1671 1559 Cato
1681 1541 1724 1558 ce-

928 1568 1007 1594 debat
1023 1569 1112 1594 senior
1131 1573 1155 1594 et
1173 1569 1220 1603 qui
1240 1569 1405 1603 temporibus
1419 1569 1473 1595 illis
1488 1574 1571 1595 aetate
1585 1569 1723 1596 inferiores

899 1615 900 1618 ¹
928 1605 1050 1638 fuerunt,
1067 1605 1185 1640 Lepidus
1200 1611 1298 1640 postea,
1315 1606 1410 1633 deinde
1425 1606 1521 1633 Carbo:
1539 1616 1598 1633 nam
1610 1607 1722 1633 Gracchi

927 1643 955 1669 in
973 1643 1146 1669 concionibus
1165 1643 1249 1669 multo
1268 1643 1384 1670 faciliore
1398 1648 1423 1670 et
1438 1644 1558 1670 liberiore
1573 1653 1668 1680 genere
1682 1644 1724 1670 di-

927 1680 1014 1711 cendi,
1039 1688 1154 1716 quorum
1174 1685 1262 1707 tamen
1281 1681 1400 1715 ipsorum
1419 1681 1452 1707 ad
1471 1686 1580 1707 aetatem
1597 1682 1654 1707 laus
1668 1681 1723 1707 elo-

927 1718 1051 1752 quentiae
1070 1717 1184 1752 perfecta
1204 1718 1323 1744 nondum
1343 1718 1406 1751 suit,
1437 1719 1578 1749 Antonius,
1599 1719 1721 1750 Crassus,

927 1759 987 1790 post
1001 1754 1083 1786 Cotta,
1099 1755 1245 1790 Sulpicius,
1262 1756 1427 1787 Hortensius
1442 1756 1508 1782 nihil
1519 1757 1578 1782 dico
1589 1756 1719 1791 amplius:

928 1796 1030 1818 tantum
1053 1792 1126 1823 dico,
1151 1793 1174 1819 si
1198 1793 1265 1819 mihi
1288 1793 1441 1824 accidisset,
1468 1798 1496 1819 ut
1518 1802 1672 1820 numerarer
1695 1794 1721 1819 in

82 1869 232 1897 confectum
251 1871 300 1898 iter
318 1873 361 1903 sit,
381 1873 408 1899 in
428 1873 496 1899 hanc
514 1873 677 1908 reipublicae
691 1877 794 1899 noctem
809 1874 877 1900 inci—
898 1880 899 1884 ¹
927 1871 1062 1898 tumtum·
1076 1866 1087 1880 *
1103 1866 1114 1880 *
1130 1866 1141 1880 *

83 1906 168 1934 disse:
191 1912 279 1935 tamen
293 1917 322 1936 ea
336 1910 514 1937 consolatione
529 1914 671 1942 sustentor,
687 1919 769 1946 quam
784 1915 812 1938 tu
824 1911 876 1937 mi—
1246 1921 1308 1941 Fini„
1327 1921 1387 1941 uei-si

785 2137 1005 2151 &0402—

1485 2707 1514 2731 ²1
