1941 3052
497 111 694 138 LAELIUS
722 112 772 138 DE
803 111 1026 139 AMICITIA.
1060 113 1152 140 CAP.

92 184 191 211 trariis.
231 184 272 209 48.
294 182 474 215 Quamobrem
486 183 510 209 si
520 183 591 209 cadit
602 184 630 209 in
641 184 789 218 sapientem
801 184 885 209 animi

91 221 178 253 dolor;
192 220 250 255 (qui
261 220 378 255 profecto
384 220 463 250 cadit,
473 221 526 246 nisi
538 229 571 246 ex
582 221 640 246 eius
652 221 742 247 animo
753 222 886 255 exstirpa-

90 263 144 286 tam
159 258 354 284 humanitatem
370 257 556 292 arbitramurz)
572 266 640 292 quae
655 266 750 284 caussa
766 263 819 287 est,
839 266 887 283 cur

91 296 237 322 amicitiam
253 294 375 321 funditus
391 294 517 321 tollamus
533 303 546 320 e
566 296 632 325 vita,
657 304 689 321 ne
704 295 809 330 aliquas
825 303 886 329 pro-

90 338 149 368 pter
166 341 224 359 eam
245 333 427 367 suscipiamus
447 331 600 358 molestias?
620 332 691 364 Quid
711 333 783 358 enim
804 333 887 358 inter-

90 375 144 401 est,
161 375 235 396 motu
250 370 334 396 animi
351 368 470 399 sublato,
490 377 541 395 non
557 369 618 395 dico
634 370 702 395 inter
713 369 849 396 hominem
862 374 887 395 et

90 407 236 442 pecudem,
253 407 301 433 sed
318 407 387 433 iuter
398 406 535 433 hominem
547 411 573 432 et
588 415 685 432 saxum
701 411 747 433 aut
762 411 886 433 truncum

89 450 136 471 aut
150 445 261 479 quidvis
278 445 385 480 generis
396 443 538 470 eiusdem?
577 444 669 478 Neque
680 444 752 469 enim
765 449 828 470 sunt
842 444 886 469 isti

88 482 226 513 audiendi,
240 483 288 517 qui
299 482 425 508 virtutem
437 481 531 507 duram
542 485 567 507 et
577 481 656 515 quasi
668 480 780 507 ferream
792 489 889 515 quam-

89 519 151 546 dam
169 528 229 546 esse
244 519 351 546 volunt:
383 527 451 553 quae
467 518 579 553 quidem
595 523 635 544 est
650 527 734 552 quum
751 518 844 544 multis
860 518 887 544 in

89 557 184 588 rebus,
202 561 260 583 tum
276 557 303 582 in
319 556 437 582 amicitia
453 560 543 582 tenera
554 560 634 590 atque
645 556 806 586 tractabilis,
823 559 888 581 utet

89 595 168 621 bonis
179 594 259 620 amici
270 594 348 629 quasi
359 593 546 620 diffundantur
557 598 582 619 et
593 592 771 619 incommodis
783 597 888 619 contra—

89 631 196 658 hantur.
236 631 417 663 Quamobrem
437 639 519 666 angor
530 631 589 660 iste,
613 631 660 665 qui
672 639 720 664 pro
731 631 817 656 amico
829 638 888 655 sae-

87 677 121 704 pe
136 668 286 704 capiendus
301 673 353 699 est,
377 677 428 695 non
448 672 552 694 tantum
567 667 651 698 valet,
670 672 699 694 ut
714 668 788 694 tollat
803 676 816 693 e
834 668 887 693 vita

87 707 247 738 amicitiam3
262 715 313 732 non
325 705 396 740 pluS,
410 714 492 741 quam
504 706 661 735 utvirtutes‚
674 706 737 740 quia
745 704 887 731 nonnullas

87 752 165 770 curas
177 748 202 770 et
214 743 349 770 molestias
361 743 482 774 afferunt,
496 742 682 778 repudientur.
714 742 784 768 XIV.
797 742 886 774 Quum
908 747 916 780 ¹,

88 786 178 808 autem
193 781 331 808 contrahat
348 781 509 811 amicitiam,
527 784 556 806 ut
567 788 650 814 supra
661 779 734 810 dixi,
750 781 773 805 si
784 788 836 814 qua
848 780 887 804 si-

86 818 223 854 gnificatio
234 818 343 844 virtutis
357 818 474 849 eluceat,
492 817 525 843 ad
535 826 617 852 quam
628 826 656 843 se
668 817 767 843 similis
779 817 886 843 animus

87 855 204 890 applicet
214 861 239 882 et
250 855 392 892 adiungat:
406 855 434 882 id
445 864 530 891 quum
541 855 685 890 contingit,
699 863 773 880 amor
783 854 888 880 exoria-
914 874 915 882 .

87 898 132 920 tur
143 901 253 919 necesse
263 898 313 920 est.
346 895 386 920 49.
399 892 470 925 Quid
482 893 553 919 enim
566 897 619 919 tam
631 892 790 922 absurdum,
804 899 885 926 quam
907 898 909 918 l

86 929 213 957 delectari
225 930 318 957 multis
330 930 457 957 inanibus
468 930 563 961 rebus,
580 935 609 956 ut
620 929 733 960 honore,
752 928 884 964 utgloria‚

86 972 117 994 ut
127 967 258 999 aedificio,
273 973 302 994 ut
313 969 412 994 vestitu
423 967 553 1003 cultuque
563 968 691 1002 corporis,
700 967 790 994 animo
797 971 885 992 autem

86 1006 185 1032 virtute
197 1005 330 1040 praedito,
344 1014 388 1036 eo,
404 1007 451 1041 qui
463 1005 505 1031 vel
518 1014 619 1035 amare,
633 1004 685 1035 vel,
699 1009 728 1030 ut
739 1005 774 1030 ita
785 1004 883 1034 dicam,

86 1042 224 1069 redamare
239 1043 337 1078 possit,
356 1051 407 1069 non
424 1043 570 1069 admodum
587 1041 731 1068 delectari?
756 1041 830 1067 Nihil
846 1045 886 1067 est

86 1081 160 1106 enim
172 1081 386 1107 remuneratione
398 1079 610 1110 benevolentiae⁷
619 1079 688 1105 nihil
696 1078 885 1105 vicissitudine

85 1117 238 1144 studiorum
262 1117 468 1152 officiorumque
489 1116 647 1143 iucundius.
697 1118 739 1142 50.
763 1116 840 1148 Quod
861 1116 884 1141 si

85 1155 166 1181 etiam
181 1154 250 1181 illud
261 1155 396 1186 addImus,
412 1155 485 1190 quod
496 1158 566 1181 recte
577 1153 640 1180 addi
652 1158 746 1189 potest,
761 1153 830 1179 nihil
842 1161 885 1179 es-

85 1201 129 1222 se,
143 1192 216 1227 quod
228 1192 261 1219 ad
272 1201 300 1218 se
315 1201 370 1218 rem
383 1192 467 1218 ullam
479 1197 533 1219 tam
544 1191 644 1218 alliciat
655 1196 680 1217 et
692 1196 744 1217 tam
760 1190 881 1221 attrahat,

85 1238 167 1264 quam
183 1229 216 1255 ad
232 1230 378 1256 amicitiam
393 1229 557 1262 similitud03
590 1228 752 1255 concedetur
766 1227 884 1263 profecto

85 1275 180 1293 verum
192 1275 264 1297 esse,
277 1272 306 1293 ut
318 1267 401 1293 bonos
416 1267 479 1294 boni
491 1266 606 1302 diligant
620 1267 806 1301 asciscantque
830 1265 884 1291 sibi
905 1268 914 1299 i}

85 1305 163 1339 quasi
178 1305 378 1339 propinquitate
399 1305 555 1331 coniunctos
571 1309 651 1339 atque
666 1308 769 1330 natura.
809 1302 884 1329 Nihil

85 1347 126 1368 est
146 1343 217 1368 enim
240 1343 410 1376 appetentius
432 1341 566 1368 similium
582 1341 640 1372 sui,
662 1340 731 1367 nihil
748 1341 881 1375 rapacius,

85 1388 167 1414 quam
179 1383 282 1406 natura.
305 1379 485 1412 Quamobrem
498 1378 674 1414 hocquidem,
684 1378 885 1404 FannietScae-

86 1416 154 1447 vola.
168 1421 278 1448 constat,
295 1421 325 1443 ut
334 1418 438 1452 opinor,
451 1417 529 1443 bonis
540 1416 885 1450 interbonosquasineces-

85 1455 183 1481 sariam
200 1453 415 1481 benevolentiam
431 1463 504 1481 esse:
527 1454 575 1489 qui
594 1459 633 1480 est
649 1454 783 1479 amicitiae
800 1452 859 1479 fons
870 1461 884 1478 a

85 1496 179 1518 natura
190 1492 361 1518 constitutus.
389 1492 442 1519 Sed
453 1491 547 1518 eadem
558 1491 664 1518 bonitas
676 1491 755 1517 etiam
767 1490 800 1517 ad
813 1489 884 1516 mul-

85 1529 230 1556 titudinem
245 1530 369 1564 pertinet.
428 1530 486 1556 Non
503 1534 543 1556 est
553 1529 626 1555 enim
637 1528 785 1554 inhumana
797 1529 884 1554 virtus

84 1575 172 1601 neque
188 1567 320 1593 immunis
335 1575 423 1602 neque
438 1566 569 1602 superba:
592 1574 662 1601 quae
677 1567 757 1592 etiam
769 1564 884 1601 populos

85 1605 226 1630 universos
236 1604 314 1634 tueri,
327 1605 422 1639 eisque
435 1605 537 1639 optime
550 1603 690 1630 consulere
702 1602 797 1635 soleat,
811 1602 884 1638 quod

86 1650 139 1668 non
152 1640 249 1667 faceret
261 1639 386 1674 profecto,
395 1641 417 1667 si
429 1649 443 1666 a
454 1641 562 1666 caritate
573 1640 650 1676 vulgi
661 1641 824 1667 abhorreret.
836 1642 864 1667 5⁴
873 1662 879 1667 .

83 1678 170 1712 Atque
182 1678 260 1704 etiam
276 1678 343 1704 mihi
353 1678 463 1712 quidem
471 1678 606 1709 videntur,
619 1678 881 1712 quiutilitatiscaus-

83 1725 112 1742 sa
125 1716 230 1752 fingunt
239 1717 385 1747 amicitias,
398 1716 626 1743 amabilissimum
637 1715 737 1742 nodum
750 1715 884 1742 amicitiae

84 1753 186 1780 tollere.
227 1754 286 1780 Non
306 1755 378 1780 enim
401 1759 453 1781 tam
476 1753 578 1781 utilitas
599 1758 673 1788 parta
688 1762 736 1788 per
753 1753 881 1783 amicum,

83 1799 165 1826 quam
180 1791 260 1817 amici
271 1800 345 1818 amor
355 1792 413 1826 ipse
424 1791 550 1823 delectam
565 1790 796 1826 tumqueilludlit,
810 1789 883 1825 quod

83 1827 117 1854 ab
129 1829 214 1855 amico
225 1833 266 1855 est
275 1828 423 1863 profectum
433 1850 439 1860 ,
455 1828 605 1855 iucundum
614 1849 620 1860 ‚
633 1829 656 1854 si
668 1836 730 1854 cum
742 1827 832 1854 studio
843 1831 884 1854 est

83 1864 248 1900 profectum:
270 1870 428 1901 tantumque
438 1866 523 1898 abest,
537 1871 566 1893 ut
578 1866 711 1892 amicitiae
723 1870 830 1900 propter
842 1865 884 1891 in-

82 1902 231 1938 digentiam
247 1902 382 1934 colantur,
400 1908 429 1930 ut
444 1904 476 1933 ii.
494 1904 542 1938 qui
553 1903 652 1938 opibus
664 1907 689 1929 et
700 1903 786 1938 copiis
796 1903 884 1929 maxi-

83 1948 181 1975 meque
197 1940 295 1967 virtute
311 1940 439 1975 praediti,
456 1941 483 1967 in
499 1949 552 1975 qua
568 1940 717 1975 plurimum
729 1945 770 1966 cst
780 1940 884 1976 praesi-

84 1977 133 2009 dii,
155 1978 268 2004 minime
289 1977 399 2004 alterius
415 1977 568 2013 indigeant,
588 1977 772 2004 liberalissimi
788 1979 843 2004 sint
858 1982 883 2003 et

83 2014 333 2041 beneficentissimi.
374 2014 461 2050 Atque
482 2014 554 2041 haud
575 2015 644 2045 scio.
666 2023 699 2041 an
715 2023 748 2041 ne
764 2023 832 2049 opus
847 2015 883 2041 sit

82 2052 208 2088 quidem,
226 2052 294 2078 nihil
311 2060 441 2087 umquam
457 2053 567 2079 omnino
578 2051 672 2078 deesse
684 2051 789 2078 amicis.
830 2051 882 2078 Ubi

83 2090 155 2116 enim
171 2089 260 2116 studia
276 2094 365 2116 nostra
377 2090 542 2126 viguissent,
559 2089 584 2116 si
596 2097 745 2124 numquam
757 2089 880 2119 consilio,

84 2135 233 2162 numquam
244 2135 324 2162 opera
336 2131 434 2158 nostra,
448 2135 498 2153 nec
508 2126 582 2153 domi
594 2135 643 2152 nec
655 2126 776 2157 militiae,
792 2126 883 2161 Scipio

81 2163 220 2200 eguisset?
240 2165 297 2191 Non
314 2165 397 2200 igitur
413 2164 554 2191 utilitatem
569 2164 702 2195 amicitia,
720 2163 766 2190 sed
780 2163 882 2190 utilitas

81 2202 228 2228 amicitiam
239 2206 381 2228 consecuta
392 2206 441 2228 est.
472 2201 530 2228 XV.
543 2202 585 2228 52.
601 2201 658 2228 Non
670 2209 734 2237 ergo
744 2206 823 2228 crunt
835 2201 883 2228 lio-

81 2240 170 2266 mines
189 2238 296 2265 deliciis
311 2238 465 2266 diffluentes
494 2238 637 2269 audiendi.
672 2239 695 2265 si
716 2238 824 2274 quando
848 2238 881 2265 de

82 2276 214 2307 amicitia,
227 2284 310 2311 quam
324 2285 373 2303 nec
384 2285 435 2302 usu
449 2284 497 2302 nec
508 2276 609 2302 ratione
624 2275 724 2302 habent
733 2276 879 2312 cognitam,

80 2313 268 2349 disputabunt.
292 2314 358 2340 Nam
365 2314 428 2349 quis
443 2318 496 2344 est.
510 2322 557 2348 pro
567 2312 649 2339 deum
656 2313 735 2340 Iidem
747 2313 882 2348 atquelio-

81 2351 200 2378 minuml
225 2351 273 2386 qui
286 2350 364 2382 velit,
382 2355 412 2378 ut
427 2359 514 2386 neque
529 2350 625 2386 diligat
635 2359 814 2386 quemquam.
833 2360 882 2377 nec

81 2389 140 2424 ipse
161 2388 195 2415 ab
218 2387 274 2414 ullo
288 2387 431 2424 diligatur,
449 2386 636 2414 circumfluere
651 2389 779 2415 omnibus
794 2389 881 2423 copiis

81 2430 161 2462 atque
177 2426 204 2452 in
219 2426 343 2452 omnium
353 2433 442 2452 rerum
455 2425 619 2452 abundantia
632 2425 742 2452 vivere?
761 2426 830 2452 llaec
840 2430 881 2452 est

80 2464 154 2490 enim
170 2467 344 2499 tyrannorum
363 2463 431 2493 vita.
453 2463 480 2489 in
494 2471 547 2498 qua
564 2462 694 2489 nimirum
711 2462 784 2489 nulla
801 2462 878 2494 fides,
901 2487 910 2492 ,,

80 2499 155 2527 nulla
166 2501 276 2531 caritas,
290 2500 363 2527 nulla
375 2499 482 2526 stabilis
509 2499 711 2526 benevolentiae
724 2504 810 2535 potest
821 2509 880 2526 esse
900 2507 902 2530 j

82 2537 194 2570 fiducia;
217 2537 307 2564 omnia
318 2546 425 2572 semper
438 2542 563 2572 suspecta
575 2541 654 2572 atque
666 2536 794 2564 sollicita:
818 2537 880 2564 nul-

81 2574 123 2602 lus
141 2574 215 2601 locus
230 2575 375 2602 amicitiae.
415 2575 458 2601 53.
473 2575 541 2607 Quis
554 2574 627 2601 enim
639 2579 685 2601 aut
695 2583 758 2601 eum
771 2574 877 2611 diligat,

79 2620 162 2647 quem
173 2616 286 2645 metuat,
305 2616 352 2639 aut
361 2620 434 2644 eum,
447 2621 462 2638 a
475 2620 530 2647 quo
539 2620 568 2638 se
579 2613 663 2638 metui
676 2610 769 2647 putet?
779 2611 879 2639 Colun-

81 2654 124 2676 tur
142 2654 231 2677 tamen
246 2649 419 2677 simulatione
437 2649 577 2677 dumtaxat
591 2648 624 2675 ad
644 2654 760 2684 tempus.

1188 117 1212 140 Η
1236 130 1271 134 —
1296 118 1332 141 ¹6.
1669 122 1730 146 ⁴273

938 185 961 210 si
977 183 1056 215 sorte,
1074 189 1103 211 ut
1117 185 1331 221 fitp1erumque,
1350 187 1507 214 ceciderint:
1534 193 1589 215 tum
1602 189 1731 222 intelligi-

939 226 994 252 tur,
1012 230 1092 256 quam
1110 222 1208 249 fuerint
1224 225 1316 258 inopes
1332 225 1489 251 amicorum.
1530 226 1606 257 Quod
1618 224 1732 262 Tarqui-

939 259 1014 284 nium
1027 259 1129 285 dixisse
1142 259 1238 290 lerunt,
1251 266 1307 286 tum
1321 260 1509 298 [exsulantem]
1518 263 1728 292 seintellexisse.

939 304 1007 330 quos
1024 296 1090 323 fidos
1100 298 1200 324 amicos
1212 298 1364 329 habuisset,
1377 308 1445 334 quos
1458 300 1567 330 infidos,
1581 309 1665 336 quum
1679 302 1730 327 iam

940 334 1041 359 neutris
1057 335 1169 369 gratiam
1186 334 1282 361 referre
1300 342 1397 370 posset.
1438 338 1480 363 55.
1495 337 1664 372 Quamquam
1680 340 1732 364 mi-

940 379 995 401 ror,
1016 370 1059 396 illa
1076 371 1202 405 superbia
1219 377 1244 398 et
1259 373 1457 407 importunitate
1473 375 1496 400 si
1507 383 1671 410 quemquam
1685 376 1732 402 ba-

939 408 1001 434 bere
1020 409 1115 442 potuit.
1155 409 1242 444 Atque
1256 414 1285 436 ut
1297 410 1391 437 huius,
1405 420 1485 446 quem
1497 411 1568 442 dixi,
1587 421 1674 439 mores
1687 422 1732 439 ve-

939 453 982 471 ros
1003 446 1102 471 amicos
1122 454 1214 480 parare
1231 455 1281 472 non
1299 452 1420 481 potuere:
1452 450 1490 475 sic
1507 449 1651 476 multorum
1667 459 1732 485 opes

940 483 1152 517 praepotentium
1164 483 1311 510 excludunt
1324 486 1454 511 amicitias
1467 486 1568 512 fideles.
1591 487 1647 513 Non
1659 488 1731 513 enim

939 519 1026 545 solum
1038 521 1096 554 ipsa
1109 519 1210 546 fortuna
1223 530 1298 547 caeca
1313 527 1361 552 est,
1374 523 1421 548 sed
1436 523 1731 559 eost-tiamplerumque

939 556 1021 583 efficit
1036 566 1141 588 caecos,
1159 567 1227 592 quos
1242 559 1380 593 complexa
1395 565 1444 586 est.
1485 561 1575 595 Itaque
1586 561 1732 587 efferuntur

940 594 993 620 fere
1015 594 1122 620 fastidio
1143 600 1167 621 et
1183 597 1363 622 contumacia:
1396 606 1482 632 neque
1497 598 1646 633 quidquam
1664 599 1731 624 insi-

938 632 1027 666 piente
1040 631 1171 658 fortunato
1183 632 1378 659 intolerabilius
1391 634 1447 660 lieri
1459 640 1553 669 potest.
1584 636 1669 670 Atque
1682 636 1731 662 hoe

939 668 1049 703 quidem
1062 669 1152 695 videre
1165 669 1237 699 licet,
1252 678 1305 700 eos,
1319 671 1366 705 qui
1378 676 1453 697 antea
1464 672 1612 698 commodis
1624 673 1730 699 suerunt

915 710 916 731 1
940 706 1073 737 moribus,
1097 707 1222 741 imperio,
1237 712 1377 742 potestate,
1393 710 1527 743 prosperis
1540 709 1619 735 rebus
1632 711 1731 736 immu-

940 744 997 774 tari,
1011 744 1156 778 spernique
1168 744 1201 769 ab
1214 744 1256 770 his
1269 750 1370 771 veteres
1382 747 1522 776 amicitias,
1538 747 1671 782 indulgeri
1685 756 1731 773 no-

939 781 990 807 vis.
1013 780 1134 812 555.Qui11
1149 786 1235 807 autem
1248 782 1369 813 stultius,
1383 792 1473 817 quam,
1487 792 1570 818 quum
1583 784 1730 818 plurimum

938 819 1036 852 copiis,
1060 818 1245 848 facultatibus,
1268 819 1366 853 opibus
1387 821 1503 854 possint.
1526 826 1611 847 cetera
1629 830 1729 855 parare.

938 864 1007 890 quae
1018 861 1143 890 parantur
1154 857 1281 890 pecunia,
1295 865 1391 891 equos,
1407 857 1529 888 famulos,
1543 863 1643 883 vestem
1656 867 1731 893 egre-

938 894 1024 928 giam,
1039 902 1101 919 vasa
1114 894 1241 927 pretiosa;
1266 894 1365 920 amicos
1378 903 1429 921 non
1442 903 1547 929 parare,
1565 896 1694 929 optimam
1706 902 1729 921 et

938 930 1149 965 pulcherrimam
1172 931 1248 961 vitae,
1272 936 1300 957 ut
1320 932 1355 957 ita
1376 932 1477 962 dicam,
1500 932 1713 967 suppellectilem
1721 934 1732 945 '¹

938 968 1044 994 Etenim
1056 972 1141 994 cetera
1153 976 1238 1002 quum
1250 974 1351 1002 parant,
1365 971 1408 995 cui
1421 975 1522 1004 parent,
1537 971 1668 999 nesciunt,
1683 978 1730 996 nec

906 1013 907 1019 ¹
937 1007 1015 1032 euius
1021 1014 1115 1032 caussa
1122 1005 1287 1032 laborentz—
1294 1006 1352 1031 eius
1360 1007 1475 1033 estenim
1483 1008 1592 1033 istorum
1600 1007 1730 1041 quidque,

801 2648 878 2682 Quod
907 2669 908 2673 .

937 1044 985 1078 qui
1006 1044 1089 1069 vincit
1110 1042 1227 1069 viribus:
1241 1044 1467 1070 ——amicitiarum
1491 1052 1538 1069 sua
1554 1053 1652 1078 cu1que
1672 1052 1733 1078 per-

937 1085 1026 1107 manet
1036 1079 1141 1107 stabilis
1155 1085 1179 1106 et
1191 1085 1259 1106 certa
1272 1082 1419 1115 possessio.-
1443 1086 1480 1111 ut,
1493 1082 1571 1107 etiam
1584 1082 1607 1106 si
1619 1080 1663 1106 illa
1676 1090 1732 1106 nia-

937 1123 1030 1149 neant,
1047 1126 1116 1152 quae
1130 1122 1192 1144 sunt
1203 1118 1280 1152 quasi
1292 1117 1361 1144 dona
1373 1118 1507 1149 fortunae,
1526 1123 1612 1144 tamen
1626 1119 1678 1144 vita
1692 1119 1732 1144 in-

936 1155 1007 1182 culta
1023 1160 1048 1182 et
1063 1155 1167 1181 deserta
1183 1155 1216 1181 ab
1232 1156 1327 1181 amicis
1360 1164 1410 1182 non
1427 1157 1512 1190 possit
1527 1164 1586 1182 esse
1603 1155 1729 1181 iucunda.

937 1193 987 1219 Sed
1001 1193 1066 1219 haec
1078 1192 1217 1219 hactenus.

993 1230 1062 1256 xvl.
1079 1231 1121 1256 56.
1134 1229 1319 1256 Constituendi
1331 1235 1393 1256 sunt
1404 1235 1501 1259 autem,
1516 1230 1732 1265 quisintinami-

936 1269 998 1294 citia
1011 1268 1077 1294 lines
1089 1272 1114 1293 et
1127 1268 1206 1302 quasi
1219 1268 1325 1293 termini
1337 1267 1480 1303 diligendi.
1522 1269 1557 1293 De
1567 1267 1668 1302 quibus
1680 1272 1731 1293 tres

938 1305 1016 1332 video
1027 1305 1172 1331 sententias
1185 1304 1260 1333 ferri,
1278 1314 1392 1339 quarum
1405 1304 1506 1331 nullam
1520 1305 1614 1339 probo:
1639 1313 1729 1334 unam,

937 1348 965 1369 ut
983 1342 1076 1369 eodem
1093 1342 1171 1368 modo
1189 1350 1250 1377 erga
1267 1343 1367 1368 amicos
1382 1342 1466 1368 al'secti
1483 1344 1582 1372 simus,
1600 1350 1653 1376 quo
1669 1350 1730 1376 erga

937 1381 1129 1414 nosmetipsos.
1146 1379 1264 1409 alteram,
1280 1384 1307 1405 ut
1319 1384 1406 1406 nostra
1419 1381 1445 1406 in
1457 1380 1557 1406 amicos
1569 1378 1731 1405 benevolen-

937 1419 971 1444 tia
988 1417 1096 1444 illorum
1112 1425 1174 1452 erga
1190 1426 1237 1443 nos
1249 1417 1450 1443 benevolentiae
1462 1418 1560 1452 pariter
1571 1416 1731 1451 aequaliter-

936 1464 988 1490 que
1005 1454 1176 1490 respondeat;
1209 1455 1326 1485 tertiam,
1346 1460 1388 1484 ut,
1409 1455 1631 1489 quantiquisque
1642 1454 1730 1488 seipse

938 1493 1012 1523 lacit,
1031 1493 1095 1519 tanti
1113 1492 1156 1518 liat
1171 1491 1204 1517 ab
1215 1492 1319 1518 amicis.
1360 1493 1404 1518 57.
1422 1492 1518 1518 llarum
1531 1492 1611 1517 trium
1623 1496 1731 1517 senten-

937 1531 1033 1557 tiarum
1051 1529 1119 1556 nulli
1136 1538 1245 1564 prorsus
1259 1530 1399 1555 assentior.
1441 1530 1494 1555 Nec.
1506 1530 1577 1555 enim
1591 1528 1634 1554 illa
1645 1531 1729 1561 primu

937 1577 997 1594 vera
1009 1572 1058 1598 est,
1072 1572 1109 1596 ut,
1123 1566 1351 1601 quemadmodum
1365 1567 1390 1593 in
1404 1575 1432 1592 sc
1443 1567 1569 1601 quisquc,
1583 1566 1731 1591 sicinami-

936 1614 998 1632 cum
1014 1607 1049 1631 sit
1064 1605 1208 1631 animatus.
1248 1604 1333 1636 Quam
1352 1603 1433 1630 inulta
1450 1605 1535 1632 enim,
1558 1612 1626 1638 quae
1643 1607 1730 1628 nostra

936 1651 1030 1669 caussa
1047 1650 1195 1676 numquam
1213 1641 1374 1671 faceremus,
1393 1641 1506 1667 facimus
1521 1649 1615 1666 caussa
1631 1641 1732 1666 amico-

936 1689 1010 1709 rum.
1024 1680 1127 1714 precari
1139 1679 1172 1705 ab
1184 1678 1305 1714 indigno,
1319 1678 1485 1714 supplicare,
1499 1684 1554 1704 tum
1569 1677 1692 1703 acerbius
1705 1678 1730 1703 in

936 1717 1053 1752 aliquem
1071 1717 1176 1746 invehi,
1196 1717 1374 1751 insectarique
1391 1716 1589 1746 vehementiusg
1618 1723 1687 1749 quae
1704 1715 1730 1740 in

936 1755 1034 1781 nostris
1046 1754 1126 1780 rebus
1138 1762 1189 1780 non
1202 1755 1266 1780 satis
1279 1754 1398 1783 honeste.
1413 1755 1438 1780 in
1451 1754 1597 1779 amicorum
1611 1752 1731 1778 liuntho—

937 1793 1103 1819 nestissime:
1138 1791 1291 1826 multaeque
1308 1799 1350 1817 res
1365 1796 1441 1821 sunt,
1462 1791 1487 1817 in
1504 1790 1605 1825 quibus
1624 1789 1656 1815 de
1673 1789 1731 1815 suis

935 1829 1085 1857 commodis
1102 1829 1153 1855 viri
1170 1828 1232 1855 boni
1251 1827 1333 1854 inulta
1349 1828 1494 1854 detrahunt
1509 1827 1667 1861 detrahique
1684 1835 1730 1861 pa-

936 1868 1052 1897 tiuntur,
1071 1871 1099 1893 ut
1112 1867 1145 1892 iis
1155 1867 1235 1892 amici
1247 1867 1349 1900 potius,
1365 1874 1447 1900 quam
1461 1866 1511 1900 ipsi
1525 1864 1655 1890 fruantur.
1687 1865 1728 1889 58.

935 1906 1024 1931 Altera
1044 1905 1174 1930 sententia
1188 1908 1241 1933 cst,
1269 1912 1338 1938 quac
1353 1903 1446 1929 delinit
1462 1902 1606 1928 amicitiam
1621 1901 1730 1936 paribus

934 1941 1032 1969 officiis
1043 1950 1073 1967 ae
1086 1940 1280 1967 voluntatibus.
1300 1941 1352 1966 lloc
1364 1940 1474 1975 quidem
1486 1945 1525 1966 est
1540 1939 1621 1965 nimis
1633 1939 1730 1973 exigue

935 1985 959 2006 et
973 1979 1080 2006 exiliter
1091 1978 1123 2005 ad
1138 1978 1256 2004 calculos
1269 1986 1362 2004 vocare
1373 1978 1533 2007 amicitiam,
1547 1982 1574 2002 ut
1587 1977 1679 2011 parsit
1691 1984 1731 2001 ra—

936 2017 971 2043 tio
987 2021 1156 2051 acceptorum
1171 2021 1196 2042 et
1207 2015 1340 2041 datorum.
1382 2015 1494 2041 Divitior
1506 2014 1572 2040 mihi
1583 2019 1607 2039 et
1619 2012 1728 2038 affluen-

935 2054 985 2080 tior
997 2053 1104 2080 videtur
1114 2062 1173 2080 esse
1186 2061 1247 2079 vcra
1259 2053 1375 2079 amicitia
1389 2061 1436 2079 nec
1447 2052 1589 2077 observare
1602 2051 1728 2077 restricte.

935 2100 966 2116 ne
979 2090 1041 2125 plus
1053 2090 1159 2120 reddat,
1172 2099 1254 2125 quam
1267 2091 1407 2124 acceperit.
1449 2089 1541 2123 Neque
1552 2089 1623 2114 enini
1638 2095 1729 2112 veren-

934 2128 999 2154 dum
1015 2133 1068 2157 est,
1090 2136 1122 2153 ne
1138 2126 1205 2162 quid
1219 2127 1339 2156 excidat.
1357 2132 1402 2153 aut
1414 2135 1446 2152 ne
1457 2126 1523 2161 quid
1538 2127 1562 2151 io
1577 2131 1670 2150 terrain
1683 2123 1729 2149 de—

935 2164 1006 2195 lluat,
1018 2169 1064 2191 aut
1075 2173 1107 2190 nc
1119 2164 1180 2198 plus
1192 2172 1278 2198 aequo
1290 2165 1316 2190 in
1328 2165 1474 2190 amicitiam
1486 2167 1652 2197 congeratur.
1686 2162 1727 2186 59.

937 2203 1036 2228 Tertius
1050 2210 1114 2228 vcro
1129 2200 1172 2227 ille
1185 2201 1246 2227 linis
1257 2201 1431 2230 deterrimus.
1451 2205 1490 2231 ut,
1509 2200 1601 2236 quanti
1613 2199 1729 2233 quisquc

934 2248 962 2265 so
984 2240 1040 2273 ipse
1064 2238 1155 2268 saciat,
1179 2239 1243 2264 tanti
1261 2238 1304 2264 liat
1320 2238 1353 2263 ab
1368 2239 1473 2264 amicis.
1513 2237 1598 2271 Socim
1613 2236 1684 2261 enim
1703 2236 1728 2260 in

932 2275 1098 2310 quibusdam
1116 2280 1161 2301 aut
1176 2275 1284 2301 animus
1295 2275 1423 2301 abiectior
1433 2280 1485 2303 cst.
1504 2279 1548 2300 aut
1559 2282 1621 2308 spes
1632 2271 1729 2307 ampli-

933 2313 1052 2340 ficandae
1069 2313 1188 2340 fortunae
1206 2312 1321 2338 fractior.
1363 2313 1419 2338 Non
1431 2317 1470 2338 est
1483 2312 1564 2347 igitur
1578 2310 1671 2338 amici,
1691 2314 1728 2335 ta-

934 2351 985 2377 lem
995 2359 1054 2377 csse
1067 2351 1093 2377 in
1105 2359 1182 2378 cum.
1199 2349 1288 2384 qualis
1301 2349 1345 2375 illc
1357 2350 1383 2375 in
1394 2358 1422 2375 se
1436 2354 1488 2379 est,
1511 2347 1557 2374 sed
1570 2348 1658 2381 potius
1669 2347 1728 2372 cni-

933 2390 951 2415 ti
963 2393 988 2414 ct
999 2388 1118 2418 el'liccro,
1132 2393 1160 2413 ut
1172 2387 1251 2413 aulici
1265 2387 1394 2413 iacentem
1405 2387 1526 2413 animum
1539 2385 1636 2410 excitet
1648 2383 1728 2410 iudu—

931 2431 1027 2460 catquc
1047 2434 1123 2460 spem
1144 2425 1387 2460 cogitationemque
1404 2423 1551 2449 meliorem.
1584 2420 1660 2447 Alius
1676 2421 1728 2456 igi-

933 2468 974 2489 tur
991 2463 1052 2489 linis
1069 2470 1146 2489 verae
1166 2462 1300 2488 amicitiae
1316 2460 1520 2487 coustituemlus
1535 2464 1588 2487 est.
1605 2459 1628 2484 si
1640 2459 1725 2493 prius.

931 2500 998 2535 quid
1011 2500 1127 2526 maxime
1143 2499 1337 2534 reprehendere
1348 2498 1438 2532 Scipio
1449 2497 1593 2524 sotiiussit.
1607 2495 1725 2522 edixem.

933 2537 1052 2573 Negabat
1067 2537 1149 2563 ullam
1168 2545 1259 2562 vocem
1273 2537 1449 2563 inimiciorem
1462 2534 1595 2561 amicitiae
1606 2533 1726 2568 potuisse

932 2575 1057 2609 reperiri,
1073 2583 1154 2609 quain
1166 2575 1238 2603 cius.
1252 2575 1299 2608 qui
1311 2573 1425 2599 dixisset
1445 2573 1478 2599 ita
1495 2579 1583 2598 numm
1593 2575 1723 2605 oportere.

907 2615 908 2619 ’
932 2617 960 2638 ut
970 2612 994 2638 si
1005 2611 1152 2647 aliquando
1163 2615 1233 2637 esset
1243 2619 1354 2637 esurus:
1381 2618 1429 2636 nec
1443 2618 1504 2636 rero
1515 2617 1543 2635 se
1554 2607 1651 2634 adduci
1664 2616 1726 2642 pos—

931 2658 972 2679 se.
987 2653 1015 2676 ut
1030 2649 1094 2680 hoc.
1115 2647 1343 2684 quemadmodum
1363 2652 1514 2683 putaretur,
1533 2655 1546 2672 a
1562 2645 1652 2672 Biante
1668 2653 1725 2671 esse

1476 2695 1522 2719 160
