1941 3052
225 122 286 148 mo
780 121 834 144 126.
870 118 904 144 Μ.
938 119 967 144 Τ.

698 188 783 220 Quam
800 188 1006 215 declinationem

221 193 303 218 nimo.
346 191 372 217 hl
385 190 500 226 appellnt
516 188 657 222 ι’λιῖχιιιιην.

1002 118 1277 145 (ΞΙΕΕΠΟΝΙΕ

1029 190 1039 215 ζ’
1059 193 1112 219 ent.
1131 189 1350 224 sequitui-illico,
1368 198 1427 216 esse
1437 199 1547 217 caussas
1559 191 1741 219 immutabiles
1752 202 1852 230 easque

218 230 276 254 sine
288 237 381 254 caue-m
395 229 459 255 tim.
474 228 495 252 si
509 227 598 251 nunu-0
611 225 710 254 verbis,
725 234 750 250 re
762 226 865 260 sugitur
877 226 1006 252 contin-ri.
1030 223 1039 268 ir
1059 231 1188 256 aeternas.
1201 235 1269 261 quae
1282 227 1440 261 prohibeant
1451 228 1600 263 quidquam
1612 238 1690 255 aecus
1700 230 1853 261 caderem!-

220 266 275 292 Non
296 267 366 291 euim
389 270 491 289 atomus
513 263 545 288 ah
567 268 653 288 atomo
677 261 753 296 pulsa
774 262 900 289 declinat.
943 263 1007 288 Narn

218 303 265 337 qui
282 307 365 336 putent
378 301 440 335 pulli
457 300 506 325 alia
524 299 556 324 ah
573 299 637 328 alia,
660 299 682 324 si
699 300 828 331 pravitate
841 299 962 325 feriuntur
976 299 1007 325 ad

219 338 439 374 purpcmliculuin
463 345 571 370 corpora
599 336 738 362 individua
761 338 839 363 rectis
862 337 953 367 lineis,
981 342 1009 363 ut

219 377 332 410 Epis-uro
344 375 446 408 plau-et?
456 374 583 407 Sequitur
593 374 674 403 enini.
685 378 721 402 ιιι,
731 374 810 399 sialia
823 374 856 400 al)
867 374 917 399 alia
930 383 1008 400 nurn-

217 422 296 447 quaui
309 411 465 445 depellatur.
481 420 512 435 ne
523 410 659 442 contingat
670 410 780 444 quidem
793 411 842 436 alia
855 411 944 437 aliam.
970 411 1007 437 Hx

217 459 270 483 qun
281 449 404 477 vitii-itur,
421 448 499 473 etiam
513 449 535 474 si
548 448 582 473 sit
595 452 708 477 atomus,
723 457 807 482 eaque
818 448 948 478 declinet,
961 448 1008 474 ‹le-

215 486 314 512 clinare
325 494 381 511 eain
394 486 452 511 sine
463 493 567 511 caussa.
595 487 636 511 ⁶23.
653 485 723 510 lianc
735 485 867 520 Epicurus
880 486 1006 511 rationein

217 523 322 549 induxit
333 523 366 548 oh
378 531 435 548 euni
449 531 502 548 reni
512 543 517 553 ,
535 521 606 557 quod
621 523 720 548 veritus
733 527 785 553 est,
804 532 849 553 nc,
867 523 889 548 si
902 532 1008 557 semper

215 566 318 586 atomus
329 560 457 594 gravitate
470 558 582 585 serretur
594 559 706 585 naturali
719 569 748 585 ac
761 560 909 586 necessaria
919 581 924 591 ,
939 560 1006 586 nihil
1029 571 1030 578 ι

217 597 329 623 liberum
342 597 419 623 nobis
429 601 512 627 esset,
525 605 609 631 quum
629 597 661 623 ita
677 602 828 623 moveretur
837 598 958 628 animus,
980 602 1008 624 ut

214 640 361 660 atomorum
383 638 455 660 motu
479 639 627 668 cogeretur.
667 634 694 660 ld
717 635 894 665 Democritus.
917 640 1007 661 auctor

214 676 374 701 atomorum,
393 672 512 705 accipere
529 671 636 701 maluit,
660 672 816 698 necessitate
832 672 921 698 omnia
939 673 1004 702 lieri,

214 717 293 743 quam
306 717 319 733 a
331 708 488 742 corporibus
501 707 650 735 individuis
662 708 794 735 naturales
810 714 897 735 motus
907 709 1007 735 avelle-

214 754 251 771 rc.
274 745 319 772 Xl.
336 746 448 772 Acutius
459 745 622 775 Carneades,
636 747 682 781 qui
695 745 806 773 docebat
817 755 894 781 posse
907 747 1007 781 Epicu-

214 792 272 808 reos
283 791 360 808 suam
371 791 493 809 caussam
506 784 564 809 sine
577 783 625 809 hac
636 784 817 810 commentitia
829 783 1006 810 declinatione

212 819 366 846 defendere.

213 856 274 882 dam
290 857 374 882 animi
391 862 491 884 motuni
509 857 703 888 voluntarium,
727 859 752 885 id
769 858 937 884 suitdesendi
950 867 1006 884 me-

214 893 275 924 lius,
289 902 369 928 quam
383 894 549 921 introducere
560 895 780 925 declinationem,
795 897 874 921 cuius
887 905 1006 930 praeser-
1028 917 1029 922 ,

761 933 818 964 Quo
829 932 952 963 defenso,
967 932 1006 959 sa-

749 970 838 1002 Quum
855 971 925 996 enim
942 979 1006 996 con-

213 931 259 956 tim
272 939 394 957 caussam
407 932 522 966 reperire
535 941 586 958 non
599 938 720 967 possunt.

212 967 262 994 uile
277 968 428 1003 Chrysippo
449 974 556 1003 possent
577 970 709 996 resistere.

212 1006 369 1036 cessissent,
384 1010 484 1032 motum
497 1006 601 1032 nullum
614 1016 672 1032 esse
683 1007 741 1034 sine
753 1016 860 1037 caussa.
880 1016 930 1033 non
942 1016 1006 1033 con-

212 1042 452 1074 cederentmmnia,
465 1052 533 1078 quae
546 1044 646 1074 tierent,
664 1044 719 1071 [leri
731 1045 834 1070 caussis
846 1044 1006 1071 anteceden—

213 1079 295 1106 tibus.
312 1079 460 1106 Voluntatis
472 1081 542 1107 onim
555 1086 657 1107 nostrae
671 1090 720 1108 non
732 1090 790 1107 esse
802 1087 1005 1108 caussasexter-

213 1125 260 1142 nas
272 1121 296 1142 et
307 1117 502 1144 antecedentes,
542 1119 583 1144 et.
608 1118 750 1144 Communi
764 1119 846 1153 igitur
860 1123 1005 1145 consuetu-

211 1153 274 1179 dine
285 1155 417 1180 sermonis
429 1154 573 1184 abutimur,
588 1164 672 1189 quum
687 1156 719 1182 ita
731 1156 861 1187 dicimus,
876 1155 944 1182 velle
955 1155 1005 1181 ali-

210 1191 277 1225 quid
289 1192 442 1225 quempiam
455 1196 500 1217 aut
512 1191 580 1217 nolle
591 1192 649 1218 sine
660 1201 764 1218 caussa.
806 1194 842 1219 lta
852 1194 924 1219 enim
936 1193 1004 1219 dici-

212 1236 281 1258 ιιιιιε,
295 1228 352 1253 sine
363 1237 470 1259 caussa,
484 1233 513 1254 ut
524 1228 660 1260 dicamus,
673 1230 731 1256 sine
743 1234 851 1256 externa
863 1235 888 1256 et
898 1235 1004 1256 antece-

210 1264 288 1290 dente
300 1273 408 1296 caussa,
425 1274 477 1291 non
488 1266 546 1291 sine
563 1266 663 1301 aliqua.
699 1267 743 1297 Ut.
761 1276 845 1301 quum
862 1277 908 1293 vas
925 1269 1002 1294 inane

210 1301 340 1332 dicimus,
355 1311 405 1328 non
418 1303 453 1328 ita
466 1302 614 1337 loquimur⁷
629 1308 657 1330 ut
671 1304 793 1339 Physici,
811 1305 913 1339 quibus
924 1305 1003 1331 inane

212 1347 270 1364 esse
282 1339 350 1364 nihil
361 1339 461 1373 placet:
475 1340 522 1365 sed
535 1341 578 1369 ita,
593 1345 633 1371 ut,
648 1341 723 1367 verbi
734 1350 838 1372 caussa.
852 1343 910 1368 sine
922 1351 1000 1377 aqua,

210 1376 267 1401 sine
279 1376 350 1406 vino,
364 1377 422 1402 sine
433 1376 491 1403 oleo
502 1386 548 1403 vas
558 1386 616 1403 esse
627 1377 763 1405 dicamus:
781 1380 834 1409 sic,
847 1388 932 1414 quum
944 1380 1002 1405 sine

209 1421 303 1439 caussa
315 1414 435 1440 animum
451 1415 551 1440 moveri
568 1415 699 1446 dicimus,
717 1417 776 1442 sine
791 1416 963 1443 antecedente
977 1421 1003 1443 et

209 1455 316 1476 externa
327 1459 421 1477 caussa
434 1452 544 1481 moveri,
560 1460 610 1478 non
621 1453 731 1479 omnino
741 1454 799 1479 sine
811 1462 919 1485 caussa,
933 1453 1002 1480 dici-

210 1495 280 1513 muS.
313 1488 349 1513 De
360 1488 418 1522 ipsa
429 1493 516 1515 atomo
527 1488 580 1515 dici
593 1494 686 1523 potest,
700 1499 785 1525 quum
797 1499 844 1525 per
855 1491 933 1517 inane
945 1500 1002 1517 mo-

209 1529 301 1550 veatur
311 1526 441 1560 gravitate
452 1531 477 1552 et
489 1526 618 1560 pondere,
631 1527 689 1553 sine
702 1536 797 1554 caussa
809 1529 924 1559 moveri,
938 1529 1001 1563 quia

209 1561 282 1587 nulla
293 1570 387 1588 caussa
399 1563 506 1589 accedat
516 1564 694 1591 extrinsecus.
728 1566 770 1592 25.
788 1566 889 1592 Rursus
901 1570 999 1596 autem,

209 1606 240 1624 ne
251 1599 396 1625 omnibus*
407 1608 420 1625 a
429 1600 550 1636 Physicis
562 1600 731 1633 irrideamur,
744 1603 768 1628 si
779 1601 911 1633 dicamus,
919 1602 1002 1637 quid-

207 1643 288 1669 quam
301 1636 531 1667 sserisinecaussa,
541 1637 763 1673 distinguendum
775 1644 815 1666 est
825 1644 850 1666 et
862 1641 896 1666 ita
908 1640 1002 1666 dicen-

208 1672 282 1703 dum,
297 1673 384 1707 ipsius
395 1674 531 1701 individui
543 1675 611 1701 hanc
621 1684 680 1701 esse
693 1681 827 1707 naturam,
843 1681 873 1703 ιιι
884 1677 1000 1711 pondere

208 1714 233 1735 et
247 1710 376 1745 gravitate
392 1717 542 1742 moveatur,
559 1720 672 1747 eamque
689 1713 775 1748 ipsam
791 1722 850 1740 esse
865 1723 998 1744 caussam,

207 1754 255 1772 cur
266 1748 301 1773 ita
313 1747 421 1774 feratur.
456 1748 586 1775 Similiter
597 1749 629 1775 ad
641 1751 792 1777 animorum
804 1756 892 1777 motus
904 1751 1001 1777 volun-

208 1784 287 1810 tarios
299 1793 350 1810 non
362 1790 402 1811 est
412 1786 571 1820 requirenda
583 1792 690 1814 externa
702 1796 804 1814 caussa.
830 1789 916 1814 Motus
928 1788 1000 1814 enim

208 1820 374 1848 voluntarius
388 1830 446 1848 eam
459 1827 579 1849 naturam
591 1823 617 1850 in
629 1833 657 1850 se
669 1825 726 1859 ipse
736 1826 867 1856 continet,
884 1830 914 1851 ut
926 1827 962 1852 sit
973 1826 999 1851 in

208 1862 294 1884 nostra
307 1863 433 1892 potestate
446 1860 577 1895 nobisque
587 1866 691 1895 pareat:
715 1870 763 1888 nec
777 1861 805 1888 id
819 1863 878 1888 sine
892 1870 998 1888 caussa.

207 1895 248 1920 ⁴26.
261 1895 327 1920 Eius
337 1897 409 1922 enim
421 1897 458 1922 rei
469 1905 563 1923 caussa
575 1898 633 1931 ipsa
646 1903 738 1924 natura
749 1904 798 1925 est.
825 1898 902 1930 Quod
913 1907 998 1934 quum

207 1931 242 1957 ita
254 1932 301 1961 sit.
319 1932 385 1966 quid
396 1938 448 1964 est.
466 1942 515 1959 cur
529 1942 580 1960 non
591 1935 679 1961 omnis
691 1936 871 1969 pronuntiatio
882 1941 927 1962 aut
938 1945 999 1962 vera

207 1972 252 1994 aut
263 1967 327 1994 salsa
339 1970 387 1999 sit.
406 1970 458 1996 nisi
471 1972 684 1997 concesserimus
696 1972 748 1998 sato
763 1972 833 2005 lieri,
851 1981 1000 2008 quaecum-

206 2013 259 2039 que
271 2005 352 2032 fiant?
371 2005 438 2038 Quia
451 2006 538 2034 futura
554 2016 628 2038 vera,
644 2009 738 2044 inquit,
754 2018 804 2036 non
817 2015 998 2044 possuntesse

206 2050 246 2073 ea,
259 2050 328 2077 quae
338 2051 456 2074 caussas.
465 2052 513 2070 cur
525 2044 611 2071 sutura
623 2046 685 2076 sint,
695 2055 745 2072 non
758 2047 870 2073 habent:
885 2047 999 2074 habeant

206 2079 289 2114 igitur
299 2087 407 2106 caussas
419 2089 526 2107 necesse
533 2087 616 2112 estea.
625 2091 694 2117 quae
706 2092 766 2110 vera
778 2089 853 2117 sunt;
868 2085 902 2111 ita
913 2093 998 2119 quum

205 2117 352 2148 evenerint,
369 2117 421 2144 sato
431 2119 578 2145 evenerint.
605 2119 662 2146 xit.
680 2120 836 2147 Confectum
848 2123 995 2157 negotium,

205 2153 229 2179 si
248 2153 360 2188 quidem
375 2154 423 2180 tibi
439 2155 640 2182 concedendum
656 2162 695 2184 est
710 2163 755 2184 aut
770 2158 821 2184 sato
834 2159 924 2185 omnia
941 2159 997 2185 fieri

205 2194 250 2216 aut
261 2191 410 2226 quidquam
427 2201 504 2226 posse
519 2193 575 2219 fleri
588 2194 646 2220 sine
658 2202 762 2222 caussa.
802 2197 844 2222 ⁶27.
866 2197 906 2222 An
921 2195 998 2222 aliter

206 2226 270 2253 haec
280 2229 427 2255 enuntiatio
439 2237 500 2255 vera
511 2238 569 2255 esse
584 2239 635 2256 non
645 2236 739 2265 potest,
756 2232 867 2267 »Capiet
877 2234 998 2260 Numan-
1018 2254 1020 2258 .

205 2265 269 2290 tiam
284 2264 384 2300 Scipio,
392 2277 403 2290 «
425 2267 476 2292 nisi
491 2275 525 2293 ex
539 2268 691 2294 aeternitate
705 2278 800 2295 caussa
815 2278 938 2296 caussam
954 2279 997 2296 se-

205 2309 266 2327 rens
277 2301 326 2328 hoc
337 2303 386 2329 erit
397 2303 538 2330 ess'ectura‘?
558 2305 597 2330 An
614 2304 663 2331 hoc
675 2304 771 2332 falsum
784 2308 915 2341 potuisset
925 2316 993 2339 esse,

205 2338 228 2363 si
239 2344 309 2372 esset
319 2341 452 2366 sexcentis
463 2340 578 2367 saeculis
590 2347 649 2368 ante
660 2342 780 2369 dictum?
790 2344 831 2375 Et,
840 2345 863 2370 si
875 2349 931 2371 tum
944 2353 995 2371 non

205 2380 275 2402 esset
289 2385 350 2402 vera
367 2377 431 2403 haec
447 2379 608 2409 enuntiatio,
630 2378 741 2414 »Capiet
757 2381 927 2407 Numantiam
938 2382 996 2408 Sci-

205 2412 282 2444 pio:«
301 2421 333 2439 ne
348 2413 392 2440 illa
407 2415 517 2449 quidem
532 2419 624 2442 eversa
636 2424 696 2442 vera
709 2422 749 2443 est
761 2417 824 2444 haec
836 2419 992 2450 enuntiatio,

205 2447 314 2482 »Cepit‘
325 2451 496 2478 Numantiam
509 2452 633 2487 Scipiom
656 2458 741 2487 potest
753 2455 835 2490 igitur
844 2455 995 2490 quidquam

206 2483 302 2511 sactum
317 2495 388 2518 esse,
411 2489 482 2523 quod
499 2498 550 2515 non
567 2498 659 2516 verum
678 2490 757 2517 suerit
777 2491 897 2518 futurum
919 2492 996 2519 esse‘?

205 2521 271 2546 Nam
286 2527 314 2548 ut
324 2527 460 2557 praeterita
472 2535 502 2552 ea
514 2535 576 2553 vera
587 2527 714 2557 dicimus,
729 2536 844 2562 quorum
856 2531 994 2564 superiore

205 2562 321 2592 tempore
333 2569 394 2586 vera
406 2561 484 2589 fuerit
495 2564 634 2590 instantia:
647 2565 687 2590 sic
698 2564 918 2600 sutura,quorum
930 2575 994 2593 con-

204 2596 327 2628 sequenti
338 2601 454 2632 tempore
465 2608 525 2625 vcra
537 2601 586 2627 erit
597 2602 730 2634 instantia,
744 2610 774 2629 ea
786 2611 847 2629 vera
859 2603 991 2630 dicemus.

204 2632 245 2657 28.
268 2632 333 2663 Nec,
353 2634 377 2659 si
391 2642 469 2662 omne
480 2638 647 2665 enuntiatum
663 2644 708 2666 aut
723 2648 817 2666 verum
832 2645 878 2667 aut
893 2640 992 2668 falsum

1030 267 1039 298 :l
1059 272 1112 298 que
1123 272 1249 290 casurum
1261 265 1305 290 nit.

1037 324 1039 333 7
1060 302 1139 329 ciant.
1157 306 1185 326 ut
1197 310 1256 327 vere
1268 301 1404 332 dicantur,
1422 311 1490 337 quae
1503 304 1536 329 ita
1548 303 1684 334 dicentur,
1703 305 1814 331 »veniet
1825 306 1851 332 in

1037 338 1038 341 ’
1060 343 1182 363 uenatum
1198 339 1294 368 Calcat
1314 347 1365 365 non
1382 339 1500 366 inclusae
1518 341 1543 366 in
1560 349 1648 367 rerum
1664 346 1756 368 natura
1772 347 1852 377 atque

407 821 472 846 Nam
483 829 567 855 quum
579 820 734 851 docerent*,
751 830 809 847 esse
822 830 899 855 posse
910 830 1006 855 quem·
1027 847 1029 854 ,
1563 862 1567 866 ν
1721 862 1726 867 .

1028 863 1029 866 ’
1057 867 1090 885 ex
1102 859 1151 885 hoc
1163 859 1255 885 morbo
1267 868 1317 886 non
1329 859 1525 892 convalescere:
1545 869 1604 887 sive
1616 866 1642 887 tu
1656 861 1790 887 medicum
1802 861 1851 887 ad-

1346 265 1479 291 Fortuitae
1489 271 1552 292 sunt
1562 274 1686 297 caussae,
1708 276 1777 302 «quae
1793 268 1852 295 etfl-

1061 375 1171 401 mundo.
1212 376 1243 401 Et
1264 381 1351 402 tamen
1373 381 1425 402 tam
1446 381 1486 403 est
1507 377 1675 404 immutabile
1697 384 1849 410 venturum.

1036 439 1038 447 Ι
1059 421 1144 446 (11111111
1155 417 1194 438 (¹2⁴1
1206 421 1308 442 vesum,
1324 422 1405 448 quam
1419 414 1538 440 vonisse:
1556 423 1604 440 nec
1614 415 1648 441 Ob
1659 424 1717 442 eflm
1728 425 1852 443 causum

1061 449 1143 475 fatum
1160 454 1205 475 aut
1220 451 1364 476 necessitas
1380 451 1578 477 extimescenda
1593 457 1643 478 est.
1683 453 1788 480 Etenim
1802 455 1853 481 erit

1059 487 1178 512 confiteri
1195 495 1317 518 necesse,
1339 488 1379 514 »si
1397 488 1461 514 haec
1476 489 1637 519 enuntiatio,
1654 489 1748 516 Veniet
1760 491 1786 517 in
1798 491 1852 517 Τιι-

1059 523 1199 550 sculanum
1212 524 1376 555 Hortensius.
1391 534 1452 551 vera
1465 534 1516 552 non
1528 531 1581 556 cst.
1593 526 1729 561 sequitur.
1747 532 1775 554 ut
1786 527 1851 554 {alsa

1059 562 1123 587 sim
1163 561 1282 593 Quorum
1299 562 1342 588 isti
1359 568 1483 589 neutrum
1500 562 1602 590 volunt.
1642 563 1718 596 Quod
1731 564 1788 591 lieri
1799 573 1851 592 non

1069 603 1153 624 ‚ou-st.

1059 607 1066 633 Ι
1113 636 1166 661 Nec
1181 644 1229 662 nos
1246 635 1373 670 impediet
1388 636 1432 663 illa
1445 637 1540 673 ignava
1557 638 1635 668 ratio.
1653 646 1722 673 quae
1736 637 1849 666 dicitur:

1036 671 1037 674 ’
1059 672 1208 707 appellatur
1223 674 1294 699 enim
1310 674 1421 708 quidam
1437 683 1450 700 a
1472 674 1642 709 philosophis
1661 676 1744 711 ἀργὸς
1762 676 1849 712 λόγος,

1058 711 1102 736 cui
1117 711 1140 735 si
1158 719 1312 744 pareamus,
1330 711 1398 737 nihil
1413 713 1523 738 omnino
1538 721 1650 746 agamus
1666 721 1691 739 in
1705 714 1768 739 vita.
1807 713 1851 739 Sic

1058 747 1129 773 enim
1143 748 1318 783 interrogant:
1332 748 1360 774 Si
1374 748 1456 774 satum
1469 749 1516 774 tihi
1528 755 1611 776 estex
1624 749 1673 775 hoc
1684 749 1776 776 morbo
1786 758 1851 777 oon-

1059 784 1204 816 valescerc3
1221 787 1279 811 sive
1295 785 1448 812 »medicum
1460 786 1627 816 adhibueris.
1641 787 1698 813 sive
1710 796 1760 813 non
1772 786 1851 814 adhi-

1059 821 1178 852 buerim«
1199 822 1379 849 convalesces.
1420 825 1463 849 29.
1485 824 1563 850 item:
1586 824 1614 850 Si
1631 823 1713 850 satum
1735 824 1784 850 tibi
1799 829 1848 855 cst,

1059 896 1192 926 hibueris,
1210 898 1268 922 sive
1281 906 1331 922 non
1343 897 1514 927 adhibueris,
1532 907 1583 924 non
1598 898 1778 925 convalesces.
1818 899 1852 925 Et

1057 933 1169 959 alterum
1192 939 1280 960 utrum
1302 933 1384 960 satum
1405 940 1454 960 est.
1494 935 1627 961 Medicum
1643 944 1706 971 ergo
1722 935 1850 962 adhibere

1058 970 1125 996 nihil
1141 971 1242 997 attinet.
1283 971 1352 997 xm.
1376 972 1453 998 Recte
1467 981 1554 1007 genus
1570 972 1619 999 hoc
1636 973 1850 1008 interrogationis

1059 1008 1186 1042 ignavum
1198 1013 1276 1043 atque
1288 1009 1358 1034 iners
1371 1010 1536 1035 nominatum
1548 1014 1601 1040 est,
1619 1010 1690 1044 quod
1703 1010 1796 1036 eadem
1808 1019 1851 1036 ra·

1057 1046 1127 1070 tione
1141 1045 1230 1071 omnis
1245 1054 1259 1071 o
1276 1046 1329 1071 vita
1341 1046 1447 1072 tolletur
1456 1047 1534 1073 actio.
1575 1047 1648 1073 Licet
1659 1048 1737 1073 etiam
1750 1047 1850 1073 immu-

1057 1086 1119 1112 tare,
1134 1087 1162 1108 ut
1174 1081 1218 1108 sati
1231 1091 1326 1108 nomen
1339 1092 1370 1108 ne
1381 1083 1526 1119 adiungas.
1542 1089 1568 1110 et
1578 1084 1699 1110 eamdem
1712 1089 1799 1110 tamen
1811 1089 1850 1110 te-

1057 1128 1120 1145 neas
1131 1120 1290 1146 sentcntiam
1299 1140 1305 1150 ,
1323 1119 1372 1146 hoc
1388 1120 1480 1146 modo:
1503 1121 1531 1146 Si
1546 1129 1579 1147 ex
1590 1122 1743 1147 aeternitate
1755 1129 1848 1148 verum

1057 1156 1106 1181 hoc
1119 1155 1181 1186 l'uit.
1199 1157 1240 1182 Ex
1251 1157 1301 1183 isto
1313 1157 1405 1183 morbo
1415 1157 1598 1190 convalesces;
1622 1158 1679 1184 sive
1691 1158 1850 1185 adhibueris

1056 1193 1205 1223 medicum,
1223 1195 1281 1220 sive
1296 1203 1346 1220 non
1359 1194 1532 1226 adhibueris,
1549 1194 1730 1222 convalesces.
1770 1196 1851 1222 item—

1055 1238 1122 1264 que:
1145 1230 1174 1256 Si
1185 1239 1219 1257 ex
1229 1231 1382 1258 aeternitate
1395 1231 1443 1258 hoc
1455 1231 1553 1258 salsum
1566 1232 1628 1262 suit,
1645 1232 1685 1259 Ex
1695 1233 1746 1259 isto
1757 1232 1850 1259 morbo

1054 1267 1239 1300 convalesces,
1258 1269 1316 1294 sive
1327 1268 1486 1295 adhibueris
1498 1269 1633 1295 medicum
1642 1290 1648 1300 ,
1665 1271 1724 1296 sive
1740 1278 1790 1296 non
1801 1269 1849 1296 ad-

1055 1304 1186 1335 hibueris,
1203 1314 1255 1332 non
1266 1305 1450 1332 convalesces:
1472 1306 1570 1332 deinde
1580 1311 1676 1333 cetera.
1717 1308 1758 1334 30.
1781 1307 1850 1334 llaec

1054 1343 1120 1368 ratio
1144 1351 1159 1368 a
1182 1342 1335 1378 Chrysippo
1358 1343 1574 1378 reprehenditur.
1614 1343 1750 1376 Quaedam
1775 1345 1849 1371 enim

1054 1383 1130 1409 sunt,
1150 1380 1252 1414 inquit,
1270 1381 1296 1406 in
1309 1381 1390 1407 rebus
1401 1381 1549 1415 simplicia,
1567 1381 1699 1416 quaedam
1713 1381 1848 1416 copulata.

1054 1416 1176 1450 Simplex
1187 1422 1240 1448 est,
1257 1418 1402 1444 »Morietur
1413 1427 1444 1444 eo
1458 1418 1502 1444 die
1513 1418 1663 1444 Socrates«
1692 1419 1774 1449 Huic,
1789 1419 1849 1445 sive

1053 1454 1120 1488 quid
1133 1453 1233 1485 fecerit,
1241 1455 1299 1480 sive
1311 1464 1363 1481 non
1376 1455 1476 1486 fecerit,
1486 1456 1623 1482 finitusest
1634 1455 1766 1482 moriendi
1777 1455 1846 1482 dies.

1053 1492 1085 1517 At
1095 1491 1118 1517 si
1131 1491 1165 1517 ita
1177 1491 1260 1518 satum
1273 1492 1321 1518 sit:
1344 1493 1475 1519 Nascetur
1486 1492 1606 1527 Oedipus
1617 1493 1693 1520 Laio:
1711 1501 1762 1520 non
1773 1498 1850 1528 pote-

1053 1529 1087 1554 rit
1097 1528 1165 1559 dici,
1183 1530 1241 1555 sive
1252 1528 1333 1556 fuerit
1344 1530 1424 1556 Laius
1435 1538 1498 1556 cum
1510 1530 1637 1561 muliere,
1655 1531 1713 1556 sive
1725 1538 1777 1556 non
1789 1529 1849 1557 fue-

1054 1566 1100 1597 rit;
1113 1565 1236 1600 copulata
1243 1567 1314 1592 enim
1322 1571 1410 1593 resest
1420 1572 1446 1593 et
1455 1567 1608 1594 confatalis:
1621 1568 1662 1593 sic
1672 1568 1744 1594 enim
1755 1567 1849 1603 appel-

1054 1601 1102 1628 lat:
1125 1603 1189 1637 quia
1205 1604 1240 1630 ita
1257 1603 1340 1630 satum
1356 1604 1404 1635 sit,
1425 1609 1450 1630 et
1465 1604 1672 1631 concubiturum
1687 1613 1749 1631 cum
1765 1612 1848 1632 uxore

1053 1640 1147 1665 Laium
1159 1645 1258 1666 etexea
1266 1640 1399 1675 Oedipum
1411 1646 1626 1675 procreaturum:
1640 1647 1677 1671 ut,
1690 1643 1714 1668 si
1724 1646 1795 1668 esset
1805 1641 1849 1668 di-

1051 1681 1134 1707 ctum,
1157 1677 1332 1704 »Luctabitur
1352 1678 1486 1713 Olympiis
1505 1678 1603 1709 Milo,«
1623 1683 1650 1704 et
1668 1678 1777 1705 referret
1796 1677 1848 1705 ali-

1051 1714 1128 1748 quis:
1144 1715 1241 1750 »Ergo,
1255 1715 1314 1740 sive
1326 1715 1449 1741 habuerit
1459 1715 1654 1746 adversarium,
1666 1716 1724 1742 sive
1737 1724 1789 1742 non
1800 1715 1848 1742 ba-

1053 1750 1154 1780 buerit.
1178 1751 1355 1784 luctabiiun«
1375 1757 1483 1778 erraret.
1524 1752 1571 1779 Est
1590 1754 1662 1778 enim
1679 1752 1845 1787 copulatum,

1052 1788 1256 1819 »Luctabitun«
1271 1789 1335 1823 quia
1351 1789 1410 1815 sine
1426 1789 1579 1816 adversario
1590 1789 1663 1815 nulla
1676 1789 1785 1817 luctatio
1795 1795 1845 1817 est.

1051 1825 1151 1851 Omnes
1163 1826 1245 1860 igitur
1256 1826 1335 1852 istius
1345 1827 1452 1861 generis
1463 1827 1599 1861 captiones
1610 1826 1703 1853 eodem
1715 1827 1794 1854 modo
1804 1835 1847 1854 re·

1053 1861 1190 1888 felluntur.
1230 1862 1312 1888 »Sive
1328 1868 1355 1889 tu
1372 1863 1531 1890 adhibueris
1547 1864 1697 1894 medicum,
1719 1865 1778 1890 sive
1793 1873 1846 1891 non

1051 1898 1218 1928 adhibueris.
1231 1900 1416 1932 convalesces;
1425 1911 1437 1925 α
1452 1902 1613 1935 captiosum.
1646 1901 1709 1927 Tam
1722 1902 1794 1928 enim
1805 1906 1847 1929 est

1052 1935 1138 1966 fatale,
1153 1936 1288 1962 medicum
1301 1937 1438 1967 adhibere,
1451 1947 1533 1972 quam
1545 1937 1742 1965 convalescere.
1764 1939 1843 1970 Haec,

1051 1978 1079 1999 ut
1091 1973 1158 2003 dixi,
1173 1974 1314 2000 confatalia
1325 1974 1370 2000 ille
1381 1975 1508 2010 appellat.

1106 2010 1175 2037 XIV.
1197 2013 1239 2037 31.
1261 2011 1411 2038 Carneades
1425 2021 1512 2048 genus
1527 2012 1577 2039 hoc
1588 2017 1672 2039 totum
1684 2021 1736 2039 non
1747 2012 1846 2048 proba-

1050 2047 1094 2073 hat
1105 2053 1130 2074 et
1142 2049 1223 2074 nimis
1235 2049 1429 2075 inconsiderate
1441 2049 1566 2076 concludi
1579 2049 1646 2076 hanc
1657 2050 1845 2085 rationempu-

1051 2085 1131 2111 tabat.
1170 2086 1261 2120 ltaque
1273 2086 1411 2120 premebat
1422 2086 1474 2113 alio
1484 2086 1563 2113 modo
1575 2095 1623 2113 nec
1634 2087 1718 2113 ullam
1729 2087 1845 2114 adhibe-

1050 2121 1281 2155 batcalumniam;
1299 2125 1378 2149 cuius
1395 2129 1450 2150 erat
1465 2124 1530 2150 haec
1541 2124 1691 2150 conclusio:
1714 2124 1743 2151 Si
1753 2125 1844 2151 omnia

1049 2159 1270 2186 antecedentibus
1280 2161 1385 2186 caussis
1401 2160 1481 2192 fiunt,
1498 2162 1588 2187 omnia
1604 2161 1718 2188 naturali
1731 2161 1844 2197 colliga-

1050 2197 1120 2222 tione
1140 2202 1260 2223 conserte
1280 2202 1456 2233 contexteque
1477 2198 1553 2225 fiunt.
1592 2198 1669 2230 Quod
1689 2199 1713 2224 si
1735 2199 1772 2225 ita
1791 2203 1840 2229 est,

1047 2234 1137 2259 omnia
1150 2235 1295 2260 necessitas
1305 2234 1398 2261 efficit.
1438 2235 1466 2261 ld
1477 2237 1501 2261 si
1513 2244 1607 2261 verum
1618 2240 1670 2266 est,
1684 2235 1752 2262 nihil
1763 2235 1842 2262 estin

1049 2276 1136 2297 nostra
1152 2276 1290 2305 potestate.
1329 2272 1376 2298 Est
1391 2277 1479 2298 autem
1495 2272 1599 2307 aliquid
1615 2273 1642 2298 in
1659 2277 1746 2298 nostra
1766 2277 1842 2307 pote-

1047 2312 1123 2334 state.
1163 2309 1209 2338 At.
1226 2309 1250 2334 si
1264 2310 1354 2335 omnia
1368 2309 1421 2336 fato
1432 2309 1508 2340 fiunt,
1520 2310 1610 2336 omnia
1620 2310 1725 2335 caussis
1735 2314 1842 2336 antece-

1047 2344 1175 2371 dentibus
1196 2345 1272 2372 fiunt.
1314 2347 1371 2372 Non
1386 2347 1469 2382 igitur
1484 2346 1537 2373 fato
1553 2346 1632 2377 fiunt,
1653 2354 1841 2381 quaecumque

1048 2381 1124 2408 fiunt.
1173 2384 1214 2409 32.
1242 2383 1311 2409 Haec
1331 2384 1431 2410 arctius
1450 2384 1563 2419 astringi
1584 2384 1650 2409 ratio
1669 2391 1722 2410 non
1741 2388 1838 2418 potest.

1047 2419 1114 2445 Nam
1129 2420 1152 2445 si
1168 2420 1231 2454 quis
1247 2420 1313 2446 velit
1328 2420 1400 2446 idem
1415 2420 1514 2447 referre
1528 2425 1608 2455 atque
1623 2421 1658 2446 ita
1671 2419 1774 2446 dicere:
1791 2420 1840 2447 »Si

1045 2464 1124 2482 omne
1140 2456 1260 2483 futurum
1274 2466 1308 2483 ex
1322 2458 1477 2484 aeternitate
1492 2466 1586 2484 verum
1601 2462 1654 2487 est.
1675 2462 1705 2483 ut
1719 2458 1754 2484 ita
1768 2462 1840 2484 certe

1045 2494 1164 2524 eveniat,
1186 2494 1415 2529 quemadmodum
1426 2495 1462 2521 sit
1472 2494 1606 2525 futurum,
1626 2494 1715 2520 omnia
1730 2503 1839 2521 neeesse

1045 2535 1085 2556 est
1103 2530 1273 2566 colligatione
1289 2532 1403 2558 naturali
1418 2536 1538 2558 conserte
1555 2535 1731 2565 contexteque
1747 2532 1838 2558 {ierim

1045 2567 1112 2593 nihil
1124 2567 1204 2595 dicat.
1245 2568 1359 2595 Multum
1375 2569 1447 2595 enim
1462 2567 1563 2599 differt,
1580 2572 1671 2594 utrum
1685 2577 1779 2595 caussa
1790 2577 1839 2595 na-

1044 2604 1138 2631 turalis
1149 2613 1184 2631 ex
1194 2606 1346 2632 aeternitate
1358 2605 1446 2632 futura
1458 2613 1520 2631 vera
1533 2604 1640 2635 efficiat,
1649 2614 1681 2631 an
1688 2606 1767 2632 etiam
1778 2606 1837 2632 sine

1043 2642 1198 2669 aeternitate
1209 2642 1333 2670 naturali.
1341 2642 1430 2670 futura
1439 2650 1508 2678 quae
1518 2642 1582 2674 sint,
1590 2650 1620 2669 ea
1630 2651 1694 2668 vera
1705 2651 1764 2669 esse
1773 2651 1837 2678 pos-
