1941 3052
360 133 690 160 EPISTOLARUM

63 208 137 234 rione
152 205 220 232 mihi
231 205 383 231 nuntiatum
394 209 442 235 est,
456 213 518 230 eum
529 204 562 230 ad
574 213 616 230 me
628 205 730 230 venire.
770 204 858 230 Vene-

64 249 103 271 rat
123 244 195 270 enim
211 243 234 268 is
250 243 277 268 in
289 242 441 269 Cumanum
466 242 573 277 vesperi
589 241 690 276 pridie,
714 241 741 267 id
753 246 793 267 est
803 241 859 267 Idi-

63 281 126 308 bus.
175 280 203 306 Si
223 279 290 314 quid
302 280 361 305 eius
377 280 460 314 igitur
476 288 564 306 sermo
579 279 714 305 eiusmodi
729 278 855 309 attulerit,

64 317 137 354 quod
155 317 188 343 ad
202 322 227 343 te
241 316 416 343 scribendum
430 318 478 347 sit;
502 317 530 343 id
546 317 573 343 in
589 316 685 343 litteris
699 316 856 352 adiungam.

64 358 89 382 8.
104 354 243 381 Praeteriit
258 354 351 380 villam
362 363 448 380 meam
463 355 552 384 Curio,
565 354 698 388 iussitque
710 354 777 379 mihi
788 362 859 379 nun-

64 393 134 423 tiari,
151 400 214 418 mox
228 400 256 417 se
272 396 429 424 venturum,
452 392 625 426 cucurritque
635 390 767 421 Puteolos,
781 395 809 417 ut
820 390 858 416 ibi

63 430 274 456 concionaretur.
313 429 491 456 Concionatus
502 434 554 461 est,
588 428 679 460 rediit;
712 427 763 454 fuit
773 427 806 454 ad
817 435 859 453 me

64 475 128 494 sane
139 467 197 492 diu.
238 465 326 492 Orem
339 466 457 493 foedam!
481 467 550 493 nosti
562 466 712 492 hominem:
737 465 860 491 nihiloc-

63 504 188 536 cultavit;
213 504 240 529 in
251 504 347 538 primis
359 504 427 530 nihil
439 513 498 530 esse
509 504 618 534 certius,
632 511 713 538 quam
720 508 857 533 utomnes‚

64 542 113 576 qui
127 541 184 577 lege
196 541 321 575 Pompeia
333 541 503 568 condemnati
519 546 621 571 essent,
640 541 857 572 restituerentur,

64 580 155 614 itaque
171 587 199 604 se
215 579 243 604 in
254 578 345 604 Sicilia
357 587 450 605 eorum
461 587 541 614 opera
552 586 677 604 usurum.
716 578 752 603 De
764 578 861 611 Hispa-

64 617 118 643 niis
132 625 184 642 non
195 615 344 647 dubitabat,
357 617 424 651 quin
436 616 557 643 Caesaris
567 620 669 648 essent3
693 615 755 641 inde
770 615 861 649 ipsum

64 662 127 680 cum
142 654 275 684 exercitu,
293 653 460 689 ubicumque
476 653 619 688 Pompeius
629 657 712 685 esset3
747 652 807 678 eius
819 652 861 677 in-

63 691 145 718 teritu
157 690 237 717 finem
249 690 314 717 belli
328 690 340 703 *
352 691 420 724 fore;
455 699 537 726 prope
550 691 602 717 iam
614 690 626 703 ⁴
637 689 737 716 factum
748 698 807 715 esse
819 689 861 714 ni-

64 728 118 755 hil:
141 732 166 755 et
176 728 256 763 plane
268 728 406 754 iracundia
422 728 522 755 elatum
534 727 653 754 voluisse
664 727 804 754 Caesarem
816 734 861 752 oc-

63 766 119 792 cidi
128 765 266 792 Metellum
278 766 417 792 tribunum
428 766 527 800 plebis.
550 765 626 797 Quod
638 765 661 790 si
672 769 742 790 esset
749 764 858 794 factum,

64 803 174 829 caedem
193 811 317 838 magnam
334 802 452 829 futuram
464 803 561 835 fuisse3
586 802 733 837 permultos
744 801 861 828 hortato-

65 850 107 867 res
126 849 185 867 esse
197 840 300 873 caedis3
324 841 415 875 ipsum
427 845 515 867 autem
535 848 587 866 non
602 839 737 866 voluntate
753 843 799 865 aut
813 847 861 864 na-

65 883 123 904 tura
138 886 190 904 non
205 886 264 904 esse
275 877 426 908 crudelem,
447 877 494 903 sed
503 877 576 912 quod
587 881 692 912 putaret
702 876 860 911 popularem

65 923 124 942 esse
143 915 327 941 clementiam:
350 915 423 950 quod
438 915 461 941 si
475 914 570 950 populi
580 914 701 940 studium
712 914 858 944 amisisset,

64 952 202 979 crudelem
212 952 280 985 fore;
303 961 420 987 eumque
430 952 626 987 perturbatum,
640 951 712 986 quod
724 951 860 986 intellige-

64 995 112 1021 ret,
133 998 161 1016 se
175 989 248 1025 apud
258 991 345 1024 ipsam
356 990 463 1025 plebem
475 989 618 1016 offendisse
628 989 662 1015 de
672 990 785 1021 aerario;
809 989 860 1014 ita-

64 1036 117 1062 que
136 1028 161 1054 ei
175 1036 260 1063 quum
274 1028 456 1054 certissimum
476 1027 580 1058 fuisset,
597 1031 741 1062 antequam
752 1026 861 1061 prolici-

64 1069 195 1096 sceretur,
216 1066 371 1091 concionem
386 1065 497 1096 habere,
515 1073 612 1091 ausum
623 1073 675 1091 non
687 1073 760 1095 esse⁷
778 1063 861 1090 vehe-

64 1107 221 1138 menterque
231 1103 321 1129 animo
331 1103 485 1138 perturbato
494 1102 654 1137 profectum.
674 1103 699 1128 9.
711 1101 800 1133 Quum
812 1110 862 1127 au-

64 1145 118 1166 tem
140 1149 174 1166 ex
191 1148 222 1167 eo
241 1149 411 1175 quaererem,
437 1140 504 1175 quid
524 1139 644 1166 videret?
674 1139 747 1174 quod
767 1147 860 1165 exem-

63 1177 158 1212 plum?
185 1186 268 1212 quam
283 1177 497 1213 rempublicam?
520 1177 599 1212 plane
615 1177 747 1203 fatebatur
756 1176 859 1202 nullam

63 1223 140 1250 spem
160 1215 306 1250 reliquam;
343 1216 463 1250 Pompeii
478 1214 591 1241 classem
603 1214 726 1247 timebat3
756 1222 825 1249 quae
835 1214 859 1240 si

63 1257 143 1283 esset,
155 1261 183 1279 se
193 1252 227 1278 de
237 1252 328 1279 Sicilia
339 1253 487 1279 abiturum.
527 1252 599 1284 Quid
609 1253 663 1282 isti,
678 1253 798 1286 inquam,
811 1260 860 1278 sex

63 1290 103 1316 tui
122 1289 226 1316 fasces?
254 1291 278 1316 si
301 1290 334 1316 ab
352 1295 460 1320 senatu,
481 1298 530 1316 cur
544 1289 673 1316 laureati?
701 1290 725 1315 si
740 1289 773 1315 ab
789 1290 857 1323 ipso,

63 1336 112 1353 cur
130 1327 196 1354 sex‘?
227 1327 357 1362 »Cupivi,
379 1328 482 1362 inquit,
499 1336 533 1353 ex
546 1333 655 1353 senatus
666 1326 788 1353 consulto
798 1335 860 1352 sur—

64 1369 152 1399 repto:
187 1373 249 1391 nam
273 1365 350 1391 aliter
369 1374 421 1391 non
443 1369 555 1400 poterat.
604 1365 637 1391 At
656 1365 702 1391 ille
721 1364 860 1399 impendio

64 1410 136 1428 nunc
154 1403 242 1438 magis
256 1402 313 1429 odit
330 1407 467 1429 senatum:
490 1411 504 1429 a
515 1411 567 1433 me,
585 1403 683 1437 inquit,
696 1403 785 1428 omnia
797 1410 860 1436 pro-

65 1439 249 1466 ficiscentur.‹<
288 1440 342 1466 Cur
359 1444 449 1466 autem
468 1439 534 1466 sex‘?
554 1440 641 1472 »Quia
652 1439 795 1465 duodecim
811 1447 860 1465 no-

65 1477 116 1503 lui:
149 1486 210 1503 nam
231 1477 357 1504 licebat«
394 1479 433 1504 ⁴0.
453 1477 520 1504 Tum
531 1486 590 1512 ego,
603 1486 685 1512 quam
697 1477 803 1507 vellem,
817 1477 860 1502 in-

63 1523 155 1549 quam,
164 1515 275 1549 petiisse
285 1515 318 1541 ab
330 1523 369 1546 eo,
378 1515 450 1550 quod
457 1515 538 1541 audio
548 1514 704 1549 Philippum
717 1515 860 1549 impetras-

63 1560 105 1584 se,
127 1552 175 1578 sed
191 1553 293 1578 veritus
307 1561 382 1583 sum,
396 1553 460 1587 quia
472 1552 516 1579 ille
527 1561 541 1578 a
553 1561 595 1578 me
607 1552 675 1578 nihil
688 1552 858 1587 impetrabat.

65 1600 76 1612 »
84 1589 218 1620 Libenter,
240 1590 338 1624 inquit,
355 1590 405 1616 tibi
420 1590 607 1616 concessisset.
649 1590 747 1616 Verum
759 1594 822 1624 puta
835 1594 859 1616 te

64 1627 232 1661 impetrasse.
272 1628 329 1663 Ego
347 1628 420 1653 enim
440 1627 473 1653 ad
488 1636 550 1653 eum
561 1627 691 1658 scribam,
712 1632 742 1654 ut
757 1632 785 1653 tu
801 1627 859 1662 ipse

64 1664 146 1695 voles,
168 1664 201 1690 de
212 1673 242 1691 ea
258 1673 285 1691 re
296 1673 343 1691 nos
355 1665 423 1691 inter
432 1674 480 1691 nos
490 1665 602 1691 locutos.
643 1665 714 1697 Quid
725 1670 814 1691 autem
825 1664 859 1690 il-

64 1701 117 1728 lius
141 1702 264 1733 interest,
287 1703 414 1737 quoniam
438 1703 465 1728 in
484 1708 608 1729 senatum
627 1711 679 1729 non
698 1702 789 1733 venis,
810 1702 858 1728 ubi

62 1738 119 1765 sis‘?
147 1739 218 1771 Quin
233 1748 304 1766 nunc
316 1740 406 1775 ipsum
417 1740 529 1767 minime
540 1740 699 1767 offendisses
709 1740 768 1766 eius
778 1748 858 1766 caus-

63 1785 130 1807 sam,
151 1777 175 1803 si
191 1777 219 1803 in
230 1777 304 1803 Italia
320 1786 370 1803 non
382 1777 512 1804 fuisses«
550 1778 590 1804 Ad
601 1786 670 1812 quae
681 1786 743 1813 ego,
762 1786 804 1803 me
816 1785 859 1803 re-

62 1822 170 1841 cessum
190 1819 216 1841 et
230 1814 403 1841 solitudinem
419 1824 556 1850 quaerere,
569 1816 686 1842 maxime
697 1815 770 1850 quod
783 1814 859 1841 licto-

63 1859 104 1877 res
123 1851 261 1878 haberem.
302 1852 433 1879 Laudavit
447 1852 602 1879 consilium.
643 1852 714 1885 Quid
730 1861 802 1888 ergo,
816 1853 859 1878 in-

62 1888 163 1924 quam‘?
191 1898 252 1915 nam
272 1890 340 1916 mihi
353 1898 450 1916 cursus
466 1891 493 1916 in
504 1890 643 1917 Graeciam
655 1899 702 1925 per
712 1895 784 1916 tuam
796 1898 859 1925 pro-

62 1926 181 1952 vinciam
192 1931 246 1953 est:
268 1927 395 1961 quoniam
407 1927 440 1953 ad
451 1936 523 1954 mare
534 1936 664 1962 superum
673 1928 773 1954 milites
783 1931 856 1953 sunt.

64 1963 152 1995 »Quid
173 1964 255 1994 mihi,
273 1964 370 1999 inquit,
387 1964 540 1999 optatius?<‹
565 1966 619 1992 Hoc
632 1965 687 1991 loco
699 1965 782 1991 multa
797 1973 858 1999 per-

63 2000 219 2027 liberaliter.
259 2001 330 2036 Ergo
341 2001 391 2027 hoc
401 2002 513 2036 quidem
523 2007 563 2028 est
574 2002 723 2037 profectum
732 2002 751 2033 ’,
766 2007 794 2028 ut
805 2010 857 2028 non

63 2038 142 2064 modo
156 2042 220 2069 tuto,
234 2047 328 2064 verum
339 2040 418 2065 etiam
430 2039 518 2073 palam
530 2040 730 2075 navigaremus.
754 2041 794 2065 Η.
808 2040 858 2065 Re-

64 2074 137 2110 liqua
158 2076 186 2102 in
207 2080 343 2110 posterum
358 2076 430 2102 diem
445 2076 553 2110 distuli;
575 2085 610 2104 ex
623 2078 724 2112 quihus
740 2077 857 2103 scribam

63 2112 96 2139 ad
107 2117 140 2144 te.
153 2113 177 2155 si
188 2113 255 2147 quid
267 2113 316 2140 erit
325 2113 438 2148 epistola
448 2113 572 2149 dignum.
599 2114 668 2141 Sunt
677 2120 776 2145 autem,
788 2123 857 2149 quae

63 2151 201 2185 praeterii:
235 2150 452 2185 interregnumne
476 2156 546 2178 essct
565 2156 783 2187 exspectaturus3
813 2160 856 2183 an,

62 2187 197 2222 quomodo
212 2187 311 2214 dixerit
328 2188 372 2214 ille
386 2188 511 2223 quidem,
528 2189 561 2215 ad
576 2198 605 2215 se
619 2189 718 2216 deferri
732 2189 858 2215 consula-

62 2229 129 2256 tum,
141 2225 188 2251 sed
199 2234 228 2251 se
239 2225 309 2251 nolle
321 2226 347 2252 in
358 2227 512 2260 proximum
524 2235 635 2253 annum.
678 2228 710 2254 Et
721 2227 771 2253 alia
783 2231 855 2257 sunt,

62 2271 131 2297 quae
142 2263 294 2298 exquiram.
322 2263 428 2289 lurahat
437 2263 470 2289 ad
482 2272 626 2295 summam,
640 2265 712 2299 quod
724 2264 798 2291 nullo
811 2273 858 2290 ne-

62 2300 134 2335 gotio
146 2299 253 2331 faceret,
271 2301 467 2327 amicissimum
479 2301 546 2327 mihi
558 2302 749 2328 Caesarem—.
791 2302 856 2328 Esse

61 2337 151 2364 debet.
182 2337 271 2370 »Quid
285 2338 367 2369 enim,
382 2339 502 2373 inquam,
516 2339 625 2373 scripsit
635 2339 668 2365 ad
680 2348 722 2365 me
734 2338 858 2365 Dolabel-

63 2373 105 2400 la?
133 2374 190 2406 dic,
203 2374 289 2410 quid?
319 2375 475 2402 Affirniahat
491 2384 553 2402 eum
564 2377 716 2411 scripsisse,
730 2377 802 2412 quod
815 2384 856 2402 me

62 2417 173 2447 cuperet
183 2412 216 2438 ad
227 2412 325 2439 Urbem
338 2414 439 2444 venire,
455 2413 531 2439 illum
543 2414 655 2448 quidem
667 2415 766 2449 gratias
778 2422 856 2449 agero

62 2449 204 2480 maximas.
218 2454 244 2476 et
257 2459 309 2477 non
324 2451 402 2477 modo
417 2451 539 2485 probare,
555 2451 602 2477 sed
616 2452 695 2478 etiam
711 2451 854 2487 gaudere«

61 2486 134 2519 Quid
148 2487 274 2521 quaeris?
302 2489 437 2523 acquievi.
483 2489 579 2514 Levata
595 2493 635 2515 est
648 2489 721 2515 enim
736 2489 856 2523 suspicio

62 2523 107 2550 illa
122 2523 262 2551 domestici
277 2525 340 2552 mali
356 2530 382 2552 et
396 2526 528 2552 sermonis
545 2526 667 2552 llirtiani.
708 2527 793 2558 Quam
808 2534 857 2552 cu-

61 2561 106 2596 pio
121 2560 199 2587 illum
215 2561 329 2597 dignum
345 2571 404 2589 esse
418 2563 509 2589 nobis:
532 2568 557 2589 et
567 2572 649 2598 quam
661 2565 719 2599 ipse
731 2572 773 2589 me
785 2563 856 2589 invi-

61 2603 100 2629 to,
118 2606 172 2633 qua
187 2599 291 2633 proillo
302 2600 569 2635 sitsupplicanduml
592 2601 643 2627 Sed
654 2610 723 2636 opus
735 2601 785 2627 fuit
797 2601 856 2626 ilir-

62 2636 98 2662 tio
117 2641 258 2662 convento.
298 2637 345 2664 Est
358 2637 476 2672 profecto
490 2639 581 2664 nescio
594 2638 675 2673 quid:
710 2638 757 2664 sed
773 2638 854 2664 velim

62 2680 143 2707 quarn
155 2673 277 2700 minimo.
308 2675 341 2701 Et
352 2680 439 2702 tamen
453 2684 516 2702 eum
528 2675 648 2702 nondum
660 2676 762 2702 redisse
774 2675 855 2701 mira—

720 133 772 159 AD
801 132 1005 159 ATTICUM
1026 133 1107 159 LIB.
1138 132 1174 159 X.
1208 133 1270 158 ΕΡ.
1292 134 1306 159 2
1327 133 1408 158 —7.

889 1234 890 1243 1
911 1216 984 1242 diem
1001 1216 1131 1251 pecuniae
1144 1216 1182 1242 ld.
1205 1216 1337 1242 Novemb.
1359 1223 1428 1241 esse.

889 1277 890 1280 ,
912 1254 1080 1284 machosius.
1099 1262 1161 1279 cum
1178 1254 1235 1279 ioco
1251 1258 1339 1280 tamen
1356 1251 1493 1279 familiari.

888 1301 890 1325 3
912 1292 984 1317 niam
1001 1292 1055 1326 agit
1072 1290 1230 1322 liberaliter,
1245 1290 1312 1317 nihil
1325 1298 1422 1316 accuso
1437 1289 1582 1319 hominem,
1596 1288 1709 1322 scripsi-

1652 133 1701 158 895

909 212 979 230 mur.
1021 203 1074 230 Sed
1086 204 1151 230 haec
1162 203 1327 230 videbimus.
1370 204 1410 229 ⁴2.
1426 202 1465 228 Tu
1485 201 1587 236 Oppios
1602 202 1703 228 Teren-

910 242 961 267 tiae
982 241 1070 267 dabis.
1112 242 1165 267 Iam
1186 242 1258 267 enim
1279 240 1359 267 Urbis
1379 248 1464 266 unum
1485 239 1637 274 periculum
1652 244 1702 266 est.

909 279 950 304 Me
962 283 1049 305 tamen
1061 278 1173 305 consilio
1185 279 1257 309 iuva,
1271 278 1423 313 pedibusne
1435 277 1578 312 Rhegium,
1594 285 1627 303 an
1639 276 1703 303 hinc

909 316 999 341 statim
1012 316 1038 342 in
1051 325 1156 342 navem.
1197 315 1330 345 Ceterum,
1343 315 1470 349 quoniam
1484 323 1641 345 commoror,
1655 322 1705 349 ego

911 353 943 379 ad
964 357 988 378 te
1003 354 1092 380 statim
1108 353 1213 379 habebo
1228 353 1299 388 quod
1315 352 1446 383 scribam,
1469 351 1551 378 simul
1567 356 1596 378 ut
1611 351 1704 377 videro

911 390 1065 417 Curionem.
1105 391 1140 416 De
1160 391 1257 416 Tirone
1269 399 1346 420 cura,
1364 398 1477 424 quaeso,
1495 389 1568 424 quod
1579 388 1659 419 facis,
1676 394 1705 415 ut

911 428 1003 458 sciam,
1017 428 1085 463 quid
1100 429 1122 454 is
1133 433 1202 463 agat.

965 498 992 518 v.
1016 500 1048 522 (ln
1058 499 1148 519 Cumano,
1158 499 1257 519 Mari-«⁴110,
1267 499 1347 516 Lentulo
1357 506 1403 516 ross.
1415 497 1470 520 705.)

1097 541 1263 569 CICERO
1296 540 1461 568 ATTICO
1491 540 1518 567 S.

969 581 992 606 l.
1014 575 1059 605 De
1074 584 1125 606 tota
1141 588 1197 605 mea
1211 580 1370 615 cogitatione
1384 579 1481 613 scripsi
1496 577 1528 604 ad
1543 582 1567 604 te
1581 582 1655 604 antea
1663 586 1706 603 sa-

912 617 956 648 tis,
969 621 999 643 ut
1012 617 1080 643 mihi
1093 618 1169 643 visus
1180 626 1250 647 sum⁷
1264 617 1416 652 diligenter.
1457 617 1493 642 De
1505 615 1548 641 die
1560 614 1628 641 nihil
1639 623 1704 641 sane

913 659 999 689 potest
1019 654 1102 680 scribi
1123 660 1226 689 praeter
1247 655 1309 686 h0c3
1346 663 1398 680 non
1414 658 1473 679 ante
1490 653 1581 679 lunam
1597 661 1703 679 novam.

912 694 937 719 2.
967 691 1091 718 Curionis
1116 700 1204 718 sermo
1228 692 1356 726 postridie
1381 691 1503 717 eamdem
1533 690 1628 716 habuit
1651 689 1706 716 fere

913 737 1061 760 summam,
1084 729 1136 755 nisi
1158 729 1230 764 quod
1246 730 1364 763 apertius
1375 728 1552 764 significavit,
1566 736 1594 753 se
1608 727 1704 753 harum

913 775 1002 792 rerum
1022 767 1125 792 exitum
1150 775 1202 792 non
1222 767 1323 793 videre.
1364 765 1441 797 Quod
1462 765 1529 791 mihi
1546 764 1657 790 mandas
1673 764 1706 790 de

912 803 1011 836 Quinto
1022 804 1152 839 regendo,
1164 803 1306 839 Ἀρκαδίαν.

913 846 977 867 tam.
1017 841 1103 876 Atque
1128 842 1231 867 utinam
1255 841 1296 867 tu!
1338 840 1386 866 sed
1412 839 1556 866 modestior
1577 847 1629 865 non
1650 848 1703 865 ero.

912 878 1060 913 Epistolam
1076 878 1109 904 ad
1125 879 1278 904 Vestorium
1303 879 1394 904 statim
1409 877 1495 903 detuli
1510 886 1561 903 —:
1603 884 1633 902 ac
1649 875 1705 902 val-

912 916 945 942 de
967 917 1102 950 requirere
1121 915 1234 942 solebat.
1275 917 1299 942 3.
1316 915 1490 942 Commodius
1504 919 1593 940 tecum
1607 914 1707 940 Vettie-

912 962 963 979 nus
980 958 1019 979 est
1030 953 1147 983 locutus,
1165 962 1246 988 quam
1259 953 1292 979 ad
1304 961 1346 978 me
1357 953 1511 987 scripserat.
1551 950 1603 977 Sed
1615 951 1707 977 mirari

911 991 976 1017 satis
995 990 1113 1017 hominis
1129 990 1322 1026 negligentiam
1338 999 1391 1016 non
1409 998 1489 1025 queo.
1529 988 1619 1020 Quum
1634 989 1707 1014 enim

913 1028 980 1054 mihi
996 1028 1158 1054 Philotimus
1173 1028 1302 1059 dixisset,
1321 1027 1411 1053 H-SL
1422 1034 1511 1053 emere
1530 1026 1562 1052 de
1579 1025 1707 1052 Canuleio

911 1065 1091 1092 diversorium
1112 1065 1180 1092 illud
1200 1074 1288 1100 posse,
1314 1065 1425 1091 minoris
1448 1064 1527 1091 etiam
1541 1068 1705 1098 empturum,

911 1104 935 1129 si
946 1103 1099 1130 Vettienum
1112 1112 1262 1139 rogassem3
1285 1103 1387 1138 rogavi,
1401 1106 1439 1133 ut,
1452 1102 1475 1128 si
1486 1101 1553 1136 quid
1561 1105 1660 1135 posset,
1673 1109 1708 1126 ex

911 1149 941 1167 ea
962 1149 1068 1167 summa
1088 1140 1250 1167 detraheret:
1285 1141 1421 1175 promisit3
1454 1139 1487 1165 ad
1503 1147 1545 1164 me
1562 1146 1660 1173 nuper,
1679 1146 1708 1163 se

911 1178 976 1204 H-S
990 1187 1049 1204 xxx
1066 1179 1178 1211 emisse3
1210 1183 1240 1204 ut
1256 1178 1416 1208 scriberem,
1435 1177 1479 1203 cui
1491 1176 1589 1203 vellem
1602 1175 1704 1207 addici,

1469 1214 1606 1248 Rescripsi
1617 1213 1642 1239 ei
1653 1217 1708 1239 sto-

1346 803 1446 829 Tamen
1458 802 1527 828 nihil
1539 803 1706 836 praetermit-

1534 1251 1625 1281 Nunc,
1639 1258 1708 1285 quo—

911 1337 964 1363 que
979 1329 1011 1355 ad
1026 1337 1101 1359 eum,
1119 1337 1160 1354 me
1175 1337 1189 1354 a
1204 1333 1228 1354 te
1242 1329 1381 1354 certiorem
1397 1335 1457 1353 esse
1473 1326 1582 1352 factum.
1624 1325 1662 1351 Tu
1674 1324 1708 1351 de

888 1379 890 1390 ι
912 1371 956 1392 tuo
968 1367 1062 1392 itinere
1073 1366 1141 1401 quid
1152 1370 1177 1392 et
1187 1366 1295 1400 quando
1309 1366 1419 1401 cogites,
1429 1363 1511 1391 velim
1519 1372 1560 1389 me
1567 1363 1706 1389 certiorem

888 1414 889 1433 ς
912 1403 1004 1430 facias.

1045 1404 1077 1430 A.
1089 1403 1117 1430 d.
1129 1412 1177 1430 XV.
1191 1403 1249 1430 Kal.
1262 1404 1325 1429 Mai.

963 1474 1001 1494 Vl.
1025 1476 1054 1497 (ln
1065 1475 1156 1495 crunnum,
1166 1475 1266 1495 Marcello,
1276 1474 1357 1492 Lentulo
1368 1480 1413 1490 ruas.
1425 1473 1480 1494 70⁷1.)

968 1554 989 1578 l.
1012 1547 1061 1578 Me
1077 1552 1166 1578 adhuc
1182 1551 1249 1578 nihil
1267 1555 1371 1586 praeter
1382 1554 1566 1584 tempestatem
1578 1552 1705 1574 moratur.

911 1590 1003 1616 Astute
1020 1589 1088 1616 nihil
1105 1598 1166 1615 sum
1178 1594 1299 1615 acturus:
1323 1588 1367 1614 fiat
1378 1588 1405 1613 in
1418 1587 1544 1621 llispania
1555 1585 1704 1621 quidlibet:

910 1633 936 1654 et
952 1632 1040 1654 tamen
1057 1626 1169 1653 retice&
1210 1627 1281 1653 Meas
1297 1625 1472 1661 cogitationes
1483 1632 1576 1650 omnes
1587 1622 1707 1657 explica-

911 1665 938 1691 vi
955 1665 1005 1691 tibi
1020 1664 1206 1699 superioribus
1223 1663 1327 1690 litteris.
1368 1662 1497 1694 Quocirca
1514 1661 1562 1687 hae
1572 1665 1635 1687 sunt
1647 1660 1708 1686 bre-

911 1711 970 1734 ves;
994 1707 1019 1728 et
1035 1707 1137 1733 tamen,
1155 1702 1218 1736 quia
1231 1700 1391 1727 festinabam
1403 1707 1530 1734 eramque
1541 1698 1705 1732 occupatior.

909 1742 935 1767 2.
955 1740 991 1766 De
1005 1740 1105 1772 Quinto
1121 1739 1189 1770 tilio,
1206 1741 1232 1772 fit
1248 1747 1262 1765 a
1274 1746 1316 1764 me
1327 1737 1439 1773 quidem
1450 1738 1550 1768 εειίυΙος
1578 1735 1625 1761 sed
1638 1735 1708 1761 nosti

910 1777 1024 1812 reliqua,
1065 1777 1142 1809 Quod
1157 1776 1220 1802 dein
1237 1784 1278 1802 me
1298 1784 1403 1805 (110085,
1421 1779 1447 1801 et
1457 1775 1542 1800 amice
1553 1772 1708 1807 etpruden-

910 1820 949 1841 ter
965 1823 1070 1847 mones,
1093 1815 1140 1840 sed
1152 1818 1230 1840 erunt
1240 1813 1329 1840 omnia
1343 1812 1444 1842 facilia,
1462 1812 1485 1837 si
1497 1811 1530 1837 ab
1542 1819 1595 1836 uno
1607 1809 1652 1836 illo
1663 1818 1708 1835 ca-

910 1861 983 1879 vero.
1024 1853 1153 1888 Magnum
1173 1860 1242 1886 opus
1258 1855 1307 1877 est.
1349 1849 1482 1876 Mirabilia
1498 1848 1592 1874 multa.
1633 1845 1706 1873 Nihil

910 1890 1040 1925 simplex,
1061 1889 1129 1916 nihil
1146 1890 1292 1915 sincerum.
1334 1887 1436 1914 Vellem
1447 1886 1616 1920 suscepisses
1630 1885 1708 1910 iuve-

910 1936 970 1953 nem
988 1927 1146 1963 regendum.
1188 1927 1264 1952 Pater
1280 1926 1352 1952 enim
1365 1925 1446 1951 nimis
1459 1923 1613 1958 indulgens.
1626 1921 1708 1956 quid-

909 1965 977 2000 quid
991 1974 1040 2001 ego
1051 1965 1179 1996 astrinxi,
1199 1964 1308 1990 relaxat.
1351 1962 1379 1989 Si
1391 1963 1450 1988 siue
1467 1961 1512 1987 illo
1527 1968 1648 1995 possem,
1667 1967 1707 1984 re-

909 2011 1013 2038 gerem:
1041 2002 1113 2037 quod
1130 2007 1157 2028 tu
1174 2006 1259 2036 potes.
1300 2000 1353 2026 Sed
1366 2001 1488 2035 ignosco:
1512 2005 1651 2033 magnum,
1665 1997 1707 2022 in-

909 2048 1001 2075 quam,
1023 2048 1092 2074 opus
1112 2044 1161 2065 est.
1203 2040 1227 2065 3.
1250 2038 1407 2072 Pompeium
1424 2045 1471 2071 pro
1489 2040 1559 2062 certo
1576 2034 1707 2060 habemus

909 2086 957 2111 pcr
977 2077 1114 2113 illyricum
1135 2076 1269 2111 proficisci
1285 2077 1312 2101 in
1324 2074 1450 2101 Galliam.
1491 2073 1547 2109 Ego
1558 2080 1638 2103 nunc,
1654 2079 1706 2106 qua

909 2119 935 2141 et
947 2123 1010 2149 quo.
1024 2114 1134 2140 videbo.

963 2183 1011 2204 vu.

1036 2185 1063 2207 (ln
1074 2185 1165 2203 (Ἰιιιιιιιιο,
1177 2184 1275 2203 Manu-ltu.
1287 2183 1368 2200 Leiitnln
1379 2189 1425 2199 rou.
1438 2184 1491 2202 703.)

1096 2226 1263 2253 ClCERO
1293 2224 1460 2251 ATTICO
1490 2224 1518 2250 S.

968 2267 990 2291 i.
1008 2261 1068 2299 l‘igo
1080 2274 1142 2291 vcro
1154 2263 1279 2299 Apuliam
1293 2260 1706 2297 etSipontuinettergiversatio-

910 2311 970 2329 nem
988 2303 1065 2328 istam
1083 2302 1179 2336 probo,
1213 2309 1260 2327 nec
1279 2305 1351 2326 tuam
1369 2300 1497 2326 rationem
1513 2298 1635 2323 eniiuleni
1647 2304 1706 2321 esse

908 2340 991 2371 duco,
1015 2348 1096 2374 quam
1117 2347 1217 2365 meam:
1250 2346 1302 2364 non
1318 2338 1384 2372 quin
1402 2337 1428 2362 in
1445 2335 1583 2370 republica
1603 2339 1704 2360 rectum

909 2377 981 2403 idem
1002 2378 1037 2403 sit
1057 2377 1164 2410 utrique
1184 2380 1319 2406 nostrum,
1337 2374 1384 2400 sed
1400 2382 1429 2400 ea
1447 2382 1498 2399 non
1515 2373 1613 2407 agitur,
1655 2371 1706 2396 lle-

908 2414 1009 2449 gnandi
1029 2414 1163 2440 contentio
1182 2417 1234 2444 ost;
1268 2414 1294 2438 in
1315 2420 1368 2446 qua
1389 2410 1486 2446 pulsus
1506 2414 1546 2435 est
1562 2408 1706 2434 modestior

909 2461 956 2478 rex
975 2456 1001 2477 et
1021 2451 1129 2485 probior
1148 2455 1174 2476 et
1198 2450 1338 2483 integrior,
1361 2454 1387 2475 ct
1408 2449 1443 2479 is,
1466 2447 1514 2482 qui
1536 2446 1587 2472 nisi
1610 2446 1703 2475 vincit,

909 2498 1005 2515 nomen
1023 2487 1115 2523 populi
1133 2488 1242 2513 Rotnani
1259 2487 1379 2513 delentur
1394 2493 1502 2512 necesse
1517 2488 1569 2515 est,
1602 2483 1643 2509 sin
1657 2491 1704 2509 nu-

909 2531 961 2552 tem
977 2527 1074 2556 vincit,
1092 2525 1201 2551 Sullano
1218 2534 1289 2550 more
1304 2523 1484 2558 exemploque
1496 2521 1593 2547 vincet.
1635 2520 1705 2554 Ergo

909 2564 957 2589 hac
978 2564 1003 2589 in
1024 2563 1192 2589 contentione
1209 2567 1333 2588 :wutrum
1351 2561 1399 2587 tihi
1417 2560 1504 2595 palam
1520 2557 1701 2587 sentiendum,

907 2606 932 2627 et
953 2601 1065 2635 tempori
1086 2599 1259 2626 serviendum
1276 2604 1325 2624 est.
1367 2598 1422 2623 Men
1438 2605 1532 2623 caussa
1547 2600 1635 2621 autem
1652 2594 1703 2620 alia

907 2643 959 2667 est,
973 2637 1059 2672 quod.
1076 2637 1206 2663 beneficio
1223 2637 1342 2665 vinctus,
1362 2636 1482 2669 ingratus
1497 2642 1556 2660 esse
1573 2642 1624 2659 non
1642 2640 1701 2666 pos-

906 2684 981 2708 su1u3
1005 2683 1053 2701 nec
1074 2680 1161 2701 tumen
1179 2675 1205 2700 in
1220 2674 1289 2703 acie,
1308 2672 1354 2699 sed
1372 2673 1475 2699 Melitae
1494 2676 1539 2698 aut
1554 2669 1606 2696 alio
1622 2670 1647 2695 in
1665 2669 1698 2695 lo-
