1941 3052
792 116 847 140 126,
883 113 916 138 M.
951 113 981 138 T.

230 121 291 144 ...ιῆ

226 184 656 223 burgi-nera·philosophiae,quod
671 194 717 209 iio-⁴
729 185 877 218 sequimur,
893 192 1015 215 magnum
1036 182 1045 223 l

226 226 305 253 huin-t
320 231 404 251 oratur
420 228 581 249 societati-tn.
621 221 800 246 Subutiinu-in
817 221 888 246 enim
905 220 938 245 ab
951 221 1016 245 Aca·
1044 237 1045 258 ι

225 264 312 289 demin
326 267 473 290 mutuatur,
491 265 515 285 et
531 260 554 284 ei
568 259 686 284 vicissim
700 258 786 283 reddit
798 257 943 283 ubertatem
958 266 1016 282 oru-

226 302 305 326 tinuis
317 305 341 325 rt
355 302 506 324 ornemieuta
523 295 641 321 din-endi.
682 295 875 326 Quamobrem,
894 294 1014 328 inquam,

225 338 350 371 quioniam
365 336 502 368 utriusqus·
515 333 596 358 ¹studii
609 336 695 357 nostru
709 332 843 366 possessio
854 336 906 360 est,
927 330 1014 361 hodie,

226 379 283 400 utro
297 373 346 398 frui
360 372 445 400 malis,
459 371 530 404 optio
542 370 575 395 sit
588 374 641 395 tua.
681 369 748 394 Tum
762 369 870 398 turtius,
888 369 1017 394 Gratissi-

225 420 312 439 tuuni,
332 410 430 442 iuquit.
448 413 471 432 ut
485 412 589 433 tuorum
601 406 721 431 onmium
734 405 840 432 simile:
865 405 931 432 nihil
944 406 1015 431 enim
1044 411 1045 451 l

224 455 351 481 uuiqiinm
364 445 458 471 abnuit
471 453 527 469 meo
538 443 627 469 studio
640 443 762 469 voluntas
774 448 828 469 tua.
851 444 874 469 t.
886 443 937 468 Sed
949 452 1016 477 quo-
1037 443 1039 448 '

225 485 294 510 niani
308 483 435 508 rhetorica
449 481 515 507 mihi
532 485 616 506 vestra
633 486 695 506 suut
712 485 784 510 nota,
804 485 882 514 teque
899 481 925 506 in
943 481 976 506 iis
992 484 1017 505 et

223 521 378 546 audirimus
389 528 467 553 saepe
479 523 503 544 et
515 517 666 548 audiemus,
676 522 755 552 atque
769 517 1017 543 hancAcademiro-

223 567 281 584 rum
293 561 381 582 contra
395 557 559 590 propositum
572 554 728 589 disputandi
740 554 962 580 consuetudinem
976 555 1017 580 in-

222 595 311 620 dii-unt
328 599 350 619 te
366 594 518 627 sust-episse
534 593 692 618 Tusculanae
705 594 900 624 disputationi-52
919 600 1016 625 ponere

222 630 334 666 aliquid,
343 630 375 656 ad
388 630 458 664 quod
472 630 589 659 audium,
599 631 621 656 si
634 629 682 655 tibi
695 638 745 655 non
757 634 797 655 est
809 629 959 659 molestum,
971 637 1016 654 vo-

223 669 256 695 lo.
297 669 336 694 An
349 667 429 698 mihi,
451 668 574 701 inquam,
593 671 677 701 potest
693 666 841 701 quidquam
858 675 916 691 csse
933 665 1017 691 mole—

223 711 307 735 stum,
325 705 397 739 (pind
415 704 463 731 tihi
480 709 584 738 gratum
599 703 717 730 futurum
730 704 782 729 su‘!
801 703 852 728 Sed
866 704 898 728 ita
910 703 1014 733 audies,

222 743 406 769 utltomnnum
419 742 564 769 hominem.
576 746 603 767 ut
615 740 708 767 timide
721 740 913 773 ingredientem
926 740 1015 766 adhoc
1036 758 1037 766 ,

221 789 307 815 genus
319 778 489 814 disputandi.
517 784 544 804 ut
557 778 634 813 longo
647 778 785 804 intervallo
798 777 862 803 haec
873 777 961 803 studia
974 786 1016 803 re-
1036 769 1039 831 ἰ

1036 832 1038 846 l

1037 868 1038 886 l

1037 905 1039 924 l

1044 1173 1046 1191 l

223 822 365 852 petentem.
406 817 452 847 lta,
467 816 563 850 inquit,
577 815 683 841 audiam
698 820 720 841 te
732 815 928 849 disputantem,
945 819 973 841 ut
986 823 1015 840 ea

223 854 290 890 lego,
304 863 372 889 quae
383 854 527 888 scripsisti.
568 852 678 878 l'roinde
689 852 786 877 ordire.

566 890 574 901 Ο
616 890 625 901 0
667 890 677 901 V

685 926 716 937 σο

278 929 320 954 lll.
343 929 367 954 5.
390 927 596 953 Consideramus
610 926 666 952 hic:
729 934 843 960 quorum
856 925 882 951 in
895 924 968 956 aliis,
988 930 1017 952 ut

223 966 248 992 in
263 965 399 999 Antipatro
411 970 500 999 poeta,
519 965 584 990 utin
598 963 713 990 brumali
729 964 772 989 die
789 963 871 993 natis,
889 967 919 988 ut
935 963 961 988 in
978 963 1016 988 si-

223 1002 278 1029 mul
291 1002 490 1038 aegrotantibus
503 1001 638 1030 fratribus,
653 1006 680 1027 ut
693 1002 718 1026 in
731 1001 806 1026 urina
816 1021 821 1030 ,
839 1000 905 1026 utin
917 1000 1017 1035 ungui·
1038 1011 1039 1016 ¹

222 1040 287 1070 hus,
307 1045 333 1065 ut
347 1040 371 1065 in
385 1039 496 1074 reliquis
512 1038 660 1068 eiusmodi,
678 1043 784 1064 naturae
797 1037 919 1072 contagio
932 1037 1014 1063 valet:
1038 1066 1039 1074 ἵ

221 1086 302 1112 quam
315 1085 364 1112 ego
377 1086 427 1103 nnn
440 1076 513 1103 tollo:
528 1077 568 1102 vis
580 1081 619 1102 est
631 1075 702 1101 nulla
717 1075 848 1104 fatalis,in
856 1074 916 1100 aliis
927 1079 1016 1101 autem
1038 1079 1039 1085 ¹

223 1114 329 1140 fortuita
341 1114 473 1149 quaedam
485 1122 544 1139 csse
556 1118 680 1148 possunt,
699 1113 764 1139 utin
777 1112 822 1138 illo
833 1111 975 1147 naufrago,
989 1116 1017 1138 ut
1038 1096 1039 1156 l

223 1152 249 1178 iu
263 1151 358 1182 lcadio,
374 1152 438 1177 utin
453 1151 573 1185 Daphita.
613 1149 748 1182 Quaedam
764 1150 843 1175 etiam
855 1150 1016 1176 Posidonius

221 1189 295 1223 (pace
312 1189 432 1223 magistri
451 1187 576 1222 dixerim)
597 1188 764 1213 comminisci
782 1187 898 1212 videtur.
938 1186 1014 1218 Sunt,
1038 1176 1039 1203 l

223 1226 342 1260 iuquam,
359 1225 469 1259 quidem
484 1224 610 1250 absurda.
656 1224 726 1256 Quid
738 1223 829 1250 enim‘?
849 1224 876 1250 Si
888 1224 1016 1258 Daphitae
1044 1231 1045 1235 ¹

223 1262 305 1289 satum
322 1262 370 1288 luit
386 1271 419 1288 ex
434 1271 503 1297 equo
518 1261 612 1288 cadere
628 1266 706 1296 atque
722 1262 755 1288 ita
767 1260 871 1296 perire?
887 1270 920 1288 ex
933 1261 1016 1287 hocne
1038 1279 1046 1306 ,s

221 1309 299 1334 equo,
312 1300 462 1334 qni‚quum
474 1308 561 1334 equus
574 1304 711 1329 noucsset,
721 1307 816 1325 nomen
830 1298 1017 1325 habebatalie-

222 1336 304 1363 num‘?
315 1341 360 1363 aut
371 1336 512 1371 Philippus
525 1337 603 1362 hasce
615 1337 642 1362 in
654 1336 749 1371 capulo
760 1336 937 1372 quadrigulas
948 1337 1017 1362 vita-

221 1384 248 1400 re
260 1373 433 1400 monebatur-5²
453 1374 535 1406 Quasi
551 1382 613 1399 vero
629 1373 724 1408 capulo
740 1374 775 1400 sit
788 1374 904 1400 occisus.
944 1372 1016 1405 Quid

221 1417 309 1438 autem
321 1420 448 1446 magnum
461 1411 528 1441 est*‚
543 1410 702 1446 naufragum
715 1410 792 1437 illum
804 1411 862 1437 sine
875 1411 1015 1437 nominein

221 1449 343 1475 rivoesse
357 1447 479 1483 lapsum‘.>
489 1457 655 1483 quamquam
667 1448 731 1474 huie
742 1448 853 1483 quidem
866 1448 910 1474 hic
922 1448 1016 1474 scribit

221 1486 400 1520 praedictum,
423 1486 450 1512 in
469 1494 538 1520 aqua
554 1494 612 1512 esse
629 1485 807 1520 pereundum.
848 1486 887 1512 Ne
908 1485 1016 1512 hercule

220 1523 302 1549 Icadii
317 1522 427 1558 quidem
450 1523 592 1557 praedonis
609 1523 687 1549 video
704 1522 787 1549 fatum
803 1522 901 1549 ullum.
940 1522 1015 1549 Nihil
1036 1542 1039 1550 .

220 1561 292 1586 enim
309 1560 401 1586 scribit
417 1561 440 1586 ei
457 1560 634 1595 praedictum.
674 1562 699 1586 6.
721 1560 792 1592 Quid
807 1561 907 1586 mirum
922 1560 1014 1596 igitur,

220 1607 253 1624 ex
265 1597 391 1632 spelunca
404 1606 499 1623 saxum
511 1598 537 1624 in
549 1606 625 1623 crura
637 1597 850 1623 eiusincidisse‘?
860 1597 1014 1628 Putoenim,

220 1636 299 1661 etiam
312 1635 334 1660 si
347 1634 451 1660 Icadius
466 1639 522 1661 tum
539 1635 566 1661 in
581 1634 709 1669 spelunca
725 1643 775 1661 non
793 1634 901 1666 fuisset,
920 1643 1016 1661 saxum
1038 1638 1039 1664 1

222 1677 308 1698 tamen
322 1671 389 1697 illud
401 1681 526 1698 casurum
539 1671 633 1698 fuisse.
663 1672 729 1698 Nam
742 1677 786 1698 aut
798 1672 866 1698 nihil
878 1677 918 1698 est
929 1673 1017 1698 omni·
1037 1670 1039 1695 i

222 1718 255 1735 no
267 1708 418 1739 fortuitum,
441 1714 486 1735 aut
502 1710 551 1735 hoc
567 1710 658 1744 ipsum
674 1710 760 1743 potuit
775 1711 883 1735 evenire
901 1709 1015 1736 fortuna.
1038 1700 1039 1750 l

221 1746 324 1778 Quaero
341 1746 434 1781 igitur,
452 1746 542 1781 (atque
554 1746 603 1773 hoc
615 1746 665 1773 late
677 1746 799 1781 patebit‚)
814 1747 838 1772 si
849 1746 895 1773 fati
907 1748 1017 1773 omnino
1038 1757 1039 1774 l

222 1783 327 1810 nullum
340 1792 445 1814 nomen,
459 1783 532 1809 nulla
545 1788 652 1815 natura,
670 1784 743 1810 nulla
761 1784 802 1810 vis
818 1789 888 1810 esset
903 1789 927 1810 et
939 1784 1014 1815 forte,
1039 1801 1040 1817 1

221 1825 329 1851 temere,
342 1829 405 1846 casu
420 1825 465 1847 aut
475 1820 603 1856 pleraque
614 1821 707 1847 flerent
718 1826 763 1847 aut
773 1821 876 1847 omnia:
891 1830 956 1847 num
968 1821 1018 1847 ali-
1039 1822 1040 1834 ³

222 1862 269 1888 ter,
283 1866 312 1883 ac
323 1866 395 1884 nunc
405 1858 542 1888 eveniunt,
551 1857 706 1884 evenirent‘.²
716 1858 787 1890 Quid
798 1866 861 1893 ergo
872 1859 965 1884 attinet
976 1859 1018 1884 in-
1039 1847 1040 1872 l

222 1894 326 1920 culcare
339 1894 431 1926 satum.
445 1903 529 1929 quum
541 1896 598 1921 sine
611 1894 662 1921 sato
673 1896 739 1922 ratio
750 1896 872 1922 omnium
884 1904 972 1922 rerum
984 1896 1018 1922 ad

223 1936 344 1957 naturam
358 1930 524 1957 fortunamve
537 1931 682 1958 reseratur?

277 1969 320 1995 lv.
341 1969 366 1994 7.
388 1968 440 1993 Sed
457 1968 644 1999 Posidonium,
667 1970 737 1995 sicut
752 1978 869 2004 aequum
884 1974 937 2000 est,
955 1978 1017 1996 cum

223 2005 291 2031 bona
303 2006 387 2040 gratia
398 2005 580 2031 dimittamus:
604 2006 636 2032 ad
648 2006 793 2042 Chrysippi
807 2006 916 2042 laqueos
928 2016 1018 2033 rever·
1040 2032 1041 2039 ,

223 2048 319 2069 tamur.
354 2042 403 2068 Cui
415 2043 532 2076 primum
544 2043 654 2077 quidem
666 2043 699 2069 de
711 2044 768 2078 ipsa
781 2053 869 2070 rerum
881 2046 1018 2080 contagio·
1040 2051 1041 2054 ’

223 2088 255 2105 ne
267 2079 490 2114 respondeamus:
513 2079 615 2115 reliqua
627 2085 716 2115 postea
728 2090 932 2116 persequemur.
974 2083 1018 2108 In—

223 2122 261 2143 ter
273 2116 389 2142 locorum
402 2121 508 2143 naturas
519 2122 649 2152 quantum
661 2119 774 2149 intersit,
789 2118 928 2145 videmus:
951 2119 1017 2145 alios

222 2162 280 2180 esse
292 2153 423 2184 salubres,
437 2153 501 2180 alios
512 2154 680 2189 pestilentes:
695 2156 721 2181 in
733 2155 794 2182 aliis
805 2164 863 2182 esse
875 2157 1017 2191 pituitosos

221 2196 247 2217 et
256 2191 334 2226 quasi
348 2190 535 2222 redundantes,
550 2192 577 2217 in
589 2191 649 2218 aliis
661 2193 808 2219 exsiccatos
822 2198 901 2228 atque
912 2193 1014 2220 aridos:

222 2228 360 2262 multaque
372 2233 434 2254 sunt
445 2228 509 2259 alia,
527 2237 595 2263 quae
613 2230 680 2256 inter
695 2229 783 2256 locum
795 2235 820 2257 et
831 2230 918 2257 locum
931 2230 1018 2265 pluri-

222 2274 296 2291 mum
308 2264 444 2291 differunt.
484 2266 596 2292 Athenis
609 2271 687 2293 tenue
698 2267 817 2298 caelum,
841 2276 874 2294 ex
888 2277 942 2303 quo
953 2277 1018 2294 acu-
1038 2277 1040 2296 :

222 2303 301 2328 tiores
313 2303 391 2328 etiam
408 2308 534 2337 putantur
545 2303 637 2335 Attici,
656 2313 777 2330 crassum
789 2305 902 2337 Thebis;
926 2306 1016 2340 itaque
1038 2326 1039 2334 .

222 2340 337 2375 pingues
348 2339 468 2365 Thebani
480 2345 505 2366 et
516 2340 646 2367 valentes.
687 2342 786 2368 Tamen
800 2350 888 2377 neque
899 2342 967 2368 illud
979 2348 1018 2369 te-
1038 2351 1039 2370 l

223 2385 274 2402 nue
287 2377 391 2403 caelum
407 2376 517 2408 efficiet,
534 2382 563 2404 ut
577 2383 622 2404 aut
633 2379 766 2405 Zenonem
777 2380 840 2414 quis
854 2385 900 2406 aut
910 2380 1017 2406 Arcesi·
1038 2374 1039 2379 ¹

224 2413 273 2439 lam
286 2419 330 2440 aut
342 2414 672 2452 Tlieophrastum‘audiat:
686 2424 773 2450 neque
784 2425 915 2447 crassum,
929 2418 1018 2443 utNe-

224 2458 280 2476 mea
292 2452 389 2485 potius,
403 2460 483 2486 quam
496 2451 596 2479 Isthmo
607 2453 744 2479 victoriam
756 2458 837 2487 petat.
869 2455 893 2480 8.
907 2455 1017 2480 Disiun-

222 2496 256 2519 go
268 2486 382 2523 lougius.
423 2488 494 2520 Quid
505 2489 577 2514 enim
590 2489 640 2515 loci
655 2495 747 2516 natura
763 2490 855 2516 afferre
871 2496 970 2526 potest,
988 2496 1017 2518 ut

224 2524 250 2548 in
267 2526 368 2557 porticu
384 2525 503 2559 Pompeii
520 2527 622 2560 potius,
643 2535 724 2561 quam
740 2527 768 2553 in
784 2536 878 2562 campo
894 2527 1017 2554 ambule-
1038 2526 1039 2562 l

224 2559 302 2585 mus?
314 2566 416 2591 tecum.
437 2571 517 2596 quam
534 2571 595 2589 cum
611 2563 682 2589 alio‘?
702 2563 795 2590 Idibus
810 2565 913 2598 potius,
934 2574 1016 2600 quam

224 2596 369 2623 Kalendis?
389 2598 421 2624 Ut
433 2599 514 2633 igitur
525 2599 557 2625 ad
569 2600 700 2635 quasdam
712 2609 754 2626 res
765 2606 858 2627 natura
871 2601 922 2628 loci
933 2603 1017 2637 perti-
1037 2599 1039 2624 l

1044 485 1045 493 ¹
1068 485 1093 506 et
1106 489 1131 505 in
1143 488 1196 514 qun
1207 488 1300 505 caussa
1315 480 1456 509 consistat.
1474 489 1524 506 non
1543 479 1624 505 videt.

223 2638 267 2660 net
278 2633 390 2669 aliquid,
399 2634 432 2661 ad
443 2636 572 2671 quasdam
585 2640 673 2664 autem
685 2637 768 2664 nihil:
782 2639 820 2665 sic
833 2644 964 2666 astrorum
976 2639 1017 2666 as-
1037 2626 1040 2664 i

1016 112 1291 138 ‹jttsstzttoxts

1069 182 1146 208 ies-tio
1159 182 1256 213 valeat,
1269 183 1292 209 ai
1305 183 1360 213 vis,
1377 182 1409 208 ad
1420 182 1550 218 quasdam
1562 191 1619 210 ren:
1642 182 1674 209 ad
1686 192 1779 210 omnes
1790 188 1860 210 certe

1069 229 1119 245 non
1138 219 1246 246 valebit.
1286 220 1318 246 Λι
1328 220 1410 249 enim,
1427 221 1554 254 quoniam
1567 221 1592 246 in
1605 222 1707 247 naturis
1719 221 1860 247 homiuum

1068 256 1305 282 dissimilitudines
1317 262 1392 286 nunt.
1411 262 1438 283 ut
1449 257 1515 283 alios
1526 257 1629 287 dulcia.
1642 258 1707 284 alios
1719 258 1860 283 subamara

1068 293 1213 321 delectent;
1227 293 1272 319 alii
1286 293 1488 323 libi‹linosi,alii
1500 294 1620 321 iracundi
1632 300 1676 321 aut
1687 295 1862 321 erudeli-saut

1068 331 1179 365 superbi
1195 331 1261 361 sint;
1280 330 1325 357 alii
1343 330 1441 357 talibus
1455 331 1528 357 vitiis
1543 331 1714 358 abhorreant:
1732 333 1860 367 ‹pioniam

1044 397 1045 403 ¹
1070 369 1160 404 igitur.
1174 368 1380 402 inquit.tantuin
1393 373 1484 394 natura
1495 377 1509 394 a
1522 373 1613 394 natura
1624 368 1717 400 disten
1731 369 1796 404 quid
1810 370 1862 395 mi-

1069 415 1127 431 rum
1140 410 1192 434 est,
1208 405 1255 430 has
1267 404 1504 431 dissimilitudines
1516 414 1549 432 ex
1560 405 1745 432 differentibus
1756 407 1862 432 caussis

1068 452 1126 468 esse
1140 441 1238 468 factas‘?
1268 442 1298 468 V.
1321 444 1345 468 9.
1368 442 1437 468 llaec
1448 442 1592 472 disserens.
1610 451 1662 477 qua
1673 442 1707 469 de
1719 452 1745 470 re
1757 448 1859 478 agatur.

1664 480 1721 506 Non
1733 481 1819 510 enim,
1838 480 1861 506 si

1069 517 1113 543 alii
1125 517 1157 542 ad
1169 516 1219 542 alia
1233 517 1419 551 propensiores
1431 518 1484 543 sint
1495 522 1602 551 propter
1612 526 1721 543 caussas
1728 517 1862 544 naturales

1044 551 1045 557 ¹
1068 559 1092 580 et
1104 553 1304 584 antecedentes,
1323 553 1422 580 idcireo
1437 555 1516 580 etiam
1533 559 1682 580 nostrarum
1696 554 1862 581 voluntatum

1044 618 1045 622 ,
1069 597 1147 626 atque
1163 591 1357 626 appetitionum
1375 596 1437 617 sunt
1452 600 1562 617 caussae
1576 591 1710 617 naturales
1721 596 1746 617 et
1757 596 1863 618 antece-

1044 643 1045 652 i
1068 629 1169 655 dentes.

1044 679 1045 685 ι
1068 676 1096 692 se
1109 666 1228 692 haberet.

1206 629 1271 654 Nam
1285 628 1352 654 nihil
1364 634 1434 654 esset
1446 629 1472 655 in
1484 634 1570 655 nostra
1583 634 1723 663 potestate.
1738 629 1761 655 si
1773 637 1816 655 res
1828 629 1862 655 im

1261 666 1337 691 Nunc
1350 674 1411 692 vero
1424 665 1545 697 fatemur,
1559 666 1628 692 acuti
1642 666 1800 696 hebetesne,
1817 674 1863 692 va-

1069 703 1152 730 lentes
1169 702 1334 729 imbecilline
1349 704 1449 733 simus,
1472 712 1522 730 non
1535 712 1593 729 esse
1606 703 1632 729 id
1645 704 1670 730 in
1682 703 1770 730 nobis.
1810 702 1863 735 Qui

1067 745 1155 767 autem
1171 749 1204 767 ex
1219 749 1250 767 eo
1265 741 1323 776 cogi
1341 745 1428 775 putat.
1447 749 1479 766 ne
1496 745 1524 767 ut
1538 740 1681 766 sedeamus
1695 739 1806 775 quidem
1818 743 1864 766 aut

1068 777 1248 808 ambulemus,
1258 777 1402 804 voluntatis
1414 786 1485 810 esse3
1501 778 1523 804 is
1536 787 1586 804 non
1598 777 1756 812 videt‚quae
1767 785 1865 812 quam-

1068 824 1120 850 que
1137 824 1191 841 rem
1214 823 1256 841 res
1277 819 1465 850 consequatur.
1506 815 1539 841 Ut
1558 816 1629 841 enim
1649 820 1673 841 et
1690 815 1822 850 ingeniosi
1838 818 1864 840 et.

1068 852 1136 879 tardi
1158 853 1192 878 ita
1209 857 1351 878 nascantur
1366 851 1586 878 antecedentibus
1602 853 1721 882 caussis.
1745 853 1863 886 itemque

1069 889 1187 916 valentes
1203 894 1227 916 ct
1243 889 1386 919 imt›e‹·itli;
1409 898 1459 915 non
1476 890 1600 924 sequitur
1616 895 1716 920 tamen,
1739 894 1768 915 ut
1783 889 1862 915 etiam

1069 926 1161 953 sedere
1173 931 1197 953 et
1208 926 1346 952 ambulare
1357 931 1382 953 et
1394 935 1448 952 rem
1461 935 1538 962 agere
1555 926 1687 961 aliquam,
1704 925 1864 961 principali-

1068 964 1120 990 bus
1131 964 1235 990 caussis
1246 963 1386 990 deiinitum
1398 968 1422 990 et
1433 964 1606 990 constitutum
1619 965 1663 990 sit.
1705 965 1744 989 ⁴0.
1764 962 1864 997 Stilpo-

1069 1010 1139 1032 nem¹
1149 1001 1311 1037 Megaricum
1324 1001 1523 1036 philosophum,
1532 1006 1640 1027 acutum
1652 1009 1715 1027 sane
1727 1000 1863 1026 hominem

1068 1043 1093 1065 et
1104 1038 1244 1073 probatum
1262 1038 1428 1073 temporibus
1440 1038 1495 1064 illis
1506 1040 1669 1073 accepimus.
1711 1038 1786 1064 llunc
1797 1038 1864 1063 scri-

1069 1076 1136 1102 bunt
1159 1076 1244 1110 ipsius
1267 1075 1413 1101 familiares
1434 1081 1458 1102 et
1478 1075 1615 1101 ebriosum
1636 1081 1662 1102 et
1687 1074 1863 1101 mulierosum

1069 1112 1166 1139 fuisse:
1181 1121 1268 1147 neque
1280 1112 1329 1139 hoc
1339 1113 1461 1139 scribunt
1474 1114 1664 1147 vituperantes,
1673 1112 1720 1138 sed
1731 1113 1819 1147 potius
1831 1111 1864 1137 ad

1069 1150 1189 1182 laudem3
1214 1151 1337 1176 vitiosam
1353 1150 1425 1176 enim
1442 1155 1563 1176 naturam
1580 1149 1613 1176 ab
1629 1150 1709 1176 eosic
1720 1149 1864 1175 edomitam

1044 1194 1046 1202 ’
1068 1192 1093 1214 et
1104 1195 1285 1222 compressam
1297 1196 1356 1214 esse
1367 1187 1499 1217 doctrina.
1517 1192 1545 1213 ut
1557 1195 1634 1213 nemo
1645 1195 1775 1221 umquam
1787 1186 1866 1212 vino—

1070 1224 1171 1251 lentum
1184 1224 1276 1256 illum,
1291 1234 1369 1251 nemo
1381 1225 1407 1251 in
1419 1233 1450 1251 eo
1462 1224 1585 1251 libidinis
1597 1225 1743 1259 vestigium
1755 1223 1864 1250 viderit.

1068 1261 1158 1294 Quid‘?
1167 1262 1300 1289 Socratem
1313 1271 1400 1289 nonne
1412 1261 1537 1298 legimus.
1549 1260 1779 1297 quemadmodum
1791 1265 1866 1287 nota-

1069 1300 1102 1326 rit
1113 1300 1242 1335 Zopyrus,
1255 1300 1480 1336 physiognomon,
1493 1300 1540 1334 qui
1553 1307 1581 1325 se
1592 1298 1766 1334 profitebatur
1776 1297 1866 1324 homi·

1069 1345 1133 1363 num
1146 1345 1233 1363 mores
1245 1342 1407 1372 naturasque
1419 1345 1452 1363 ex
1466 1336 1688 1371 corpore,oculis,
1697 1335 1784 1366 vultu,
1793 1335 1866 1361 fron-

1069 1380 1092 1401 te
1111 1374 1287 1409 pernoscere?
1306 1374 1445 1409 stupidum
1462 1382 1520 1400 esse
1531 1374 1664 1400 Socratem
1680 1372 1750 1399 dixit
1765 1377 1791 1399 et
1804 1371 1866 1398 bar-

1069 1412 1148 1444 dum3
1163 1412 1334 1448 quodiugula
1341 1420 1456 1438 concava
1463 1420 1515 1438 non
1528 1411 1645 1438 haberet.
1658 1410 1809 1437 obstructas
1819 1417 1865 1435 eas

1069 1453 1157 1484 partes
1168 1453 1194 1475 et
1203 1449 1340 1476 obturatas
1350 1458 1409 1475 esse
1420 1448 1539 1480 diceban
1554 1448 1658 1474 addidit
1668 1447 1758 1478 etiam,
1767 1445 1866 1473 mulie-

1044 1494 1045 1503 ¹
1069 1495 1174 1513 rosum:
1189 1487 1216 1512 in
1227 1485 1442 1521 qqulcibiades
1453 1486 1615 1512 cachinnum
1627 1485 1727 1511 dicitur
1737 1483 1866 1510 sustulis-

1069 1532 1107 1550 se.
1150 1525 1190 1550 Η.
1211 1523 1263 1549 Sed
1280 1524 1345 1550 haec
1361 1532 1394 1550 ex
1408 1523 1576 1549 naturalibus
1593 1522 1696 1549 caussis
1712 1522 1778 1548 vitia
1791 1521 1866 1547 nasci

1068 1565 1195 1596 possunt:
1209 1561 1351 1596 exstirpari
1363 1565 1452 1587 autem
1463 1565 1489 1586 et
1500 1559 1622 1586 funditus
1633 1559 1704 1590 tolli,
1721 1563 1750 1585 ut
1761 1559 1784 1585 is
1795 1559 1863 1593 ipse,

1068 1599 1115 1633 qui
1127 1598 1159 1624 ad
1172 1606 1200 1624 ea
1212 1606 1363 1633 propensus
1375 1597 1572 1629 suerit,atantis
1583 1597 1657 1624 vitiis
1668 1600 1802 1627 avocetur,
1812 1603 1865 1622 non

1068 1640 1108 1662 est
1118 1636 1236 1670 positum
1248 1636 1274 1661 in
1292 1634 1460 1662 naturalibus
1475 1635 1593 1665 caussis,
1611 1633 1658 1660 sed
1674 1635 1702 1660 in
1717 1633 1863 1663 voluntate,

1068 1672 1171 1703 studio,
1195 1672 1349 1707 disciplina.
1386 1672 1459 1704 Quae
1479 1671 1609 1698 tolluntur
1623 1671 1727 1701 omnia,
1745 1671 1768 1696 si
1782 1670 1824 1696 vis
1840 1674 1866 1696 et

1069 1715 1162 1737 natura
1174 1709 1221 1736 tati
1232 1718 1266 1736 ex
1277 1710 1453 1736 divinationis
1465 1709 1565 1735 ratione
1577 1708 1736 1734 firmabitur.
1751 1707 1867 1734 vri-:te-

1069 1748 1125 1774 nim
1141 1747 1165 1773 si
1181 1751 1221 1773 est
1236 1747 1381 1776 divinatio.
1404 1745 1595 1781 qualibusnam
1612 1754 1625 1771 a
1646 1745 1780 1780 perceptis
1801 1744 1865 1770 artis

1069 1783 1266 1820 proficiscitur?
1281 1788 1405 1819 percepta
1416 1782 1534 1818 appello,
1546 1791 1615 1818 quae
1627 1782 1755 1808 dicuntur
1765 1781 1866 1808 Graece

1069 1821 1241 1857 θεωρήματα.
1282 1822 1339 1847 Non
1355 1822 1427 1847 enim
1443 1820 1522 1847 credo
1537 1820 1611 1846 nullo
1627 1824 1752 1854 percepto
1766 1824 1811 1846 aut
1821 1827 1866 1845 ce-

1069 1864 1138 1886 teros
1149 1858 1263 1885 artifices
1274 1859 1376 1885 versari
1389 1859 1415 1884 in
1427 1866 1476 1884 suo
1487 1865 1607 1888 munere,
1615 1862 1660 1883 aut
1671 1865 1726 1887 eos,
1734 1857 1782 1891 qui
1792 1855 1866 1882 divi-

1070 1897 1175 1923 natione
1191 1901 1313 1926 utantur,
1332 1895 1420 1922 futura
1435 1894 1599 1930 praedicere.
1642 1895 1682 1920 ⁴2.
1703 1893 1772 1920 Sunt
1783 1894 1866 1929 igitur

1069 1933 1263 1969 astrologorum
1284 1938 1406 1968 percepta
1429 1931 1601 1958 huiusmodi:
1625 1931 1674 1958 »Si
1689 1931 1766 1966 quis,
1788 1930 1865 1957 verbi

1069 1979 1172 2001 caussa,
1185 1971 1286 1997 oriente
1298 1969 1424 1997 Canicula
1437 1974 1515 1996 natus
1526 1974 1575 2000 est,
1592 1969 1654 1995 isin
1665 1969 1734 1994 mari
1744 1976 1797 1994 non
1807 1976 1866 1994 mo-

1069 2009 1181 2035 rietur.‹1
1201 2007 1298 2043 Vigila,
1312 2007 1473 2043 Chrysippo,
1490 2015 1522 2033 ne
1534 2011 1606 2032 tuam
1617 2014 1755 2036 caussam,
1773 2006 1800 2032 in
1812 2013 1866 2040 qua

1068 2045 1119 2072 tibi
1134 2053 1196 2071 cum
1206 2044 1333 2075 Diodoro,
1353 2044 1457 2070 valente
1469 2043 1625 2074 Dialectico,
1643 2051 1740 2079 magna
1756 2042 1865 2069 luctatio

1069 2087 1121 2114 est,
1139 2082 1256 2109 deseras.
1297 2082 1325 2108 Si
1336 2082 1408 2108 enim
1420 2089 1516 2107 verum
1527 2085 1580 2111 est,
1597 2080 1671 2115 quod
1682 2081 1718 2106 ita
1729 2080 1866 2106 connecti-

1069 2125 1125 2147 tur:
1148 2130 1159 2143 »
1166 2119 1193 2146 Si
1205 2120 1268 2154 quis
1278 2119 1378 2146 oriente
1390 2117 1517 2146 Canicula
1529 2122 1607 2144 natus
1618 2122 1670 2147 est,
1689 2118 1717 2144 in
1732 2117 1800 2143 mari
1812 2125 1863 2143 nou

1069 2157 1210 2189 morietur;
1220 2168 1230 2181 ι(
1242 2156 1310 2183 illud
1321 2164 1429 2191 quoque
1438 2163 1532 2182 verum
1545 2159 1599 2181 est:
1612 2154 1766 2181 »SiFabius
1776 2154 1866 2180 orien-

1069 2199 1093 2221 te
1107 2193 1233 2221 Canicula
1246 2199 1323 2220 natus
1335 2198 1387 2224 est,
1411 2193 1510 2220 Fabius
1525 2193 1553 2218 in
1565 2193 1633 2218 mari
1644 2200 1696 2218 non
1707 2191 1864 2218 morietur.‹1

1068 2232 1192 2267 Pugnant
1202 2240 1266 2267 ergo
1276 2231 1342 2257 haec
1352 2231 1422 2257 inter
1434 2239 1463 2256 se
1471 2251 1478 2261 ,
1495 2229 1609 2256 Fabium
1624 2229 1725 2255 oriente
1736 2227 1863 2255 Canicula

1070 2274 1161 2295 natum
1177 2277 1250 2300 esse,
1272 2273 1297 2294 et
1313 2269 1340 2294 in
1357 2268 1425 2294 mari
1439 2267 1554 2294 Fabium
1568 2267 1741 2292 moriturum:
1759 2270 1784 2292 et
1795 2273 1865 2300 quo-

1068 2307 1141 2332 niam
1152 2311 1254 2332 certum
1266 2306 1294 2332 in
1306 2305 1388 2332 Fabio
1399 2305 1521 2340 ponitur,
1541 2308 1630 2330 ortum
1641 2311 1700 2329 esse
1710 2311 1772 2328 eum
1783 2301 1865 2329 Cani-

1068 2343 1128 2370 cula
1143 2344 1257 2376 oriente;
1281 2343 1346 2369 haec
1361 2350 1469 2377 quoque
1479 2345 1614 2376 pugnant,
1631 2345 1657 2366 et
1667 2348 1726 2366 esse
1737 2339 1861 2370 Fabium,

1069 2386 1095 2407 et
1110 2381 1137 2407 in
1152 2381 1220 2407 mari
1235 2389 1294 2406 esse
1310 2380 1481 2406 moriturum.
1520 2378 1591 2413 Ergo
1604 2377 1669 2403 haec
1679 2385 1788 2411 quoque
1799 2385 1864 2403 con-

1068 2418 1169 2444 iunctio
1179 2422 1219 2444 est
1229 2426 1264 2444 ex
1274 2416 1498 2452 repugnantibus,
1512 2415 1557 2441 »Et
1567 2413 1721 2445 esffiabius,
1730 2418 1755 2440 et
1767 2414 1794 2440 in
1806 2422 1864 2440 ma-

1069 2455 1091 2481 ri
1104 2455 1205 2481 Fabius
1216 2455 1357 2481 morietur:
1366 2464 1378 2479 <1
1398 2453 1471 2488 quod
1482 2457 1511 2479 ut
1520 2451 1688 2486 propositum
1698 2456 1747 2481 est,
1761 2459 1794 2477 ne
1805 2451 1863 2477 fieri

1067 2492 1181 2527 quidem
1195 2497 1292 2527 potest.
1331 2492 1402 2526 Ergo
1417 2489 1499 2520 illud,
1521 2488 1667 2514 »Morietur
1687 2488 1713 2514 in
1729 2488 1797 2514 mari
1812 2488 1863 2515 Fa-

1068 2529 1140 2561 bius,
1150 2540 1161 2555 «
1176 2538 1211 2556 ex
1220 2538 1251 2556 eo
1261 2537 1358 2565 genere
1370 2532 1419 2558 est,
1432 2526 1504 2562 quod
1516 2525 1572 2551 fieri
1584 2533 1635 2550 non
1647 2529 1742 2559 potest.
1777 2525 1863 2552 Omne

1068 2567 1164 2602 igitur,
1177 2566 1251 2601 quod
1263 2566 1362 2592 salsum
1373 2564 1472 2591 dicitur
1482 2564 1509 2590 in
1520 2562 1623 2592 futuro,
1642 2561 1669 2587 id
1682 2561 1739 2588 fieri
1750 2571 1802 2589 non
1813 2571 1863 2597 po-

1068 2608 1128 2630 test.
1168 2604 1224 2630 vn.
1239 2605 1278 2630 ⁴3.
1293 2603 1327 2629 At
1337 2603 1396 2632 hoc,
1409 2601 1569 2636 Chrysippe,
1583 2599 1695 2625 minime
1706 2600 1762 2626 vis:
1775 2599 1863 2626 maxi-

1068 2649 1166 2676 meque
1176 2641 1227 2667 tibi
1237 2640 1270 2667 de
1282 2640 1332 2667 hoc
1343 2640 1402 2674 ipso
1412 2646 1475 2664 cum
1481 2636 1594 2664 Diodoro
1599 2640 1733 2663 certamen
1743 2641 1793 2663 est.
1814 2635 1862 2663 Ille
