1941 3052
217 157 267 182 302
788 153 829 177 22.
864 151 898 177 M.

217 227 271 252 ium
295 223 463 259 corrumpat‘?
489 222 588 249 scritum
611 228 807 255 accensumque
831 221 915 254 prctio
935 219 1009 246 dele-

216 262 288 289 tiiut‘?
313 262 348 288 Eu
369 261 507 296 praecipit,
531 268 599 294 quue
624 259 702 289 vidit,
727 266 756 284 en
780 262 868 283 monet
891 257 1008 284 alienum

217 300 360 328 hominem.
377 307 444 333 quac
459 298 531 323 dorni
545 296 639 322 didicit
654 296 724 330 ipse:
754 303 846 320 verum
863 295 888 320 in
905 294 954 320 hoc
967 303 1008 321 cr-

215 341 253 363 rut
268 345 333 366 uno,
356 335 427 370 quud
446 334 551 359 casdem
567 333 702 359 existimat
718 332 773 357 vius
787 331 820 357 ad
834 331 954 358 omnium
970 331 1009 358 sa·
1029 353 1031 361 ,

216 374 380 400 miliaritutes
400 381 458 397 csse
479 371 604 396 munitas.
647 371 704 395 ¹5⁸.
726 370 895 403 Quamquam
915 368 1009 395 merito
1029 398 1031 407 ,

214 420 274 437 sum
290 411 371 436 iratus
387 408 503 438 Metello,
521 412 607 433 tamen
623 406 699 437 hacc,
715 415 783 441 quae
799 415 858 431 vera
873 410 950 435 sunt.
966 405 1008 432 ‹li-
1029 415 1031 432 ι

213 457 282 473 cam.
323 446 455 480 Apronius
471 445 561 479 ipsum
576 443 713 470 Metellum
728 452 778 469 non
795 443 887 477 pretio.
905 447 934 469 ut
944 443 1008 470 Vei·—
1029 437 1031 483 l

214 493 278 514 rem,
297 482 488 511 nonconvivio.
507 490 557 507 non
570 481 690 511 muliere,
708 489 759 507 non
770 489 891 507 sermone
903 480 1008 515 impuro
1029 485 1037 514 η

213 527 292 556 atquc
307 520 427 554 improbo
443 523 532 553 posset
544 527 727 552 corrumpere·,
743 517 846 553 quilius
860 517 941 544 relius
956 526 1007 544 non

213 559 312 585 sensim
331 562 410 591 ntquc
429 556 561 582 moderate
579 555 611 582 ad
633 556 710 581 istius
729 555 873 581 amicitiam
887 563 1009 589 arrepse-

213 601 262 625 rat,
288 594 334 620 sed
354 594 427 620 brevi
451 598 568 628 tempore
593 597 674 619 totum
699 593 848 623 hominem,
874 596 1008 627 totamque

211 633 270 658 cius
286 636 434 666 praeturam
449 630 609 665 possederat.
641 630 780 656 Cohortem
795 634 883 656 autem
898 629 1006 661 Metelli,

211 678 291 704 quam
312 673 400 698 vocat,
420 668 487 703 quid
506 672 574 699 erat,
594 667 666 703 quod
685 672 878 702 corrumperet,
903 676 936 693 ex
955 675 1007 702 qua

213 711 409 741 recuperatores
424 706 450 732 in
465 710 592 731 aratorem
608 705 674 731 nulli
689 704 839 731 dabantur?
869 706 924 731 159.
941 704 1007 730 Nam

211 744 283 779 quod
298 744 399 774 scribit,
417 742 515 769 Metelli
530 742 614 769 lilium
627 751 740 777 puerum
752 750 820 773 esse,
838 742 1008 768 vehementer

211 785 293 807 errat:
323 789 373 807 non
394 781 466 807 enim
489 779 521 806 ad
543 789 636 806 omnes
660 784 809 814 praetorum
833 779 902 805 lilios
926 778 1006 805 iidem

211 819 300 845 aditus
315 823 386 844 sunt.
421 817 443 844 Ο
457 817 634 847 Timarchide,
651 817 750 843 Metelli
765 822 805 843 cst
819 816 890 843 [ilius
906 817 932 842 in
948 825 1008 851 pro-

211 856 312 886 vincia,
334 864 386 882 non
405 863 484 890 puer,
504 855 552 881 sed
570 854 724 881 adolescens
742 854 829 881 bonus
847 862 877 880 ac
892 853 1005 888 pudens.

211 893 311 929 dignus
329 892 375 919 illo
393 891 448 919 loco
467 901 496 918 ac
515 892 630 918 nomine.
672 892 763 918 Vester
783 892 833 918 iste
853 900 919 926 puer
933 899 1009 926 prae-

212 935 328 957 textatus
342 930 368 956 in
383 930 518 964 provincia
533 929 760 964 quemadmodum
777 928 884 959 suisset,
901 937 952 955 non
967 928 1008 954 di-

209 977 306 998 cerem,
322 968 345 994 si
360 968 435 1002 pueri
450 976 508 993 esse
523 967 596 993 illam
610 967 728 1001 culpam,
744 975 773 992 ac-
787 975 838 993 non
854 966 937 1001 patris
951 966 1009 992 exi-

210 1006 356 1031 stimarem.
397 1005 480 1035 Tune,
496 1013 580 1039 quum
596 1009 619 1030 tc
634 1013 663 1030 ac
677 1009 748 1030 tuam
765 1004 845 1030 vitam
862 1012 963 1034 nosses,
981 1003 1007 1030 in

210 1042 328 1069 siciliam
351 1046 437 1068 tecum
460 1041 587 1077 grandem
611 1045 803 1076 praetextatum
823 1041 908 1067 lilium
926 1040 1009 1067 duce-

207 1079 277 1106 bas‘?
303 1084 344 1111 ut,
367 1079 471 1106 etiamsi
488 1083 578 1105 natura
594 1087 708 1113 puerum
722 1087 736 1104 a
751 1079 868 1113 paternis
882 1079 956 1104 vitiis
970 1083 1008 1104 at-

210 1125 263 1152 que
277 1126 291 1143 a
305 1117 413 1153 generis
426 1117 604 1142 similitudine
619 1116 774 1146 abduceret,
790 1115 956 1142 consuetudo
970 1120 1009 1142 ta-

211 1163 271 1181 men
286 1163 348 1181 eum
363 1158 388 1180 et
402 1154 544 1188 disciplina
559 1153 719 1189 degenerare
734 1162 785 1180 non
799 1152 916 1180 sineret‘?
949 1155 1006 1179 460.

212 1193 262 1218 Fac
279 1192 351 1218 enim
370 1191 454 1218 fuisse
474 1192 501 1218 in
521 1191 572 1217 isto
585 1192 615 1218 C.
631 1191 727 1222 Laelii,
748 1191 783 1217 M.
799 1190 907 1217 Catonis
926 1195 1009 1217 mate-

211 1230 276 1256 riem
295 1234 375 1264 atque
393 1228 524 1255 indolem:
553 1228 620 1263 quid
640 1237 672 1255 ex
691 1237 722 1255 eo
735 1228 798 1254 boni
813 1228 914 1263 sperari
928 1232 1008 1263 atque

210 1266 280 1293 effici
294 1270 394 1301 potest,
410 1266 457 1301 qui
472 1267 498 1292 in
514 1266 596 1300 patris
611 1266 716 1293 luxurie
730 1266 769 1292 sic
783 1265 888 1296 vixerit,
905 1269 934 1291 ut
948 1265 1009 1292 nul-

212 1303 268 1330 lum
293 1312 422 1339 umquam
446 1303 576 1338 pudicum
599 1312 692 1339 neque·
709 1303 829 1329 sobrium
852 1303 1008 1329 convivium

212 1341 326 1367 viderit?
350 1341 398 1376 qui
417 1341 444 1367 in
463 1340 552 1376 epulis
570 1340 734 1375 quotidianis
753 1340 843 1366 adulta
860 1345 944 1366 aetate
963 1348 1009 1375 per

212 1379 357 1405 triennium
371 1379 441 1405 inter
453 1378 605 1413 impudicas
619 1377 747 1404 mulieres
761 1382 786 1404 et
801 1378 1008 1412 intemperantes

212 1417 283 1442 viros
302 1420 423 1442 versatus
442 1415 494 1442 sit‘?
519 1415 587 1442 nihil
607 1424 735 1450 umquam
755 1423 769 1441 a
788 1419 861 1449 patre
883 1414 1006 1446 audierit.

211 1462 265 1488 quo
275 1453 417 1488 pudentior
426 1458 471 1479 aut
483 1453 576 1479 melior
585 1453 673 1479 esset‘?
687 1452 753 1479 nihil
766 1461 895 1487 umquam
906 1456 1008 1487 patrem

212 1491 296 1517 facere
315 1490 425 1521 viderit,
449 1490 521 1525 quod
539 1499 624 1525 quum
643 1490 763 1516 imitatus
782 1494 865 1520 esset,
891 1498 956 1521 uon,
981 1489 1009 1516 id

212 1527 284 1563 quod
298 1528 487 1562 turpissimum
501 1532 550 1558 est,
567 1528 649 1562 patris
664 1527 762 1553 similis
778 1526 935 1562 putaretur?

267 1565 361 1592 LXIX.
385 1566 442 1591 461.
463 1565 568 1597 Quibus
595 1565 622 1591 in
649 1565 730 1591 rebus
755 1573 807 1591 non
830 1564 918 1591 solum
943 1563 1007 1596 filio,

212 1603 315 1634 Verres,
331 1602 379 1629 sed
392 1603 472 1629 etiam
486 1602 650 1637 reipublicae
664 1602 750 1628 fecisti
764 1602 901 1628 iniuriam.
941 1601 1010 1628 Sus-

212 1648 320 1674 ceperas
339 1640 410 1666 enim
430 1640 527 1666 liberos
546 1648 598 1666 non
616 1639 704 1666 solum
719 1639 780 1670 tibi,
801 1639 849 1666 sed
868 1639 947 1665 etiam
962 1647 1010 1673 pa-

212 1678 290 1704 triae:
307 1677 354 1712 qui
369 1686 421 1704 non
436 1677 514 1703 modo
529 1677 577 1703 tibi
591 1676 731 1711 voluptati,
747 1676 794 1702 sed
809 1677 888 1703 etiam
901 1676 949 1711 qui
959 1676 1010 1702 ali—

212 1714 320 1749 quando
334 1714 398 1741 usui
412 1713 575 1749 reipublicae
588 1722 647 1740 esse
662 1718 780 1748 possent.
802 1714 855 1740 Eos
869 1714 1010 1740 instituere

212 1756 293 1786 atque
315 1751 421 1778 erudire
443 1751 475 1778 ad
498 1751 629 1778 maiorum
651 1751 774 1777 instituta
795 1755 876 1786 atque
893 1751 1010 1777 civitatis

213 1788 397 1823 disciplinam,
419 1797 470 1815 non
485 1789 517 1815 ad
531 1793 576 1815 tua
590 1788 688 1824 flagitia
702 1796 789 1823 neque
803 1788 836 1814 ad
850 1792 910 1814 tuas
924 1788 1011 1822 turpi—

212 1825 320 1852 tudines
339 1825 467 1852 debuisti.
506 1826 584 1852 Esset
602 1834 635 1852 ex
653 1826 731 1852 inerti
753 1830 834 1860 atque
856 1825 964 1860 impuro
985 1829 1011 1851 et

213 1863 335 1898 improbo
353 1868 461 1898 parente
480 1872 564 1889 navus
583 1869 609 1890 et
628 1863 732 1897 pudens
749 1867 775 1889 et
797 1862 897 1897 probus
921 1862 1007 1889 lilius:

213 1900 324 1927 haberet
346 1900 450 1935 aliquid
471 1901 518 1927 abs
542 1905 566 1926 te
589 1900 742 1935 respublica
761 1900 892 1926 muneris.
933 1900 1010 1927 Nune

215 1946 262 1973 pro
276 1942 300 1964 te
314 1937 422 1964 Verrem
436 1938 600 1964 substituisti
614 1938 727 1964 alterum
741 1937 856 1964 civitati:
877 1937 929 1964 nisi
944 1937 1010 1964 sorte

213 1976 264 2002 hoc
276 1975 443 2006 deteriorem,
459 1976 482 2001 si
497 1975 553 2001 fieri
568 1979 662 2010 potest,
678 1974 750 2010 quod
765 1979 792 2001 tu
804 1974 938 2001 eiusmodi
948 1983 1010 2001 eva-

213 2013 287 2043 sisti,
308 2021 360 2039 non
374 2012 402 2038 in
416 2012 533 2039 hominis
549 2012 694 2044 luxuriosi,
716 2011 764 2038 sed
783 2017 885 2038 tantum
900 2013 927 2038 in
943 2012 1010 2039 l'uris

214 2058 243 2076 ac
256 2049 383 2076 divisoris
397 2049 540 2085 disciplina
553 2050 692 2076 educatus.
716 2051 772 2076 ⁴62.
787 2049 859 2082 Quid
872 2050 924 2076 isto
934 2049 1010 2076 festi-

214 2087 275 2113 vius
289 2086 345 2114 sore
358 2087 527 2118 arbitramur,
542 2087 590 2122 qui
604 2092 645 2113 est
657 2091 720 2113 tuus
735 2091 827 2113 natura
842 2087 927 2117 fitius,
947 2095 1011 2113 con-

213 2124 356 2151 suetudine
370 2124 535 2159 discipulus,
557 2124 692 2151 voluntate
706 2123 824 2151 similis‘?
848 2124 936 2156 Quem
950 2133 1008 2160 ego,

214 2161 330 2192 iudices,
358 2162 483 2197 quamvis
510 2162 610 2189 bonum
637 2161 786 2197 fortemque
808 2161 885 2188 facile
907 2166 1010 2196 paterer

213 2198 335 2226 evadere.
376 2199 433 2226 Non
451 2200 523 2226 enim
542 2207 584 2226 me
602 2199 758 2226 inimicitiae
780 2203 963 2230 commovent,
986 2199 1010 2225 si

213 2244 282 2271 quae
295 2236 363 2263 mihi
376 2245 438 2262 cum
452 2237 504 2263 isto
517 2237 622 2263 futurae
635 2241 707 2263 sunt.
730 2237 796 2262 Nam
810 2237 834 2262 si
845 2237 872 2263 in
883 2236 1010 2263 omnibus

214 2273 294 2300 rebus
309 2274 435 2300 innocens
447 2273 522 2301 fuero
531 2275 638 2309 meique
649 2273 760 2306 similis:
775 2273 842 2309 quid
852 2274 919 2300 mihi
930 2274 1009 2300 istius

213 2311 370 2338 inimicitiae
384 2311 535 2338 nocebunt?
561 2312 603 2338 sin
621 2311 710 2346 aliqua
725 2312 752 2338 in
767 2320 795 2337 re
808 2311 897 2338 Verris
911 2311 1009 2338 similis

214 2347 302 2379 suero,
323 2357 375 2375 non
389 2349 476 2385 magis
490 2349 557 2375 mihi
575 2349 659 2375 deerit
676 2349 818 2380 inimicus,
837 2357 920 2383 quam
934 2349 1009 2375 Verri

214 2384 308 2412 defuit.
348 2385 468 2418 Etenim,
485 2386 600 2417 iudices,
617 2386 750 2413 eiusmodi
764 2385 917 2420 respublica
931 2385 1010 2412 debet

214 2430 273 2448 esse
287 2427 313 2449 et
325 2423 388 2454 erit,
408 2425 548 2450 severitate
562 2423 724 2450 iudiciorum
737 2423 894 2454 constituta,
914 2427 945 2450 ut
957 2423 1010 2449 ini-
1040 2447 1041 2457 ,

215 2460 301 2485 micus
319 2468 407 2495 neque
424 2460 518 2488 deesse
536 2461 640 2488 nocenti
659 2461 745 2496 possit
758 2469 846 2495 neque
859 2460 954 2487 obesse
967 2460 1010 2486 in-

215 2496 329 2522 nocenti.
368 2496 535 2533 Quapropter
548 2498 621 2525 nulla
635 2507 678 2524 res
695 2502 749 2528 est,
768 2497 941 2533 quamobrem
961 2505 1010 2533 ego

214 2533 298 2559 istum
316 2533 399 2560 nolim
417 2543 450 2562 ex
468 2536 585 2570 paternis
604 2535 709 2570 probris
727 2543 756 2561 ae
774 2535 849 2561 vitiis
863 2543 1008 2570 emergere.

215 2569 244 2596 ld
257 2570 330 2604 quod
345 2572 449 2598 tametsi
463 2573 507 2598 isti
521 2572 631 2599 difficile
645 2577 698 2602 est.
719 2577 806 2598 tamen
822 2571 894 2598 haud
907 2573 964 2598 scio
976 2580 1010 2598 an
1038 2583 1041 2605 ⁴,

216 2607 272 2633 fieri
286 2608 385 2641 possit:
407 2610 563 2642 praesertim
577 2610 600 2636 si
614 2610 654 2644 (ut
667 2617 739 2636 nunc
752 2608 791 2644 fit)
803 2609 929 2636 custodes
942 2609 1010 2635 ami-

215 2652 307 2670 corum
326 2652 387 2670 eum
406 2646 592 2673 sectabuntur:
617 2647 744 2681 quoniam
765 2651 838 2681 pater
856 2650 910 2672 tam
923 2645 1010 2681 negli-

215 2689 282 2716 gens
303 2689 334 2707 ac
355 2681 502 2709 dissolutus
523 2688 573 2710 est.
615 2685 671 2710 ⁴63.
693 2683 792 2710 Verum
814 2683 868 2709 huc
891 2682 1007 2718 longius,
1032 2700 1033 2706 .

933 150 1274 177 T.etC12·tt0NtS

1059 229 1140 254 quain
1157 219 1278 246 voluntas
1292 219 1356 250 l'uit.
1376 220 1410 246 ab
1427 220 1538 255 epistol·
1552 220 1714 247 Timarchidi
1728 220 1853 257 degressa

1059 262 1100 283 ent
1112 258 1196 283 oratio
1210 257 1277 283 nien.
1317 258 1375 289 Qua
1390 258 1509 289 recitata.
1529 257 1719 284 conclusurum
1738 267 1781 285 me
1794 267 1854 286 ease

1059 295 1159 320 crimen
1181 293 1360 320 decumanum
1384 294 1517 321 dixeram:
1545 304 1578 322 ex
1603 304 1658 330 quo
1685 295 1854 322 intellexi-tis

1060 331 1282 357 innumerabilem
1310 331 1435 358 frumenti
1463 341 1604 359 numerum
1631 341 1678 367 per
1709 333 1853 360 triennium

1059 377 1183 394 aversum
1198 377 1211 394 a
1226 368 1363 403 republica
1376 377 1444 399 ense,
1460 375 1635 405 ereptumque
1649 370 1807 397 aratoribus.

1115 405 1199 432 Lxx.
1221 405 1358 440 Sequitur,
1375 411 1403 432 ut
1416 406 1449 432 de
1463 405 1597 433 frumento
1610 411 1700 442 empto
1711 416 1767 438 vos,
1783 406 1854 434 iudi·

1059 451 1116 473 cce.
1136 442 1259 473 doceam,
1281 443 1398 469 maximo
1415 448 1495 478 atque
1514 443 1749 478 impudentissimo
1768 443 1851 471 furto:

1059 480 1092 506 de
1105 488 1160 515 quo
1173 479 1238 506 dum
1253 485 1322 506 cerm
1336 485 1362 506 et
1375 489 1458 515 pauca
1473 485 1498 506 et
1512 489 1607 516 magna
1620 481 1707 507 dicam
1726 481 1852 512 breviter,

1036 541 1037 547 ,
1059 517 1195 544 attendite.
1237 517 1411 544 Frumentum
1433 518 1459 544 in
1473 517 1564 544 Sicilia
1581 526 1669 544 emere
1682 518 1775 545 debuit
1790 518 1855 545 ver-

1036 568 1037 574 .
1060 564 1102 581 res
1115 563 1148 581 ex
1162 559 1272 581 senatus
1285 554 1408 581 consulto
1421 559 1447 581 et
1464 563 1498 581 ex
1517 554 1574 590 lege
1588 555 1709 582 Terentia
1723 560 1749 582 et
1762 555 1854 582 Cassia

1036 595 1037 603 ¹
1060 592 1242 618 frumentaria.

1282 592 1395 618 Emendi
1418 592 1472 619 duo
1496 600 1593 628 genera
1619 591 1740 619 ruerunt:
1769 601 1854 620 unum

1060 629 1202 656 alterarum
1217 629 1406 656 decumarum:
1434 629 1562 660 alterum,
1581 629 1654 664 quod
1668 634 1802 665 praeterea
1816 630 1855 656 ci-

1061 667 1188 693 vitatibus
1206 667 1352 702 aequaliter
1369 672 1440 693 esset
1457 666 1643 693 distributum.
1684 666 1760 693 lllius
1773 666 1853 694 decu·

1060 704 1131 730 mani
1150 709 1266 734 tantum,
1290 709 1421 739 quantum
1440 713 1472 731 ex
1492 704 1587 739 primis
1604 704 1726 731 decumis
1744 704 1853 735 fuissem

1061 742 1142 768 huius
1158 742 1280 776 imperati
1295 742 1373 768 tritici
1389 742 1508 768 modium
1523 750 1597 768 mccc
1612 741 1710 768 millia:
1738 742 1854 777 pretium

1059 783 1148 805 autem
1174 779 1348 805 constitutum
1375 779 1523 806 decumano
1549 779 1575 805 in
1602 778 1705 806 modios
1733 778 1855 815 singulos

1060 816 1115 843 ll-S
1139 817 1220 843 terni:
1250 817 1378 851 imperato
1396 817 1451 843 t{-S
1470 825 1497 842 ιιι
1516 816 1543 842 S.
1584 816 1620 843 lta
1643 817 1670 843 in
1689 815 1855 843 frumentum

1059 854 1218 888 imperatum
1234 854 1289 880 ll-S
1303 853 1482 880 duodetricies
1496 855 1523 880 in
1537 863 1620 880 annos
1639 853 1761 889 singulos
1780 853 1855 880 Verri

1059 891 1263 922 decernebatur,
1288 891 1361 926 quod
1383 891 1531 917 aratoribus
1553 891 1680 920 solveret.
1709 891 1736 917 in
1760 890 1856 917 alterna

1059 928 1186 955 decumas
1205 928 1287 954 ferme
1305 928 1338 954 ad
1356 929 1495 964 nonagies.
1536 927 1581 954 Sic
1599 937 1646 963 per
1663 928 1808 954 triennium
1822 927 1856 954 ad

1060 966 1127 992 hanc
1146 965 1273 992 frumenti
1292 966 1454 1000 emptionem
1469 965 1635 992 Siciliensem
1655 974 1737 1000 prope
1755 965 1856 992 centies

1059 1008 1085 1029 et
1099 1003 1187 1029 tricies
1201 1008 1337 1038 erogatum
1353 1008 1402 1030 est.
1430 1004 1486 1030 ⁴64.
1502 1003 1573 1029 itanc
1588 1003 1728 1038 pecuniam
1743 1007 1853 1032 tantam,

1059 1040 1148 1066 datam
1163 1040 1211 1066 tibi
1225 1049 1258 1067 ex
1272 1041 1371 1067 aerario
1384 1041 1457 1075 inopi
1471 1045 1550 1075 atque
1564 1040 1708 1066 exhausto:
1724 1039 1812 1066 datam
1823 1038 1856 1066 ad

1061 1077 1235 1108 frumentum,
1251 1078 1300 1104 hoc
1313 1083 1363 1109 est,
1379 1077 1411 1104 ad
1427 1078 1611 1104 necessitatem
1625 1076 1720 1103 salutis
1734 1081 1760 1103 et
1771 1077 1854 1104 vitae:

1060 1115 1162 1146 datam,
1184 1119 1214 1141 ut
1227 1115 1340 1146 Siculis,
1357 1120 1386 1142 ut
1399 1115 1561 1146 aratoribus,
1576 1115 1679 1150 quibus
1693 1119 1762 1140 tanta
1776 1122 1857 1141 onera

1061 1152 1212 1187 respublica
1223 1153 1379 1187 imponeret,
1396 1152 1558 1179 solveretur:
1574 1153 1622 1179 abs
1633 1157 1657 1178 te
1667 1152 1707 1178 sic
1718 1151 1856 1178 laceratam

1060 1198 1119 1216 esse
1134 1190 1206 1221 dico,
1223 1194 1252 1216 ut
1266 1191 1368 1225 possim
1382 1189 1450 1216 illud
1464 1189 1588 1225 probare,
1605 1189 1627 1215 si
1643 1189 1733 1221 velim,
1749 1197 1857 1216 omnem

1061 1232 1085 1254 te
1104 1227 1171 1254 hanc
1189 1228 1331 1262 pecuniam
1349 1227 1459 1254 domum
1479 1232 1551 1253 tuam
1574 1228 1711 1253 avertisse.
1751 1226 1856 1253 Etenim

1060 1265 1099 1291 sic
1113 1265 1181 1292 hanc
1195 1273 1250 1291 rem
1266 1269 1346 1291 totam
1360 1264 1566 1295 administrasti,
1583 1269 1613 1290 ut
1627 1264 1685 1295 hoc,
1700 1263 1773 1299 quod
1786 1263 1855 1293 dico,

1061 1302 1166 1337 probari
1184 1302 1349 1337 aequissimo
1367 1302 1449 1328 iudici
1470 1302 1565 1337 possit.
1606 1300 1660 1328 Sed
1682 1309 1732 1337 ego
1754 1299 1858 1327 habebo

1061 1339 1190 1366 rationem
1208 1340 1371 1366 auctoritatis
1390 1347 1478 1365 meae:
1507 1339 1666 1369 meminero,
1686 1346 1740 1374 quo
1757 1338 1855 1367 animo,

1060 1385 1115 1412 quo
1128 1376 1240 1403 consilio
1254 1376 1287 1403 ad
1301 1385 1425 1403 caussam
1439 1376 1577 1411 publicam
1591 1376 1759 1402 accesserim.
1798 1375 1857 1402 Non

1061 1422 1137 1450 agam
1148 1418 1236 1440 tecum
1247 1414 1422 1441 accusatorie:
1439 1413 1505 1440 nihil
1521 1413 1632 1449 fingam:
1648 1413 1717 1440 nihil
1730 1413 1856 1448 cuiquam

1062 1451 1168 1486 probari
1182 1451 1277 1482 velim,
1298 1460 1341 1478 me
1358 1451 1475 1482 dicente,
1496 1451 1568 1486 quod
1583 1459 1634 1477 non
1648 1455 1708 1477 ante
1721 1450 1858 1477 mihimet-

1061 1489 1115 1524 ipsi
1128 1489 1270 1524 probatum
1283 1489 1328 1515 sit.
1369 1490 1427 1515 ⁴65.
1450 1489 1477 1515 ln
1493 1488 1542 1515 hac
1555 1488 1669 1523 pecunia
1681 1487 1800 1523 publica,
1815 1487 1859 1514 iu-

1061 1527 1148 1557 dices,
1169 1526 1234 1553 haec
1252 1527 1346 1553 insunt
1363 1526 1412 1552 tria
1429 1534 1526 1562 genera
1545 1525 1686 1552 furtorum.
1726 1525 1856 1555 Primum,

1060 1572 1146 1599 quum
1160 1564 1246 1598 posita
1260 1568 1330 1591 esset
1343 1564 1457 1598 pecunia
1471 1563 1542 1598 apud
1557 1571 1601 1589 eas
1615 1563 1766 1594 societates,
1787 1561 1858 1588 unde

1061 1605 1116 1627 erat
1129 1601 1263 1632 attributa,
1280 1601 1352 1627 binis
1365 1601 1520 1627 centesimis
1532 1599 1682 1626 faeneratus
1692 1604 1746 1626 est:
1761 1598 1858 1626 deinde

1062 1638 1204 1673 permultis
1217 1638 1373 1664 civitatibus
1386 1646 1435 1672 pro
1448 1637 1582 1664 frumento
1596 1637 1663 1663 nihil
1677 1636 1759 1663 solvit
1771 1637 1858 1663 omni-

1062 1684 1108 1702 no:
1135 1680 1281 1710 postremo,
1297 1675 1321 1702 si
1335 1675 1378 1702 cui
1392 1675 1492 1702 civitati
1507 1674 1600 1705 solvit,
1616 1678 1719 1700 tantum
1732 1673 1855 1703 detraxit.

1061 1718 1192 1748 quantum
1206 1712 1378 1739 commodum
1392 1711 1456 1745 fuit3
1485 1711 1567 1743 nulli,
1583 1711 1656 1747 quod
1669 1711 1792 1738 debitum
1806 1715 1856 1742 est.

1061 1749 1187 1777 reddidit.

1118 1787 1213 1814 LXXI.
1236 1787 1273 1813 Ac
1287 1787 1405 1821 primum
1419 1786 1469 1813 hoc
1482 1795 1515 1813 ex
1529 1791 1554 1812 te
1567 1794 1678 1821 quaero,
1695 1790 1734 1816 tu,
1749 1785 1793 1812 cui
1807 1793 1860 1821 pu-

1062 1824 1160 1851 blicani
1174 1833 1207 1851 ex
1222 1824 1366 1859 Carpinatii
1380 1823 1474 1850 litteris
1488 1824 1587 1860 gratias
1601 1828 1725 1859 egerunt:
1745 1823 1858 1858 pecunia

1063 1861 1170 1896 publica
1189 1870 1223 1888 ex
1245 1862 1346 1888 aerario
1366 1866 1485 1897 erogata,
1509 1869 1544 1887 ex
1565 1860 1742 1896 vectigalibus
1765 1859 1858 1895 populi

1061 1899 1173 1926 Romani
1191 1899 1224 1925 ad
1242 1898 1387 1925 emendum
1405 1898 1570 1925 frumentum
1585 1898 1724 1929 attributa,
1744 1897 1858 1924 tueritne

1062 1936 1111 1963 tibi
1133 1936 1276 1971 quaestui?
1301 1936 1476 1971 pensitaritne
1502 1935 1551 1962 tibi
1578 1935 1656 1962 binas
1681 1933 1859 1962 centesimas?

1061 1973 1146 2001 Credo
1165 1978 1189 2000 te
1208 1978 1381 2009 negaturum:
1410 1973 1496 2008 turpis
1519 1973 1591 1999 enim
1609 1977 1650 1999 est
1667 1977 1693 1999 et
1709 1971 1859 2007 periculosa

1061 2010 1203 2038 consessio.
1245 2012 1301 2037 ⁴66.
1323 2011 1389 2037 Mihi
1408 2015 1496 2037 autem
1515 2010 1564 2037 hoc
1582 2009 1745 2045 perarduum
1759 2015 1800 2036 est
1811 2008 1859 2036 de-

1062 2053 1218 2075 monstrare.
1259 2047 1365 2081 Quibus
1378 2048 1450 2075 enim
1464 2047 1598 2074 testibus?
1617 2045 1789 2074 Publicanis‘?
1806 2051 1858 2073 tra-

1061 2086 1124 2112 ctati
1138 2085 1283 2112 honorilice
1296 2090 1373 2112 sunt:
1393 2085 1528 2112 tacebunt.
1568 2085 1675 2111 Litteris
1689 2083 1799 2111 eorum?
1811 2083 1859 2110 de-

1061 2128 1132 2150 creto
1154 2123 1364 2150 decumanorum
1387 2127 1502 2149 remotae
1525 2127 1597 2148 sunt.
1637 2121 1696 2154 Quo
1715 2129 1758 2148 me
1775 2121 1859 2157 igitur

1062 2159 1181 2187 vertam?
1205 2169 1261 2187 rem
1276 2165 1329 2186 tam
1343 2160 1502 2195 improbam,
1518 2160 1620 2186 crimen
1634 2163 1720 2186 tantae
1733 2157 1859 2185 audaciae

1062 2202 1204 2233 tantaeque
1222 2197 1405 2232 impudentiae
1427 2201 1535 2232 propter
1556 2196 1676 2231 inopiam
1698 2195 1806 2222 testium
1828 2203 1858 2222 ac

1062 2235 1211 2262 litterarum
1225 2234 1452 2269 praetermittam?
1469 2235 1528 2260 Non
1541 2233 1647 2263 faciam,
1662 2233 1779 2259 iudices:
1801 2237 1859 2259 utar

1061 2277 1138 2299 teste.
1153 2287 1190 2292 —
1202 2271 1280 2304 Quo‘?
1299 2272 1329 2298 L.
1342 2272 1354 2284 ⁸²
1367 2272 1454 2298 Vettio
1467 2271 1588 2301 Chilone,
1604 2270 1712 2297 homine
1725 2270 1858 2305 equestris

1060 2310 1162 2337 ordinis
1181 2309 1372 2336 honestissimo
1389 2314 1469 2344 atque
1486 2307 1670 2335 ornatissimo:
1698 2307 1746 2342 qui
1763 2307 1809 2333 isti
1822 2307 1858 2333 ita

1061 2352 1087 2374 et
1104 2347 1207 2374 amicus
1225 2351 1251 2374 et
1269 2346 1437 2373 necessarius
1455 2350 1508 2376 est,
1527 2349 1571 2375 ut,
1593 2345 1699 2371 etiamsi
1717 2345 1759 2370 vir
1771 2344 1858 2371 bonus

1061 2393 1113 2411 non
1127 2389 1211 2415 esset,
1232 2389 1334 2415 tamen,
1355 2383 1427 2418 quod
1441 2387 1530 2410 contra
1543 2383 1626 2408 istum
1645 2381 1758 2412 diceret,
1776 2389 1858 2417 grave

1060 2422 1209 2454 videretur,
1225 2425 1261 2448 ita
1271 2422 1312 2448 vir
1321 2421 1408 2448 bonus
1418 2425 1467 2451 est,
1482 2424 1521 2450 ut,
1536 2419 1640 2446 etiamsi
1652 2419 1858 2445 inimicissimus

1061 2459 1107 2485 isti
1129 2463 1213 2489 esset,
1242 2463 1329 2485 tamen
1355 2458 1414 2484 eius
1440 2457 1592 2484 testimonio
1617 2455 1690 2482 credi
1715 2460 1855 2490 oporteret.

1039 2505 1041 2512 ·
1063 2497 1120 2522 ⁴67.
1141 2496 1296 2522 Admiratur
1309 2500 1335 2522 et
1347 2498 1492 2529 exspectat,
1507 2493 1636 2528 quidnam
1651 2493 1756 2520 Vettius
1769 2492 1858 2519 dictu-

1061 2542 1107 2560 rus
1121 2534 1166 2560 sit.
1206 2532 1280 2559 Nihil
1294 2532 1365 2559 dicet
1377 2540 1411 2558 ex
1424 2536 1551 2565 tempore,
1567 2529 1684 2557 nihilex
1696 2538 1746 2556 sua
1759 2529 1856 2557 volun—

1060 2575 1125 2602 tate,
1142 2569 1222 2600 nihil,
1238 2578 1324 2605 quum
1338 2569 1472 2595 utrumvis
1487 2568 1598 2594 licuisse
1610 2567 1742 2594 videatur.
1781 2567 1855 2593 Misit

1061 2607 1161 2634 litteras
1175 2608 1203 2633 in
1217 2606 1337 2633 Siciliam
1350 2605 1383 2632 ad
1398 2605 1595 2640 Carpinatium,
1613 2613 1700 2639 quum
1713 2608 1786 2631 esset
1798 2612 1856 2630 ma-

1060 2645 1144 2680 gister
1153 2645 1301 2678 scripturae
1312 2648 1338 2670 et
1346 2643 1406 2670 eius
1416 2642 1550 2669 societatis
1559 2641 1765 2676 publicanorum
1773 2649 1779 2674 3
1786 2647 1854 2676 quas

1061 2690 1110 2717 ego
1123 2681 1264 2716 Syracusis
1277 2679 1350 2715 apud
1363 2679 1545 2714 Carpinatium
1560 2679 1587 2705 in
1602 2678 1748 2705 litterarum
1762 2677 1855 2705 allata-
