1941 3052
388 163 574 192 ORATIO
606 162 696 190 PRO
729 161 1189 189 A.CLUENT10.CAP.

58 245 164 265 summa
179 236 332 263 auctoritate
342 235 489 270 praeditus,
505 234 538 262 de
548 234 666 266 insidiis,
681 242 750 270 quae
761 233 854 260 fierent

57 275 144 306 Avito,
161 279 187 300 et
200 274 233 300 de
247 272 433 300 sollicitatione
443 274 578 308 Diogenis,
594 272 694 299 recenti
708 280 745 303 re,
761 279 853 297 secum

58 312 253 347 Cleophantum
268 310 386 337 locutum
401 319 460 337 esse
474 310 588 337 dicebat.
611 311 653 336 54.
669 309 756 344 Atque
769 309 797 335 in
808 308 855 335 illo

57 349 158 377 iudicio
168 357 253 384 quum
264 347 457 374 Scamandrum
473 357 520 374 nos
535 347 677 374 defendere
691 347 852 377 videremur,

58 387 140 414 verbo
153 386 199 413 ille
212 394 274 412 reus
289 389 353 416 erat.
369 394 397 412 re
410 385 521 420 quidem
537 394 597 411 vera
612 389 637 411 et
651 384 770 419 periculo
780 388 804 410 et
815 388 856 409 to-

58 429 84 451 ta
97 424 264 451 accusatione
278 422 453 458 Oppianicus.
480 423 573 457 Neque
587 422 614 449 id
628 422 741 448 obscure
756 421 856 447 ferebat

58 470 107 489 nec
124 460 298 488 dissimulare
312 460 369 487 ullo
382 460 460 487 modo
475 464 588 495 poterat:
613 459 704 485 aderat
718 459 853 493 frequens,

57 499 215 529 advocabat,
232 501 305 524 omni
320 498 410 524 studio
423 499 560 534 gratiaque
574 497 724 533 pugnabat:
753 500 856 531 postre-

59 545 115 567 mo,
131 536 160 562 id
173 535 246 571 quod
261 536 380 562 maximo
393 535 463 562 malo
476 535 516 562 illi
530 543 642 561 caussae
657 534 716 565 fuit,
733 533 783 560 hoc
796 533 856 567 ipso

57 575 86 601 in
98 573 164 605 loco,
177 573 256 608 quasi
267 581 329 599 reus
339 573 398 607 ipse
409 577 487 603 esset,
504 572 623 598 sedebat.
645 570 722 598 Oculi
732 571 855 597 omnium

58 611 180 638 iudicum
203 619 254 637 non
278 611 305 637 in
324 610 532 641 Scamandrum,
561 608 609 635 sed
630 609 659 635 in
676 608 856 643 Oppianicum

58 648 283 676 coniiciebantur:
310 648 389 674 timor
406 648 478 679 eius,
503 646 680 682 perturbatio,
704 653 856 680 suspensus

58 686 232 721 incertusque
242 685 344 716 vultus,
360 685 451 712 crebra
461 684 558 711 coloris
569 683 689 713 mutatio,
702 691 772 718 quae
783 686 857 708 erant

59 728 134 750 antea
149 723 312 758 suspiciosa,
333 723 398 749 haec
411 726 500 757 aperta
514 730 544 748 ac
557 720 699 747 manifesta
714 720 854 746 faciebant.

58 761 121 787 XX.
137 762 179 787 55.
199 760 289 793 Quum
302 761 331 786 in
344 759 488 786 consilium
506 759 540 785 iri
558 763 701 793 oporteret,
722 757 858 792 quaesivit

59 798 92 825 ab
106 807 150 825 reo
160 798 189 825 C.
201 799 303 829 Iunius,
319 797 456 832 quaesitor
470 805 504 823 ex
518 796 576 832 lege
590 795 635 821 illa
646 795 775 826 Cornelia,
787 803 857 829 quae

58 840 116 862 tum
127 839 191 866 erat,
207 835 276 861 clam
287 843 319 861 an
331 833 419 869 palam
429 834 463 860 de
473 842 502 860 se
512 834 672 860 sententiam
688 832 749 859 ferri
764 831 855 859 vellet.

58 874 95 900 De
108 873 249 908 Oppianici
264 872 396 898 sententia
409 880 571 906 responsum
585 875 638 902 est,
658 870 731 905 quod
746 870 769 896 is
784 869 856 896 Aviti

60 910 218 937 familiarem
241 910 349 936 Iunium
372 918 432 936 esse
454 909 573 937 dicebat,
601 907 670 934 clam
694 907 764 934 velle
782 907 855 933 ferri.

58 949 128 974 ltum
147 952 187 974 est
204 948 232 973 in
250 947 405 973 consilium.
445 945 579 973 Omnibus
598 945 739 972 sententiis
754 949 858 980 praeter

58 994 149 1017 unam,
165 993 247 1020 quam
261 993 338 1011 suam
353 984 477 1011 Staienus
491 992 551 1010 esse
564 983 679 1015 dicebat,
696 982 858 1009 Scamander

58 1023 145 1059 prima
171 1023 272 1049 actione
302 1021 495 1049 condemnatus
526 1025 575 1047 est.
616 1020 683 1053 Quis
714 1025 771 1047 tum
803 1023 858 1046 erat

58 1061 188 1091 omnium,
205 1061 262 1094 qui,
279 1059 442 1086 Scamandro
455 1058 640 1088 condemnato.
657 1067 709 1085 non
724 1058 857 1084 iudicium

58 1098 91 1124 de
105 1097 251 1133 Oppianico
266 1096 366 1124 factum
380 1105 439 1123 esse
457 1095 647 1123 arbitraretur?
671 1095 739 1131 quid
757 1099 797 1121 est
811 1094 857 1121 illa

58 1135 228 1162 damnatione
242 1134 405 1166 iudicatum,
422 1134 475 1160 nisi
489 1142 624 1160 venenum
639 1133 675 1165 id,
691 1133 765 1168 quod
779 1132 857 1159 Avito

58 1173 174 1204 daretur,
190 1181 248 1199 esse
261 1171 434 1208 quaesitum?
457 1171 531 1204 Quae
545 1180 624 1207 porro
637 1171 797 1197 tenuissima
811 1179 859 1196 su-

59 1211 144 1246 spicio
157 1210 251 1237 collata
265 1211 293 1236 in
308 1209 503 1237 Scamandrum
518 1213 559 1235 est
572 1213 618 1235 aut
631 1208 745 1235 conferri
760 1208 855 1243 potuit,

58 1252 89 1275 ut
101 1248 125 1275 is
139 1256 187 1274 sua
201 1251 296 1283 sponte
310 1256 403 1274 necare
416 1246 536 1274 voluisse
550 1246 659 1273 Avitum
675 1244 831 1281 putaretur?

116 1287 158 1312 56.
183 1285 282 1320 Atque,
308 1285 359 1312 hoc
372 1289 430 1312 tum
444 1285 545 1311 iudicio
560 1284 640 1315 facto,
661 1288 687 1310 et
700 1283 856 1318 Oppianico,

59 1331 88 1350 re
101 1327 127 1350 et
137 1322 344 1354 existimatione,
360 1323 427 1354 iam,
445 1322 503 1358 lege
514 1326 540 1348 et
551 1321 776 1356 pronuntiatione,
793 1329 860 1347 non-

59 1360 125 1387 dum
144 1360 333 1387 condemnato:
361 1364 450 1386 tamen
469 1360 565 1386 Avitus
584 1358 763 1394 Oppianicum
783 1366 859 1384 reum

60 1398 150 1425 statim
164 1406 217 1424 non
231 1397 302 1424 fecit.
324 1397 412 1424 Voluit
425 1405 593 1432 cognoscere,
610 1401 700 1423 utrum
715 1396 818 1422 iudices
832 1396 860 1422 in

60 1444 104 1462 eos
119 1435 190 1462 solos
203 1439 295 1461 essent
308 1435 404 1466 severi,
419 1443 488 1470 quos
500 1442 634 1461 venenum
647 1434 775 1460 habuisse
785 1434 859 1468 ipsos

59 1473 262 1508 comperissent,
279 1481 311 1499 an
326 1473 405 1499 etiam
419 1471 531 1498 consilia
544 1472 776 1507 conscientiasque
787 1471 860 1497 eius-

60 1510 132 1537 modi
148 1510 295 1537 facinorum
309 1509 444 1545 supplicio
457 1510 553 1545 dignas
566 1509 727 1535 iudicarent.
768 1509 860 1543 Itaque

60 1548 89 1575 C.
103 1548 263 1579 Fabricium,
279 1556 361 1583 quem
376 1552 482 1582 propter
497 1547 702 1573 familiaritatem
718 1545 860 1581 Oppianici

59 1585 198 1612 conscium
212 1585 252 1611 illi
267 1584 376 1611 facinori
396 1584 480 1611 fuisse
498 1584 690 1616 arbitrabatur,
712 1593 787 1610 reum
806 1588 860 1610 sta-

61 1623 109 1650 tim
124 1622 197 1655 secit;
213 1623 308 1658 utique
322 1622 345 1648 ei
362 1622 436 1648 locus
450 1623 554 1657 primus
569 1622 785 1652 constitueretur,
798 1629 860 1656 pro-

60 1664 119 1695 pter
131 1668 242 1686 caussae
255 1660 469 1686 coniunctionem
484 1659 649 1695 impetravit.
676 1659 723 1685 Hic
738 1663 794 1685 tum
811 1659 860 1685 Fa-

60 1698 161 1724 bricius
176 1706 228 1724 non
243 1697 321 1724 modo
336 1697 368 1724 ad
382 1706 426 1723 me
440 1706 513 1724 meos
528 1697 632 1723 vicinos
647 1701 672 1723 et
686 1697 786 1723 amicos
797 1696 860 1722 Ale-

59 1735 169 1762 trinates
184 1743 236 1762 non
250 1735 372 1766 adduxit,
388 1734 435 1761 sed
449 1735 508 1770 ipse
523 1735 554 1761 iis
570 1742 657 1769 neque
670 1734 859 1761 defensoribus

60 1773 99 1800 uti
114 1776 205 1808 postea
220 1781 307 1808 neque
323 1772 506 1799 laudatoribus
521 1772 617 1807 potuit.
648 1773 690 1798 57.
707 1772 771 1798 Rem
787 1772 859 1798 enim

59 1810 192 1846 integram
207 1809 325 1837 hominis
341 1819 392 1836 non
408 1809 502 1841 alieni,
522 1810 649 1845 quamvis
668 1809 857 1844 suspiciosam,

59 1847 215 1879 defendere,
240 1847 415 1874 humanitatis
434 1856 493 1874 esse
512 1847 689 1883 putabamus;
714 1847 859 1873 iudicatam

61 1884 218 1912 labefactare
232 1885 334 1917 conari,
352 1884 545 1920 impudentiae.
579 1886 671 1919 Itaque
686 1889 742 1911 tum
758 1884 804 1910 ille
818 1885 861 1910 in-

60 1923 120 1957 opia
134 1927 160 1949 et
173 1923 330 1949 necessitate
344 1927 450 1949 coactus
465 1923 492 1949 in
506 1931 601 1949 caussa
616 1922 749 1949 eiusmodi
764 1922 796 1948 ad
810 1922 861 1948 Ce-

60 1959 150 1995 pasios
165 1959 258 1986 fratres
272 1959 407 1996 confugit,
427 1959 550 1987 homines
569 1959 716 1986 industrios
736 1963 816 1995 atque
829 1967 860 1986 eo

60 1997 163 2029 anim0,
183 2001 226 2028 ut,
246 2005 434 2033 quaecumque
452 1996 558 2024 dicendi
573 2001 689 2032 potestas
704 2001 775 2024 esset
788 1997 857 2028 data,

60 2034 88 2061 in
103 2034 202 2061 honore
216 2038 296 2069 atquo
309 2035 336 2061 in
352 2034 481 2061 beneflcio
495 2039 632 2069 ponerent.
655 2034 729 2061 XXI.
741 2035 795 2061 Iam
811 2035 860 2061 hoc

60 2080 169 2107 quoque
183 2080 265 2107 prope
279 2072 452 2107 iniquissime
465 2077 647 2107 comparatum
668 2076 720 2104 est,
740 2072 814 2107 qnod
831 2072 859 2098 in

61 2109 162 2136 morbis
176 2109 304 2144 corporis,
320 2113 350 2136 ut
363 2110 481 2144 quisque
494 2114 536 2136 est
548 2109 736 2140 difficillimus,
754 2110 789 2135 ita
804 2118 860 2135 me-

60 2146 138 2173 dicus
154 2147 341 2173 nobilissimus
356 2151 436 2182 atque
449 2147 569 2182 optimus
583 2147 734 2181 quaeritur:
752 2147 778 2173 in
789 2147 861 2182 peri-

61 2184 130 2211 culis
144 2184 254 2219 capitis,
276 2188 305 2210 ut
317 2192 441 2219 quaeque
459 2192 554 2210 caussa
572 2184 732 2210 difficillima
751 2188 804 2215 cst,
825 2185 860 2210 ita

61 2221 221 2248 deterrimus
231 2221 498 2256 obscurissimusque
509 2226 636 2256 patronus
648 2221 800 2248 adhibetur.
817 2223 858 2248 53.

62 2258 164 2286 Citatur
178 2267 249 2290 reus,
266 2260 355 2294 agitur
368 2267 472 2290 caussa,
489 2259 582 2294 paucis
598 2259 687 2285 verbis
702 2263 817 2290 accusat,
832 2263 861 2286 ut

61 2295 94 2323 de
108 2304 136 2323 re
149 2296 273 2328 iudicata,
291 2297 432 2323 Canutius.
472 2297 568 2331 Incipit
582 2296 660 2332 longo
673 2301 699 2323 et
712 2296 763 2323 alte
779 2297 862 2332 petito

62 2334 197 2369 prooemio
212 2334 373 2369 respondere
388 2334 472 2360 maior
486 2334 626 2368 (topasius.
660 2334 749 2360 I'rimo
763 2338 860 2360 attente

61 2371 170 2398 auditur
182 2372 241 2398 eius
255 2372 346 2398 oratio.
369 2371 494 2406 Erigebat
507 2371 627 2397 animum
644 2371 695 2397 iam
710 2371 860 2398 demissum

62 2412 88 2435 et
100 2416 260 2444 oppressum
275 2409 451 2444 Oppianicus.
482 2408 623 2435 Gaudcbat
638 2409 695 2442 ipse
711 2409 858 2435 Fabricius.

62 2445 120 2472 Non
139 2446 306 2482 intelligebat
319 2447 423 2473 animos
439 2445 560 2472 iudicum
576 2454 626 2472 non
643 2445 717 2471 illins
731 2446 861 2481 eloquen-

63 2483 107 2514 tia,
124 2483 171 2510 sed
185 2483 350 2510 defensionis
366 2483 532 2518 impudentia
547 2484 720 2509 commoveri.
756 2484 862 2510 Postea-

62 2527 144 2555 quam
157 2520 190 2547 de
205 2529 232 2547 ro
246 2521 333 2556 coepit
346 2521 447 2552 dicere,
464 2521 496 2547 ad
511 2529 554 2551 ea,
571 2529 640 2555 qnae
654 2525 727 2546 erant
742 2521 768 2546 in
783 2530 862 2547 cans-

63 2565 105 2588 sa,
122 2557 235 2584 addebat
248 2559 328 2585 etiam
344 2559 401 2593 ipso
417 2567 483 2584 nova
497 2558 629 2593 quaedam
645 2557 766 2583 vulnera.
809 2559 861 2584 Iloc

63 2602 227 2630 quamquam
242 2595 337 2622 sedulo
352 2596 477 2627 faciebat,
495 2599 582 2622 tamen
598 2595 732 2621 interdum
750 2604 800 2622 non
815 2595 862 2622 ‹le-

65 2630 179 2664 fendere,
196 2633 244 2659 sed
258 2633 433 2668 praevaricari
449 2633 610 2659 accusationi
626 2632 776 2659 videbatur.
812 2633 861 2659 Ita<

63 2676 116 2703 que
133 2677 219 2704 quum
236 2670 411 2697 callidissimo
430 2679 458 2697 se
476 2670 564 2697 dicere
583 2674 700 2705 putaret,
728 2674 754 2696 et
775 2679 860 2706 quum

64 2705 111 2732 illa
128 2707 209 2735 verba
222 2708 383 2744 gravissima
397 2717 430 2735 ex
444 2708 539 2735 intimo
553 2708 663 2735 artificio
677 2707 862 2744 deprompsis-

1226 163 1256 188 ⁴6
1276 177 1312 182 —
1332 164 1374 188 23.
1653 164 1701 189 379

906 236 960 259 set:
977 233 1108 266 Respicite,
1124 235 1230 264 iudices,
1246 234 1374 259 hominum
1383 236 1509 267 fortunas,
1526 235 1644 266 respicite
1654 235 1704 259 dat—

907 273 960 297 bios
974 273 1110 304 variosque
1126 280 1213 301 casus,
1229 273 1347 304 respicite
1364 270 1391 296 C.
1408 271 1524 297 Fabricii
1538 275 1703 297 senectutem:

906 316 991 342 quum
1006 308 1064 339 hoc,
1082 309 1214 341 Respicite,
1230 307 1362 334 ornandae
1376 308 1502 334 orationis
1516 316 1610 334 caussa
1624 316 1704 342 saepe

906 345 1035 376 dixisset,
1056 346 1175 380 respexit
1192 345 1264 380 ipse:
1285 350 1310 371 at
1325 345 1354 372 C.
1370 345 1509 371 Fabricius
1524 354 1537 371 a
1552 345 1701 375 subselliis,

907 382 1025 409 demisso
1038 383 1138 417 capite,
1155 383 1323 409 discesserat.
1364 384 1406 409 59.
1422 383 1470 408 Hic
1484 382 1587 408 iudices
1602 382 1702 408 ridere:

907 420 1067 446 stomachari
1081 425 1160 455 atque
1174 421 1267 447 acerbe
1281 420 1348 446 ferre
1362 425 1498 455 patronus=
1515 429 1638 446 caussam
1652 420 1705 446 sibi

908 458 990 492 eripi.
1011 462 1037 484 et
1050 466 1079 484 se
1093 463 1177 484 cetera
1191 458 1226 484 de
1241 457 1287 483 illo
1302 457 1370 489 loco,
1393 459 1516 491 Respicite
1532 460 1636 488 iudices,
1654 466 1705 484 non

907 503 987 529 posse
1013 495 1114 521 dicere:
1143 504 1191 522 nec
1216 495 1366 530 quidquam
1393 496 1505 530 propius
1532 499 1572 521 est
1594 495 1703 525 factum,

908 541 990 567 quam
1004 537 1034 558 ut
1048 532 1126 558 illum
1141 537 1347 567 persequeretur
1360 537 1385 559 et
1399 533 1467 559 collo
1480 533 1583 559 obtorto
1596 532 1629 558 ad
1640 532 1707 558 sub-

908 569 984 595 sellia
998 570 1144 601 reduceret,
1161 574 1191 596 ut
1204 570 1306 605 reliqua
1322 575 1411 605 posset
1426 579 1556 605 perorare.
1597 571 1633 596 Ita
1649 574 1705 596 tum

908 607 1061 639 Fabricius,
1085 607 1204 642 primum
1227 616 1276 634 suo
1296 608 1408 638 iudicio,
1434 607 1505 642 quod
1524 612 1565 634 est
1577 607 1706 643 gravissi-

909 653 998 676 mum,
1019 644 1116 671 deinde
1135 644 1202 681 legis
1221 645 1248 671 vi
1263 649 1288 671 et
1302 645 1440 671 sententiis
1455 645 1576 671 iudicum
1590 649 1630 671 est
1644 653 1707 671 con-

908 682 1061 708 demnatus.

964 719 1051 745 XXII.
1075 719 1146 752 Quid
1165 723 1217 750 est,
1238 719 1312 754 quod
1330 719 1382 745 iam
1401 719 1434 745 de
1452 719 1594 754 Oppianici
1612 728 1706 745 caussa

909 756 987 792 plura
1000 756 1143 783 dicamus?
1155 756 1234 792 Apud
1249 757 1357 783 eosdem
1372 757 1476 783 iudices
1487 766 1548 783 reus
1559 761 1599 783 est
1611 756 1704 787 factus,

908 803 995 829 quum
1010 794 1033 820 is
1047 794 1154 821 duobus
1169 794 1340 828 praeiudiciis
1354 795 1407 820 iam
1422 794 1564 820 damnatus
1575 798 1657 820 esset:
1674 794 1707 820 ab

909 831 1006 858 iisdem
1020 836 1109 858 autem
1124 831 1270 862 iudicibus,
1286 833 1333 867 qni
1344 832 1526 858 Fabriciorum
1539 832 1708 858 damnatione

909 869 943 895 de
956 869 1104 904 Oppianico
1118 869 1279 900 iudicarant,
1302 869 1375 895 locus
1393 870 1416 895 ei
1436 870 1540 904 primus
1555 873 1595 895 est
1608 869 1708 895 consti-

909 911 999 933 tutus:
1022 911 1163 934 accusatus
1182 911 1223 933 est
1240 907 1400 933 criminibus
1414 906 1599 942 gravissimis,
1620 910 1644 932 et
1662 906 1705 937 iis,

909 953 978 979 quae
996 953 1010 970 a
1029 953 1072 971 me
1090 944 1207 971 breviter
1226 944 1295 971 dicta
1315 949 1390 975 sunt,
1412 949 1437 970 et
1455 948 1589 979 praeterea
1603 943 1706 974 multis,

909 990 978 1017 quae
992 990 1042 1017 ego
1055 982 1143 1008 omnia
1158 990 1229 1008 nunc
1242 982 1349 1009 omitto:
1365 986 1506 1008 accusatus
1521 986 1561 1008 est
1570 981 1642 1016 apud
1653 989 1706 1012 eos,

909 1020 958 1054 qui
971 1024 997 1046 et
1011 1019 1218 1051 Scamandrum.
1236 1020 1390 1046 ministrum
1405 1019 1559 1054 Oppianici,
1577 1023 1601 1045 et
1616 1018 1710 1045 Fabri-

910 1057 992 1088 cium,
1008 1058 1147 1084 conscium
1158 1057 1292 1088 maleficii,
1308 1058 1524 1084 condemnarant.
1548 1058 1589 1083 60.
1602 1056 1707 1086 Utrum,

911 1103 958 1130 per
972 1095 1036 1121 deos
1050 1094 1228 1121 immortales!
1253 1095 1338 1131 magis
1353 1100 1393 1121 est
1407 1094 1574 1124 mirandum,
1595 1093 1666 1129 quod
1686 1094 1709 1120 is

910 1132 1104 1159 condemnatus
1118 1137 1170 1164 est,
1195 1141 1227 1159 an
1242 1133 1315 1167 quod
1328 1133 1438 1159 omnino
1452 1131 1613 1166 respondere
1627 1139 1710 1157 ausus

911 1170 969 1196 est‘?
994 1170 1065 1203 Quid
1079 1171 1151 1196 enim
1165 1170 1205 1196 illi
1220 1170 1324 1197 iudices
1339 1170 1423 1197 facere
1437 1168 1599 1205 potuerunt‘?
1624 1169 1672 1204 qui
1687 1169 1710 1194 si

911 1209 1066 1234 innocentes
1086 1208 1221 1234 Fabricios
1240 1208 1476 1239 condemnassent,
1503 1212 1591 1234 tamen
1609 1207 1637 1232 in
1656 1206 1711 1241 Op-

912 1246 1017 1280 pianico
1031 1246 1084 1272 sibi
1099 1250 1219 1272 constare
1234 1250 1259 1272 et
1273 1245 1460 1281 superioribus
1474 1245 1623 1271 consentire
1639 1244 1711 1270 iudi-

911 1284 960 1310 ciis
979 1283 1140 1310 debuerunt.
1181 1283 1222 1310 An
1241 1292 1304 1310 vero
1322 1283 1362 1310 illi
1376 1291 1424 1310 sua
1440 1292 1487 1318 per
1501 1291 1529 1309 se
1544 1282 1595 1317 ipsi
1611 1281 1710 1308 iudicia

912 1321 1103 1352 rescinderent,
1119 1329 1206 1356 quum
1220 1321 1300 1348 ceteri
1315 1320 1417 1347 soleant
1430 1321 1458 1347 in
1472 1319 1616 1347 iudicando
1631 1328 1663 1346 ne
1677 1319 1710 1345 ab

912 1358 1025 1385 aliorum
1040 1358 1149 1385 iudiciis
1163 1358 1326 1394 discrepent,
1343 1357 1501 1393 providere‘?
1515 1362 1540 1384 et
1555 1358 1582 1388 ii,
1599 1357 1646 1392 qui
1661 1357 1711 1383 Fa-

913 1396 990 1422 bricii
1018 1396 1157 1427 libertum,
1186 1397 1249 1431 quia
1272 1396 1396 1422 minister
1413 1396 1441 1422 in
1460 1395 1591 1422 maleficio
1609 1394 1708 1426 suerat,

913 1438 1069 1469 patronum,
1096 1434 1160 1468 quia
1187 1434 1324 1465 conscius,
1353 1433 1589 1465 condemnassent,
1619 1433 1710 1466 ipsum

913 1472 1063 1506 principem
1077 1476 1156 1506 atque
1170 1471 1345 1497 architectum
1361 1470 1470 1497 sceleris
1485 1468 1673 1496 absolverent‘.>
1686 1474 1712 1495 et

912 1510 959 1544 qui
978 1513 1092 1540 ceteros,
1118 1508 1193 1535 nullo
1211 1509 1375 1543 praeiudicio
1394 1508 1474 1539 facto,
1499 1512 1587 1534 tamen
1606 1515 1639 1533 cx
1653 1507 1711 1541 ipsa

912 1555 1006 1573 caussa
1020 1546 1257 1577 condemnassent,
1288 1546 1372 1577 hunc.
1392 1554 1474 1581 quem
1493 1545 1536 1571 bis
1550 1544 1712 1571 condemna-

912 1588 969 1612 tum
988 1585 1041 1610 iam
1060 1588 1228 1618 acceperant,
1250 1583 1410 1610 liberarent‘.²
1436 1585 1477 1609 61.
1498 1583 1566 1609 Tum
1586 1591 1648 1608 vero
1666 1581 1711 1608 illa

912 1620 1011 1648 iudicia
1026 1622 1170 1652 senatoria,
1191 1630 1244 1647 non
1263 1621 1328 1647 falsa
1348 1621 1463 1651 invidia,
1483 1620 1531 1646 sed
1550 1629 1611 1646 vera
1631 1623 1712 1654 atque

912 1660 1012 1694 insigni
1033 1658 1199 1694 turpitudine
1218 1663 1318 1690 notata,
1339 1663 1418 1693 atque
1436 1663 1525 1693 operta
1544 1657 1672 1683 dedecore
1687 1661 1713 1683 et

912 1696 1031 1728 infamia,
1048 1696 1198 1722 defensioni
1214 1696 1300 1722 locum
1317 1696 1423 1722 nullum
1436 1695 1619 1730 reliquissent.
1640 1693 1712 1726 Quid

912 1736 984 1770 enim
999 1734 1106 1760 tandem
1121 1733 1160 1760 illi
1175 1734 1280 1760 iudices
1295 1733 1498 1768 responderent,
1516 1733 1538 1758 si
1553 1733 1615 1767 quis
1630 1732 1663 1757 ab
1678 1732 1711 1757 iis

911 1772 1068 1807 quaereret?
1082 1771 1288 1798 Condemnastis
1299 1771 1505 1797 Scamandrum:
1518 1779 1572 1805 quo
1582 1768 1713 1795 crimine‘?

912 1818 1009 1844 nempe
1027 1809 1099 1844 quod
1114 1810 1223 1835 Avitum
1243 1818 1290 1844 per
1308 1817 1417 1835 servum
1437 1808 1533 1834 medici
1550 1816 1652 1833 veneno
1666 1815 1713 1832 ne-

911 1856 970 1874 care
991 1847 1130 1874 voluisset.
1171 1846 1242 1878 Quid
1256 1846 1327 1873 Aviti
1347 1850 1430 1872 morte
1445 1845 1606 1871 Scamander
1619 1852 1713 1870 conse-

912 1884 1064 1920 quebatur?
1078 1884 1155 1915 nihil,
1172 1884 1220 1910 sed
1235 1884 1393 1910 administer
1407 1888 1461 1910 erat
1471 1883 1622 1918 Oppianici.
1644 1882 1713 1908 Con-

912 1923 1060 1949 ‹lemnastis
1075 1922 1104 1948 C.
1121 1921 1288 1948 Fabricium:
1308 1921 1375 1957 quid
1390 1920 1443 1947 ita‘?
1465 1921 1537 1955 quia,
1553 1929 1639 1955 quum
1655 1920 1712 1954 ipse

913 1959 1123 1986 familiarissime
1138 1959 1286 1994 Oppianico
1305 1968 1385 1990 usus,
1413 1958 1525 1984 libertus
1544 1962 1633 1983 autem
1654 1958 1712 1983 cius

912 1998 940 2024 in
955 1997 1085 2023 malelicio
1098 1997 1284 2032 deprehensus
1299 2001 1383 2028 esset,
1404 1995 1481 2022 illum
1502 1999 1638 2030 expertem
1654 1995 1712 2020 eius

912 2035 1017 2061 consilii
1033 2034 1118 2061 fuisse
1132 2044 1183 2061 non
1199 2035 1371 2069 probabatur.
1413 2033 1441 2059 Si
1457 2033 1539 2069 igitur
1552 2033 1643 2067 ipsum
1658 2032 1713 2067 Op-

913 2073 1063 2107 pianicum,
1085 2072 1126 2098 bis
1141 2073 1199 2098 suis
1214 2072 1323 2098 iudiciis
1337 2071 1558 2100 condemmitum,
1580 2069 1713 2096 absolvis—

912 2114 980 2141 sent=
996 2110 1059 2144 quis
1074 2114 1173 2136 tantam
1186 2109 1380 2144 turpitudinem
1393 2108 1565 2138 iudiciorum,
1581 2108 1643 2142 quis
1656 2112 1713 2133 tan-

913 2152 966 2174 tam
986 2148 1191 2173 inconstantiam
1211 2156 1300 2173 rerum
1320 2147 1512 2176 iudicatarum,
1532 2145 1594 2180 quis
1614 2150 1712 2171 tantam

914 2185 1054 2211 libidinem
1071 2185 1192 2211 iudicum
1209 2184 1275 2211 ferre
1290 2183 1440 2219 potuisset?

969 2224 1010 2248 62.
1034 2222 1110 2254 Quod
1125 2223 1148 2248 si
1164 2222 1212 2248 lioc
1227 2222 1334 2252 videtis,
1351 2221 1423 2256 qnod
1438 2221 1490 2246 iam
1505 2220 1554 2246 hac
1568 2220 1639 2245 omui
1655 2227 1714 2244 ora-

913 2260 983 2286 tione
998 2259 1159 2294 patcsavtum
1179 2263 1232 2289 est,
1253 2259 1300 2285 illo
1318 2259 1418 2285 indicio
1436 2267 1511 2284 reum
1530 2256 1710 2284 condemnari.

913 2297 1069 2332 praesertim
1085 2297 1118 2322 ab
1132 2296 1228 2322 iisdem
1244 2296 1394 2325 iudicibus,
1415 2295 1463 2331 qui
1482 2295 1536 2320 (luo
1550 2293 1712 2328 praeiudicia

914 2334 1048 2364 fecissent,
1066 2342 1175 2359 neccsse
1191 2333 1288 2359 fuisso:
1313 2332 1395 2359 simul
1411 2332 1478 2358 illud
1494 2332 1606 2357 videatis
1622 2339 1714 2356 neces-

913 2380 941 2397 se
955 2376 1008 2401 est.
1027 2370 1128 2397 nullam
1143 2371 1288 2397 accnsatori
1303 2379 1426 2396 caussam
1442 2378 1501 2395 csse
1516 2369 1649 2403 potuisse,
1666 2377 1713 2394 cur

913 2408 1045 2434 iudicium
1060 2408 1141 2435 vellet
1154 2416 1335 2442 corrumpere.
1358 2407 1652 2438 XX111.Qua‹·r0‹=nim
1665 2405 1713 2431 abs

913 2451 947 2476 tc,
964 2446 994 2471 T.
1011 2446 1077 2476 Atti,
1103 2445 1202 2471 relictis
1217 2446 1269 2471 iam
1284 2445 1379 2471 ceteris
1393 2444 1559 2479 argumentis
1574 2443 1711 2472 omnibus,

891 2496 892 2507 l
915 2492 978 2509 num
998 2483 1134 2509 Fabricios
1152 2491 1261 2517 quoquc
1281 2483 1434 2508 innocentes
1453 2481 1642 2507 ctmtlcninatos
1666 2489 1713 2506 ex-

914 2521 1028 2550 istimes,
1046 2529 1109 2546 num
1124 2521 1203 2546 ctiam
1220 2520 1263 2546 illa
1280 2519 1378 2545 iudicia
1394 2519 1505 2554 pecnnia
1520 2523 1642 2552 corrupta
1653 2527 1713 2543 csse

913 2558 1001 2588 dicas,
1021 2558 1123 2592 quibus
1142 2558 1250 2584 indit-iis
1269 2557 1334 2583 alter
1353 2566 1366 2582 a
1381 2557 1487 2583 Staieno
1501 2556 1557 2582 solo
1571 2555 1713 2581 absolutus

913 2600 961 2626 cst.
978 2594 1043 2621 alter
1057 2596 1134 2621 etiam
1151 2596 1208 2630 ipse
1223 2604 1251 2620 sc
1265 2594 1462 2620 comlcnmavit.
1497 2593 1561 2628 Age,
1578 2594 1599 2619 si
1617 2601 1714 2619 not-eu—

915 2637 967 2659 tes:
979 2633 1058 2659 cuins
1069 2632 1212 2659 unilt-licii?
1226 2632 1358 2667 numquid
1371 2636 1473 2666 praeter
1485 2640 1618 2657 vencnum
1630 2639 1713 2665 quac-

913 2671 1004 2701 situm,
1022 2679 1076 2705 quo
1086 2671 1182 2696 Avitus
1195 2675 1341 2700 necaretur,
1357 2670 1491 2696 obiectum
1506 2668 1565 2694 cst‘?
1579 2667 1711 2702 numquid

891 2708 893 2731 l
914 2707 987 2734 aliud
1003 2708 1029 2734 in
1045 2707 1099 2734 illis
1114 2708 1222 2735 indiciis
1236 2712 1371 2734 versatum
1386 2712 1438 2738 est,
1460 2711 1564 2742 praeter
1579 2706 1656 2732 hasce
1672 2706 1712 2731 in-

1448 2754 1505 2780 fis·
