1941 3052
838 202 862 226 5.

259 201 291 225 50
899 201 932 226 M.

259 277 301 297 tur
323 270 460 297 diversunt
474 279 532 296 θεων
546 280 650 303 genere.
677 276 777 300 nntura,
800 271 833 300 vi,
852 271 1044 303 magnitudine,
1068 294 1069 306 ,

258 313 383 343 tempore,
401 308 463 338 loco,
481 317 599 343 persona,
616 309 752 342 opiniom·;
781 318 809 332 nc
827 309 858 337 ni,
878 317 932 342 quo
951 308 977 334 in
997 316 1047 334 ιιιι-
1068 314 1070 347 2

258 355 330 372 mero
344 346 419 376 illud,
435 346 506 380 quod
527 354 572 380 per
586 345 789 371 similitudinem
809 345 939 375 alferi-tur,
955 349 980 370 ct
993 354 1048 379 qim
1068 355 1070 393 ἰ

258 384 284 409 in
301 383 356 409 loco
371 383 418 409 hoc
431 384 611 416 genus,cuiu.·‹
625 391 718 408 caussa
733 382 863 411 niteretur,
881 382 970 407 haberi
985 391 1047 408 con·
1068 397 1070 415 μ

258 421 354 449 veniat,
370 420 532 446 ostendetur.
561 420 666 449 Deinde,
683 419 748 454 quid
764 428 804 444 res
818 427 878 444 cum
894 428 920 444 re
934 419 1044 449 differat,
1068 425 1070 453 l

257 457 494 487 :leniunstrabitun
522 466 555 483 ex
581 466 634 491 quo
657 456 822 485 docebimus.
848 455 920 482 aliud
946 456 980 481 dn
1005 466 1044 486 (Ὀ,

256 495 327 530 qumi
346 495 550 529 comparabitur.
571 498 595 520 ct
613 494 645 519 de
659 503 697 523 co,
715 494 825 528 quicum
839 493 1044 528 comparabitur.
1068 500 1070 523 l

257 532 402 558 existimari
427 536 554 566 oportere.
590 531 674 556 lluius
693 530 825 556 facultatis
844 531 958 556 maxime
978 531 1047 557 indi-
1068 551 1070 565 ,

256 578 360 603 gemus,
381 578 464 603 quum
484 577 512 594 ea
532 569 587 602 ipsa
607 568 808 601 argumentatio.
824 576 893 602 quae
909 577 954 602 per
968 568 1047 594 indu·
1068 596 1070 605 ,

256 607 369 632 ctionem
385 610 516 636 tractatur,
533 606 581 631 erit
596 605 820 640 reprehendenda.
840 605 885 631 Sin
901 605 1046 631 iudicatum
1068 625 1070 634 .

257 643 364 678 aliquod
389 642 523 674 inferetur,
548 643 674 677 quoniam
699 642 725 669 id
744 651 777 669 cx
796 642 838 668 his
854 642 917 668 loeis
932 643 1047 669 maxime

257 681 388 706 firmatur:
418 679 495 706 laude
509 689 609 710 eorum,
625 681 672 715 qui
687 680 852 711 iudicarunt;
870 680 1047 706 similitudine

256 719 314 743 eius
333 718 378 747 rei,
399 726 450 752 qua
465 717 498 743 de
511 718 607 753 agitur,
628 717 660 743 ad
679 726 736 744 eam
751 726 815 748 rem.
831 726 884 752 qua
899 717 931 743 de
946 717 1048 743 iudica·
1068 742 1070 756 r

256 759 312 780 tum
327 759 380 787 est;
400 759 425 781 ct
441 755 680 786 commemorando,
701 764 752 782 uon
772 754 851 781 modo
869 764 920 781 non
934 764 992 781 esse
1007 764 1047 781 re·
1068 776 1069 782 ,

256 792 418 827 prehensum
438 792 576 822 iudicium.
597 792 643 818 scd
661 793 694 819 ab
711 793 837 819 omnibus
855 793 1044 827 approbatum;

256 834 281 856 ct
298 829 511 861 demonstrando,
532 829 670 856 difficilius
688 834 713 856 ct
731 830 817 856 maius
837 829 920 856 fuisse
934 829 960 856 id
976 830 1047 855 iudi-

255 871 352 898 catum,
369 867 440 902 quod
454 867 584 898 afferatur,
600 876 680 902 quam
696 867 731 898 id,
744 868 816 902 quod
829 868 920 893 instet:
937 875 970 893 ex
983 876 1046 893 con-

255 905 342 931 trariis
358 904 429 935 locis.
439 905 461 930 si
477 913 517 930 res
531 909 576 930 aut
591 914 650 930 vera
665 909 710 930 aut
725 905 779 931 veri
793 905 891 930 similis
903 905 1043 939 permittat,

254 942 382 968 infirmari
396 942 534 976 oportebit.
559 942 645 976 Atque
659 943 709 968 crit
721 942 916 968 observandum
931 941 1046 977 diligen·
1068 945 1069 972 1

255 983 302 1010 ter,
324 988 356 1005 ne
371 979 436 1005 nihil
452 979 484 1005 ad
503 979 539 1010 id,
555 988 610 1013 quo
623 979 656 1005 de
670 985 770 1015 agatur,
788 980 918 1014 pertineat
932 979 958 1005 id
973 979 1044 1014 quod
1068 990 1069 1013 i

254 1016 401 1043 iudicatum
417 1017 464 1049 sit,
490 1020 515 1042 et
529 1016 683 1047 videndum,
701 1026 732 1042 nc
746 1025 775 1043 ea
790 1025 831 1043 res
846 1016 1001 1051 proferatur,
1018 1017 1044 1042 in

255 1063 263 1079 t
275 1063 307 1080 ua
325 1054 360 1080 sit
373 1054 512 1084 offensum,
533 1058 561 1080 ut
575 1054 607 1080 (le
622 1054 688 1088 ipso,
704 1055 751 1089 qui
766 1054 898 1085 iudicarit,
914 1054 1044 1080 iudicium

255 1063 311 1117 ficri
326 1091 455 1117 videatur.
490 1092 532 1117 83.
547 1090 655 1126 Oportet
673 1096 760 1117 autem
779 1091 997 1122 animadvertere,
1014 1100 1045 1117 ne
1068 1107 1069 1124 3

254 1137 339 1164 quum
354 1128 429 1154 aliter
447 1128 530 1154 multa
544 1129 597 1154 sint
616 1129 739 1160 iudicata,
767 1128 916 1155 solitarium
937 1128 1045 1163 aliquod

254 1170 299 1192 aut
314 1174 402 1192 rarum
416 1165 562 1192 iudicatum
577 1165 708 1192 afferatur.
725 1167 790 1192 Nam
805 1166 847 1192 his
861 1166 941 1192 rebus
955 1171 1046 1192 aucto·
1066 1154 1069 1196 l

254 1204 317 1229 ritas
332 1203 440 1229 iudicati
455 1203 570 1229 maxime
584 1208 669 1238 potest
683 1203 820 1229 infirmari.
842 1203 929 1238 Atque
943 1211 972 1229 ca
983 1204 1045 1238 qui-

254 1240 323 1271 dem,
344 1249 412 1275 quae
430 1241 508 1275 quasi
527 1241 672 1275 probabilia
691 1245 839 1271 sumentur,
856 1240 888 1266 ad
903 1240 974 1266 hunc
989 1249 1046 1267 mo-

253 1277 318 1304 dum
334 1278 426 1304 tentari
440 1278 580 1312 oportebit.
602 1278 681 1304 XLV.
697 1278 770 1310 Quae
785 1286 846 1304 vero
860 1278 939 1304 sicuti
954 1286 1045 1304 neces-

253 1315 321 1341 saria
340 1315 509 1346 inducentur,
530 1324 568 1346 ea,
588 1316 610 1342 si
631 1315 695 1341 forte
715 1315 892 1341 imitabuntur
906 1315 984 1341 modo
998 1325 1045 1341 ne—

253 1353 394 1379 cessariam
413 1353 681 1387 argumentationem,
703 1361 789 1387 neque
806 1357 883 1378 erunt
901 1353 1042 1384 eiusmodi,

252 1391 291 1416 sic
306 1390 546 1425 reprehendentur:
562 1390 679 1425 primum
693 1390 852 1424 complexio,
867 1398 944 1424 quae,
954 1394 1044 1416 utrum

252 1427 424 1459 concesseris,
444 1427 521 1453 debet
540 1427 638 1458 tollere,
659 1428 680 1453 si
701 1435 761 1453 vera
775 1432 823 1458 est,
841 1436 988 1462 numquam
1003 1436 1045 1453 re-

252 1465 444 1500 prehendetur;
460 1465 501 1491 sin
517 1464 590 1495 falsa,
603 1465 709 1491 duobus
724 1464 819 1495 modis,
835 1469 880 1491 aut
893 1465 1045 1491 conversio-

252 1511 285 1528 ne
299 1506 343 1528 aut
357 1501 466 1528 alterius
480 1502 561 1537 partis
576 1502 761 1528 infirmatione.
790 1502 978 1534 conversione,
994 1502 1044 1528 hoc

252 1539 343 1566 modo:

288 1577 356 1602 Num
369 1578 395 1602 si
406 1580 519 1607 veretur,
541 1577 602 1610 quid
615 1585 671 1602 eum
684 1585 808 1607 accusem,
824 1578 869 1610 qui
882 1579 916 1602 e'st
928 1575 1044 1610 probus?

288 1613 335 1639 Sin
349 1615 545 1639 inverecundum
558 1616 639 1640 άηίηιι·
652 1616 780 1647 iuqeninm
792 1615 912 1647 possidet,

287 1653 350 1684 quid
363 1659 417 1676 eum
431 1653 555 1681 accusem,
571 1653 616 1684 qui
627 1653 704 1684 parvi
718 1653 744 1676 id
756 1653 848 1677 auditu
861 1650 995 1677 aestimet?

251 1688 306 1719 llic,
331 1688 388 1714 sive
404 1688 487 1714 vereri
505 1687 615 1719 dixeris,
641 1688 699 1714 sive
712 1696 764 1714 non
779 1688 872 1719 vereri,
897 1687 1044 1714 conceden-

250 1725 315 1751 dum
330 1725 379 1752 hoc
391 1729 473 1759 putat,
482 1729 511 1751 ut
525 1729 602 1761 neget
615 1733 674 1751 esse
687 1725 877 1751 accusandum.
890 1724 966 1757 Quod
980 1733 1044 1751 con·
1064 1739 1066 1759 l

250 1763 371 1789 versione
390 1762 428 1788 sic
445 1762 665 1796 reprehendetur:
694 1763 778 1789 Immo
795 1771 858 1788 vero
876 1762 1043 1788 accusandus

250 1804 299 1826 est.
334 1800 400 1825 Nam
414 1800 437 1825 si
452 1804 566 1831 veretur,
582 1808 704 1832 accuses;
725 1808 776 1826 non
791 1800 861 1825 enim
876 1799 951 1834 parvi
966 1799 1043 1826 audi-
1064 1808 1066 1818 ι

250 1841 278 1863 tu
301 1836 460 1863 aestimabit.
495 1836 542 1863 Sin
565 1836 776 1863 inverecundum
799 1837 880 1863 animi
903 1837 1041 1872 ingenium

250 1874 377 1908 possidet,
399 1878 485 1900 tamen
504 1882 626 1907 accuses;
655 1883 707 1900 non
722 1874 792 1900 enim
808 1874 908 1908 probus
922 1879 970 1900 est.
999 1875 1040 1900 84.
1064 1887 1073 1902 η

250 1911 366 1937 Alterius
391 1915 479 1937 autem
498 1911 580 1946 partis
598 1911 775 1938 infirmatione
793 1911 842 1937 hoc
857 1911 934 1938 modo
953 1919 1043 1946 repre-

249 1948 395 1975 hendetur:
411 1948 509 1975 Verum
523 1949 546 1974 si
557 1953 671 1979 veretur,
680 1949 846 1975 accusatione
857 1953 900 1974 tua
909 1953 1041 1975 correctus

249 1985 282 2012 ab
297 1990 381 2012 errato
394 1985 506 2012 recedet.
539 1986 712 2012 Enumeratio
725 1986 820 2012 vitiosa
834 1985 1001 2021 intelligitur,
1018 1986 1041 2012 si

249 2027 295 2049 aut
309 2023 479 2057 praeteritum
493 2023 621 2058 quiddam
633 2022 844 2058 dicenms,quod
854 2022 970 2049 velimus
979 2032 1043 2049 con—

249 2060 350 2091 cedere,
367 2064 412 2086 aut
425 2060 561 2086 infirmum
576 2060 678 2095 aliquid
693 2060 986 2095 annumeratum,quod
997 2065 1042 2086 aut

249 2102 338 2124 contra
352 2097 404 2123 dici
419 2097 511 2132 possit,
532 2102 577 2124 aut
590 2106 683 2124 caussa
702 2106 754 2124 non
768 2098 811 2128 sit,
827 2106 908 2132 quare
928 2106 979 2123 non
994 2097 1042 2123 ho-

249 2139 323 2161 neste
341 2135 477 2169 possimus
495 2134 647 2161 concedere.
681 2135 841 2161 Praeteritur
862 2134 991 2169 quiddam
1013 2135 1041 2160 in
1064 2150 1065 2155 =

248 2172 381 2198 eiusmodi
408 2172 668 2198 enumerationibus:
695 2171 827 2204 Quoniam
853 2171 936 2197 habes
958 2172 1041 2198 istum

249 2217 359 2244 equum,
385 2214 430 2235 aut
449 2209 546 2235 emeris
564 2213 666 2244 oportet
683 2214 729 2235 aut
746 2209 891 2235 hereditate
904 2209 1041 2243 possideas

248 2250 295 2272 aut
312 2255 422 2272 munere
442 2247 574 2281 acceperis
593 2251 638 2272 aut
651 2246 723 2273 domi
737 2246 786 2272 tibi
800 2251 877 2272 natus
891 2247 927 2272 sit
939 2250 993 2276 aut,
1018 2246 1040 2272 si

249 2283 345 2310 horum
360 2283 426 2310 nihil
441 2288 489 2314 est,
510 2284 672 2318 surripueris
691 2292 799 2310 necesse
812 2288 865 2316 est3
893 2283 940 2309 sed
955 2291 1041 2318 neque

249 2321 336 2347 emisti
356 2329 442 2356 neque
460 2320 604 2347 hereditate
623 2321 695 2347 venit
714 2329 801 2355 neque
814 2320 928 2347 donatus
941 2324 982 2346 est
995 2329 1042 2346 ne-

249 2366 302 2392 que
315 2357 387 2384 domi
403 2362 480 2384 natus
494 2362 547 2390 est,
564 2366 671 2384 necesse
685 2362 724 2384 est
735 2366 799 2393 ergo
808 2357 982 2392 surripueris.
997 2359 1039 2384 85.

248 2395 302 2421 Hoc
320 2395 458 2422 commode
472 2395 688 2430 reprehendetur,
708 2395 731 2421 si
746 2395 798 2421 dici
813 2396 897 2430 possit
910 2403 944 2421 ex
958 2395 1042 2421 hosti—

250 2432 300 2458 bus
319 2441 406 2467 equus
424 2441 483 2458 esse
496 2437 599 2467 captus,
615 2433 694 2459 cuius
708 2432 820 2467 praedae
833 2433 914 2459 sectio
928 2441 981 2459 non
996 2440 1042 2458 ve-

249 2469 340 2501 nierit;
355 2478 410 2504 quo
420 2469 500 2500 illato,
518 2470 667 2496 infirmetur
680 2471 856 2501 enumeratio,
872 2470 1000 2504 quoniam
1014 2469 1041 2495 id

249 2506 284 2532 sit
302 2506 450 2538 inductum,
466 2507 538 2541 quod
557 2508 729 2542 praeteritum
743 2507 778 2533 sit
790 2508 818 2533 in
832 2507 1039 2533 enumeratione.

249 2543 340 2569 XLVI.
357 2543 445 2570 Altero
458 2548 546 2570 autem
560 2544 639 2571 modo
653 2544 870 2579 reprehendetur.
883 2544 906 2570 si
921 2548 966 2570 aut
978 2552 1042 2570 con-

249 2585 287 2606 tra
301 2580 404 2615 aliquid
417 2581 528 2613 dicetur,
545 2581 595 2608 hoc
609 2586 657 2613 est,
673 2582 696 2607 si
711 2581 828 2616 exempli
841 2589 945 2612 caussa,
970 2585 1000 2607 ut
1011 2581 1041 2606 in

249 2617 340 2644 eodem
361 2626 506 2649 versemur,
526 2619 622 2653 poterit
639 2619 742 2645 ostendi
761 2618 905 2645 hereditate
923 2618 1038 2648 venisse,
1070 2611 1072 2651 l

249 2659 296 2681 aut
308 2655 330 2681 si
345 2659 493 2681 extremum
508 2655 576 2682 illud
590 2665 642 2682 non
657 2657 706 2682 erit
720 2661 796 2691 turpe
810 2655 962 2686 concedere,
978 2659 1008 2681 ut
1017 2655 1040 2681 si

249 2692 320 2726 quis,
341 2700 426 2726 quum
443 2692 560 2719 dixerint
577 2693 735 2719 adversarii:
765 2693 817 2719 Aut
829 2693 942 2719 insidias
956 2691 1041 2718 facere

250 2728 358 2755 voluisti
373 2734 418 2755 aut
436 2730 521 2756 amico
534 2738 634 2757 morem
648 2731 755 2766 gessisti
770 2735 816 2757 aut
828 2729 973 2764 cupiditate
987 2729 1041 2755 ela-

967 201 997 227 T.
1031 199 1308 227 CICERONIS

1068 272 1069 276 ’
1099 275 1141 296 tun
1155 279 1197 301 es,
1225 271 1310 296 amico
1327 278 1356 295 ee
1369 278 1469 296 morem
1483 270 1600 303 gessisse
1615 269 1734 296 fateatur.
1760 271 1801 296 ⁸6.
1817 269 1889 297 Sim·

1099 307 1160 342 plex
1179 312 1266 333 autem
1284 306 1420 333 conclusio
1437 306 1653 341 reprehendetur.
1674 308 1696 333 si
1715 307 1742 334 id
1759 307 1832 342 quod
1846 317 1889 334 se-

1098 345 1190 379 quitur
1214 353 1264 370 non
1285 343 1404 370 videatur
1422 344 1570 370 necessario
1590 353 1651 371 cum
1673 353 1704 371 eo
1725 344 1797 379 quod
1815 350 1889 372 auto-

1098 382 1178 407 cessit
1195 381 1344 407 cohaerere.
1376 381 1441 407 Nam
1456 381 1505 407 hoc
1517 381 1641 416 quidem:
1657 381 1685 408 Si
1699 382 1825 416 spiritum
1837 382 1889 410 du-

1097 420 1141 448 cit,
1160 419 1238 444 vivit:
1267 418 1295 444 Si
1313 418 1371 444 dies
1389 422 1437 449 est.
1464 417 1546 449 lucet;
1574 419 1705 446 eiusmodi
1720 424 1768 450 est.
1786 424 1814 446 ut
1826 428 1889 447 cum

1068 461 1069 466 ¹
1099 457 1184 490 priore
1203 456 1352 482 necessario
1370 456 1502 490 posteriue
1519 455 1658 483 cohaerere
1673 456 1802 483 videatur.
1836 457 1890 484 Ηοο

1099 498 1200 519 autem:
1226 493 1254 519 Si
1275 497 1358 519 mater
1370 497 1419 523 est.
1439 492 1542 528 diligit:
1559 492 1587 519 Si
1601 493 1745 528 aliquando
1759 495 1887 528 ,meavic

1099 539 1246 565 numquam
1268 530 1426 564 corrigetur;
1456 530 1495 556 sic
1516 531 1656 557 conveniet
1673 530 1840 566 reprebendi.
1861 536 1890 558 ut

1097 568 1293 594 demonstretur
1316 577 1367 593 non
1390 567 1539 594 necessario
1563 576 1625 594 cum
1647 569 1733 603 priore
1756 569 1889 603 posterius

1097 605 1245 631 cohaerere.
1281 605 1333 631 lloc
1345 614 1431 639 genus
1445 610 1470 631 et
1483 609 1568 631 cetera
1583 606 1729 632 necessaria
1743 610 1768 632 et
1781 606 1890 633 omnino

1098 643 1185 669 omnis
1212 643 1405 677 argumentatio
1430 646 1455 668 et
1481 642 1539 668 eius
1567 642 1737 676 reprehensio
1763 644 1888 670 maiorem

1098 680 1241 715 quamdam
1258 680 1311 706 vim
1329 679 1445 706 continet
1459 683 1483 705 et
1498 679 1577 705 latius
1592 683 1670 714 patet,
1689 688 1771 714 quam
1786 680 1829 707 hic
1841 688 1890 708 ex-

1099 718 1219 752 ponitur3
1246 717 1293 743 sed
1307 718 1365 743 eius
1380 716 1483 743 artificii
1497 717 1613 751 cognitio
1627 717 1781 743 huiusmodi
1795 722 1844 749 est.
1860 722 1890 744 ut

1098 764 1150 781 non
1165 755 1196 781 ad
1212 754 1293 781 huius
1307 755 1370 780 artis
1381 758 1481 788 partem
1492 754 1609 788 aliquam
1620 754 1730 789 adiungi
1741 754 1887 789 pessuma}

1098 793 1155 826 ipsa
1178 792 1318 827 separatim
1343 791 1413 825 longi
1435 792 1562 826 temporis
1579 796 1603 817 et
1623 800 1733 825 magnae
1751 797 1830 827 atquc
1847 801 1889 820 ar-

1097 830 1166 856 duae
1179 829 1346 865 cogitationis
1361 828 1486 863 indigeat.
1507 828 1592 860 Quare
1607 828 1651 855 illa
1667 829 1743 855 nobis
1756 829 1808 856 alio
1821 834 1888 856 tem·

1098 876 1160 902 pore
1173 871 1252 901 atque
1267 866 1298 892 ad
1313 865 1386 892 aliud
1401 866 1562 895 institutum.
1574 866 1596 892 si
1611 865 1722 892 facultas
1736 866 1888 902 erit,expli-

1097 905 1241 936 cal›untur;
1270 912 1341 930 nunc
1369 903 1411 929 his
1440 903 1670 937 praeceptionibus
1693 903 1829 930 rhetorum
1855 903 1887 931 ad

1097 951 1177 968 usum
1192 941 1334 967 oratorium
1348 944 1484 968 contentos
1499 949 1546 966 nos
1559 948 1618 966 esse
1631 941 1771 975 oportebit.
1797 941 1886 974 Quum

1097 980 1179 1013 igitur
1193 988 1225 1005 ex
1240 979 1358 1013 iis.quae
1372 982 1525 1008 sumuntur,
1541 977 1644 1012 aliquid
1659 987 1710 1004 non
1724 978 1885 1009 conceditur.

1097 1014 1136 1043 sic
1153 1016 1341 1043 infirmabitur.
1375 1015 1477 1041 XLVII.
1498 1015 1540 1041 87.
1559 1014 1648 1047 Quum
1667 1020 1755 1042 autem
1770 1015 1812 1042 his
1824 1024 1888 1043 oon-

1096 1054 1180 1080 cessis
1205 1053 1355 1088 complexio
1376 1061 1410 1079 ex
1430 1052 1472 1078 his
1495 1061 1546 1078 non
1565 1052 1712 1083 conficitur.
1733 1053 1797 1080 haec
1809 1058 1888 1080 erunt

1096 1091 1300 1118 consideranda:
1329 1098 1394 1116 num
1413 1088 1486 1115 aliud
1504 1089 1667 1121 conficiatur,
1687 1089 1760 1117 aliud
1773 1090 1885 1121 dicatur.

1097 1129 1146 1155 hoc
1160 1128 1252 1155 modo:
1276 1127 1314 1159 Si,
1329 1135 1415 1162 quum
1430 1126 1529 1162 aliquis
1542 1126 1613 1153 dicat
1625 1136 1654 1154 se
1667 1127 1815 1162 profectum
1829 1136 1887 1155 esee

1096 1166 1128 1192 ad
1143 1166 1395 1195 exercitum.contra
1409 1173 1470 1190 eum
1484 1164 1547 1199 quis
1561 1164 1625 1191 velit
1638 1164 1687 1191 hac
1698 1165 1735 1192 uti
1746 1174 1888 1201 argumen-

1097 1204 1206 1230 tatione:
1227 1203 1256 1229 Si
1275 1203 1395 1229 venisses
1414 1201 1446 1228 ad
1460 1202 1616 1232 exercitum,
1632 1211 1645 1228 a
1660 1202 1776 1229 tribunis
1789 1202 1887 1229 milita-

1074 1255 1075 1266 l
1096 1241 1172 1267 ribus
1190 1241 1266 1267 visus
1283 1248 1370 1272 esses;
1399 1248 1450 1266 non
1469 1247 1497 1265 es
1511 1244 1600 1265 autem
1614 1239 1648 1266 ab
1662 1239 1704 1266 bis
1718 1240 1807 1273 visus,
1835 1248 1886 1267 non

1066 1279 1068 1289 ¹
1095 1287 1124 1304 es
1137 1279 1220 1313 igitur
1234 1277 1367 1312 profectus
1385 1276 1417 1303 ad
1431 1277 1587 1303 exercitum.
1621 1277 1668 1303 Hic
1681 1285 1766 1312 quum
1779 1285 1888 1304 conces-

1074 1334 1075 1340 .
1096 1316 1163 1342 seris
1182 1315 1388 1350 propositionem
1407 1318 1433 1340 et
1445 1314 1665 1348 assumptionem.
1685 1314 1835 1349 complexio
1847 1319 1888 1341 est

1096 1353 1263 1379 infirmanda.
1283 1351 1364 1378 Aliud
1378 1351 1548 1386 enini.quam
1562 1351 1713 1387 cogebatur,
1723 1351 1825 1378 illatum
1836 1357 1885 1378 est.

1096 1392 1138 1416 88.
1153 1390 1190 1416 Ac
1205 1398 1276 1416 nunc
1289 1389 1409 1424 quidem,
1429 1396 1484 1423 quo
1497 1388 1603 1414 facilius
1618 1398 1659 1414 res
1673 1394 1884 1424 cognosceretur,

1073 1430 1075 1440 “
1096 1428 1238 1462 perspicuo
1251 1431 1277 1453 et
1289 1425 1384 1462 grandi
1399 1426 1464 1452 vitio
1478 1425 1627 1460 praeditum
1641 1427 1782 1460 posuimus
1797 1435 1888 1453 exem—

1096 1465 1186 1499 plum;
1206 1464 1253 1490 sed
1267 1472 1346 1498 saepe
1359 1463 1501 1490 obscurius
1515 1463 1632 1498 positum
1646 1463 1741 1490 vitium
1761 1472 1808 1498 pro
1827 1473 1887 1491 vero

1095 1502 1230 1537 probatur,
1246 1510 1332 1536 quum
1353 1505 1399 1527 aut
1413 1508 1507 1535 parum
1522 1501 1685 1532 memineris,
1700 1501 1766 1536 quid
1779 1509 1887 1528 conixus-

1095 1540 1170 1570 seris,
1196 1543 1242 1565 aut
1264 1538 1422 1574 ambiguum
1441 1537 1543 1572 aliquid
1561 1546 1609 1572 pro
1625 1542 1697 1565 certo
1712 1538 1885 1565 concesseris.

1096 1577 1260 1611 Ambiguum
1278 1576 1301 1602 si
1315 1575 1478 1602 concesseris
1491 1583 1525 1601 ex
1538 1583 1567 1600 ea
1582 1579 1663 1609 parte,
1679 1583 1760 1610 quam
1774 1576 1832 1610 ipse
1846 1576 1887 1602 in-

1065 1614 1073 1626 *
1095 1610 1238 1645 tellexeris‚
1263 1622 1320 1639 eam
1339 1616 1440 1647 partem
1458 1612 1482 1638 si
1500 1612 1669 1638 adversarius
1687 1612 1720 1639 ad
1733 1612 1811 1639 aliam
1826 1621 1887 1648 par·

1095 1656 1147 1677 tem
1171 1659 1218 1685 per
1239 1649 1450 1684 complexionem
1469 1649 1533 1675 velit
1545 1649 1751 1681 accommodare.
1776 1649 1887 1677 demon—

1094 1693 1177 1715 strare
1191 1687 1330 1722 oportebit,
1347 1695 1398 1713 non
1411 1695 1445 1712 ex
1458 1686 1578 1721 eo,quod
1591 1687 1648 1721 ipse
1659 1687 1886 1718 concesseris,sed

1094 1734 1127 1752 ex
1141 1734 1180 1756 eo,
1195 1725 1268 1760 quod
1282 1724 1327 1751 ille
1341 1725 1497 1758 sumpserit,
1513 1723 1606 1750 confici
1620 1724 1841 1759 complexionem,
1853 1724 1886 1752 ad

1094 1763 1166 1789 hunc
1184 1762 1307 1789 modum:
1335 1762 1364 1788 Si
1382 1761 1508 1797 indigetis
1525 1761 1663 1795 pecuniae,
1679 1762 1820 1796 pecuniam
1834 1770 1885 1789 non

1095 1800 1212 1832 habetis;
1240 1800 1263 1825 si
1288 1800 1429 1833 pecuniam
1452 1807 1504 1825 non
1527 1798 1640 1829 habetis,
1661 1807 1792 1833 pauperes
1805 1799 1883 1826 estis:

1094 1837 1220 1872 indigetis
1238 1841 1327 1863 autem
1342 1837 1484 1871 pecuniae;
1513 1840 1674 1862 mercaturae
1687 1837 1768 1867 enim,
1785 1837 1836 1863 nisi
1851 1837 1885 1863 ita

1094 1880 1172 1905 esset,
1188 1883 1294 1909 operam
1310 1882 1361 1900 non
1375 1873 1487 1900 daretis:
1504 1881 1634 1908 pauperes
1647 1874 1731 1908 igitur
1743 1874 1817 1900 estis.
1831 1873 1886 1901 noc

1095 1913 1134 1938 sic
1148 1911 1364 1946 reprehenditur:
1380 1911 1470 1943 Quum
1484 1910 1605 1937 dicebas:
1622 1910 1650 1937 Si
1664 1910 1790 1946 indigetis
1803 1919 1886 1946 pecu—

1072 1943 1073 1966 Ῐ
1094 1949 1161 1980 niae,
1188 1949 1329 1984 pecuniam
1353 1957 1405 1975 non
1423 1948 1541 1979 habetis,
1570 1947 1619 1974 hoc
1632 1947 1828 1984 intelligebam:
1855 1947 1885 1975 Si

1072 1987 1073 2004 ³
1093 1991 1200 2021 propter
1217 1986 1334 2020 inopiam
1353 1986 1381 2012 in
1395 1990 1510 2021 egestate
1523 1985 1596 2015 estis.
1616 1985 1757 2020 pecuniam
1772 1993 1824 2012 non
1838 1985 1887 2012 ha-

1072 2037 1073 2041 *
1094 2024 1175 2055 betis;
1203 2028 1229 2049 et
1242 2023 1340 2049 idcirco
1353 2022 1544 2049 concedebam:
1572 2030 1658 2057 quum
1672 2027 1760 2048 autem
1775 2022 1825 2049 hoe
1838 2031 1885 2049 su-

1072 2065 1073 2069 ’
1093 2061 1198 2087 mebas:
1218 2060 1347 2096 Indigetis
1361 2065 1449 2086 autem
1463 2059 1605 2094 pecuniam
1625 2058 1693 2086 illud
1707 2059 1882 2094 accipiebam:

1093 2098 1180 2125 Vultis
1194 2102 1282 2124 autem
1297 2097 1425 2132 pecuniae
1439 2096 1501 2131 plus
1515 2096 1621 2122 habere.
1654 2096 1696 2123 Ex
1708 2096 1809 2132 quibus
1821 2105 1885 2123 oon-

1093 2135 1260 2161 cessionibus
1275 2143 1326 2161 non
1340 2134 1478 2160 conficitur
1491 2133 1554 2160 hoc:
1569 2133 1702 2168 Pauperes
1712 2133 1795 2169 igitur
1803 2134 1881 2160 estis:

1072 2178 1073 2183 ¹
1092 2172 1265 2199 conficeretur
1278 2176 1376 2202 autem,
1393 2171 1417 2197 si
1431 2171 1479 2197 tibi
1493 2171 1580 2205 primo
1592 2179 1701 2206 quoque
1715 2170 1764 2197 hoc
1776 2179 1884 2198 conces-

1072 2207 1073 2224 *
1093 2210 1199 2241 sissem,
1223 2209 1271 2244 qui
1295 2209 1435 2244 pecuniam
1458 2209 1584 2234 maiorem
1603 2207 1683 2234 vellet
1701 2207 1806 2239 habere,
1821 2216 1882 2234 eum

1072 2247 1073 2266 ἶ
1093 2247 1234 2282 pecuniam
1249 2254 1300 2273 non
1315 2246 1422 2272 habere.
1448 2245 1563 2271 XLVIII.
1579 2246 1621 2271 39.
1637 2244 1721 2280 Saepe
1733 2249 1822 2271 autem
1836 2245 1884 2272 ob-

1071 2277 1073 2303 l
1094 2284 1170 2310 litum
1189 2288 1292 2319 putant,
1317 2282 1383 2318 quid
1401 2283 1573 2313 concesseris,
1597 2286 1623 2308 et
1639 2281 1738 2308 idcirco
1751 2281 1788 2313 id,
1811 2282 1883 2317 quod

1071 2309 1073 2334 l
1094 2329 1145 2347 non
1166 2320 1312 2351 conficitur,
1336 2320 1413 2355 quasi
1427 2319 1590 2350 conficiatur,
1613 2319 1641 2345 in
1658 2318 1829 2345 conclusione
1841 2319 1883 2345 in-

1072 2347 1073 2366 l
1093 2357 1184 2388 fertur,
1211 2358 1260 2384 hoc
1282 2357 1373 2384 modo:
1403 2356 1431 2383 Si
1454 2356 1486 2382 ad
1505 2356 1582 2382 illum
1604 2355 1736 2382 hereditas
1750 2355 1881 2386 veniebat,

1071 2382 1073 2407 l
1092 2396 1148 2421 veri
1163 2395 1251 2421 simile
1264 2398 1313 2425 est,
1329 2394 1362 2420 ab
1375 2393 1422 2420 illo
1435 2402 1495 2420 esse
1508 2397 1639 2420 necatum.
1660 2392 1760 2419 Deinde
1773 2391 1824 2419 hoc
1835 2401 1883 2427 ap-

1071 2416 1073 2443 l
1092 2432 1205 2467 probant
1218 2431 1344 2466 plurimis
1358 2431 1456 2457 verbis
1490 2431 1552 2457 Post
1564 2434 1719 2456 assumunt:
1745 2429 1787 2456 Ad
1804 2429 1881 2456 illum

1071 2457 1073 2508 l
1092 2474 1181 2496 autem
1196 2468 1328 2495 hereditas
1342 2468 1472 2495 veniebat.
1487 2466 1587 2494 Deinde
1600 2466 1725 2493 infertur:
1740 2466 1788 2493 Ille
1800 2467 1883 2502 igitur

1071 2511 1073 2522 ¹
1092 2506 1197 2533 occidit.
1230 2506 1260 2532 Id
1273 2505 1345 2541 quod
1359 2514 1393 2532 ex
1405 2505 1448 2536 iis,
1463 2513 1531 2539 quae
1544 2508 1722 2539 sumpserant,
1735 2512 1788 2531 non
1800 2503 1882 2530 eonfi-

1071 2525 1073 2580 l
1092 2544 1170 2570 citur.
1191 2542 1279 2576 Quare
1291 2543 1433 2569 observare
1445 2541 1588 2577 diligenter
1599 2546 1709 2576 oportet,
1717 2545 1743 2568 et
1755 2540 1822 2576 quid
1834 2549 1881 2567 su-

1070 2582 1072 2588 *
1092 2586 1188 2611 matur.
1205 2585 1230 2607 et
1243 2579 1310 2615 quid
1323 2589 1356 2606 ex
1369 2579 1412 2606 his
1425 2578 1588 2605 conficiatur.

1147 2619 1239 2652 Ipsum
1252 2622 1341 2643 autem
1355 2624 1442 2652 genus
1455 2615 1692 2651 argumentationis
1702 2615 1827 2642 vitiosum
1839 2614 1880 2642 his

1070 2655 1072 2678 ἶ
1091 2654 1125 2681 de
1142 2655 1245 2681 caussis
1258 2654 1421 2684 ostendetur,
1440 2653 1464 2679 si
1482 2653 1567 2679 autin
1580 2653 1640 2688 ipso
1652 2652 1748 2678 vitium
1762 2652 1820 2683 erit,
1835 2656 1881 2679 aut

1070 2695 1072 2735 ’ξ
1091 2692 1115 2718 si
1129 2700 1181 2718 non
1194 2691 1227 2718 ad
1241 2691 1277 2722 id,
1293 2690 1366 2726 quod
1378 2690 1503 2721 instituit.
1518 2688 1770 2716 accommodabitur.
1792 2688 1880 2724 Atque

1070 2741 1072 2754 ι
1091 2729 1119 2755 in
1136 2729 1196 2763 ipso
1213 2729 1310 2754 vitium
1328 2728 1390 2758 erit,
1410 2727 1432 2753 si
1451 2727 1560 2753 omnino
1573 2731 1657 2753 totum
1672 2725 1768 2752 falsum
1782 2726 1841 2756 erit,
1856 2726 1878 2752 si
