1941 3052
386 160 437 186 DE
472 160 789 187 INVENTIUNE
825 162 843 187 L

15 233 114 259 simum
129 236 176 262 est,
194 231 272 257 istius
287 230 394 257 honoris
408 240 502 258 caussa
517 231 585 258 hanc
599 232 719 258 eamdem
734 241 812 258 exce-
833 234 842 266 l?

16 270 132 305 ptionem
155 269 261 295 iniussu
284 269 377 303 populi
401 269 434 295 ad
457 269 543 305 legem
567 270 664 296 ascribi
684 270 808 301 iubeatiS,
833 270 834 297 l

16 307 132 343 populus
155 306 299 332 Thebanus
317 306 344 332 id
364 308 512 341 patieturne
532 306 605 333 ficri‘?
625 307 745 333 Profecto
759 317 810 333 non

14 345 138 380 patietur.
172 343 248 375 Quod
267 352 329 379 ergo
348 345 444 370 ascribi
464 346 496 370 ad
517 344 602 379 legem
622 344 696 370 nefas
714 350 762 375 est,
784 345 810 371 id

14 383 100 417 sequi,
125 382 203 416 quasi
226 382 374 415 ascriptum
398 382 441 413 sit,
463 387 565 408 rectum
580 382 656 408 vobis
672 382 812 408 videatur?

13 457 126 484 iudices.

13 503 27 521 a
41 495 118 521 vobis
133 495 270 529 scriptoris
286 494 408 520 voluntas
424 499 518 529 potest,
532 495 619 520 videte
631 503 663 520 ne
674 494 759 520 multo
769 495 811 520 in-

13 532 122 568 dignius
144 537 187 563 su,
212 532 240 558 id
258 541 285 558 re
304 537 329 558 et
344 532 443 559 iudicio
458 537 545 558 vestro
560 532 665 562 mutari,
691 532 762 566 quod
778 541 810 557 ne

13 570 94 596 verbo
115 569 226 604 quidem
248 570 406 596 commutari
429 574 523 604 potest.
558 569 595 595 Ac
609 569 642 595 de
657 569 810 595 inductione
832 590 840 608 ¹.

838 616 839 624 ¹
862 607 956 640 partita
980 606 1112 633 videatur.
1146 607 1233 639 Quare
1256 610 1354 640 evenit,
1380 614 1409 635 ut
1433 618 1474 635 res
1493 614 1613 636 nontam
1628 609 1661 635 ad

12 607 121 642 quidem
138 608 202 633 satis
217 608 243 633 in
258 608 406 642 praesentia
421 607 522 633 dictum
540 607 654 632 videtur.

67 645 190 672 XXXIV.
207 646 248 671 57.
265 646 341 670 Nunc
355 644 481 679 deinceps
496 644 703 670 ratiocinationis
715 645 770 670 vim
785 648 810 670 et

11 687 133 709 naturam
148 682 358 708 consideremus.
374 682 548 708 Ratiocinatio
562 686 602 707 cst
616 682 698 707 oratio
708 690 741 707 ex
752 682 809 716 ipsa

11 728 39 746 re
53 719 191 754 probabile
208 719 311 754 aliquid
326 719 444 750 eliciens,
468 719 540 754 quod
555 720 708 753 expositum
723 724 748 745 et
763 728 810 753 pcr

11 766 40 784 se
58 758 195 792 cognitum
218 765 266 782 sua
286 766 313 782 se
330 757 355 783 vi
369 762 394 783 et
409 758 508 783 ratione
527 758 673 783 contirmet.

10 803 106 831 genere
132 795 179 828 qui
202 794 359 829 diligentius
386 795 611 821 considerandum
634 799 805 828 putaverunt,

11 841 96 868 quum
118 832 189 858 idem
215 841 264 857 usu
288 832 395 858 dicendi
409 837 594 867 sequerentur,
613 832 765 866 paullulum
781 833 808 858 in

11 869 190 905 praecipiendi
205 870 305 895 ratione
320 870 516 896 dissenserunt.
534 870 599 895 Nam
615 870 711 904 partim
727 870 809 904 quin—
830 888 831 906 1

10 916 62 943 que
76 908 134 933 eius
150 911 236 941 partes
251 916 310 933 esse
324 908 459 938 dixerunt,
474 908 569 942 partim
581 917 632 933 non
644 907 715 941 plus,
725 916 807 942 quam

9 946 37 972 in
51 950 103 971 tres
117 949 204 979 partes
219 954 297 979 posse
307 945 433 971 distribui
446 950 616 980 putaverunt.
633 945 732 971 Eorum
744 954 808 971 cou-

9 983 164 1010 troversiam
183 991 235 1008 non
254 983 454 1009 incommodum
471 983 576 1009 videtur
594 992 655 1009 cum
673 987 808 1008 utrorum—

8 1029 61 1056 que
76 1021 175 1046 ratione
189 1029 330 1054 exponere.
352 1021 417 1046 Nam
433 1026 457 1046 et
473 1021 562 1046 brevis
577 1025 616 1046 est
631 1025 656 1046 ct
671 1030 721 1046 nou
734 1021 807 1046 cius-

0 1055 89 1088 lmodi,
106 1062 135 1084 ut
149 1057 224 1084 alteri
239 1067 348 1092 prorsus
363 1058 429 1084 nihil
445 1059 533 1084 dicere
545 1063 681 1092 putentur,
696 1063 721 1084 et
732 1058 806 1084 locus

0 1095 51 1123 uhic
65 1095 142 1121 nobis
157 1096 184 1121 in
198 1095 311 1122 dicendo
326 1097 436 1122 minime
451 1096 630 1131 negligendus
648 1095 761 1122 videtur.
828 1087 829 1122 l

61 1135 103 1159 58.
123 1134 175 1165 Qui
195 1138 288 1168 putant
307 1134 334 1160 in
348 1134 469 1168 quinque
484 1134 611 1159 distribui
625 1138 713 1168 partes
728 1142 806 1168 opor-
828 1133 829 1138 ¹

0 1175 69 1202 tere,
86 1171 160 1197 aiunt
174 1171 292 1205 primum
306 1172 448 1197 convenire
463 1180 595 1206 exponere
614 1180 748 1197 summam
764 1180 806 1197 ar—
827 1167 829 1194 l

6 1209 223 1244 gumentationis,
241 1209 273 1235 ad
289 1209 360 1235 hunc
375 1209 499 1235 modum:
522 1209 619 1235 melius
635 1214 802 1240 accurantur,
827 1211 829 1250 Ῑ

6 1254 74 1281 quae
93 1246 205 1272 consilio
221 1251 361 1282 geruntur,
378 1256 460 1282 quam
475 1256 544 1282 quae
559 1247 617 1273 sine
631 1246 744 1273 consilio
758 1246 805 1272 ad-
827 1251 828 1284 j

6 1284 200 1310 ministrantur.
236 1285 308 1310 Hanc
322 1285 436 1319 primam
452 1290 553 1319 partem
570 1289 724 1313 numerant:
745 1294 803 1310 eam
826 1298 828 1309 ι

5 1321 132 1356 deinceps
147 1322 295 1348 rationibus
310 1323 392 1348 variis
406 1327 431 1348 et
445 1331 526 1357 quam
541 1322 736 1356 copiosissimis
745 1331 805 1348 ver-
826 1325 827 1354 J

5 1359 47 1386 bis
61 1360 201 1394 approbari
218 1364 312 1394 putant
325 1364 454 1394 oportere,
472 1361 520 1386 hoc
536 1360 627 1386 modo:
649 1360 750 1385 Domus
761 1368 800 1391 ea,
826 1360 828 1407 l

4 1405 73 1432 quae
91 1397 191 1423 ratione
213 1398 323 1432 regitur,
344 1398 471 1424 omnibus
490 1398 644 1423 instructior
663 1402 703 1423 est
723 1398 803 1423 rebus
826 1410 827 1433 i

4 1438 29 1461 et
43 1435 200 1469 apparatior,
217 1443 298 1470 quam
314 1444 352 1466 ca,
368 1444 438 1470 quae
453 1440 550 1461 temere
565 1440 590 1461 et
605 1435 679 1461 nullo
692 1435 804 1461 consilio
826 1435 827 1454 l

4 1471 214 1498 administratur.
249 1473 390 1499 Exercitus
410 1473 440 1504 is,
461 1474 504 1499 cui
525 1473 693 1507 praepositus
707 1477 747 1498 cst
761 1482 804 1498 sa-
825 1478 827 1505 Ι

4 1510 80 1545 piens
99 1514 124 1536 et
141 1510 256 1536 callidus
276 1511 427 1545 imperator,
449 1511 576 1537 omnihus
595 1510 716 1545 partibus
731 1520 804 1536 com-

3 1547 109 1574 modius
124 1547 233 1582 regitur,
259 1556 341 1582 quam
361 1548 392 1579 is,
418 1549 465 1583 qui
484 1548 597 1574 stultitia
617 1552 642 1574 et
657 1549 803 1574 temeritate
825 1545 826 1578 l

3 1584 117 1612 alicuius
131 1585 343 1611 administratur.
363 1585 464 1611 Eadem
479 1586 580 1620 navigii
596 1586 662 1612 ratio
676 1590 728 1611 cst:
742 1595 801 1611 nam
824 1608 825 1624 ,

4 1623 78 1649 navis
101 1623 201 1658 optime
219 1632 330 1649 cursum
354 1624 460 1649 conticit
482 1632 521 1654 ea,
538 1632 607 1658 quae
621 1624 802 1649 scientissimo
824 1627 825 1641 l

3 1660 178 1696 gubernatore
193 1661 287 1687 utitur.
322 1662 364 1687 59.
380 1660 469 1693 Quum
486 1661 632 1696 propositio
646 1662 680 1686 sit
696 1661 744 1687 hoc
755 1670 802 1695 pa·
823 1694 824 1699 1

3 1702 43 1724 cto
60 1698 203 1733 approbata
223 1702 248 1724 et
265 1698 334 1724 duae
353 1703 441 1733 partes
456 1699 608 1724 transierint
623 1699 802 1724 ratiocinatio-

3 1735 52 1767 niS,
70 1736 144 1762 tertia
159 1736 186 1762 in
201 1740 274 1771 parte
289 1736 371 1768 aiunt,
392 1736 465 1771 quod
479 1736 618 1762 ostendere
634 1736 709 1767 velis,
726 1737 753 1762 id
768 1745 801 1763 ex
822 1752 823 1759 η

2 1773 30 1800 νί
43 1774 232 1808 propositionis
246 1778 366 1808 oportere
381 1782 527 1805 assumere,
545 1774 594 1800 hoc.
609 1778 698 1808 pacto:
727 1774 799 1800 Nihil
822 1794 823 1797 ,

3 1814 88 1837 autem
103 1812 224 1837 omnium
240 1820 328 1837 rerum
344 1811 451 1842 melius,
467 1820 548 1846 quam
567 1812 654 1837 omnis
670 1811 797 1843 mundus,
821 1813 823 1828 ⁴¹

3 1847 210 1875 administratur.
227 1849 313 1875 Huius
328 1849 521 1883 assumptionis
535 1854 630 1884 quarto
644 1849 670 1875 in
687 1849 801 1875 locoali-
821 1846 823 1849 ’

3 1893 44 1912 am
58 1894 135 1921 porro
149 1886 282 1913 inducunt
295 1887 524 1922 approbationem,
547 1888 595 1913 hoo
611 1887 701 1913 niodo:
732 1888 798 1914 Nam
821 1882 822 1916 l

2 1926 28 1950 et
44 1924 182 1960 signorum
202 1928 276 1951 ortus
295 1929 320 1951 et
336 1924 426 1951 obitus
440 1924 580 1950 delinitum
596 1925 740 1960 quemdam
756 1934 800 1951 or-
821 1930 822 1946 l

3 1959 90 1987 dinem
109 1966 224 1993 servant,
246 1966 271 1988 ct
289 1970 393 1988 annuae
411 1963 633 1988 commutationes
653 1971 704 1988 non
720 1963 799 1989 modo
821 1968 822 1971 ’

2 1998 114 2034 quadam
134 2008 167 2026 ex
181 2000 379 2026 necessitudine
397 2008 504 2034 semper
518 2000 610 2026 codem
626 2000 706 2026 modo
720 2001 795 2032 liunt,

3 2043 92 2062 verum
112 2036 144 2063 ad
164 2037 292 2063 utilitates
310 2046 418 2072 quoque
437 2046 526 2064 rerum
541 2038 662 2064 omnium
678 2043 741 2064 sunt
755 2048 799 2064 ac-

2 2074 187 2105 commodatae,
208 2079 234 2101 et
251 2075 363 2101 diurnae
383 2079 581 2110 nocturnaeque
597 2076 798 2103 vicissitudines

2 2110 72 2138 nulla
91 2111 117 2138 in
137 2121 164 2138 re
183 2121 312 2147 umquam
333 2117 448 2139 mutatae
467 2113 617 2147 quidquam
638 2118 795 2140 nocuerunt.
819 2137 821 2147 ,

2 2146 72 2181 Quae
85 2150 162 2185 signo
176 2154 239 2176 sunt
253 2150 341 2176 omnia
356 2159 407 2176 non
420 2151 546 2176 mediocri
557 2151 674 2186 quodam
685 2151 797 2178 consilio

2 2190 118 2213 naturam
140 2187 234 2214 mundi
253 2187 443 2214 administrari.
479 2188 579 2220 Quinto
594 2188 725 2215 inducunt
741 2189 797 2215 loco

0 2223 211 2259 complexionem
234 2234 302 2255 eam,
327 2233 396 2259 quae
415 2229 460 2252 aut
475 2225 501 2251 id
517 2225 596 2252 infert
609 2226 707 2257 solum,
723 2227 795 2261 quod
818 2233 820 2244 s

1 2267 33 2288 ex
53 2262 178 2289 omnibus
201 2263 322 2297 partibus
345 2263 457 2296 cogitur.
482 2263 532 2289 hoc
555 2263 646 2290 modo:
679 2264 796 2290 Consilio

1 2296 81 2334 igitur
102 2300 221 2326 mundus
243 2300 458 2326 administratur:
487 2305 533 2327 aut
555 2309 640 2327 unum
659 2302 687 2328 in
707 2301 794 2328 locum

0 2342 83 2370 quum
107 2337 266 2364 conduxerit
289 2337 405 2364 breviter
423 2339 630 2372 propositionem
650 2343 675 2365 et
689 2348 796 2365 assum-

1 2373 124 2407 ptionem,
145 2375 276 2411 adiungit,
297 2375 363 2411 quid
382 2384 415 2401 ex
435 2375 476 2401 his
495 2376 658 2407 conticiatur,
676 2376 707 2402 ad
723 2377 795 2403 bunc

0 2410 122 2438 modum:
138 2411 214 2445 Quod
229 2413 250 2439 si
267 2413 364 2439 melius
378 2417 510 2447 geruntur
528 2422 566 2444 ca,
583 2422 652 2449 quae
670 2414 791 2446 consilio,

0 2454 78 2483 quam
92 2457 161 2484 quae
175 2450 232 2476 sine
246 2450 358 2477 consilio
371 2450 605 2483 administrantur,
623 2451 689 2477 nihil
704 2457 793 2478 autem

0 2485 117 2512 omnium
140 2495 229 2514 rerum
253 2487 350 2514 melius
373 2488 584 2519 administratur,
605 2497 686 2523 quam
706 2490 794 2515 omnis

0 2522 133 2558 mundus;
174 2525 287 2551 consilio
317 2525 400 2561 igitur
430 2525 549 2551 maridas
580 2526 791 2552 administratur.

0 2557 246 2596 Quinquepertitam
270 2563 353 2597 igitur
372 2563 420 2589 hoc
439 2567 515 2597 pacto
533 2567 628 2597 putant
641 2572 699 2589 esse
714 2572 794 2599 argu-

0 2598 195 2625 mentationem.
215 2600 326 2627 XXXV.
343 2602 384 2626 60.
396 2601 447 2633 Qui
459 2605 547 2626 autem
564 2601 721 2635 tripartitam
734 2610 793 2627 esse

0 2632 97 2666 dicunt,
114 2635 132 2662 ii
148 2644 199 2663 non
213 2637 288 2663 ahter
303 2642 396 2672 putant
408 2638 509 2664 tractari
521 2643 640 2673 oportere
650 2647 794 2674 arguamn-

0 2670 130 2704 tationem,
147 2674 193 2700 sed
210 2675 375 2709 partitionem
393 2675 487 2701 horum
503 2675 711 2710 reprehendunt.
741 2677 793 2702 Ne·

0 2713 61 2743 gunt
77 2710 148 2737 enim
168 2720 255 2747 neque
273 2721 286 2738 a
302 2713 481 2747 propositione
497 2722 583 2748 neque
597 2714 630 2740 ab
645 2714 792 2748 assumpti-

13 420 81 446 Novi
104 424 219 445 vestram
242 419 460 455 intelligentiam
490 428 541 445 non
561 424 646 454 potest
665 420 699 445 ita
715 420 808 450 videri,
833 390 841 452 i

163 456 241 488 Quod
255 457 277 482 si
294 456 387 483 litteris
403 458 499 491 corrigi
515 466 601 491 neque
616 458 648 483 ab
664 457 709 483 illo
724 466 810 491 neque
832 453 841 489 l

709 757 762 783 Hoc
776 757 809 782 de
830 754 839 798 «Ξ

860 162 911 187 [Β.
946 161 965 187 Ι.
1001 160 1055 187 CA
1071 162 1098 187 P.
1134 163 1283 188 31-36.
1628 165 1657 190 47

863 241 912 258 one
936 232 1139 267 approbationes
1162 242 1253 259 earum
1276 234 1393 267 separari
1420 239 1549 268 oportere,
1574 243 1661 269 neque

863 270 1072 304 propositionem
1096 270 1245 296 absolutam
1269 280 1355 305 neque
1378 272 1589 306 assumptionem
1609 273 1660 298 sibi

864 308 1007 341 perlectam
1027 307 1120 338 videri,
1141 316 1210 342 quae
1229 309 1418 342 approbatione
1437 309 1590 335 confirmata
1610 319 1661 335 non

863 345 906 370 sit.
929 344 1016 376 Quare
1030 354 1098 379 quas
1113 345 1152 371 illi
1166 345 1234 371 duas
1249 350 1336 380 partes
1351 351 1501 377 numerent,
1518 347 1662 381 propositi-

863 391 941 407 onem
965 387 990 408 et
1014 382 1242 416 approbationem,
1267 383 1320 409 sibi
1344 392 1423 409 unam
1448 388 1550 418 partem
1565 384 1659 410 videri.

863 420 1086 454 propositionem,
1107 429 1176 454 quae
1191 421 1213 446 si
1229 421 1373 455 approbata
1389 430 1439 447 non
1454 422 1497 452 sit,
1515 422 1662 456 propositio

864 466 916 482 non
931 458 966 483 sit
980 458 1227 492 argumentationis.
1262 459 1336 489 Item,
1354 468 1423 493 quae
1439 459 1472 485 ab
1487 459 1541 485 illis
1556 468 1663 485 assum-

863 495 918 528 ptio
932 499 957 520 et
971 496 1164 529 assumptionis
1179 496 1334 530 approbatio
1348 496 1459 527 dicatur,
1473 496 1594 522 eamdem
1609 497 1662 522 sibi

832 538 833 542 ¹
862 532 1074 566 assumptionem
1089 533 1173 559 solam
1188 533 1283 559 videri.
1306 534 1343 559 Ita
1358 534 1394 564 sit,
1413 540 1439 560 ut
1454 534 1547 560 cadem
1562 535 1662 560 ratione

862 570 1057 604 argumentatio
1076 574 1182 596 tractata
1213 570 1273 597 aliis
1293 572 1431 606 tripartita,
1453 572 1512 598 aliis
1527 572 1662 607 quinque-

862 653 942 669 usum
956 644 1062 670 dicendi
1078 645 1216 678 pertineat,
1233 654 1315 680 quam
1330 647 1362 672 ad
1373 647 1501 673 rationem
1514 648 1662 681 praecepti—

861 681 929 707 onis.
957 683 998 707 61.
1020 682 1103 707 Nobis
1122 687 1211 708 autem
1225 684 1390 710 commodior
1404 684 1449 710 illa
1464 686 1571 719 partitio
1587 684 1662 710 vide-

837 732 839 738 ι
861 723 904 744 tur
917 727 985 750 esse,
1002 728 1071 754 quae
1085 720 1112 745 in
1127 720 1249 755 quinque
1263 726 1350 755 partes
1365 722 1507 748 distributa
1522 727 1569 753 est,
1579 731 1661 757 quam

860 765 953 782 omnes
973 757 1005 782 ab
1023 757 1164 783 Aristotele
1183 762 1208 784 ct
1222 759 1405 793 Theophrasto
1419 759 1528 793 profecti
1543 761 1660 786 maxime

860 794 943 820 secuti
958 798 1031 820 sunt.
1064 795 1130 820 Nam
1145 796 1375 830 quemadmodum
1392 797 1459 822 illud
1474 798 1600 832 superius
1613 806 1660 832 ge-

860 840 911 857 nus
934 832 1148 867 argumentandi,
1173 833 1246 868 quod
1270 842 1316 868 per
1330 834 1513 860 inductionem
1532 835 1656 862 sumitur.

860 869 977 895 maxime
999 869 1120 896 Socrates
1143 875 1169 896 et
1191 871 1317 898 Socratici
1341 876 1528 903 tractaverunt,
1546 873 1583 898 sic
1599 872 1656 901 boc,

859 906 932 941 quod
955 915 1002 941 per
1024 908 1251 934 ratiocinationem
1275 909 1417 944 expolitur,
1440 919 1545 936 summe
1569 914 1609 935 est
1626 910 1659 935 ab

858 944 999 971 Aristotele
1023 950 1102 980 atque
1125 955 1138 971 a
1161 946 1344 981 Peripateticis
1367 952 1392 973 et
1410 947 1593 982 Theophrasto
1607 946 1660 973 sre-

860 986 1032 1017 quentatum,
1061 983 1158 1009 deinde
1173 993 1186 1009 a
1201 984 1354 1011 rhetoribus
1368 985 1410 1016 iis,
1427 986 1475 1020 qui
1489 985 1660 1021 elegantissi-

859 1020 895 1045 mi
919 1024 999 1054 atque
1021 1020 1236 1048 artificiosissimi
1259 1023 1344 1057 putati
1364 1028 1437 1049 sunt.
1467 1023 1555 1055 Quare
1569 1027 1659 1048 autem

859 1057 935 1083 nobis
950 1057 995 1083 illa
1010 1059 1095 1093 magis
1111 1059 1216 1093 partitio
1228 1060 1364 1094 probetur,
1381 1060 1526 1087 dicendum
1541 1060 1656 1090 videtur,

858 1103 891 1120 ne
905 1099 1004 1121 temere
1018 1096 1103 1122 secuti
1119 1101 1258 1131 putemur;
1279 1103 1303 1124 et
1317 1098 1433 1124 breviter
1447 1098 1602 1128 dicendum,
1626 1106 1658 1124 ne

857 1133 885 1158 in
900 1132 1057 1159 huiusmodi
1072 1134 1153 1160 rebus
1167 1134 1279 1167 diutius,
1301 1144 1382 1170 quam
1397 1137 1463 1162 ratio
1476 1136 1657 1171 praecipiendi

858 1170 983 1205 postulet,
1001 1180 1207 1198 commoremur.

912 1208 1036 1235 XXXVI.
1061 1211 1102 1236 62.
1116 1209 1144 1235 Si
1165 1210 1283 1245 quadam
1302 1211 1327 1237 in
1343 1212 1572 1247 argumentatione
1593 1213 1658 1238 satis

857 1249 897 1271 est
917 1246 954 1271 uti
969 1247 1161 1281 propositione,
1178 1252 1203 1274 et
1217 1258 1270 1275 non
1284 1254 1387 1283 oportet
1401 1249 1546 1285 adiungere
1561 1259 1658 1285 appro-

857 1283 990 1309 bationem
1005 1285 1194 1319 propositioni,
1211 1286 1327 1321 quadam
1342 1292 1431 1313 autem
1446 1288 1473 1313 iu
1488 1293 1658 1323 argumenta-

857 1321 928 1346 tione
946 1322 1052 1348 intirma
1071 1327 1111 1348 est
1129 1324 1284 1358 propositio,
1306 1325 1358 1351 nisi
1373 1325 1497 1351 adiuncta
1512 1326 1547 1352 sit
1561 1334 1658 1360 appro-

856 1358 935 1390 batio,
957 1364 1110 1394 separatum
1129 1361 1260 1395 quiddam
1279 1366 1319 1388 est
1337 1372 1350 1388 a
1366 1364 1545 1397 propositione
1561 1372 1657 1398 appro-

856 1396 936 1422 batio.
968 1396 1045 1429 Quod
1068 1398 1139 1424 enim
1163 1403 1188 1425 et
1212 1399 1323 1435 adiungi
1347 1405 1372 1427 et
1386 1401 1502 1435 separari
1518 1401 1551 1427 ab
1566 1401 1657 1436 aliquo

855 1438 950 1468 potest,
967 1435 994 1460 id
1009 1444 1060 1461 non
1075 1440 1162 1470 potest
1175 1436 1247 1463 idem
1261 1446 1329 1469 esse,
1346 1439 1418 1473 quod
1433 1443 1472 1464 est
1485 1438 1520 1469 id,
1537 1438 1569 1464 ad
1583 1438 1656 1474 quod

855 1471 1013 1507 adiungitur
1030 1478 1055 1499 et
1069 1482 1083 1499 a
1097 1482 1151 1508 quo
1166 1480 1318 1509 separatum
1347 1481 1387 1502 est
1409 1481 1499 1502 autcm
1522 1476 1655 1511 quaedam

825 1510 827 1519 '
855 1510 1058 1544 argumentatio,
1076 1511 1103 1537 in
1116 1520 1170 1546 qua
1184 1513 1331 1547 propositio
1345 1522 1396 1540 non
1411 1513 1514 1547 indiget
1524 1514 1656 1548 approba-

855 1547 939 1579 tione,
965 1552 991 1573 et
1008 1548 1150 1582 quaedam,
1173 1550 1198 1575 in
1217 1559 1270 1585 qua
1286 1551 1352 1577 nihil
1369 1551 1437 1577 valet
1452 1552 1509 1577 sine
1524 1552 1656 1586 approba-

855 1584 934 1615 tione,
952 1589 981 1611 ut
994 1586 1179 1613 ostendemus.
1214 1588 1339 1622 Separata
1354 1593 1393 1615 est
1409 1589 1490 1623 igitur
1503 1598 1516 1615 a
1533 1589 1655 1623 proposi-

855 1622 925 1648 tione
939 1624 1106 1657 approbatio.
1122 1626 1285 1652 Ostendetur
1298 1631 1387 1652 autem
1402 1627 1438 1657 id,
1455 1627 1527 1661 quod
1543 1627 1653 1661 polliciti

853 1668 959 1691 sumuS,
985 1661 1035 1687 hoc
1058 1661 1150 1689 modo:
1178 1662 1252 1695 Quae
1271 1665 1416 1698 propositio
1436 1665 1462 1690 in
1481 1673 1509 1690 se
1523 1664 1653 1699 quiddam

852 1697 970 1724 continet
993 1699 1166 1734 perspicuum
1190 1705 1215 1726 et
1236 1702 1309 1736 quod
1332 1707 1451 1728 constare
1475 1702 1542 1728 inter
1560 1711 1654 1728 omnes

853 1744 961 1761 necesse
980 1741 1028 1768 est,
1046 1737 1114 1763 hanc
1129 1737 1197 1764 velle
1213 1739 1360 1773 approbare
1374 1744 1399 1766 ct
1414 1740 1518 1766 firmare
1533 1739 1599 1766 nihil
1615 1745 1654 1766 at-

852 1773 927 1799 tinet.
962 1775 1003 1799 63.
1019 1775 1056 1800 Ea
1070 1779 1110 1801 est
1127 1776 1298 1803 huiusmodi:
1315 1777 1352 1804 si.
1369 1786 1422 1812 quo
1437 1777 1480 1803 (lie
1495 1778 1543 1803 ista
1559 1777 1653 1803 caedes

852 1810 950 1837 Romae
969 1810 1036 1838 sacta
1055 1817 1103 1844 est,
1125 1823 1173 1849 ego
1187 1814 1299 1840 Athenis
1314 1824 1344 1840 eo
1358 1815 1401 1841 die
1417 1815 1465 1846 sui,
1483 1815 1611 1841 interesse
1626 1816 1652 1842 in

851 1848 931 1874 caede
943 1858 995 1876 non
1010 1851 1095 1885 potui.
1131 1852 1184 1878 Hoc
1202 1853 1265 1887 quia
1281 1853 1422 1887 perspicue
1437 1861 1531 1879 verum
1546 1858 1594 1881 est,
1612 1853 1653 1879 ni-

852 1885 889 1911 bil
913 1887 1005 1914 attinet
1028 1889 1178 1923 approbari.
1213 1889 1299 1922 Quare
1318 1891 1419 1916 assumi
1435 1891 1523 1916 statim
1539 1896 1649 1925 oportet,

852 1923 901 1949 hoc
916 1925 1008 1952 modo:
1027 1927 1073 1952 Fui
1089 1932 1177 1953 autem
1194 1927 1305 1954 Athenis
1320 1937 1350 1954 eo
1360 1928 1412 1954 die.
1429 1929 1482 1954 lloc
1493 1929 1514 1954 si
1527 1937 1577 1954 non
1588 1938 1652 1954 con-

850 1965 909 1993 stat,
932 1963 1033 1999 indiget
1052 1965 1266 1999 approbationis:
1294 1974 1347 2000 qua
1367 1966 1484 1996 inducta,
1501 1966 1652 2000 complexio

849 2006 1038 2035 consequetur.
1073 2003 1119 2028 Est
1143 2003 1226 2038 igitur
1247 2003 1379 2038 quaedam
1403 2004 1557 2038 propositio,
1582 2012 1651 2038 quac.

820 2043 821 2051 ¹
850 2046 901 2064 non
921 2038 1023 2075 indiget
1037 2040 1236 2074 approbatione.
1273 2041 1338 2067 Nam
1358 2049 1416 2067 esse
1430 2042 1539 2075 quidem
1554 2050 1650 2076 quam-

849 2075 920 2107 dam,
937 2085 1006 2111 quae
1022 2077 1148 2112 indigeat,
1164 2078 1231 2113 quid
1246 2079 1338 2104 attinet
1353 2079 1650 2114 ostcmlcrc,quodcui-

851 2113 891 2139 vis
907 2113 984 2140 facile
1001 2117 1173 2150 perspicuum
1189 2116 1247 2142 est‘?
1267 2116 1343 2148 Quod
1358 2117 1380 2142 si
1396 2117 1429 2142 ita
1446 2121 1493 2144 cst.
1514 2125 1547 2143 ex
1562 2117 1610 2142 hoc
1625 2122 1650 2142 ct

848 2159 883 2178 ex
900 2161 939 2183 eo,
961 2152 1033 2187 quod
1053 2162 1288 2188 proposueramus,
1311 2154 1359 2179 hoc
1373 2155 1520 2184 conticitur,
1543 2163 1649 2189 separa-

848 2193 904 2215 tum
920 2198 978 2216 csse
992 2189 1121 2225 quiddam
1137 2200 1150 2217 a
1166 2191 1346 2226 propositione
1360 2192 1588 2226 approlmtioucm.
1619 2191 1647 2217 Si

848 2231 936 2253 autem
952 2228 986 2254 ita
1001 2233 1049 2258 cst,
1067 2228 1164 2254 salsum
1180 2234 1228 2260 cst,
1247 2238 1297 2255 non
1313 2238 1372 2255 csse
1388 2229 1449 2263 plus
1460 2238 1540 2263 quam
1553 2229 1648 2263 tripar-

848 2265 921 2291 titam
941 2266 1208 2301 argumentationem.
1236 2268 1277 2292 tii.
1294 2267 1380 2292 Simili
1403 2267 1482 2292 modo
1501 2267 1591 2301 liquet.
1609 2267 1647 2292 al-

848 2306 930 2328 teram
955 2312 1064 2338 quoque
1088 2304 1306 2338 approbationem
1322 2309 1469 2338 scparatam
1485 2313 1543 2329 csse
1557 2304 1590 2329 ab
1605 2313 1647 2329 as-

847 2340 1010 2374 sumptione.
1046 2341 1074 2366 Si
1093 2341 1208 2375 (pradum
1230 2342 1255 2367 in
1275 2341 1505 2374 argumentatione
1523 2342 1588 2367 satis
1607 2347 1646 2368 cst

848 2377 884 2403 uti
900 2378 1084 2412 assumptione
1098 2383 1123 2404 et
1138 2387 1189 2404 non
1203 2384 1305 2413 oportet
1319 2379 1463 2411 adiungere
1478 2379 1646 2413 approbatio-

847 2423 906 2440 nem
928 2415 1115 2450 assumptioni,
1136 2415 1252 2450 quadam
1272 2421 1360 2441 autcm
1377 2416 1402 2441 in
1417 2417 1646 2449 argumentatione

846 2452 950 2478 inlirma
970 2457 1009 2478 est
1028 2453 1185 2487 assumptio,
1208 2454 1258 2479 nisi
1278 2453 1401 2479 adiuncta
1421 2453 1455 2479 sit
1474 2454 1642 2488 approbatio:

845 2495 997 2524 separatum
1012 2490 1142 2524 quiddam
1158 2495 1230 2516 extra
1242 2491 1452 2525 assumptionem
1464 2496 1503 2517 est
1513 2492 1644 2526 approha-

847 2527 890 2552 tio.
924 2527 970 2553 Est
994 2532 1081 2553 autem
1103 2529 1298 2560 argumcntatio
1320 2528 1461 2562 quaedam,
1489 2529 1514 2555 in
1534 2538 1586 2564 qua
1602 2538 1644 2554 as-

845 2564 965 2599 sumptio
980 2573 1030 2590 non
1046 2564 1146 2598 indis-'ct
1162 2566 1376 2599 approbationis:
1394 2566 1526 2600 quaedam
1541 2572 1640 2595 autem,

846 2602 872 2627 in
891 2610 943 2636 qua
960 2602 1026 2628 nihil
1043 2602 1110 2628 valct
1126 2603 1184 2628 sinc
1199 2603 1398 2637 approbatione,
1417 2608 1445 2629 ut
1458 2604 1641 2630 ostendemus.

845 2639 969 2673 Separata
984 2644 1023 2665 est
1037 2640 1119 2673 igitur
1129 2639 1162 2665 ab
1172 2641 1355 2674 assumptione
1367 2641 1530 2675 approbatio.
1547 2642 1643 2667 Osten-

844 2676 940 2702 demus
955 2682 1052 2707 autcm,
1073 2677 1144 2712 quod
1161 2677 1270 2711 polliciti
1286 2686 1390 2707 strutus,
1409 2678 1457 2704 hoc
1472 2679 1562 2704 modo:
1599 2681 1640 2705 1353.

844 2715 917 2746 Quae
932 2715 1099 2749 perspicuam
1115 2715 1240 2741 ominbus
1257 2716 1391 2742 veritatem
1407 2717 1521 2742 continet
1536 2726 1640 2743 assum-
