1941 3052
208 156 254 179 ⁴86
778 156 808 179 Ρ
853 154 886 179 Μ.
922 154 951 180 Ἰ“.
986 153 1005 179 C

795 172 816 180 ..

205 234 256 252 non
276 225 431 254 necessaria,
452 229 479 250 ut
498 224 579 250 amori
598 224 750 257 congressio
763 232 884 250 caunum
899 223 995 249 attule-
1015 223 1017 252 Ξ

205 268 252 293 rnt.
273 271 346 289 amor
363 261 470 296 flagitio.
505 262 543 288 lix
563 262 611 287 boe
624 270 720 294 gem-re
734 270 889 287 caussarum
905 270 937 287 ex
951 269 995 286 ae-
1014 254 1017 278 ¹

205 301 325 328 ternitato
340 300 511 335 pendentium
527 299 608 324 fatum
623 308 636 323 a
650 298 743 324 stoicis
759 298 880 324 nectitur.
908 298 994 332 Atque
1015 304 1017 310 ¹

206 343 235 365 ut
256 346 345 364 eni-tim
368 345 532 365 caussarum,
553 337 610 361 sim·
627 335 728 369 quibus
747 334 816 360 ellici
832 343 882 361 non
898 340 992 370 potest,

204 384 299 409 gem-ra
318 374 407 403 divisi,
429 374 466 399 sic
484 373 561 398 etium
581 372 752 398 ellit-lentium
771 371 855 398 dividi
871 377 992 406 possunt.

205 411 273 439 Sunt
291 412 361 437 enim
380 410 445 436 uliae
463 418 580 438 caussae,
601 417 669 443 quae
689 409 766 443 plane
780 408 904 439 efficiant.
921 409 994 435 nulla
1015 427 1023 441 2

1014 453 1023 465 il

205 459 232 476 rc
246 450 395 478 adiuvante,
412 447 485 476 uliae.
501 455 570 480 quae
584 446 703 472 adiuvari
720 446 809 477 velint,
824 451 852 472 ut
865 447 994 481 sapientia
1014 470 1017 486 ¹

205 486 285 513 eflicit
307 486 439 519 sapientes
462 483 515 509 sola
541 492 586 517 per
608 491 650 515 ειη
685 483 774 509 beatos
796 483 893 510 elliciat
912 492 994 510 necne
1014 496 1016 501 v

205 524 259 550 sola
275 532 320 558 per
333 531 369 551 se,
385 521 506 555 ‹piaestio
520 525 568 546 est.
603 522 644 546 60.
659 519 745 552 Quare
759 529 844 555 quum
859 521 885 547 in
900 520 995 555 dispu-

205 561 328 587 tationem
344 558 465 584 inciderit
478 566 571 583 caussa
585 557 704 584 efficiens
718 557 820 593 aliquid
835 559 991 588 necessario,
1014 564 1016 578 ῐ

204 599 261 624 sine
279 596 443 622 dubitatione
463 594 559 626 licebit,
580 594 652 630 quod
671 594 785 621 efficitur
798 595 831 621 ab
845 604 874 621 ea
888 604 992 625 caussa,

204 633 368 660 concludere.
391 633 460 658 xvi.
477 632 565 664 Ouum
580 636 668 659 autem
682 633 731 659 erit
746 632 804 659 talis
815 641 918 664 caussa,
928 638 956 659 ut
967 633 993 659 in

204 681 232 697 ea
252 680 302 697 non
321 671 355 696 sit
373 669 504 696 efficiendi
526 670 676 699 necessitas.
698 671 844 696 necessaria
859 669 995 697 conclusio

205 718 254 735 non
269 708 399 742 sequitur.
426 706 512 741 Atque
527 706 594 733 illud
608 707 716 742 quidem
727 716 812 743 genus
827 716 991 738 caussarum,
1014 714 1015 718 ¹

203 745 274 781 quod
289 745 367 771 babet
380 744 432 771 vim
444 744 576 770 efficiendi
588 745 892 775 necessariam,errorem
904 745 994 771 afferre

204 792 254 809 non
279 782 332 809 sere
354 781 433 813 solet;
465 782 514 808 hoc
537 786 634 813 autem,
654 783 712 808 sine
729 790 784 817 quo
803 791 853 808 non
869 782 990 810 eflicitur.

203 828 282 855 saepe
300 819 448 846 conturbat.
479 819 535 845 Non
555 820 634 849 enim,
659 820 681 845 si
700 820 758 845 sine
777 820 931 854 parentibus
946 820 993 846 lilii
1014 825 1016 843 ῐ

203 866 261 884 csse
276 865 326 883 non
342 861 461 892 possunt,
478 861 614 891 propterea
628 865 721 882 caussa
737 856 787 883 l'uit
801 857 826 883 in
839 857 994 892 parentibus

202 894 330 930 gignendi
346 894 500 920 necessaria.
523 896 564 920 Gt.
580 895 632 920 Hoc
647 895 736 929 igitur,
753 895 810 920 sine
824 903 878 929 quo
892 903 943 920 non
955 894 991 925 lit,

203 932 235 958 ab
259 941 298 962 eo,
322 940 336 957 a
358 940 412 967 quo
429 936 500 958 certo
522 931 558 962 lit,
584 931 724 967 diiigenter
746 936 785 958 est
803 931 992 967 separandum.

204 968 272 996 lllud
286 969 357 995 enim
372 973 412 995 est
425 973 570 1003 tamquam,

243 1007 345 1032 Ulintim
359 1015 389 1032 ne
405 1009 429 1032 ιἰι
444 1015 543 1032 nemore
558 1007 625 1032 I’e'lio
637 1021 674 1026 —
686 1008 818 1032 securibus

241 1047 313 1070 moad
329 1046 458 1071 cecidisset
471 1045 578 1077 (ibic-qna
592 1046 626 1070 ad
641 1047 735 1070 terrum
750 1044 848 1069 trabes!

192 1080 258 1107 'Nisi
279 1081 349 1107 enim
367 1081 508 1107 cecidisset
525 1081 635 1115 abiegna
654 1081 686 1107 ad
701 1085 795 1107 terram
811 1080 907 1111 trabes,
924 1080 993 1116 Argo

204 1118 246 1144 illa
263 1118 328 1144 sacta
343 1127 393 1145 non
408 1122 486 1149 esset,
504 1127 551 1145 nec
565 1123 651 1144 tamen
667 1117 717 1144 fuit
731 1119 757 1144 in
770 1118 811 1144 bis
822 1118 943 1144 trabibus
954 1117 994 1144 es-

203 1156 307 1182 licicndi
322 1156 363 1182 vis
378 1156 533 1182 necessaria.
555 1155 588 1182 At
601 1164 685 1190 quum
701 1156 727 1182 in
742 1156 829 1182 Aiacis
840 1156 929 1181 navim
941 1158 993 1181 cri-

201 1195 345 1226 spisulcans
368 1195 465 1226 iynvum
487 1195 582 1226 fulmen
605 1193 730 1219 iniectum
749 1197 797 1223 est,
813 1192 993 1218 inflammatur

202 1231 278 1256 navis
292 1231 449 1257 necessario.
471 1232 513 1257 62.
529 1230 615 1265 Atque
629 1231 707 1257 etiam
719 1235 759 1256 est
769 1238 925 1256 caussarum
936 1229 993 1256 dis-

201 1267 359 1298 similitudo,
384 1267 456 1302 quod
475 1267 540 1294 aliae
554 1272 625 1299 sunt,
642 1273 671 1294 ut
690 1267 748 1294 sine
763 1267 816 1293 ulla
831 1267 992 1302 appetitione

201 1305 292 1336 animi,
308 1305 366 1331 sine
381 1304 589 1336 voluntate,sine
603 1305 726 1339 opinione
740 1313 820 1331 suum
835 1305 912 1339 quasi
923 1313 992 1339 opus

201 1341 324 1372 efficiant,
351 1341 432 1373 velut,
458 1346 487 1368 ut
511 1350 589 1368 omne
606 1343 724 1373 intereat,
745 1342 818 1377 quod
835 1346 922 1368 ortum
937 1347 989 1373 est;

201 1379 266 1405 aliae
278 1384 365 1405 autem
377 1384 422 1405 aut
432 1379 566 1406 voluntate
577 1379 730 1406 efficiuntur
739 1384 784 1405 aut
795 1379 992 1414 perturbatione
1012 1379 1015 1405 ζ

201 1417 281 1443 animi
297 1421 342 1443 aut
356 1417 447 1443 babitu
463 1421 508 1443 aut
522 1421 613 1443 natura
627 1421 672 1443 aut
683 1421 736 1443 arte
746 1421 879 1443 autcasu:
896 1416 992 1442 volun—

200 1459 260 1484 tate,
273 1459 302 1480 ut
316 1458 353 1485 tu,
369 1462 454 1489 quum
469 1454 540 1480 hunc
555 1454 675 1480 libellum
688 1454 766 1490 legis;
783 1454 989 1488 perturbatione,

200 1495 229 1517 ut
243 1492 266 1517 si
280 1491 342 1526 quis
356 1495 481 1517 eventum
496 1491 590 1517 borum
606 1496 755 1526 temporum
767 1492 869 1523 timeat;
886 1491 988 1521 babitu,

200 1533 228 1554 ut
242 1529 290 1563 qui
308 1528 384 1555 facile
403 1533 428 1555 et
445 1529 496 1555 cito
509 1529 651 1556 irascatur:
683 1533 784 1559 natura,
809 1533 840 1555 ut
852 1529 949 1554 vitium
963 1529 991 1554 in

199 1565 256 1592 dies
270 1570 383 1597 c1·escat;
406 1570 468 1597 arte,
486 1570 514 1592 ut
528 1566 595 1592 bene
609 1567 714 1602 pingat3
735 1574 808 1597 casu,
826 1570 855 1592 ut
866 1573 991 1600 prospere

200 1603 315 1637 naviget.
350 1603 423 1629 Nihil
446 1603 541 1629 horum
564 1604 622 1629 sine
643 1611 747 1634 caussa,
772 1611 819 1629 nec
841 1603 990 1638 quidquam

199 1641 320 1672 omnino;
358 1640 405 1666 sed
427 1640 582 1667 huiusmodi
606 1648 716 1667 caussae
741 1648 793 1666 non
816 1648 989 1666 necessariae.
1018 1671 1020 1675 ,

200 1679 238 1704 63.
254 1677 380 1704 Omnium
399 1682 486 1704 autern
501 1686 656 1704 caussarum
671 1678 698 1704 in
712 1677 771 1704 aliis
785 1678 855 1703 inest
867 1681 991 1703 constan—

200 1715 243 1746 tia,
260 1715 287 1741 in
302 1715 361 1741 aliis
376 1723 427 1741 non
442 1715 519 1741 inest.
546 1715 574 1741 ln
590 1719 682 1741 natura
696 1719 721 1741 et
735 1715 762 1740 in
776 1719 830 1740 arte
843 1714 989 1740 constantia

200 1757 247 1783 est,
263 1753 291 1778 in
305 1753 398 1778 ceteris
413 1751 495 1778 nulla.
515 1752 596 1779 xvu.
610 1751 662 1778 Sed
676 1756 763 1778 tamen
777 1760 867 1777 earum
882 1760 991 1777 caussa—
1011 1754 1013 1759 '

200 1798 344 1824 rum,quae
358 1798 409 1815 uon
423 1793 486 1815 sunt
499 1793 657 1819 constantes,
666 1788 733 1815 aliae
746 1793 810 1815 sunt
823 1789 987 1823 perspicuae,

199 1826 265 1852 aliae
281 1826 369 1852 latent.
385 1827 543 1861 Perspicuae
551 1831 621 1857 sunt,
630 1834 698 1861 quae
709 1826 898 1861 appetitionem
907 1826 990 1852 animi

199 1864 385 1898 iudiciumque
408 1868 533 1899 tangunt3
566 1863 654 1894 latent,
679 1871 748 1898 quae
769 1863 904 1889 subiectae
928 1868 991 1889 sunt

200 1901 329 1927 soi-tunae.
363 1900 451 1933 Quum
471 1901 541 1927 enim
565 1900 631 1926 nibil
655 1901 713 1927 sine
736 1909 830 1926 caussa
853 1900 910 1932 liat3
942 1900 991 1927 hoc

199 1939 289 1973 ipsum
303 1942 343 1964 est
358 1938 477 1964 fortunae
491 1943 611 1968 eventus,
627 1938 740 1964 obscura
753 1946 856 1968 caussa,
873 1946 942 1972 quae
953 1937 991 1963 la-

199 1980 284 2002 tenter
302 1975 426 2001 efficitur.
459 1975 545 2001 Etiam
564 1984 602 2006 ea,
627 1983 696 2010 quae
715 1975 790 2006 liunt,
812 1976 908 2010 partim
927 1979 991 2001 sunt

200 2014 324 2047 ignorata,
346 2013 440 2047 partim
460 2012 621 2039 voluntaria:
648 2013 774 2048 ignorata,
791 2020 860 2047 quae
875 2013 991 2038 necessi-

201 2055 250 2076 tate
264 2049 353 2076 effecta
367 2054 442 2081 sunu
465 2049 621 2080 voluntaria,
637 2058 705 2084 quae
718 2049 840 2076 consilio.
861 2050 902 2075 64.
918 2048 990 2081 Quae

199 2091 286 2113 autem
303 2086 415 2117 fortuna,
432 2087 473 2113 vel
488 2087 606 2122 ignorata
622 2087 662 2113 vel
678 2087 836 2113 voluntaria.
871 2087 938 2112 Nam
952 2087 991 2112 ia-
1012 2103 1013 2106 =

199 2132 257 2150 cere
283 2123 375 2154 telum,
401 2124 545 2150 voluntatis
569 2129 622 2157 est;
657 2123 743 2155 ferire,
759 2132 841 2158 quem
860 2123 987 2155 nolueris,

200 2161 328 2188 fortunae.
349 2161 390 2187 Ex
403 2170 458 2196 quo
471 2162 538 2187 aries
552 2161 597 2187 ille
611 2161 754 2188 subiicitur
766 2162 794 2187 in
802 2161 899 2187 vestris
909 2162 991 2187 actio—

199 2198 288 2230 nibus,
308 2199 331 2224 si
351 2198 432 2224 telum
452 2207 532 2224 manu
547 2198 616 2234 fugit
629 2199 724 2234 magis,
740 2207 822 2233 quam
837 2198 907 2224 iecit.
940 2198 990 2224 Ca-

199 2236 265 2262 dunt
287 2236 366 2262 etiam
391 2236 419 2262 in
437 2236 628 2271 ignorationem
647 2240 726 2270 atque
739 2236 767 2262 in
781 2235 989 2270 imprudentiam

200 2273 410 2307 perturbationes
423 2273 518 2305 animi;
545 2281 622 2308 quae,
638 2281 802 2308 quamquam
817 2277 881 2299 sunt
894 2272 990 2299 volun-

200 2310 287 2341 tariae,
295 2310 489 2345 (obiurgatione
499 2311 570 2336 enim
582 2315 607 2336 et
617 2310 796 2337 admonitione
805 2309 990 2344 deiiciuntur,)

200 2352 285 2373 tamen
309 2347 406 2373 babent
427 2352 513 2374 tantos
532 2352 629 2378 motus,
649 2352 679 2374 ut
696 2356 736 2379 ea,
754 2355 823 2382 quae
842 2346 990 2374 voluntaria

199 2389 269 2415 sunt,
290 2389 335 2410 aut
354 2385 500 2411 necessaria
519 2384 653 2411 interdum
672 2389 717 2411 aut
734 2389 804 2411 certe
816 2385 936 2420 ignorata
949 2384 991 2410 vi-

199 2421 318 2447 deantur.
341 2423 381 2448 65.
398 2422 461 2448 Toto
474 2422 557 2457 igitur
570 2421 626 2448 loco
639 2430 795 2448 caussarum
809 2421 948 2456 explicato,
957 2429 991 2448 ex

199 2466 288 2484 earum
308 2459 453 2485 differentia
471 2460 498 2485 in
517 2459 621 2494 magnis
635 2459 744 2494 quidem
757 2459 862 2485 caussis
875 2458 917 2485 vel
931 2466 990 2485 ora-

199 2500 285 2521 torum
301 2495 341 2521 vel
357 2495 576 2530 philosophorum
588 2505 683 2532 magna
693 2500 912 2532 argumentorum
922 2503 990 2530 sup-

199 2533 264 2566 petit
276 2533 365 2567 copia3
391 2533 418 2558 in
434 2533 529 2559 vestris
542 2538 640 2564 autem,
660 2534 683 2559 si
699 2542 749 2559 non
764 2533 880 2563 uberior,
896 2537 922 2558 at
935 2532 989 2559 sor-

200 2574 268 2595 tasse
285 2569 418 2595 subtilior.
458 2570 561 2596 Privata
586 2571 658 2596 enim
685 2570 784 2596 iudicia
810 2570 988 2596 maximarum

198 2605 308 2640 quidem
322 2615 409 2632 rerum
425 2607 451 2632 in
461 2607 710 2634 iurisconsultorum
722 2606 921 2633 mibividentur
929 2614 988 2633 esse

199 2643 348 2677 prudentia.
380 2643 446 2669 Nam
465 2648 490 2669 et
507 2644 604 2670 adsunt
618 2644 734 2670 multum
747 2648 773 2670 et
786 2643 947 2670 adhibentur
959 2644 988 2669 in

198 2679 316 2711 consilia,
340 2684 365 2707 et
382 2681 499 2715 patronis
517 2680 693 2716 diligentibus
710 2681 742 2707 ad
760 2689 851 2707 eorum
870 2680 989 2715 pruden-

1020 153 1259 180 lCEIlONlS

1048 224 1110 249 tiam
1123 223 1341 256 conlugientibun
1355 223 1444 250 basta·
1458 225 1617 251 ministrant.
1650 227 1692 252 66.
1708 226 1736 252 ln
1749 226 1837 253 omni-

1048 261 1098 286 bus
1113 261 1193 295 igitur
1208 261 1240 286 iis
1255 260 1370 291 iudiciin,
1391 261 1418 288 in
1431 262 1532 297 quibu·
1547 271 1577 288 u
1591 271 1646 288 no:
1662 272 1722 289 nou
1736 268 1777 289 eat
1789 263 1837 289 nd-

1046 298 1142 327 ditum,
1169 298 1214 323 ubi
1234 306 1296 324 vero
1312 299 1401 328 etiam,
1422 307 1451 325 ur
1469 307 1538 325 tm·
1552 308 1623 325 nuso:
1638 308 1698 326 ιιιιι
1714 309 1794 331 miza,
1809 301 1836 327 in

1047 335 1196 369 primisque
1219 335 1244 361 in
1267 335 1376 361 arbitrio
1398 336 1434 362 rei
1458 337 1574 367 uxoriae.
1594 338 1621 363 in
1640 345 1695 372 quo
1712 342 1761 367 eat,
1780 346 1839 368 ooin

1047 381 1148 401 ,monum
1172 380 1266 401 nntius,
1293 373 1374 407 parati
1392 381 1451 398 esse
1464 372 1570 399 debent.
1605 374 1645 400 llli
1660 375 1731 400 enim
1745 374 1837 401 dolum

1048 409 1157 439 undum,
1179 408 1217 435 illi
1234 408 1313 435 tidem
1333 409 1439 440 bonam,
1460 409 1498 436 illi
1517 419 1643 445 aequum,
1661 412 1770 442 bonum.
1787 411 1836 441 illi.

1046 446 1111 480 quid
1130 446 1233 472 socium
1247 447 1327 476 socio,
1346 446 1413 481 quid
1427 455 1498 476 eum.
1513 448 1559 482 qui
1575 449 1678 483 negotia
1692 449 1777 475 aliena
1789 458 1838 475 cu·

1047 488 1138 513 resset.
1158 484 1192 513 ei,
1211 484 1290 509 cuius
1307 492 1336 509 ea
1351 485 1453 518 negotia
1468 483 1595 517 (niueum
1622 486 1688 520 quid
1703 495 1775 515 eum,
1790 487 1838 521 qui

1047 520 1205 550 mundasset,
1226 529 1332 550 eumve,
1351 522 1395 547 cui
1410 521 1564 548 mandatum
1578 527 1656 552 esset,
1673 523 1785 550 alterum
1799 523 1838 550 al-

1047 558 1093 584 teri
1109 562 1240 592 praestare
1254 563 1398 592 oporteret;
1420 558 1486 593 quid
1502 559 1589 585 virum
1601 561 1759 595 uxori.quid
1772 569 1838 587 uxo-

1047 604 1101 621 rem
1121 596 1185 624 viro.
1207 595 1381 621 tradiderunt.
1415 596 1517 622 Licebit
1534 597 1624 631 igitur,
1639 597 1781 632 diligenter
1793 606 1838 624 eo-

1045 632 1126 666 gnitis
1145 638 1362 667 argumentorum
1382 632 1455 663 locis,
1480 642 1532 660 non
1552 633 1630 660 inodo
1646 635 1796 661 oratoribus
1813 641 1839 661 et

1047 669 1222 704 pbilosophis,
1234 670 1281 696 sed
1297 670 1362 696 iuris
1376 671 1454 696 etiam
1471 671 1561 705 peritis
1572 672 1678 705 copiose
1687 671 1721 698 de
1729 671 1838 698 comul—

1047 707 1190 733 tationibus
1204 707 1262 733 suis
1276 707 1421 742 disputare.
1443 708 1534 734 xvtlt.
1547 709 1587 734 67.
1599 709 1763 735 Coniunctus
1775 709 1838 736 huic

1045 752 1200 770 caussarum
1216 744 1272 771 loco
1285 744 1358 770 locus
1373 744 1417 771 ille
1431 750 1480 774 est,
1495 746 1542 780 qui
1553 745 1669 772 eflicitur
1677 755 1712 773 ex
1721 747 1835 773 caussis.

1047 781 1078 807 Ut
1096 781 1166 807 enim
1185 790 1278 807 caussa
1296 782 1418 808 ellectum
1437 782 1543 812 indicat,
1568 783 1607 809 sic
1624 783 1696 818 quod
1714 783 1837 810 effectum

1045 823 1093 849 est,
1113 827 1182 853 quae
1200 818 1280 845 suerit
1297 827 1400 850 caussa,
1416 819 1588 846 demonstrat.
1622 821 1669 846 llic
1684 820 1758 847 locus
1771 829 1838 856 sup-

1047 856 1163 890 peditare
1177 856 1243 882 solet
1257 856 1405 883 oratoribus
1419 861 1444 883 et
1459 858 1552 891 poetis,
1567 866 1646 893 saepe
1660 858 1739 884 etiarn
1751 857 1838 893 pbilo-

1046 893 1147 928 sophis,
1164 893 1210 919 sed
1225 894 1267 924 iis,
1283 894 1331 928 qui
1344 898 1434 920 ornate
1448 899 1473 920 et
1485 895 1592 929 copiose
1605 895 1694 930 eloqui
1710 900 1832 930 possunt.

1047 930 1195 957 mirabilem
1218 931 1321 965 copiam
1344 930 1460 962 dicendi,
1479 940 1565 966 quum
1582 931 1750 963 denuntiant,
1770 932 1837 967 quid

1045 977 1077 994 ex
1091 976 1198 1003 quaque
1213 976 1239 994 re
1253 969 1288 994 sit
1303 967 1433 994 futurum.
1461 968 1622 995 Caussarum
1637 970 1708 996 enim
1721 970 1838 1006 cognitio

1045 1005 1222 1042 cognitionem
1236 1010 1392 1032 eventorum
1407 1005 1478 1032 facit.

1100 1044 1141 1069 68.
1157 1042 1288 1078 Reliquus
1301 1047 1341 1069 est
1353 1044 1557 1077 comparationis
1567 1042 1649 1074 locus,
1661 1044 1740 1070 euius
1750 1052 1837 1080 genus

1044 1084 1070 1106 et
1087 1080 1242 1114 exemplum
1261 1089 1342 1115 supra
1361 1081 1477 1115 positum
1495 1085 1544 1111 est,
1561 1085 1590 1107 ut
1604 1085 1751 1107 ceterorum
1765 1090 1837 1108 nunc

1044 1117 1200 1152 explicanda
1216 1118 1334 1144 tractatio
1347 1122 1394 1144 est.
1419 1118 1613 1153 Comparantur
1626 1118 1708 1153 igitur
1721 1126 1837 1153 ea‚quae

1044 1159 1090 1181 aut
1103 1155 1201 1181 maiora
1215 1159 1261 1181 aut
1274 1155 1376 1181 minora
1389 1159 1435 1181 aut
1448 1155 1520 1190 paria
1534 1155 1674 1188 dicuntur;
1694 1155 1722 1182 in
1734 1155 1837 1191 quibus

1044 1197 1198 1226 spectantur
1212 1192 1284 1223 haec,
1302 1201 1439 1223 numerus,
1455 1193 1568 1227 species.
1585 1193 1635 1223 vis,
1651 1192 1783 1228 quaedam
1797 1198 1837 1220 et-

1044 1230 1096 1255 iam
1111 1229 1143 1255 ad
1157 1238 1198 1255 res
1213 1229 1316 1264 aliquas
1331 1229 1440 1256 affectio.
1463 1231 1504 1256 69.
1518 1230 1634 1256 Numero
1647 1230 1686 1256 sic
1699 1238 1837 1265 eompara-

1044 1266 1152 1297 buntur,
1174 1266 1251 1301 plura
1268 1267 1336 1293 bona
1354 1271 1384 1293 ut
1398 1267 1568 1301 paucioribus
1582 1267 1660 1294 bonis
1673 1272 1837 1302 anteponan-

1044 1308 1095 1335 tur,
1116 1305 1239 1338 pauciora
1258 1303 1327 1330 mala
1345 1304 1423 1330 malis
1437 1304 1570 1339 pluribus,
1587 1304 1754 1331 diuturniora
1768 1304 1836 1331 bona

1044 1341 1220 1372 brevioribus,
1238 1341 1315 1377 longe
1328 1346 1354 1367 et
1368 1341 1418 1368 late
1429 1346 1570 1377 pervagata
1581 1342 1716 1377 angustis;
1732 1350 1767 1368 ex
1774 1342 1837 1377 qui·

1044 1378 1094 1404 bus
1109 1378 1185 1413 plura
1200 1378 1267 1405 bona
1282 1383 1472 1414 propagentur,
1487 1387 1611 1414 quaeque
1624 1378 1716 1413 plures
1729 1379 1837 1406 imiten-

1044 1420 1086 1442 tur
1099 1420 1125 1442 et
1138 1415 1244 1442 faciant.
1267 1416 1361 1450 Specie
1375 1420 1463 1442 autem
1477 1421 1672 1451 comparantur,
1688 1421 1718 1443 ut
1726 1421 1837 1451 antepo-

1043 1457 1149 1484 nantur,
1173 1462 1241 1488 quae
1264 1457 1370 1488 propter
1391 1462 1421 1480 se
1443 1453 1591 1488 expetenda
1612 1458 1684 1485 sunt,
1704 1454 1747 1485 iis,
1766 1461 1837 1489 quae

1043 1495 1149 1525 propter
1162 1490 1249 1523 aliud3
1277 1496 1302 1516 et
1320 1495 1350 1517 ut
1362 1491 1452 1517 innata
1467 1496 1546 1526 atque
1559 1491 1638 1517 insita
1652 1491 1800 1526 assumptis
1809 1496 1837 1517 et

1042 1527 1205 1558 adventitiis,
1226 1528 1328 1563 integra
1345 1528 1540 1559 contaminatis,
1557 1528 1675 1555 iucunda
1689 1529 1780 1555 minus
1793 1528 1832 1554 iu-

1042 1564 1148 1596 cundis,
1169 1565 1279 1591 honesta
1297 1565 1365 1599 ipsis
1383 1566 1462 1591 etiam
1481 1565 1602 1595 utilibus,
1619 1565 1747 1600 proclivia
1762 1565 1836 1592 labo-

1043 1603 1129 1633 riosis,
1155 1602 1318 1628 necesssaria
1341 1611 1392 1628 non
1411 1602 1577 1633 necessariis,
1593 1610 1642 1628 sua
1657 1601 1760 1633 alienis,
1778 1611 1835 1629 rara

1042 1639 1210 1674 vulgaribus,
1238 1639 1424 1665 desiderabilia
1450 1640 1493 1669 iis,
1517 1639 1618 1674 quibus
1645 1639 1722 1666 facile
1746 1647 1836 1666 carere

1044 1677 1139 1711 possis,
1157 1675 1271 1711 perfecta
1285 1676 1425 1707 inchoatis,
1438 1682 1489 1703 tota
1504 1677 1633 1711 partibus,
1646 1677 1747 1703 ratione
1758 1682 1836 1703 uten-

1043 1714 1077 1740 tia
1091 1714 1200 1740 rationis
1213 1714 1378 1748 expertibus,
1387 1713 1535 1740 voluntaria
1547 1714 1712 1745 necessariis,
1721 1715 1835 1740 animata

1042 1751 1203 1781 inanimatis,
1225 1750 1354 1777 naturalia
1368 1759 1420 1777 non
1434 1751 1611 1783 naturalibus,
1627 1751 1768 1778 artificiosa
1782 1759 1835 1778 non

1018 1800 1020 1815 t
1041 1788 1199 1815 artificiosis.
1223 1789 1266 1814 70.
1287 1788 1332 1814 Vis
1346 1793 1434 1814 antem
1448 1789 1476 1815 in
1489 1789 1684 1823 comparatione
1697 1789 1736 1815 sic
1748 1789 1836 1815 cerni-

1043 1830 1099 1852 tur:
1130 1825 1249 1852 efficiens
1269 1834 1365 1852 caussa
1387 1826 1501 1861 gravior,
1526 1834 1608 1860 quam
1626 1834 1679 1852 non
1698 1825 1832 1858 elficiens;

1041 1871 1110 1897 quae
1132 1871 1161 1889 se
1186 1863 1253 1897 ipsis
1275 1868 1396 1889 contenta
1417 1868 1490 1893 sunt,
1516 1863 1637 1894 meliora,
1661 1871 1742 1898 quam
1765 1871 1835 1898 quae

1041 1904 1120 1935 egent
1143 1899 1216 1930 aliis:
1242 1908 1312 1935 quae
1329 1901 1357 1926 in
1375 1905 1473 1931 nostra,
1493 1909 1574 1935 quam
1591 1908 1661 1935 quae
1678 1900 1706 1926 in
1719 1899 1833 1927 aliorum

1011 1947 1019 1954 ·¹
1041 1942 1169 1972 potestate
1183 1942 1259 1969 sunt3
1275 1937 1380 1963 stabilia
1394 1938 1515 1970 incertis;
1542 1946 1611 1972 quae
1624 1937 1691 1972 eripi
1705 1945 1757 1964 non
1771 1946 1835 1972 pos-

1041 1979 1113 2004 sunt,
1129 1975 1172 2005 iis,
1187 1983 1256 2009 quae
1270 1979 1392 2009 possunt.
1411 1974 1521 2001 Affectio
1533 1979 1623 2001 autem
1633 1974 1667 2001 ad
1678 1983 1719 2000 res
1729 1974 1834 2010 aliquas

1041 2016 1082 2038 est
1105 2011 1275 2038 huiusmodi:
1302 2012 1454 2047 principum
1471 2012 1609 2038 commoda
1628 2011 1736 2042 maiora,
1751 2020 1832 2047 quam

1042 2048 1221 2084 reliquorum;
1248 2049 1374 2084 itemque,
1394 2057 1463 2084 quae
1481 2049 1648 2079 iucundiora,
1665 2057 1734 2084 quae
1748 2049 1834 2084 pluri—

1042 2086 1093 2112 bus
1108 2086 1224 2121 probata,
1240 2094 1309 2121 quae
1322 2086 1355 2112 ab
1368 2087 1470 2121 optimo
1482 2094 1591 2121 quoque
1605 2086 1719 2112 laudata.
1734 2087 1830 2121 Atque,

1042 2128 1071 2150 ut
1089 2123 1153 2150 haec
1170 2124 1199 2150 in
1217 2124 1411 2158 comparatione
1425 2123 1542 2154 meliora,
1558 2124 1597 2150 sic
1610 2123 1748 2154 deteriora,
1763 2131 1833 2158 quae

1018 2168 1019 2196 j
1041 2161 1074 2187 iis
1088 2165 1153 2187 sunt
1164 2161 1302 2187 contraria.
1327 2161 1370 2186 Ἡ.
1386 2161 1493 2187 Parium
1507 2166 1596 2187 autem
1609 2161 1771 2195 comparatio
1783 2168 1832 2186 nec

1018 2203 1019 2215 ι
1042 2197 1182 2224 elationem
1197 2198 1276 2224 habet
1289 2206 1336 2224 nec
1349 2199 1582 2228 summissionem:
1599 2202 1639 2224 est
1651 2197 1722 2223 enim
1733 2205 1832 2232 aequa-

1018 2231 1019 2270 }
1042 2234 1085 2261 lis.
1110 2234 1194 2261 Multa
1207 2239 1296 2261 autem
1309 2240 1382 2266 sunt,
1397 2243 1467 2270 quae
1480 2234 1639 2270 aequalitate
1652 2234 1711 2269 ipsa
1724 2242 1832 2268 eompa-

1017 2276 1020 2299 l
1042 2277 1147 2304 rantur;
1173 2280 1242 2307 quae
1259 2273 1295 2298 ita
1314 2271 1367 2298 sere
1384 2272 1595 2299 concluduntur:
1621 2271 1650 2298 Si
1663 2271 1776 2298 consitio
1789 2272 1832 2298 iu-

1017 2302 1020 2338 l
1041 2317 1103 2335 vare
1120 2310 1193 2335 cives
1214 2314 1240 2335 et
1256 2309 1358 2336 auxilio
1375 2318 1458 2344 aequa
1472 2310 1500 2336 in
1514 2308 1592 2336 laude
1611 2307 1767 2343 ponendum
1779 2313 1829 2339 est,

1041 2347 1096 2381 pari
1110 2346 1194 2382 gloria
1208 2346 1306 2373 debent
1319 2355 1378 2372 esse
1391 2347 1410 2373 ii
1423 2347 1472 2381 qui
1484 2345 1636 2376 consulunt.
1652 2350 1678 2372 et
1691 2345 1710 2371 ii
1723 2346 1771 2380 qui
1784 2345 1833 2372 d&

1041 2383 1163 2410 fendunt.
1190 2384 1272 2418 Atqui
1290 2384 1408 2418 primum
1425 2388 1474 2414 est,
1494 2382 1568 2418 quod
1581 2382 1714 2417 sequitur.
1747 2383 1832 2418 Igitur

1041 2420 1156 2455 perfecta
1182 2425 1222 2447 est
1245 2421 1334 2447 omnis
1364 2425 1581 2456 argumentorum
1608 2419 1830 2446 inveniendorum

1040 2458 1198 2493 praeceptio,
1223 2462 1261 2489 ut,
1284 2466 1370 2492 quum
1393 2457 1528 2492 profectus
1545 2457 1583 2483 sis
1601 2465 1617 2482 a
1633 2456 1796 2487 definitione,
1815 2465 1830 2482 a

1041 2495 1190 2529 partitione,
1211 2503 1225 2521 a
1243 2496 1383 2525 notatione,
1399 2503 1413 2520 a
1426 2494 1584 2529 coniugatis,
1600 2502 1614 2519 a
1627 2502 1733 2529 genere,
1748 2502 1763 2520 3
1776 2493 1832 2520 for—

1040 2540 1092 2563 ma,
1111 2540 1126 2558 a
1139 2531 1326 2562 similitudine,
1346 2540 1360 2557 a
1374 2530 1528 2561 differentia,
1544 2539 1559 2557 a
1572 2531 1720 2562 contrariis,
1735 2530 1769 2557 ab
1782 2530 1831 2557 ad—

1016 2578 1018 2600 ι
1039 2569 1147 2600 iunctis,
1171 2577 1187 2595 a
1208 2568 1445 2603 consequentibus,
1465 2568 1498 2594 ab
1516 2567 1744 2599 antecedentibus,
1759 2576 1774 2594 3
1788 2575 1831 2594 re—

1040 2606 1234 2640 pugnantibus,
1258 2614 1273 2632 a
1285 2605 1397 2636 caussis,
1422 2605 1456 2631 ab
1474 2604 1582 2636 effectis,
1602 2613 1618 2632 a
1634 2605 1830 2639 comparatione

1039 2644 1180 2673 maiorum,
1204 2643 1347 2673 minorum,
1370 2642 1484 2676 parium,
1509 2641 1583 2669 nulla
1601 2647 1734 2677 praeterea
1750 2641 1829 2668 sedes

1038 2680 1188 2715 argumenti
1201 2679 1351 2714 quaerenda
1365 2679 1408 2705 sit.
