1941 3052
216 148 263 172 ΜΟ
792 147 833 171 538.
869 145 902 170 M.
938 145 967 170 T.

215 219 339 244 «lemnam
351 226 401 243 non
419 217 519 242 livi—ret:
544 215 588 241 sed
603 220 642 245 ut,
656 214 727 249 qiiod
741 216 766 241 in
778 215 832 240 alca
846 215 1004 250 perdiderat,

217 255 344 282 hem—livio
365 255 430 288 legis
446 254 611 280 dissolveret.
651 254 736 284 Quam
750 253 861 278 attulisti
880 253 1005 279 rationem

216 293 314 327 populo
335 293 463 321 Romano,
481 300 528 316 cur
543 299 602 315 euru
621 290 722 315 restitui
738 290 886 324 oporteret?
905 290 1007 316 Absen-

217 336 277 358 tem.
291 329 377 359 credo,
392 330 416 355 in
430 337 486 354 reos«
499 328 625 353 relatum:
649 336 702 352 rem
716 327 812 352 indivia
827 336 920 352 caussa
936 327 1007 353 iudi-

214 372 313 393 catam:
337 366 439 392 nullum
458 365 541 390 fuisse
556 364 588 390 de
604 363 659 389 alen
677 364 733 398 lege
750 364 894 390 iudicium:
919 365 943 390 vi
959 373 1007 399 op-

215 413 337 439 pressum
354 408 379 429 ct
394 403 488 428 armis:
512 406 656 436 postremo.
673 401 745 435 quod
761 401 793 426 de
806 406 899 435 patruo
910 406 955 427 tuo
965 402 1007 427 di-

214 441 335 471 cebatur,
363 440 474 474 pecunia
504 439 633 464 iudicium
655 447 713 463 esse
736 438 910 473 corruptum?
934 438 1005 465 Nihil

215 479 319 505 horum.
361 478 393 503 At
410 477 449 503 vir
465 477 550 502 bonus
562 481 587 502 et
599 476 734 510 republica
745 476 854 511 dignus.

214 515 323 550 quidem
340 514 371 540 ad
389 523 459 540 rem:
482 522 530 549 ego
546 518 646 544 tamen,
663 513 790 547 quoniam
801 513 1005 539 condemnatum

214 561 273 578 esse
290 560 336 586 pro
351 551 436 578 nihilo
450 556 502 581 est,
521 551 543 577 si
560 551 593 577 ita
609 555 692 581 esset,
708 551 882 585 ignoscerem.
917 551 1007 576 Ilomi-

215 599 274 616 nem
290 590 410 615 omnium
429 589 639 623 nequissimum,
657 588 704 622 qui
721 596 770 614 non
783 588 916 614 dubitaret
926 587 967 614 vel
980 589 1006 614 in

216 626 270 653 soro
281 626 336 653 alen
350 626 449 656 ludere,
464 626 529 661 lege,
543 634 612 660 quae
623 630 662 651 est
672 625 705 651 dc
716 625 1004 656 alez-,condemnatum

214 665 261 699 qui
278 665 304 690 in
320 665 453 700 integrum
471 663 597 692 restituit.
612 663 634 689 is
646 671 697 689 non
709 663 875 697 apertissime
886 662 1006 688 studium

214 710 294 727 suum
316 701 374 735 ipse
395 700 550 736 profitetur‘.>
569 701 610 726 57.
630 700 656 726 In
672 700 763 726 eodem
782 709 843 726 vero
859 700 1004 730 tribunatu,

214 747 298 773 quum
316 738 411 765 Caesar
426 739 452 764 in
468 738 621 772 Hispaniam
634 738 812 772 proficiscens,
827 737 889 763 huic
899 737 1007 763 concul-

214 776 326 803 candam
342 776 443 802 Italiam
460 775 624 805 tradidisset,
640 783 709 809 quae
726 774 775 801 fuit
790 776 848 801 eius
860 775 1008 810 peragratio

216 813 354 844 itinerum,
374 813 494 840 lustratio
509 811 735 847 municipiorum?
755 812 815 838 Scio
831 821 872 838 me
888 812 914 838 in
927 812 1006 838 rebus

213 850 432 877 celebratissimis
447 858 568 876 sermone
579 850 699 876 omnium
712 850 819 880 versari,
833 858 925 884 eaque,
938 858 1007 884 quae

213 887 272 914 dico
287 888 464 923 dicturusque
479 896 554 918 sum,
573 888 673 913 notiora
689 895 748 913 esse
763 887 903 918 omnibus,
920 888 966 922 qui
980 887 1006 913 in

214 925 286 952 Italia
308 930 365 952 tum
382 925 467 956 suere,
489 933 570 960 quam
587 924 667 955 mihi,
685 925 732 959 qui
749 933 800 950 non
817 924 865 950 l'ui.
906 924 1007 950 Notabo

210 965 301 989 ‘tamen
313 962 434 999 singulas
446 971 500 989 res:
514 963 562 988 etsi
576 961 738 987 nullomodo
750 962 844 996 poterit
854 962 937 988 oratio
949 970 1006 987 mea

214 999 365 1027 satisfacere
384 1004 486 1027 vestrae
501 999 636 1026 scientiae.
668 999 771 1025 Etenim
787 999 858 1033 qnod
877 1007 1004 1034 umquam

213 1038 240 1064 in
253 1038 329 1064 terris
341 1042 441 1064 tantum
454 1036 582 1073 flagitium
594 1036 728 1062 exstitisse
738 1036 859 1062 auditum
871 1036 929 1062 est‘?
950 1041 1007 1062 tan-

213 1079 265 1101 tam
279 1074 490 1109 turpitudinem?
510 1078 610 1100 tantum
622 1073 757 1100 dedecus?
785 1073 882 1099 XXIV.
902 1075 944 1099 58.
957 1074 1007 1100 Ve-

213 1112 326 1139 hebatur
347 1113 374 1138 in
394 1111 488 1138 essedo
509 1111 632 1138 tribunus
652 1110 752 1146 plebis:
776 1110 880 1137 lictores
898 1111 1006 1137 laureati

212 1149 415 1176 antecedebant:
433 1150 501 1176 inter
512 1157 579 1184 quos
590 1153 678 1183 aperta
691 1147 780 1174 lectica
792 1148 873 1174 mima
884 1148 1008 1183 portaba-

213 1191 269 1213 tur:
292 1195 372 1221 quam
389 1195 421 1213 ex
436 1186 542 1221 oppidis
559 1185 743 1220 municipales,
758 1185 879 1212 homines
891 1186 1004 1216 honesti,

213 1223 319 1250 obviam
331 1225 480 1250 necessario
491 1223 660 1258 prodeuntes,
674 1231 725 1249 non
737 1227 798 1249 noto
808 1222 854 1249 illo
864 1227 890 1249 et
900 1223 1007 1249 mimico

214 1262 332 1291 nomine,
350 1261 397 1287 sed
414 1261 581 1287 Volumniam
597 1259 807 1287 consalutabant.
839 1260 1008 1296 Sequebatur

213 1298 294 1324 rheda
317 1307 379 1324 cum
404 1298 558 1329 lenonibus,
581 1298 691 1324 comites
715 1298 889 1332 nequissxmi,
911 1298 1006 1324 reiecta

212 1340 295 1362 mater
310 1335 422 1361 amicam
438 1336 537 1370 impuri
557 1335 603 1361 filii
615 1339 750 1370 tamquam
766 1343 863 1361 nurum
875 1335 1007 1370 sequeba-

213 1377 264 1399 tur.
305 1372 327 1399 Ο
342 1373 454 1399 miserae
470 1372 590 1399 mulieris
605 1371 793 1398 fecunditatem
809 1372 1004 1399 calamitosam!

212 1410 310 1436 I‘Ioruni
319 1409 477 1445 flagitiorum
489 1410 538 1436 iste
545 1409 666 1445 vestigiis
672 1409 759 1436 omnia
767 1409 921 1444 municipia,
931 1417 1007 1444 prae-

213 1446 336 1477 fecturas.
350 1446 475 1478 colonias,
489 1451 570 1473 totam
580 1447 697 1481 denique
708 1446 809 1473 Italiam
820 1447 967 1482 impressit.

267 1485 308 1510 59.
325 1484 500 1519 Reliquorum
517 1484 646 1511 factorum
662 1484 734 1514 eius,
753 1488 840 1518 patres
851 1485 1003 1519 conscripti,

211 1520 330 1548 difficilis
345 1525 386 1548 est
395 1530 458 1548 sane
469 1521 641 1556 reprehensio
651 1525 677 1547 et
688 1521 800 1547 lubrica.
840 1521 966 1548 Versatus
977 1522 1004 1548 in

213 1558 283 1585 bello
298 1563 351 1585 est:
375 1559 505 1585 saturavit
519 1567 548 1585 se
563 1559 695 1594 sanguine
704 1557 950 1585 dissimillimorum
962 1559 1005 1585 sui

211 1596 326 1622 civium:
340 1595 390 1622 suit
401 1595 504 1627 felix,si
511 1600 597 1631 potest
609 1596 662 1622 ulla
673 1604 732 1622 esse
742 1595 1004 1623 inscelerefelicitas.

211 1632 277 1664 Sed,
290 1634 416 1668 quoniam
428 1634 559 1660 veteranis
569 1637 677 1660 cautum
688 1641 746 1659 esse
757 1633 883 1660 volumus
892 1654 898 1664 ,
909 1641 1007 1669 quam-

210 1678 292 1705 quam
303 1670 445 1697 dissimilis
456 1675 497 1697 est
510 1670 627 1697 militum
639 1678 734 1696 caussa
743 1675 769 1697 et
779 1674 837 1696 tua:
859 1670 909 1705 (illi
920 1671 1004 1697 secuti

211 1712 288 1734 sunt:
311 1712 339 1734 tu
350 1708 480 1742 quaesisti
500 1707 623 1743 ducem:)
638 1711 738 1738 tamen,
752 1715 785 1734 ne
801 1708 872 1742 apud
887 1707 947 1734 illos
963 1715 1005 1734 me

211 1745 238 1771 in
249 1744 378 1771 invidiam
391 1753 482 1775 voceS,
496 1745 563 1771 nihil
575 1745 608 1771 de
619 1744 682 1771 belli
693 1753 790 1780 genere
799 1744 896 1771 dicam.
918 1745 1006 1772 Victor

211 1790 226 1807 e
237 1781 374 1808 Thessalia
385 1781 559 1808 Brundisium
569 1790 631 1808 cum
644 1781 796 1817 legionibus
807 1782 948 1808 revertisti.
965 1782 1005 1808 Ibi

211 1827 254 1845 me
278 1827 330 1845 non
348 1819 480 1845 occidisti.
520 1819 647 1855 Magnum
668 1818 839 1845 beneficium.
883 1819 1005 1846 Potuisse

211 1856 283 1882 enim
299 1855 390 1882 fateor.
414 1855 582 1891 Quamquam
598 1864 676 1882 nemo
691 1861 746 1882 erat
760 1864 866 1887 eorum.
883 1857 931 1892 qui
947 1861 1003 1883 tum

211 1898 300 1919 tecum
316 1892 437 1924 fuerunt,
455 1894 502 1928 qui
516 1893 583 1920 mihi
598 1902 649 1920 non
659 1898 778 1919 censeret
791 1895 862 1928 parci
873 1898 1002 1929 oportere.

211 1932 254 1956 60.
271 1931 352 1956 Tanta
367 1931 438 1956 enim
450 1935 490 1957 est
500 1931 595 1957 caritas
606 1931 714 1965 patriae,
728 1935 757 1957 ut
768 1931 864 1957 vestris
875 1931 954 1957 etiam
967 1930 1004 1957 le-

210 1967 337 2004 gionibus
348 1972 456 1994 sanctus
467 1967 644 2002 essem,quod
654 1976 712 1994 eam
723 1976 737 1994 a
749 1976 791 1994 me
802 1973 934 1995 servatam
945 1977 1004 1995 esse

211 2005 408 2031 meminissent.
438 2005 490 2031 Sed
506 2004 546 2031 fac
560 2005 587 2031 id
602 2009 628 2031 te
643 2005 750 2031 dedisse
765 2005 846 2036 mihi,
863 2006 936 2041 quod
951 2014 1003 2032 non

211 2041 347 2073 ademisti,
365 2050 460 2077 meque
475 2051 489 2068 a
505 2047 530 2068 te
545 2042 642 2068 habere
656 2043 752 2073 vitam,
768 2043 832 2077 quia
843 2051 895 2070 non
906 2048 956 2069 ate
969 2044 1005 2069 sit

211 2084 314 2114 erepta:
337 2079 446 2106 licuitne
456 2079 522 2106 mihi
534 2087 582 2114 per
592 2084 650 2106 tuas
665 2079 849 2111 contumelias,
867 2080 917 2107 hoc
927 2085 1004 2107 tuum

210 2116 370 2143 beneficium
392 2117 431 2143 sic
446 2117 527 2147 tueri,
545 2122 574 2143 ut
589 2117 695 2148 tuebar,
713 2118 868 2152 praesertim
882 2126 968 2152 quum
979 2123 1004 2145 te

210 2154 276 2180 haec
291 2153 445 2180 auditurum
461 2153 584 2180 videres?
612 2154 698 2181 XXV.
720 2156 761 2180 61.
779 2155 879 2181 Venisti
890 2155 1006 2182 Brundi-

210 2191 291 2222 sium,
304 2191 331 2217 in
338 2191 428 2217 sinum
434 2191 543 2226 quidem
550 2196 575 2218 et
585 2191 612 2218 in
618 2191 855 2226 complexumtuae
866 2193 1003 2219 mimulae.

210 2228 282 2261 Quid
292 2228 350 2255 est?
363 2229 433 2255 Num
445 2228 575 2255 mentior‘?
586 2228 671 2261 Quam
684 2229 813 2255 miserum
825 2234 865 2256 est
874 2229 903 2256 id
909 2238 1005 2266 negare

211 2274 264 2292 non
280 2273 371 2300 posse,
383 2265 455 2300 quod
466 2266 502 2292 sit
512 2266 700 2301 turpissimum
711 2266 845 2293 confiteri!
867 2266 894 2293 Si
908 2271 933 2294 te
944 2276 1004 2294 mu-

212 2303 371 2337 nicipiorum
388 2312 440 2330 non
455 2303 586 2338 pudebat:
609 2311 642 2329 ne
654 2304 769 2330 veterani
780 2304 891 2338 quidem
902 2305 1006 2331 exerci-

210 2340 272 2366 tus?
291 2339 357 2372 Quis
367 2341 439 2366 enim
450 2339 528 2367 miles
539 2340 598 2371 fuit,
610 2341 658 2375 qui
669 2341 804 2367 Brundisii
815 2340 889 2367 illam
900 2350 953 2368 non
963 2342 1006 2368 vi-

211 2376 296 2403 derit?
314 2378 388 2413 quis,
401 2378 449 2413 qui
458 2378 591 2408 nescierit,
604 2378 712 2404 venisse
721 2386 780 2404 eam
791 2382 829 2405 tot
839 2378 888 2405 tibi
899 2379 1004 2405 dierum

212 2415 282 2440 viani
297 2414 479 2450 gratulatum?
500 2416 572 2450 quis,
589 2415 638 2450 qui
652 2423 704 2441 non
715 2415 868 2446 indoluerit,
882 2420 935 2442 tam
945 2424 1005 2442 sero

211 2459 248 2480 se.
261 2460 342 2486 quem
353 2451 490 2479 hominem
501 2457 609 2479 secutus
623 2456 701 2483 esset,
709 2452 886 2488 cognoscere?
905 2453 1005 2479 salta-

212 2487 262 2513 liae
278 2497 371 2515 rursus
385 2490 550 2524 percursatio
560 2489 652 2516 eadem
663 2489 759 2516 comite
770 2490 866 2516 mima:
887 2490 917 2516 in
927 2490 1005 2525 oppi-

212 2523 245 2550 da
256 2524 373 2551 militum
384 2526 501 2552 crudelis
511 2531 538 2553 et
547 2527 644 2553 misera
654 2526 792 2553 deductio:
815 2527 843 2553 in
853 2527 924 2553 Urbe
934 2527 1002 2558 auri,

212 2562 323 2596 argenti,
338 2563 507 2598 maximeque
518 2564 575 2590 vini
586 2563 662 2590 foeda
672 2563 797 2598 direptio.
822 2563 952 2594 Accessit,
964 2568 1002 2595 ut.

212 2597 323 2624 Caesare
334 2599 434 2633 ignaro,
446 2608 531 2635 quum
542 2600 590 2627 ille
599 2605 670 2627 esset
679 2599 863 2631 Alexandriae,
876 2601 1005 2627 beneficio

212 2635 359 2661 amicorum
369 2635 428 2662 eius
437 2638 564 2672 magister
573 2638 695 2672 equitum
701 2638 914 2664 constitueretur.
936 2638 1004 2664 Tum

213 2672 376 2698 existimavit
393 2681 421 2698 se
440 2682 489 2700 suo
508 2675 566 2701 iure
585 2683 647 2701 cum
663 2675 760 2710 Hippia
775 2675 867 2701 vivere
881 2680 907 2702 et
920 2683 1004 2710 equos

1034 216 1036 223 ’
1060 216 1201 249 vectigales
1217 216 1309 251 Sergio
1325 218 1406 242 minio
1417 216 1527 243 tradere.

1034 291 1036 311 ἶ
1059 291 1200 320 habitaret,
1220 290 1326 325 legerat.

1002 145 1273 172 (luminosis

1564 217 1631 244 Tum
1643 218 1694 244 nihi
1708 226 1758 244 non
1770 218 1846 249 hanc,

1057 263 1137 288 quam
1155 262 1225 279 nunc
1241 253 1309 279 male
1325 258 1426 283 tur-tur,
1440 254 1486 280 sed
1502 255 1537 280 M.
1551 254 1653 281 Pisonis
1664 255 1787 284 domum.
1802 256 1848 282 ubi

1366 290 1436 322 Quid
1450 299 1499 327 ego
1516 293 1593 318 istius
1605 293 1716 320 decreta.
1730 293 1795 327 quid
1808 302 1848 318 ra-

1059 329 1148 363 pinas,
1174 328 1239 362 quid
1265 328 1439 354 hereditatum
1466 330 1648 363 possessiones
1672 330 1760 357 datas.
1782 329 1850 364 quid

1058 370 1161 399 ereptas
1178 364 1327 399 proferam?
1346 365 1461 400 (Legebat
1477 371 1595 400 egestas:
1618 375 1672 401 quo
1687 376 1714 392 se
1727 372 1848 398 verteret,

1034 402 1036 419 ¹*
1059 411 1109 428 non
1127 402 1252 428 habehat:
1277 402 1393 428 nondum
1410 403 1433 428 ei
1450 407 1520 428 tanta
1536 412 1548 428 a
1566 403 1594 429 1..
1607 404 1715 432 Rubrio.
1730 413 1780 430 non
1792 413 1805 430 a
1819 404 1848 430 L.

895 476 937 502 N]
951 476 966 502 ¹¹
981 475 1006 502 'd
1035 447 1037 479 j
1058 440 1179 465 Turselio
1200 439 1330 465 hereditas
1347 444 1466 466 venerat:
1490 440 1606 466 nondum
1624 441 1649 467 in
1666 442 1713 467 Cn.
1731 441 1849 476 Pompeii

895 493 903 502 ι
920 485 956 502 ιιι
980 485 986 502 ι
1035 487 1036 490 “

1060 477 1145 503 locum
1158 477 1358 511 multorumque
1369 476 1494 506 aliorum.
1507 477 1554 511 qui
1565 478 1681 507 aberant.
1695 479 1850 513 repentinus

1059 514 1134 540 heres
1155 519 1328 540 successerat.
1358 514 1420 540 Erat
1437 515 1461 540 ei
1476 514 1620 540 vivendum
1639 515 1769 542 latronum
1786 516 1848 545 ritu.

1035 563 1036 566 ¹
1059 556 1088 577 ut
1098 556 1200 577 tantum
1213 551 1329 581 haberet,
1341 557 1472 586 quantum
1485 560 1575 586 rapere
1586 553 1726 586 [nituisset.

1114 591 1154 614 63.
1177 588 1230 615 Sed
1251 589 1323 619 haec,
1339 597 1408 623 quae
1420 589 1577 615 robustioris
1589 589 1765 623 improbitatis
1775 595 1848 620 nunt,

1058 627 1225 652 omittamus:
1258 626 1399 660 loquamur
1419 627 1507 660 potius
1522 626 1555 652 de
1574 627 1740 661 nequissimo
1754 635 1850 662 genere

1060 663 1183 689 levitatis.
1224 663 1273 694 Tu,
1288 664 1346 689 istis
1367 663 1498 693 faucibus,
1512 664 1570 689 istis
1582 663 1718 693 lateribus,
1732 664 1781 690 ista
1792 663 1851 700 gl}-

1058 700 1166 726 diatoria
1187 701 1267 727 totius
1287 701 1404 735 corporis
1417 701 1547 731 firmitate,
1565 705 1667 727 tantum
1681 701 1735 727 vini
1747 701 1773 727 in
1786 701 1851 736 uip-

1060 739 1117 771 piae
1129 739 1229 772 nuptiis
1241 738 1411 764 exhauseras.
1422 742 1450 764 ut
1461 738 1507 764 tihi
1520 746 1627 764 necesse
1638 743 1708 764 esset
1720 739 1746 764 in
1757 738 1849 773 populi

1059 776 1167 802 Ilomani
1179 780 1321 810 conspectu
1335 784 1440 801 vomere
1451 775 1587 810 postridie.
1609 775 1631 802 Ο
1643 784 1696 801 rem
1709 784 1760 802 non
1772 775 1851 802 modo

1059 813 1119 838 visu
1141 812 1253 843 foedam,
1276 812 1322 839 sed
1343 813 1421 839 etiam
1443 812 1550 838 auditu!
1572 813 1601 839 Si
1617 813 1684 839 inter
1699 821 1806 839 caenam
1823 813 1849 839 in

1058 851 1125 884 ipsis
1147 851 1199 876 tuis
1220 850 1384 876 immanibus
1400 850 1454 876 illis
1466 850 1570 884 poculis
1582 850 1631 876 hoc
1641 850 1688 876 tibi
1699 850 1848 880 accidisset,

1058 888 1119 922 quis
1135 896 1186 914 non
1203 892 1279 922 turpe
1290 887 1416 913 duceret?
1435 888 1463 914 In
1474 893 1548 914 coetu
1561 896 1623 914 vero
1634 887 1726 922 populi
1739 887 1849 914 Romani

1058 925 1194 960 negotium
1220 925 1358 959 publicum
1379 933 1474 960 gerens
1496 925 1623 959 magister
1644 925 1779 959 equitum,
1805 925 1849 950 cui

1036 977 1037 980 =
1058 967 1159 988 ructare
1172 967 1248 997 turpe
1259 967 1336 992 esset.
1347 963 1368 988 is
1381 971 1490 988 vomens
1502 962 1594 988 frustis
1605 962 1748 988 esculentis
1756 962 1849 988 vinum

1058 999 1238 1026 redolentibus
1257 1000 1389 1035 gremium
1404 1008 1484 1025 suum
1496 1004 1520 1025 et
1532 1004 1614 1025 lotum
1625 999 1741 1025 tribunal
1754 998 1850 1034 imple-

1059 1037 1105 1063 vit.
1145 1036 1196 1062 Sed
1218 1037 1266 1063 hoc
1282 1037 1340 1071 ipse
1357 1036 1452 1063 fatetur
1463 1045 1522 1063 esse
1533 1037 1559 1062 in
1573 1037 1632 1062 suis
1641 1036 1781 1063 sordibus:
1804 1044 1851 1063 ve-

1058 1075 1163 1100 niamus
1175 1074 1207 1100 ad
1221 1073 1371 1108 splendida.

1112 1111 1209 1137 XXVI.
1227 1112 1268 1137 64.
1286 1111 1381 1137 Caesar
1395 1110 1554 1137 Alexandria
1570 1119 1598 1136 se
1609 1111 1715 1145 recepit,
1729 1109 1803 1141 felix,
1820 1115 1851 1137 ut

1058 1148 1109 1174 sibi
1130 1148 1239 1183 quidem
1251 1148 1405 1174 videbatur:
1432 1156 1489 1173 mea
1501 1152 1590 1174 autem
1602 1148 1740 1179 sententia.
1753 1148 1775 1174 si
1787 1148 1850 1183 quie

1058 1186 1221 1220 reipublicae
1241 1186 1276 1212 sit
1295 1185 1398 1215 infelix,
1416 1185 1480 1211 l'elix
1494 1193 1615 1211 essenon
1628 1189 1723 1220 potest.
1771 1185 1850 1211 Hasta

1058 1223 1142 1257 posita
1164 1232 1210 1258 pro
1229 1223 1293 1249 aede
1311 1223 1382 1249 Iovis
1401 1222 1525 1253 Statoris,
1548 1222 1616 1249 bona
1636 1222 1774 1257 (miserum
1791 1222 1848 1249 me!

1057 1261 1224 1295 consumptis
1235 1261 1305 1287 enim
1318 1260 1443 1290 lacrimis,
1451 1265 1538 1286 tamen
1550 1260 1650 1286 infixus
1660 1259 1851 1295 haeretdolor,)

1058 1298 1135 1328 bona,
1153 1298 1273 1333 inquam.
1291 1297 1339 1324 Cn.
1351 1297 1471 1332 Pompeii
1483 1297 1580 1332 Magni,
1594 1298 1651 1323 voci
1663 1297 1851 1323 acerbissimae

1058 1335 1176 1361 subiecta
1197 1335 1345 1370 praeconis.
1384 1335 1441 1361 Una
1461 1335 1488 1361 in
1507 1334 1553 1361 illa
1574 1343 1601 1361 re
1616 1335 1754 1360 servitutis
1768 1334 1850 1361 oblita

1057 1373 1151 1398 civitas
1162 1373 1302 1409 ingemuit,
1310 1372 1545 1406 servientibusque
1555 1372 1661 1402 animis,
1669 1380 1753 1406 quum
1760 1372 1849 1398 omnia

1058 1414 1130 1436 metu
1152 1415 1311 1441 tenerentur,
1331 1410 1448 1445 gemitus
1460 1414 1547 1435 tamen
1559 1408 1650 1444 populi
1661 1409 1771 1436 Romani
1783 1408 1851 1435 liber

1058 1447 1118 1473 suit.
1157 1447 1382 1482 Exspectantibus
1400 1446 1540 1477 omnibus,
1561 1447 1686 1482 quisnam
1706 1450 1777 1472 esset
1795 1450 1850 1472 tam

1057 1485 1168 1519 impius.
1192 1490 1244 1511 tam
1258 1485 1379 1515 demens,
1397 1489 1449 1510 tam
1464 1483 1517 1510 diis
1532 1483 1742 1518 hominibusque
1753 1483 1848 1514 hostis,

1057 1522 1106 1557 qui
1125 1522 1158 1548 ad
1172 1522 1241 1548 illud
1256 1521 1344 1549 scelus
1355 1522 1481 1548 sectionis
1491 1520 1601 1548 auderet
1610 1521 1742 1551 accedere,
1755 1521 1851 1547 inven-

1057 1564 1101 1586 tus
1116 1564 1156 1585 est
1175 1568 1253 1586 nemo
1268 1564 1370 1594 praeter
1380 1559 1534 1589 Antonium,
1551 1559 1705 1593 praesertim
1716 1566 1802 1593 quum
1812 1562 1851 1584 tot

1057 1601 1146 1623 essent
1165 1597 1266 1623 circum
1278 1597 1380 1623 hastam
1392 1596 1475 1627 illam,
1488 1597 1536 1631 qui
1546 1596 1596 1622 alia
1607 1596 1695 1622 omnia
1706 1595 1848 1622 auderent:

1057 1642 1128 1660 unus
1149 1634 1275 1660 inventus
1290 1638 1339 1664 est,
1356 1634 1404 1669 qui
1420 1633 1447 1660 id
1463 1633 1580 1664 auderet,
1592 1633 1664 1668 quod
1675 1633 1795 1659 omnium
1805 1631 1851 1658 fu-

1055 1671 1140 1707 gisset
1158 1675 1184 1697 et
1198 1670 1396 1697 reformidasset
1409 1670 1529 1697 audacia.
1561 1671 1603 1696 65.
1621 1670 1720 1696 Tantus
1731 1670 1814 1706 igitur
1825 1674 1850 1696 te

1056 1713 1150 1743 stupor
1169 1709 1310 1743 oppressit.
1328 1707 1379 1738 vel.
1401 1712 1430 1734 ut
1445 1708 1533 1734 verius
1549 1706 1645 1737 dicam,
1661 1711 1751 1733 tantus
1765 1705 1848 1737 furor,

1056 1750 1087 1772 ut
1105 1745 1232 1780 primum,
1254 1753 1338 1780 quum
1359 1749 1445 1771 sector
1458 1745 1497 1771 sis
1512 1745 1563 1771 isto
1579 1744 1635 1771 loco
1653 1748 1740 1774 natus,
1752 1742 1851 1770 deinde

1055 1791 1141 1817 quum
1162 1783 1281 1817 Pompeii
1301 1787 1399 1812 sector.
1422 1790 1473 1809 non
1493 1787 1519 1808 te
1538 1781 1731 1808 exsecrandum
1749 1780 1851 1816 populo

1055 1820 1185 1850 Romano.
1216 1828 1268 1846 non
1293 1819 1490 1850 detestabilem,
1516 1827 1568 1846 non
1591 1827 1685 1845 omnes
1704 1818 1753 1845 tibi
1773 1818 1848 1850 deos,

1056 1865 1148 1884 omnes
1164 1857 1285 1884 homines
1300 1862 1326 1883 et
1340 1865 1398 1883 esse
1413 1857 1537 1883 inimicos
1554 1860 1580 1883 et
1596 1855 1700 1882 futuros
1709 1854 1798 1882 scias?
1816 1855 1851 1882 At

1055 1903 1137 1929 quam
1153 1894 1297 1921 insolenter
1311 1895 1401 1921 statim
1416 1893 1506 1920 helluo
1516 1894 1615 1920 invasit
1625 1894 1653 1920 in
1664 1893 1723 1919 eius
1734 1893 1783 1919 viri
1796 1891 1850 1919 for-

1056 1936 1148 1962 tunas,
1165 1932 1244 1958 cuius
1259 1932 1356 1958 virtute
1368 1931 1510 1958 terribilior
1522 1936 1577 1957 erat
1587 1929 1704 1965 populus
1714 1930 1850 1956 Romanus

1055 1970 1152 1996 exteris
1163 1969 1298 2005 gentibus,
1306 1969 1407 1995 iustitia
1417 1967 1519 1995 carior?
1537 1968 1646 1995 XXVII.
1658 1968 1687 1994 In
1698 1967 1757 1994 eius
1767 1967 1852 2003 igitur

1057 2007 1107 2032 viri
1118 2008 1208 2041 copias
1219 2015 1304 2041 quum
1316 2015 1345 2032 se
1355 2006 1446 2032 subito
1456 2005 1685 2042 ingurgitavisset,
1698 2003 1851 2031 exsultabat

1055 2044 1154 2079 gaudio
1171 2052 1283 2079 persona
1298 2043 1330 2070 de
1347 2044 1430 2070 mimo
1443 2043 1522 2070 modo
1536 2051 1631 2078 egens,
1643 2045 1750 2077 repente
1761 2041 1849 2068 dives.

1056 2081 1117 2111 Sed,
1132 2085 1161 2107 ut
1171 2085 1211 2107 est
1221 2081 1292 2116 apud
1303 2085 1407 2116 poetam
1419 2081 1508 2107 nescio
1517 2088 1609 2115 quem,
1616 2081 1682 2105 male
1689 2080 1851 2112 par-ramale

1055 2120 1214 2144 dilabuntur.
1253 2120 1295 2145 66.
1325 2117 1483 2144 Incredibile
1506 2125 1536 2144 ac
1555 2116 1645 2143 simile
1665 2115 1779 2151 portenti
1797 2119 1847 2147 est,

1056 2164 1172 2191 quonam
1188 2155 1267 2182 modo
1281 2155 1327 2181 illa
1345 2160 1399 2181 tam
1409 2154 1506 2185 multa,
1519 2162 1601 2190 quam
1611 2153 1713 2189 pauciS,
1726 2162 1778 2180 non
1789 2152 1850 2180 dieo

1057 2192 1209 2223 mensibus.
1226 2192 1275 2218 sed
1292 2192 1389 2219 diebus
1404 2192 1535 2218 effuderit.
1574 2191 1709 2218 Maximus
1725 2190 1781 2217 vini
1797 2198 1850 2217 nu-

1056 2238 1146 2256 merus
1162 2229 1225 2260 fuit.
1243 2238 1418 2265 permagnum
1435 2229 1529 2264 optimi
1543 2228 1649 2263 pondus
1665 2227 1774 2264 argenti,
1787 2235 1850 2262 pre-

1056 2268 1122 2294 tiosa
1147 2267 1243 2298 vestis,
1266 2266 1349 2293 multa
1369 2271 1396 2293 et
1415 2265 1486 2292 lauta
1505 2265 1642 2300 supellex,
1664 2269 1690 2291 et
1707 2264 1848 2300 magnifica

1056 2304 1148 2330 multis
1165 2303 1242 2335 locis,
1260 2312 1312 2331 non
1327 2303 1373 2330 illa
1387 2303 1498 2338 quidem
1513 2302 1644 2330 luxuriosi
1654 2301 1784 2332 hominis,
1799 2301 1849 2328 sed

1055 2346 1143 2368 tamen
1158 2341 1328 2368 abundantis.
1368 2341 1468 2367 Horum
1482 2340 1576 2375 paucis
1591 2339 1687 2366 diebus
1703 2337 1771 2365 nihil
1781 2343 1847 2365 erat.

1056 2379 1097 2405 67.
1112 2378 1184 2410 Quae
1195 2378 1345 2414 Charybdis
1357 2382 1409 2404 tam
1420 2377 1520 2404 vorax?
1532 2375 1685 2411 Charybdin
1691 2375 1769 2402 dico?
1778 2383 1848 2410 quae

1055 2416 1078 2442 si
1098 2415 1162 2446 fuit.
1185 2415 1236 2442 I'uit
1251 2415 1348 2442 animal
1365 2423 1464 2441 unum:
1485 2413 1620 2443 Oceanus,
1633 2413 1740 2439 medius
1755 2412 1845 2443 fidius,

1056 2453 1102 2479 vix
1117 2452 1223 2479 videtur
1236 2457 1274 2479 tot
1284 2461 1339 2483 res,
1352 2456 1405 2478 tam
1416 2452 1568 2486 dissipatas,
1580 2455 1634 2476 tam
1645 2449 1808 2476 distantibus
1819 2450 1847 2476 in

1056 2489 1120 2516 locis
1135 2490 1249 2525 positas,
1262 2494 1315 2516 tam
1326 2490 1377 2516 cito
1387 2488 1528 2515 absorbere
1541 2487 1670 2523 potuisse.
1708 2486 1782 2513 Nihil
1791 2491 1848 2514 erat

1055 2527 1187 2557 clausum,
1199 2527 1268 2553 nihil
1279 2527 1459 2562 obsignatum,
1472 2524 1538 2551 nihil
1550 2525 1691 2559 scriptum.
1729 2524 1848 2559 Apothe-

1055 2573 1100 2590 cae
1111 2569 1179 2590 totae
1189 2564 1364 2598 nequissimis
1375 2562 1530 2589 hominibus
1539 2561 1766 2588 condonabantur.
1786 2560 1846 2587 Alia

1055 2601 1132 2627 mimi
1147 2601 1297 2635 rapiebant,
1315 2600 1364 2626 alia
1380 2600 1491 2626 mimae:
1513 2599 1609 2625 domus
1620 2603 1674 2624 erat
1685 2598 1847 2625 aleatoribus

1055 2638 1158 2669 referta,
1171 2637 1250 2672 plena
1261 2638 1408 2664 ebriorum:
1424 2641 1491 2663 totos
1501 2635 1560 2662 dies
1571 2636 1719 2671 potabatur,
1727 2640 1807 2671 atque
1816 2634 1846 2661 id

1057 2675 1120 2702 Iocis
1134 2674 1274 2710 pluribus:
1295 2673 1508 2710 suggerebantur
1521 2674 1600 2700 etiam
1612 2681 1691 2708 saepe
1701 2672 1846 2708 (nonenim
