1941 3052
207 164 256 188 336
780 163 821 186 550,

205 234 343 263 cessionis.
356 232 561 259 Samothraciam
574 237 597 256 te
609 232 735 265 primum,
744 235 802 264 post
815 231 876 256 inde
883 230 1000 256 Thasum
1029 249 1031 259 .

205 279 266 297 vum
283 271 336 296 tuis
353 271 449 296 teneris
460 268 638 297 saltatoribus,
653 272 749 293 etcum
762 267 906 296 Autobulo.
920 268 1001 293 Atha—

207 313 294 334 mante
305 306 461 335 ctTiino‹·lc,
471 306 594 331 formosis
607 304 742 334 tratribus,
751 304 906 330 contulisti?
917 304 1002 339 quid?

205 346 290 379 quod,
314 353 397 379 quum
421 343 481 369 inde
503 347 526 368 tc
549 342 688 376 recipiens,
712 341 818 367 invilla
838 341 998 372 Euchadiae,

205 391 272 416 quae
299 381 348 407 l'uit
372 389 437 406 uxor
457 379 609 409 Ewcvsti‘,
634 379 737 404 iacuisti
759 387 879 404 maerens
900 378 1001 413 aliquot

205 419 276 447 dies;
300 423 378 452 atquc
399 416 460 443 inde
480 416 616 442 obsoletus
636 415 852 441 Thessalonicam
873 416 1000 442 omnibus

206 455 381 482 inscientibus
393 458 525 488 noctuque
538 452 653 479 vonisti‘.>
672 453 729 487 qui.
742 461 827 487 (pium
840 461 999 479 concursum

206 492 375 527 plorantium,
388 499 418 517 ac
429 490 788 525 tempestatemquerelarum
797 489 863 516 serre
876 499 926 517 non
939 499 1001 525 pos—

204 538 260 558 ses.
283 530 309 555 in
323 527 452 563 oppidum
468 528 576 554 devium
590 528 713 554 Beroeam
726 527 882 562 profugisti:
904 537 959 562 quo
974 528 999 554 in

203 566 302 601 oppido
317 574 402 600 quum
419 565 466 591 tibi
483 573 530 600 spe
547 564 626 595 falsa,
643 564 714 600 quod
725 564 756 597 Q.
771 565 933 591 Ancharium
949 573 999 591 non

203 612 263 630 esse
282 611 471 629 successurum
493 607 614 637 putareS,
637 603 740 628 animos
761 611 852 628 rumor
867 601 997 629 inssassct:

203 645 292 676 quote
305 640 383 666 modo
392 640 425 666 ad
437 645 508 666 tuam
521 640 761 674 intemperantiam.
775 639 910 670 scelerate.
924 641 1000 666 inno-

204 677 290 704 vasti?
319 677 454 703 XXXVII.
478 678 519 703 90.
537 677 611 703 Mitto
627 685 721 703 aurum
733 678 914 708 coronarium,
926 677 999 712 quod

204 720 228 742 te
246 715 398 742 diutissimo
415 715 502 745 torsit,
519 723 603 749 quum
617 713 797 745 modovettes.
815 714 893 741 modo
904 714 997 741 nolles.

205 753 256 779 Lex
269 753 340 779 enim
351 753 442 788 generi
454 752 493 778 tui
504 756 530 778 et
540 751 646 778 decerni
658 756 683 778 et
694 752 813 786 accipere
825 752 938 782 vetabat,
947 752 999 778 nisi

202 790 307 816 decreto
322 789 468 824 triumpho.
509 789 537 815 In
549 798 603 824 quo
615 793 652 819 tu,
666 793 771 823 accepta
783 794 870 815 tamen
883 794 908 815 et
918 789 1000 815 devo-

203 832 257 854 rata
273 827 399 862 pecunia,
418 831 447 853 ut
463 827 489 853 in
506 826 671 852 Achaeorum
682 831 790 852 centum
802 826 920 856 talentis,
937 835 1000 853 evo·

204 873 275 891 mere
296 873 347 891 non
369 868 485 899 poteras:
509 863 637 890 vocabula
659 868 762 890 tantum
783 865 958 898 pecuniarum
974 869 999 890 et

202 910 298 938 genera
319 901 451 928 mutabas.
492 901 567 927 Mitto
586 900 730 936 diplomata
752 905 803 927 tota
820 902 846 928 in
863 902 998 936 provincia

203 940 303 974 passim
327 939 400 965 data:
424 939 499 964 mitto
519 947 661 964 numerum
683 939 793 964 navium
809 947 999 974 summamque

203 976 329 1012 praedae:
343 976 419 1003 mitto
430 976 557 1002 rationem
569 976 654 1002 exacti
667 975 843 1011 imperatique
855 976 980 1002 frumenti
991 986 996 1002 :

202 1014 279 1040 mitto
289 1017 405 1049 ereptam
419 1013 565 1039 libertatem
578 1012 686 1048 populis
697 1021 726 1039 ac
737 1013 863 1048 singulis,
871 1014 999 1048 quierant

202 1051 286 1078 affecti
308 1051 433 1086 praemiis
455 1051 625 1081 nominatim.
638 1059 754 1085 quorum
771 1050 838 1077 nihil
855 1055 908 1082 est,
926 1051 998 1086 quod

203 1098 253 1115 non
269 1089 304 1115 sit
320 1088 377 1124 lege
392 1087 472 1118 Iulia.
487 1097 518 1114 ne
531 1088 586 1114 fieri
599 1088 687 1119 liceat,
701 1088 834 1114 sancitum
845 1087 997 1124 diligenter.

201 1128 243 1152 91.
260 1125 404 1156 Aetoliam,
421 1134 490 1160 quae
504 1125 595 1160 procul
611 1134 625 1151 a
637 1125 757 1152 barbaris
768 1125 901 1152 disiuncta
911 1126 999 1162 genti·
1020 1138 1022 1146 v

201 1163 261 1194 bus,
280 1164 307 1190 in
322 1163 384 1190 sinu
396 1163 468 1198 pacis
486 1163 580 1197 posita.
597 1162 685 1189 medio
697 1163 749 1189 fere
761 1163 885 1189 Graeciae
896 1164 999 1199 gremio

200 1202 363 1231 continetur,
386 1200 410 1234 (ο
430 1201 528 1231 Poena,
551 1209 566 1227 o
583 1201 661 1226 Furia
675 1200 835 1235 socioruml)
854 1200 996 1232 decedens,

201 1239 326 1265 miseram
339 1237 488 1273 perdidisti.
524 1237 663 1268 Arsinoen,
679 1237 805 1268 Stratum.
819 1238 995 1272 Naupactum,

200 1280 230 1302 ut
245 1275 324 1302 modo
340 1279 394 1301 tute
407 1274 542 1305 indicasti,
557 1274 660 1301 nobiles
672 1275 752 1302 urbes
763 1279 843 1310 atque
855 1275 947 1310 plenas
960 1275 999 1302 fa—

201 1313 264 1339 teris
275 1313 308 1339 ab
319 1312 443 1339 hostibus
455 1320 514 1339 esse
520 1317 620 1347 captas.
641 1311 747 1345 Quibus
759 1317 847 1339 autem
855 1312 999 1339 hostibus?

200 1351 301 1385 Nempe
312 1350 359 1381 iis,
375 1358 443 1384 quos
455 1354 497 1380 tu,
510 1349 666 1376 Ambraciae
676 1349 782 1380 sedens,
797 1350 883 1384 primo
895 1355 940 1377 tuo
951 1350 998 1376 ad-

201 1392 282 1414 ventu
297 1396 330 1414 ex
340 1386 614 1422 oppidisAgrinarum
626 1387 842 1422 atqueDolopum
849 1387 998 1423 demigrare

200 1430 224 1452 ct
239 1433 297 1451 aras
312 1429 338 1451 et
356 1424 427 1451 focos
442 1424 594 1459 relinquere
608 1425 729 1460 coegisti.
761 1425 814 1451 1100
830 1429 858 1451 tu
872 1425 900 1451 iu
911 1425 995 1456 exitu,

201 1461 333 1496 praeclare
353 1462 508 1496 imperator.
534 1470 620 1497 quum
646 1462 695 1488 tibi
715 1461 748 1488 ad
765 1462 891 1496 pristinas
907 1462 997 1489 clades

199 1499 316 1526 accessio
333 1499 428 1525 fuisset
442 1498 559 1525 Aetoliae
573 1500 729 1534 repentinus
744 1499 882 1530 interitus,
895 1500 997 1526 exerci-

199 1542 256 1563 tum
272 1536 414 1563 dimisisti:
437 1545 524 1571 neque
539 1535 622 1563 ullam
635 1545 756 1571 poenam,
769 1545 838 1572 quae
850 1541 922 1563 tanto
933 1536 997 1563 faci—

199 1575 255 1600 nori
271 1574 427 1605 deberetur,
446 1583 497 1600 non
509 1573 628 1600 maluisti
640 1574 745 1605 subire,
757 1582 839 1609 quam
852 1583 995 1601 numerum

199 1617 305 1639 tuorum
318 1611 435 1637 militum
449 1611 632 1646 reliquiasque
642 1619 811 1647 cognoscere.

253 1649 401 1675 XXXVIII.
423 1650 464 1675 92.
477 1648 573 1683 Atque,
586 1652 617 1675 ut
627 1648 742 1675 duorum
753 1649 946 1683 Epicureorum
958 1649 997 1675 si-

198 1685 378 1712 militudinem
391 1686 419 1712 in
430 1694 457 1712 re
468 1685 576 1712 militari
588 1686 754 1720 imperioque
765 1685 892 1712 videatis:
910 1685 996 1712 Albu-

197 1724 270 1755 cius,
287 1731 372 1758 quum
389 1724 416 1749 in
427 1722 548 1749 Sardinia
560 1723 762 1758 triumphasset,
775 1723 874 1749 Romae
884 1722 995 1749 damna-

198 1766 241 1787 tus
262 1765 311 1787 est.
352 1761 399 1786 Hic
418 1768 504 1795 quum
520 1760 638 1786 similem
653 1761 756 1787 exitum
771 1764 950 1795 exspectaret,
967 1761 995 1786 in

198 1797 350 1824 Macedonia
363 1802 468 1832 tropaea
480 1797 582 1832 posuit:
599 1806 693 1832 eaque,
707 1805 776 1832 quae
786 1797 897 1824 bellicae
908 1797 995 1823 laudis

198 1835 377 1869 victoriaeque
388 1843 480 1861 omnes
490 1839 583 1870 gentes
594 1835 711 1870 insignia
723 1839 749 1861 et
755 1839 926 1861 monumenta
936 1843 995 1861 esse

198 1872 349 1902 voluerunt,
363 1876 451 1898 noster
462 1871 505 1898 hic
517 1876 704 1907 praeposterus
715 1872 867 1907 imperator,
881 1872 995 1898 amisso·
1016 1895 1018 1900 ,

197 1918 258 1936 rum
288 1909 462 1944 oppidorum.
493 1918 630 1935 caesarum
658 1909 807 1945 legionum,
831 1909 991 1944 provinciae,

198 1946 330 1982 praesidio
341 1946 483 1981 etreliquis
490 1946 623 1973 militibus
633 1946 748 1978 orbatae,
761 1947 794 1973 ad
800 1947 994 1981 sempiternum
1024 1959 1025 1975 2

197 1983 315 2011 dedecus
325 1984 369 2010 sui
380 1983 486 2019 generis
497 1988 523 2010 et
533 1984 658 2015 nominis,
668 1983 773 2010 funesta
785 1984 883 2010 indicia
894 1985 995 2011 consti-

197 2021 260 2048 tuit:
283 2021 424 2056 idemque,
441 2025 472 2048 ut
481 2025 564 2051 esset,
577 2021 650 2056 quod
665 2021 693 2048 in
705 2021 762 2048 basi
773 2026 941 2056 tropaeorum
952 2022 994 2048 in-

196 2059 278 2085 scribi
293 2058 430 2093 incidique
446 2063 548 2093 posset.
566 2058 760 2094 Dyrrhachium
776 2064 806 2085 ut
817 2059 902 2090 venit,
916 2059 994 2085 dece-

196 2096 276 2128 dens,
293 2095 422 2122 obsessus
437 2100 478 2122 est
493 2096 526 2122 ab
541 2096 574 2122 iis
589 2096 656 2130 ipsis
668 2096 810 2127 militibus,
823 2105 892 2131 quos
904 2096 994 2132 paullo

196 2138 256 2160 ante
280 2133 413 2168 Torquato
433 2133 572 2168 respondit
591 2133 713 2160 beneficii
729 2142 825 2160 caussa
841 2134 874 2160 ab
889 2142 919 2161 se
934 2142 994 2160 esse

195 2170 332 2197 dimissos.
372 2170 478 2203 Quibus
487 2179 573 2205 quum
584 2171 688 2197 iuratus
699 2170 859 2197 affirmasset
869 2180 911 2203 se,
924 2180 994 2206 quae

195 2207 369 2239 deberentur,
387 2213 492 2243 postero
502 2207 546 2234 die
557 2208 758 2243 persoluturum
766 2229 772 2239 ,
785 2208 895 2235 domum
907 2217 936 2235 se
947 2209 995 2235 ab-

195 2245 278 2272 didit:
301 2245 363 2271 inde
374 2249 449 2272 nocte
461 2245 620 2280 intempesta
630 2245 792 2281 crepidatus,
805 2250 878 2272 veste
889 2246 991 2277 servili,

195 2291 291 2309 navem
310 2282 465 2309 conscendit
483 2283 713 2318 Brundisiumque
734 2284 829 2309 vitavit
843 2288 869 2310 et
884 2283 994 2310 ultimas

195 2319 322 2346 Hadriani
336 2320 420 2346 maris
430 2328 488 2346 oras
503 2321 610 2354 petivit;
652 2322 694 2347 93.
711 2329 797 2356 quum
808 2321 915 2347 interim
926 2321 995 2357 Dyr-

196 2357 299 2384 rhachii
313 2357 413 2384 milites
424 2357 545 2388 domum,
557 2358 585 2384 in
596 2366 649 2393 qua
660 2358 744 2384 istum
755 2367 815 2384 esse
828 2358 994 2385 arbitraban-

196 2399 247 2425 tur,
259 2394 383 2421 obsidere
397 2399 541 2429 coeperunt
554 2400 592 2426 et,
605 2404 691 2430 quum
703 2395 784 2422 latere
794 2395 931 2422 hominem
942 2404 994 2430 pu-

196 2436 292 2462 tarent,
315 2432 390 2468 ignes
410 2432 654 2459 circumdederunt.
695 2432 754 2464 Quo
773 2437 847 2459 metu
867 2433 993 2459 commoti

195 2468 386 2503 Dyrrhachini,
404 2468 557 2505 profugisse
572 2474 652 2496 noctu
667 2469 834 2504 crepidatum
849 2470 994 2505 imperato-

196 2513 252 2530 rem
267 2505 461 2532 indicaverunt.
511 2506 553 2533 Illi
571 2511 660 2533 autem
675 2511 791 2533 statuam
810 2507 890 2533 istius
906 2507 994 2542 persi—

197 2540 301 2572 milem,
323 2551 405 2576 quam
425 2548 495 2570 stare
514 2543 688 2570 celeberrimo
706 2544 733 2570 in
750 2543 806 2570 loco
817 2544 946 2575 voluerat,
959 2553 992 2571 ne

197 2579 353 2604 suavissimi
375 2579 490 2606 hominis
511 2581 638 2607 memoria
659 2586 819 2611 moreretur,
837 2581 988 2612 deturbant,

197 2614 332 2650 affligunt,
349 2618 548 2648 comminuunt,
565 2617 707 2653 dissipant.
748 2617 793 2644 Sic-
803 2617 905 2649 odium,
917 2618 991 2653 quod

196 2653 224 2678 in
240 2652 330 2686 ipsum
346 2653 499 2685 attulerant,
516 2654 544 2680 id
559 2655 587 2681 in
602 2655 661 2681 eius
676 2655 822 2691 imaginem
838 2663 868 2681 ac
879 2655 992 2682 simula—

196 2697 271 2715 crum
293 2689 477 2724 prol'uderunt.
513 2693 554 2718 94.
580 2691 653 2724 Quae
671 2701 757 2728 quum
777 2692 813 2719 ita
833 2693 900 2724 sint,
927 2692 990 2727 (non

857 161 891 186 M.
923 161 952 186 T.
984 160 1261 188 ClCEltONlS

1052 231 1123 256 enim
1139 231 1247 261 dubito,
1264 232 1344 266 quin,
1364 240 1449 267 quum
1466 233 1542 262 haee,
1560 241 1629 268 quae
1639 233 1785 261 excellunt.
1805 243 1846 261 me

1054 276 1130 294 nosse
1147 268 1251 298 videas.
1271 277 1321 294 non
1333 270 1484 300 existimes,
1497 270 1612 296 mediam
1625 271 1696 297 ittam
1710 277 1809 306 partem
1821 277 1848 298 et

1022 299 1031 345 ¹3
1053 305 1157 330 turbam
1165 304 1437 339 flagitiorumtuorum
1450 307 1581 333 mihienae
1594 308 1739 334 inauditam
1750 319 1765 341 τ]
1779 308 1845 335 nihil

1052 347 1100 371 cst.
1113 342 1185 376 quod
1198 351 1240 368 me
1252 342 1367 369 hortere:
1391 343 1457 369 nihil
1468 348 1516 374 est.
1528 345 1600 379 quod
1612 346 1719 371 invites.
1748 346 1847 372 Admo-

1053 380 1109 405 neri
1122 388 1163 405 mc
1175 380 1239 405 satis
1251 384 1301 405 est.
1341 379 1503 407 Admonebit
1514 386 1601 407 autem
1615 391 1692 408 nemo
1703 383 1781 412 alius.
1794 383 1846 409 nisi

1029 431 1031 442 2
1053 416 1216 450 reipublicae
1227 422 1347 451 tempus:
1360 417 1432 452 quod
1445 418 1626 453 mihiquidem
1639 420 1723 454 magis
1730 420 1844 450 videtur,

1052 462 1132 488 quam
1146 458 1173 479 tu
1186 462 1314 489 umquam
1326 454 1469 480 arbitratus
1480 463 1517 484 es,
1531 457 1753 491 appropinquare.

1109 491 1236 517 xxxix.
1260 491 1363 526 Ecquid
1376 491 1464 522 vides,
1488 492 1584 527 ecquid
1597 493 1687 523 sentis.
1707 493 1846 528 tegeiudi-

1052 528 1131 554 ciaria
1145 528 1208 557 lata.
1222 537 1290 564 quos
1302 529 1412 564 posthac
1423 529 1525 555 iudices
1537 530 1623 555 simus
1634 530 1769 557 habituri?
1789 532 1846 558 Non

1052 574 1136 600 aeque
1157 565 1272 601 legetur.
1289 566 1415 601 quisquis
1430 566 1558 593 voluerit:
1581 575 1641 596 nec,
1659 568 1784 603 quisquis
1800 577 1847 595 no-

1054 602 1144 633 luerit,
1159 612 1209 629 non
1227 603 1338 637 legetur.
1380 603 1452 630 Nulli
1463 604 1638 630 coniicientur
1649 605 1675 630 in
1687 604 1764 631 illum
1775 606 1847 632 ordi-

1052 648 1126 670 nem.
1146 640 1213 666 nulli
1234 641 1399 667 eximentur:
1422 649 1472 667 non
1486 641 1596 668 ambitio
1609 641 1642 667 ad
1656 643 1782 676 gratiam,
1795 651 1846 669 non

1053 678 1180 712 iniquitas
1199 677 1230 703 ad
1247 677 1444 704 simulationem
1456 679 1622 705 coniicit-tur.
1663 679 1765 705 ludices
1776 679 1847 706 iudi-

1051 715 1150 741 cabunt
1161 715 1188 745 ii.
1202 723 1270 749 quos
1287 714 1328 742 lex
1341 715 1407 750 ipsa,
1417 724 1468 742 non
1479 724 1548 751 quos
1556 716 1694 742 hominum
1707 716 1791 743 libido
1800 716 1848 743 de-

1053 751 1155 787 legerit.
1191 752 1268 784 Quod
1278 761 1364 787 quum
1377 753 1411 779 ita
1423 753 1466 784 sit,
1481 753 1546 780 mihi
1557 753 1644 784 crede.
1658 754 1792 781 neminem
1805 754 1847 781 in-

1051 790 1137 816 vitum
1155 790 1296 816 invitabis:
1319 798 1360 816 res
1381 791 1452 825 ipsa,
1470 795 1495 817 et
1511 790 1673 825 reipublicae
1684 795 1791 826 tempus
1802 796 1848 818 aut

1051 835 1094 853 me
1109 827 1213 861 ipsum,
1226 827 1298 862 quod
1311 827 1407 858 nolim,
1420 832 1466 854 aut
1476 827 1560 854 alium
1572 829 1737 863 quempiam,
1749 833 1795 855 aut
1806 829 1847 855 in-

1051 864 1146 890 vitabit
1157 869 1202 890 aut
1213 864 1406 891 dehortabitur.

1107 903 1148 928 95.
1160 901 1292 936 Equidem
1301 923 1307 932 ,
1321 907 1351 928 ut
1362 902 1452 936 paullo
1463 906 1522 929 ante
1533 902 1599 933 dixi,
1613 911 1664 929 non
1676 901 1768 929 eadem
1780 911 1847 938 sup-

1051 938 1130 973 plicia
1145 947 1204 965 esse
1220 939 1246 965 in
1263 939 1418 966 hominihus
1434 940 1571 970 existimo,
1588 948 1657 975 quae
1669 939 1779 966 tortasse
1790 940 1847 975 ple-

1051 977 1140 1010 rique,
1168 976 1366 1007 damnationes.
1393 977 1580 1012 expulsiones.
1603 985 1695 1003 necea:
1729 977 1847 1012 denique

1051 1013 1152 1039 nullam
1170 1013 1236 1040 mihi
1252 1022 1363 1048 poenam
1381 1014 1486 1040 videtur
1498 1014 1594 1041 habere
1605 1014 1732 1049 id,quod
1744 1015 1847 1041 accide-

1028 1054 1029 1059 ’
1051 1059 1078 1077 re
1090 1051 1232 1081 innocenti,
1241 1051 1313 1086 quod
1326 1051 1474 1086 sorti,qu0d
1489 1053 1612 1086 sapienti,
1625 1052 1697 1087 quod
1709 1052 1778 1079 bono
1790 1053 1848 1078 viro

1051 1092 1075 1114 et
1092 1088 1145 1114 civi
1161 1093 1257 1123 potest.
1298 1089 1436 1115 Damnatio
1454 1089 1517 1120 ista.
1534 1097 1603 1124 quae
1619 1090 1645 1115 in
1663 1093 1687 1115 te
1703 1088 1844 1126 flagitatur.

1050 1125 1146 1161 obtigit
1156 1126 1185 1152 P.
1202 1125 1314 1157 Rutilio,
1328 1126 1400 1161 quod
1411 1127 1547 1161 specimen
1562 1126 1656 1152 habuit
1672 1126 1736 1152 haec
1751 1127 1846 1153 civitas

1050 1163 1226 1190 innocentiae.
1248 1163 1332 1190 Maior
1343 1162 1408 1189 mihi
1419 1163 1541 1190 iudicum
1552 1168 1577 1190 et
1588 1163 1751 1198 reipublicae
1762 1172 1846 1199 poena

1050 1200 1096 1226 illa
1111 1201 1168 1226 visa
1182 1205 1234 1231 est,
1254 1209 1337 1235 quam
1352 1201 1455 1227 Rutilii.
1487 1201 1516 1227 L.
1533 1200 1658 1235 Opimius
1669 1201 1769 1227 eiectus
1781 1206 1821 1227 est
1832 1209 1846 1227 e

1051 1238 1144 1273 patria,
1157 1238 1190 1269 is,
1203 1238 1251 1272 qui
1263 1242 1368 1273 praetor
1378 1242 1403 1264 et
1413 1238 1506 1264 consul
1518 1238 1644 1264 maximis
1651 1238 1844 1273 rempublicam

1050 1275 1177 1310 periculis
1195 1275 1327 1301 liberarat.
1368 1275 1425 1302 Non
1442 1276 1469 1302 in
1485 1283 1528 1306 eo,
1546 1276 1590 1302 cui
1607 1275 1673 1301 sacta
1685 1281 1724 1302 est
1736 1276 1843 1305 iniuria.

1050 1312 1098 1339 sed
1113 1313 1140 1339 in
1152 1313 1199 1343 iis,
1212 1313 1260 1348 qui
1272 1312 1400 1343 fecerunt,
1414 1312 1522 1339 sceleris
1533 1321 1563 1339 ac
1573 1313 1751 1339 conscientiae
1762 1321 1845 1348 poena

1050 1350 1206 1385 permansit.
1228 1350 1262 1376 At
1272 1354 1362 1376 contra
1373 1350 1415 1376 bis
1428 1350 1540 1377 Catilina
1551 1350 1706 1377 absolutus:
1728 1351 1846 1377 emissus

1050 1387 1129 1414 etiam
1144 1386 1190 1413 ille
1206 1392 1297 1414 auctor
1311 1392 1374 1414 tuus
1390 1388 1551 1422 provinciae,
1563 1396 1647 1423 quum
1659 1392 1784 1422 stuprum
1796 1388 1847 1414 Bo-

1050 1433 1098 1451 nae
1114 1425 1180 1451 Deae
1196 1424 1386 1459 pulvinaribus
1400 1424 1546 1451 intulisset.
1586 1424 1653 1457 Quis
1669 1424 1720 1451 suit
1735 1425 1845 1452 intanta

1048 1462 1169 1493 civitate.
1187 1463 1235 1497 qui
1251 1462 1329 1488 illum
1340 1462 1441 1489 incesto
1453 1462 1604 1493 liberatum,
1618 1470 1669 1489 non
1681 1470 1736 1493 eoS,
1748 1463 1796 1498 qui
1809 1463 1844 1489 ita

1049 1499 1201 1529 iudicarint.
1216 1500 1272 1534 pari
1283 1498 1383 1526 scelere
1393 1500 1533 1526 obstrictos
1544 1499 1735 1526 arbitraretur?

1104 1536 1161 1563 XL.
1183 1538 1226 1563 96.
1241 1537 1281 1563 An
1298 1545 1348 1572 ego
1358 1541 1520 1572 exspectem.
1533 1536 1599 1563 dum
1609 1536 1642 1563 de
1653 1542 1678 1563 te
1687 1537 1810 1572 quinque
1820 1541 1846 1563 et

1048 1574 1219 1610 septuaginta
1235 1574 1346 1600 tabellae
1361 1574 1535 1601 dirimantur:
1557 1574 1591 1600 de
1610 1575 1728 1609 quoiam
1740 1573 1844 1609 pridem

1047 1619 1140 1638 omnes
1156 1611 1280 1637 mortales
1295 1612 1416 1638 omnium
1427 1620 1566 1648 generum,
1580 1616 1705 1641 aetatum.
1719 1611 1843 1638 ordinum

1047 1647 1254 1675 iudicaverunt?
1281 1648 1348 1680 Quis
1363 1649 1434 1675 enim
1452 1653 1477 1675 te
1488 1649 1571 1679 aditu,
1593 1649 1656 1683 quis
1667 1648 1723 1675 ullo
1734 1649 1842 1678 honore,

1047 1686 1110 1720 quis
1135 1685 1252 1721 denique
1276 1686 1413 1712 communi
1439 1685 1598 1712 salutatione
1617 1685 1730 1721 dignum
1751 1685 1846 1720 putet?

1046 1723 1146 1750 Omnes
1157 1723 1311 1749 memoriam
1323 1722 1478 1749 consulatus
1490 1723 1538 1753 tui,
1552 1722 1628 1754 facta,
1640 1730 1736 1753 mores,
1750 1722 1843 1749 faciem

1046 1760 1163 1795 denique
1183 1769 1212 1786 ac
1232 1768 1329 1786 nomen
1344 1768 1358 1786 a
1373 1759 1510 1795 republica
1526 1759 1700 1786 detestantur.
1741 1760 1842 1796 Legati,

1046 1797 1093 1833 qui
1105 1805 1157 1823 una
1170 1796 1252 1827 fuere,
1266 1797 1387 1824 alienati:
1408 1797 1509 1824 tribuni
1521 1797 1638 1824 militum
1650 1797 1769 1824 inimici:
1781 1805 1845 1824 cen-

1047 1835 1179 1866 turiones,
1192 1839 1217 1861 et
1228 1835 1251 1860 si
1262 1834 1354 1869 quiex
1366 1839 1438 1861 tanto
1448 1835 1565 1861 exercitu
1578 1834 1674 1869 reliqui
1686 1834 1786 1861 milites
1796 1843 1845 1862 ex-

1046 1877 1129 1903 stant,
1151 1880 1202 1898 non
1218 1872 1325 1898 dimissi
1340 1872 1388 1898 abs
1404 1876 1442 1903 te,
1460 1872 1508 1898 sed
1523 1871 1659 1907 dissipati,
1677 1876 1702 1898 te
1719 1871 1842 1903 oderunt,

1046 1909 1095 1936 tibi
1111 1914 1214 1944 pestem
1226 1913 1360 1944 exoptant,
1374 1913 1399 1936 te
1410 1914 1591 1936 exsecrantur.
1631 1908 1728 1936 Achaia
1741 1909 1845 1936 exhau-

1046 1952 1100 1973 sta:
1127 1946 1265 1973 Thessalia
1294 1951 1402 1973 vexata:
1426 1946 1552 1973 laceratae
1566 1945 1698 1973 Athenae:
1727 1946 1844 1982 Dyrrha-

1045 1984 1138 2011 chium
1161 1988 1187 2011 et
1211 1983 1352 2018 Apollonia
1376 1984 1525 2010 exinanita:
1560 1983 1700 2010 Ambracia
1723 1983 1842 2019 direpta:

1023 2030 1025 2042 ³
1045 2021 1164 2048 Parthini
1185 2026 1211 2048 et
1231 2021 1382 2048 Bullienses
1397 2020 1486 2048 illusi:
1511 2021 1611 2056 Epirus
1626 2021 1729 2047 excisa:
1756 2021 1841 2052 Locri,

1045 2059 1149 2090 Phocii,
1163 2059 1262 2086 Boeotii
1278 2059 1382 2085 exusti:
1403 2058 1558 2089 Acarnania,
1571 2057 1767 2093 Amphilochia,
1780 2058 1843 2085 Per-

1024 2103 1025 2107 *
1045 2096 1167 2128 rhaebia,
1190 2096 1427 2131 Athamanumque
1445 2104 1512 2132 gens
1532 2095 1654 2122 vendita:
1689 2095 1842 2122 Macedonia

1045 2133 1192 2160 condonata
1213 2134 1348 2160 barbaris:
1370 2133 1472 2160 Aetolia
1493 2133 1605 2159 amissa:
1626 2131 1740 2168 Dolopes
1760 2132 1844 2159 finiti-

1045 2172 1137 2206 mique
1148 2171 1278 2202 montani,
1286 2170 1394 2206 oppidis
1405 2175 1484 2206 atque
1490 2171 1563 2206 agris
1574 2169 1757 2196 exterminati:
1768 2170 1842 2196 cives

1044 2209 1170 2240 Romani,
1186 2208 1235 2243 qui
1249 2209 1278 2235 in
1290 2209 1326 2234 iis
1342 2207 1407 2235 locis
1423 2208 1605 2244 negotiantur,
1622 2212 1647 2233 te
1658 2215 1743 2233 unum
1753 2206 1843 2234 solum

1045 2255 1126 2272 suum
1137 2245 1362 2280 depeculatorem,
1375 2250 1536 2276 vexatorem,
1554 2244 1724 2280 praedonem,
1737 2243 1841 2270 hostem

1046 2284 1152 2310 venisse
1167 2287 1319 2309 senserunt.
1350 2283 1392 2308 97.
1404 2282 1446 2309 Ad
1457 2282 1552 2309 horum
1563 2281 1684 2308 omnium
1695 2281 1794 2307 iudicia
1804 2285 1842 2307 tot

1045 2325 1125 2356 atque
1140 2325 1211 2347 tanta
1226 2320 1404 2347 domesticum
1419 2319 1553 2346 iudicium
1567 2319 1679 2345 accessit
1693 2318 1842 2344 sententiae

1044 2358 1224 2385 damnationis
1240 2362 1314 2384 tuae:
1341 2356 1464 2384 occultus
1478 2356 1622 2385 adventus,
1645 2354 1776 2381 furtivum
1791 2355 1843 2382 iter

1045 2404 1092 2430 per
1111 2394 1226 2426 Italiam,
1249 2395 1374 2421 introitus
1393 2395 1422 2420 in
1435 2393 1534 2421 Urbem
1548 2393 1671 2419 desertus
1686 2392 1720 2418 ab
1735 2392 1838 2423 amicis,

1044 2432 1134 2459 nullae
1149 2432 1183 2459 ad
1197 2437 1320 2458 senatum
1332 2440 1346 2457 e
1357 2431 1493 2466 provincia
1504 2430 1618 2459 litterae,
1633 2429 1706 2456 nulla
1717 2437 1752 2456 ex
1760 2429 1842 2456 trinis

1022 2471 1023 2475 ’
1043 2470 1153 2496 aestivis
1167 2469 1322 2505 gratulatio,
1335 2468 1409 2495 nulla
1420 2467 1552 2502 triumphi
1561 2467 1675 2493 mentio:
1698 2475 1750 2493 non
1761 2465 1841 2493 modo

1043 2507 1110 2543 quid
1125 2507 1255 2543 gesseris,
1272 2506 1320 2533 sed
1335 2514 1368 2532 ne
1382 2505 1484 2540 quibus
1499 2505 1526 2531 in
1542 2504 1607 2531 locis
1621 2503 1733 2538 quidem
1743 2502 1837 2533 fueris,

1042 2546 1131 2572 dicere
1141 2544 1234 2571 audes.
1259 2543 1302 2570 Ex
1311 2542 1358 2570 illo
1368 2542 1440 2569 sonte
1450 2546 1476 2568 et
1486 2542 1629 2568 seminario
1640 2540 1840 2575 triumphorum

1042 2591 1129 2617 quum
1143 2581 1217 2608 arida
1233 2580 1296 2608 folia
1308 2580 1413 2606 laureae
1423 2579 1576 2611 retulisses;
1598 2585 1685 2614 quum
1696 2586 1727 2604 ea
1736 2578 1838 2604 abiecta

1042 2619 1076 2646 ad
1095 2623 1198 2654 portam
1217 2617 1366 2653 reliquisti,
1383 2621 1441 2643 tum
1455 2621 1485 2643 tu
1499 2617 1558 2651 ipse
1572 2615 1606 2642 de
1621 2619 1647 2642 te
1660 2622 1782 2641 recissa
1795 2623 1840 2640 vi-

1042 2665 1111 2682 nnai
1132 2654 1349 2691 pronuntiavisti.
1387 2652 1441 2686 Qui
1459 2654 1482 2680 si
1503 2653 1571 2680 nihil
1585 2660 1708 2688 gesseras
1723 2652 1838 2688 dignum

1042 2693 1155 2726 honore,
1176 2693 1224 2720 ubi
1235 2690 1386 2720 exercitus?
1400 2691 1448 2717 ubi
1459 2689 1604 2726 sumptus?
1617 2689 1665 2717 ubi
1675 2687 1842 2725 imperium?

1907 1570 1922 1734 ,ξ

1913 1749 1919 1822 f

1907 1913 1915 1926 ui
