1941 3052
454 144 504 170 DE
538 143 850 170 DIVINATIONE
882 144 962 170 LIB.

65 216 156 244 multis
167 215 354 245 audientibus,
377 215 424 250 qui
439 216 528 241 omnia
541 215 599 241 eius
611 214 692 240 verba
703 215 858 249 exceperint

65 254 214 288 litterisque
238 252 437 279 mandaverint:
469 261 575 278 omnem
599 257 688 278 autem
712 252 857 278 orationem

65 291 148 318 fuisse
159 299 227 321 eam,
244 299 296 324 qua
308 290 497 324 haruspicinae
509 289 652 323 disciplina
663 290 854 315 contineretur:

64 337 122 355 eam
138 332 228 363 postea
244 327 361 353 crevisse
377 327 458 353 rebus
470 328 546 353 novis
558 326 751 360 cognoscendis
786 330 811 352 et
825 325 857 351 ad

64 365 157 392 eadem
173 364 218 390 illa
236 365 367 399 principia
384 363 541 390 referendis.
579 364 647 389 llaec
659 364 813 398 accepimus
825 363 857 388 ab

64 403 145 438 ipsis:
166 402 231 428 haec
246 402 344 436 scripta
361 406 532 427 conservant:
555 401 627 426 hunc
644 400 743 426 fontem
760 400 858 426 habent

64 439 233 474 disciplinae.
273 440 315 465 51.
337 440 407 465 Num
424 447 486 474 ergo
501 447 569 473 opus
590 443 630 464 est
649 437 682 463 ad
699 438 763 463 haec
779 437 859 463 refel—

64 476 143 504 lenda
157 475 310 503 Carneade?
330 485 394 502 num
411 475 544 510 Epicuro?
564 475 645 501 Estne
661 475 806 509 quisquam
824 475 858 500 ita

63 514 211 548 desipiens,
227 514 275 548 qui
287 513 376 539 credat
387 517 523 539 exaratum
535 521 607 543 esse,
621 512 701 538 deum
714 512 811 541 dicam,
825 520 858 537 an

64 550 220 578 hominem?
239 551 266 577 Si
276 551 371 581 deum,
388 559 436 576 cur
449 559 477 575 se
488 555 577 576 contra
591 554 711 575 naturam
724 550 751 574 in
763 554 858 575 terram

63 588 206 618 abdiderit,
221 593 249 614 ut
260 587 407 622 patefactus
418 592 503 613 aratro
515 586 601 613 lucem
613 585 762 620 aspiceret?
771 584 860 618 Quid?

64 626 137 652 idem
153 634 240 652 nonne
256 630 356 660 poterat
371 625 438 650 deus
455 624 612 650 hominibus
628 623 801 657 disciplinam
813 632 859 648 su-

63 664 168 698 periore
183 671 196 689 e
208 662 264 689 loco
276 661 396 689 tradere‘?
414 661 442 687 Si
453 667 541 688 autem
554 661 632 687 bomo
644 660 689 686 ille
701 661 785 696 Tages
797 659 856 689 fuit,

64 709 181 736 quonam
203 699 281 726 modo
301 700 388 734 potuit
407 704 474 726 terra
493 707 638 733 oppressus
654 697 764 723 vivere‘?
783 696 859 723 Unde

64 746 142 773 porro
158 737 202 763 illa
218 738 317 772 potuit,
335 745 403 772 quae
419 736 531 762 docebat
547 736 625 766 alios,
644 735 701 769 ipse
713 733 859 760 didicisse‘?

64 775 116 801 Sed
128 783 176 810 ego
188 775 371 809 insipientior,
385 782 466 809 quam
478 773 519 799 illi
531 773 597 807 ipsi,
615 773 662 806 qui
675 773 723 798 ista
735 771 856 801 credunt,

65 813 112 847 qui
124 812 234 847 quidem
247 817 335 838 contra
348 820 392 837 eos
405 816 456 837 tam
469 810 516 836 diu
528 810 675 844 disputem.
698 809 795 834 XXIV.
809 809 859 834 Ve-

65 855 108 876 tus
119 854 208 876 autem
219 848 286 874 illud
298 849 404 875 Catonis
417 847 560 874 admodum
573 847 670 872 scitum
682 851 735 876 est,
748 846 796 880 qui
808 846 860 871 mi-

68 887 119 913 rari
130 895 158 912 se
170 886 266 916 aiebat,
275 885 346 920 quod
359 894 410 911 non
422 885 520 910 rideret
531 884 678 918 haruspex,
687 883 858 917 haruspicem

65 932 151 959 quum
167 923 289 949 vidisset.
330 924 371 949 52.
393 922 476 953 Quota
493 922 564 947 enim
580 929 704 955 quaeque
716 929 758 946 res
770 921 860 946 evenit

65 960 200 996 praedicta
211 960 244 986 ab
256 959 332 986 istis‘?
343 964 388 986 aut
399 961 421 985 si
433 959 523 985 evenit
533 959 685 993 quippiam,
693 957 759 992 quid
772 957 859 983 afferri

64 1002 163 1033 potest,
177 1006 225 1023 cur
234 1006 286 1024 non
298 1006 362 1023 casu
374 996 401 1023 id
414 996 550 1022 evenerit‘?
571 996 628 1022 Rex
638 996 759 1025 Prusias,
773 1003 859 1030 quum

64 1034 206 1062 Hannibali
219 1034 290 1069 apud
301 1043 363 1061 eum
375 1033 509 1060 exsulanti
521 1032 803 1068 depugnariplaceret,
813 1041 860 1058 ne-

64 1073 144 1109 gabat
154 1081 182 1098 se
194 1072 305 1103 audere,
324 1071 395 1107 quod
412 1076 472 1097 exta
487 1070 671 1106 prohiberent.
706 1070 744 1095 An
757 1074 798 1099 tu,
818 1070 860 1095 in-

65 1111 136 1145 quit.
154 1109 313 1136 carunculae
330 1109 460 1135 vitulinae
479 1109 580 1138 mavis,
602 1116 684 1142 quam
706 1107 860 1141 imperatori

65 1147 148 1174 veteri
166 1146 292 1173 credere?
311 1146 400 1178 Quid‘?
421 1147 479 1181 ipse
495 1146 605 1175 Caesar,
622 1153 708 1179 quum
724 1153 738 1170 a
753 1152 860 1170 summo

65 1185 207 1220 haruspice
228 1188 389 1214 moneretur,
415 1192 447 1210 ne
469 1184 496 1209 in
516 1182 633 1209 Africam
654 1186 713 1208 ante
736 1181 859 1208 brumam

67 1223 264 1252 transmitteret,
277 1229 364 1248 nonne
375 1220 541 1247 transmisit?
552 1219 628 1252 Quod
640 1220 668 1245 ni
679 1218 793 1249 fecisset,
808 1228 861 1245 uno

66 1261 93 1286 in
115 1259 171 1286 loco
191 1267 284 1286 omnes
306 1259 520 1285 adversariorum
542 1257 634 1292 copiae
659 1257 858 1283 convenissent.

65 1296 136 1329 Quid
151 1305 200 1332 ego
218 1296 392 1331 haruspicum
409 1304 535 1330 responsa
550 1302 771 1325 commemorem,
789 1294 862 1328 (pos-

65 1342 125 1360 sum
137 1333 263 1369 equidem
276 1332 493 1368 innumerabilia)
509 1340 578 1367 quae
594 1336 639 1358 aut
654 1331 742 1357 nullos
760 1331 862 1357 babue-

66 1375 127 1398 runt
143 1372 233 1398 exitus
249 1376 294 1398 aut
308 1370 472 1397 contrarios?
501 1371 542 1396 53.
568 1370 621 1395 Hoc
632 1368 707 1395 civili
720 1368 804 1398 bello,
822 1368 861 1394 dii

66 1408 242 1435 immortales!
266 1417 347 1443 quam
369 1407 452 1434 multa
474 1407 609 1433 luserunt!
636 1414 705 1441 quae
730 1405 808 1432 nobis
835 1407 861 1431 in

65 1446 205 1473 Graeciam
227 1446 307 1472 Roma
328 1454 456 1480 responsa
477 1444 652 1478 haruspicum
676 1444 758 1469 missa
783 1443 859 1469 suntl

65 1492 134 1518 quae
154 1483 224 1509 dicta
241 1483 379 1518 Pompeio!
402 1482 508 1509 Etenim
530 1481 574 1508 ille
590 1480 736 1507 admodum
753 1481 822 1506 extis
837 1485 862 1506 et

65 1521 176 1547 ostentis
190 1521 357 1547 movebatur.
399 1521 455 1546 Non
479 1519 552 1545 lubet
570 1526 792 1549 commemorare,
814 1526 862 1543 nec

66 1567 130 1584 vero
141 1566 250 1584 necesse
262 1562 310 1588 est,
324 1557 373 1584 tibi
385 1557 552 1592 praesertim,
565 1557 613 1590 qui
625 1555 781 1582 interfuisti.
816 1555 862 1581 Vi-

65 1595 113 1621 des
125 1600 226 1626 tamen,
239 1594 396 1621 omniafere
407 1599 511 1625 contra,
524 1602 554 1620 ac
565 1593 634 1619 dicta
646 1594 713 1623 sint,
727 1593 860 1619 evenisse.

66 1632 118 1659 Sed
144 1633 208 1659 haec
234 1632 373 1659 hactenus.
415 1632 492 1658 Nunc
518 1631 552 1657 ad
576 1635 678 1657 ostenta
708 1630 860 1656 veniamus.

66 1670 149 1697 XXV.
171 1671 212 1696 54.
235 1670 316 1696 Multa
330 1677 371 1695 me
383 1668 493 1695 consule
505 1677 519 1694 a
530 1676 572 1694 me
586 1668 645 1702 ipso
656 1668 754 1701 scripta
767 1667 863 1693 recita-

65 1708 113 1734 sti:
137 1707 219 1734 multa
235 1712 294 1733 ante
310 1707 454 1733 Marsicum
472 1705 573 1732 bellum
590 1714 604 1731 a
620 1705 734 1731 Sisenna
753 1704 862 1730 collecta

66 1743 192 1772 attulisti:
215 1744 299 1771 multa
319 1748 379 1770 ante
395 1742 668 1770 Lacedaemoniorum
691 1741 788 1768 malam
811 1750 862 1776 pu-

65 1790 146 1818 gnam
163 1782 190 1808 in
203 1782 322 1808 Leuctris
333 1790 346 1807 a
358 1780 522 1808 Callisthene
534 1784 739 1806 commemorata
755 1779 860 1805 dixisti.

65 1820 101 1846 De
113 1819 214 1855 quihus
226 1819 314 1845 dicam
325 1818 452 1854 equidem
464 1817 595 1853 singulis,
608 1816 697 1852 quoad
710 1816 859 1842 videbitur:

66 1856 114 1884 sed
124 1856 268 1883 dicendum
281 1857 361 1883 etiam
373 1860 413 1882 est
423 1855 456 1882 de
467 1855 613 1881 universis.
654 1853 727 1886 Quae
738 1858 779 1880 est
789 1854 861 1880 enim

67 1896 117 1921 ista
128 1903 142 1921 a
153 1893 206 1921 diis
218 1893 334 1929 prosecta
345 1892 506 1930 significatio
517 1897 542 1920 et
551 1892 630 1928 quasi
640 1891 808 1919 denuntiatio
818 1900 863 1917 ca-

68 1930 235 1958 lamitatum?
253 1931 325 1964 Quid
335 1936 423 1958 autem
436 1931 530 1957 volunt
540 1939 570 1956 ea
581 1930 619 1956 dii
631 1930 794 1957 immortales
805 1929 863 1965 pri-

67 1977 142 1996 mum
153 1968 351 2004 significantes,
369 1976 437 2003 quae
451 1968 510 1994 sine
526 1967 718 2002 interpretibus
733 1976 785 1994 non
800 1976 863 2002 pos-

66 2007 154 2033 simus
166 2005 329 2041 intelligere:
343 2005 441 2031 deinde
452 2012 491 2036 ea,
499 2012 568 2040 quae
578 2013 673 2031 cavere
680 2004 864 2039 nequeamus?

67 2044 101 2071 At
115 2044 165 2070 hoc
179 2052 212 2069 ne
228 2043 350 2069 homines
365 2042 476 2077 quidem
493 2042 570 2077 probi
587 2041 702 2072 faciunt,
726 2046 755 2068 ut
768 2042 862 2068 amicis

68 2080 256 2116 impendentes
267 2080 431 2107 calamitates
443 2079 605 2114 praedicant,
614 2087 682 2114 quas
694 2078 734 2105 illi
745 2078 862 2114 effugere

68 2118 142 2145 nullo
153 2117 231 2144 modo
242 2118 358 2152 possint:
372 2121 401 2143 ut
412 2116 520 2147 medici,
532 2125 697 2151 quamquam
709 2115 865 2152 intelligunt

67 2164 161 2191 saepe,
184 2159 272 2182 tamen
289 2163 437 2189 numquam
454 2155 541 2189 aegris
552 2154 646 2180 dicunt
658 2153 703 2180 illo
715 2153 807 2179 morbo
819 2162 863 2180 eos

67 2201 127 2220 esse
147 2192 300 2219 morituros.
340 2192 435 2218 Omnis
458 2192 530 2217 enim
554 2191 701 2226 praedictio
722 2190 784 2216 mali
806 2195 862 2217 tum

66 2230 208 2266 probatur,
228 2238 313 2264 quum
329 2229 361 2255 ad
373 2228 582 2264 praedictionem
593 2229 682 2255 cautio
694 2228 862 2263 adiungitur.

67 2269 109 2294 55.
131 2267 202 2300 Quid
219 2267 301 2302 igitur
316 2271 362 2293 aut
375 2271 476 2293 ostenta
493 2270 640 2292 auteorum
652 2267 809 2300 interpretes
822 2265 862 2291 vel

68 2304 293 2331 Lacedaemonios
308 2303 387 2335 olim,
410 2303 451 2329 vel
469 2311 554 2338 nuper
569 2308 672 2330 nostros
683 2302 864 2329 adiuverunt?

67 2342 141 2375 Quae
152 2342 175 2368 si
186 2342 263 2377 signa
275 2341 386 2367 deorum
397 2340 515 2375 putanda
526 2344 602 2371 sunt,
619 2349 669 2367 cur
683 2345 735 2367 tam
749 2341 862 2367 obscura

68 2378 195 2406 suerunt?
205 2380 232 2405 Si
244 2380 330 2409 enim,
344 2383 373 2404 ut
384 2377 610 2413 intelligeremus,
624 2377 691 2413 quid
701 2383 772 2404 esset
782 2386 864 2404 even-

69 2421 172 2443 turum:
186 2421 275 2451 aperte
286 2415 415 2442 declarari
427 2415 577 2449 oportebat;
592 2419 638 2441 aut
649 2423 681 2441 nc
692 2415 794 2441 occulte
801 2416 864 2449 qui-

68 2453 139 2485 dem,
152 2454 175 2480 si
187 2462 217 2479 ea
228 2454 292 2480 sciri
304 2452 438 2479 nolebant.
471 2452 566 2478 XXVI.
587 2452 641 2478 lam
654 2461 716 2479 vero
727 2453 864 2478 coniectu-

69 2499 96 2517 ra
107 2491 209 2522 omnis,
223 2491 250 2517 in
261 2499 314 2525 qua
327 2490 420 2516 nititur
431 2489 575 2520 divinatio,
592 2489 710 2525 ingeniis
723 2489 862 2515 bominum

68 2529 97 2554 in
105 2527 202 2554 multas
208 2535 238 2554 ac
248 2527 370 2554 diversas
381 2527 516 2554 autetiam
527 2527 672 2553 contrarias
684 2531 772 2561 partes
783 2535 863 2561 saepe

67 2564 215 2591 diducitur.
255 2565 289 2592 Ut
308 2565 380 2591 enim
401 2565 428 2590 in
444 2565 549 2590 caussis
566 2563 739 2589 iudicialibus
755 2563 806 2590 alia
823 2570 863 2590 est

68 2602 220 2628 coniectura
231 2602 402 2632 accusatoris,
410 2601 461 2627 alia
468 2601 626 2631 defensoris,
635 2606 754 2627 ettamen
762 2602 863 2627 utrius-

68 2647 120 2674 que
131 2638 282 2665 credibilis:
301 2640 378 2666 sicin
389 2638 517 2665 omnibus
529 2638 563 2664 iis
578 2638 672 2669 rebus,
689 2647 758 2673 quae
772 2639 863 2666 conie-

68 2680 142 2703 ctura
162 2676 318 2713 investigari
336 2676 475 2707 videntur,
498 2684 596 2711 anceps
617 2676 748 2711 reperitur
767 2677 861 2704 oratio.

995 145 1030 171 11.
1057 145 1148 171 CAP.
1174 146 1202 171 19
1223 160 1258 164 —-
1282 147 1321 171 28.
1640 148 1700 172 tth‘i

908 216 979 248 Quas
992 221 1079 242 autem
1092 226 1133 242 res
1145 221 1201 242 tum
1213 221 1316 247 natura,
1325 222 1381 242 tum
1393 225 1471 242 casus
1478 215 1559 246 affert,
1568 224 1702 242 nonnum-

909 262 990 288 quam
1002 254 1081 279 etiam
1094 262 1209 279 errorem
1220 259 1290 280 creat
1301 253 1464 283 similitudo,
1482 262 1578 288 magna
1590 253 1702 279 stultitia

909 295 962 320 est,
985 299 1077 316 earum
1094 300 1182 317 rerum
1198 291 1262 317 deos
1278 291 1362 317 facere
1374 291 1523 321 essectoreS‚
1540 299 1649 316 caussas
1662 299 1703 316 re-

910 337 968 353 rum
990 337 1041 353 non
1062 337 1199 363 quaerere.
1241 330 1282 354 56.
1314 329 1353 354 Tu
1376 334 1447 354 vates
1472 328 1590 353 Boeotios
1616 327 1703 353 credis

911 365 1041 390 Lebadiae
1064 366 1165 391 vidisse
1186 374 1220 391 ex
1239 365 1371 400 gallorum
1387 365 1598 400 gallinaceorum
1613 369 1702 393 cantu,

911 403 1048 428 victoriam
1060 412 1118 428 esse
1130 403 1332 433 Thebanorum,
1346 404 1409 437 quia
1420 402 1483 437 galli
1497 403 1559 428 victi
1571 402 1650 428 silere
1661 410 1705 428 so—

911 439 973 469 lent,
987 448 1080 465 canere
1093 441 1216 466 victores.
1243 440 1295 465 lloc
1310 440 1392 474 igitur
1404 448 1450 474 per
1461 439 1575 474 gallinas
1586 440 1706 473 luppiter

911 481 996 502 tantae
1008 477 1110 502 civitati
1122 478 1230 512 signum
1243 477 1339 502 dabat‘?
1350 478 1389 503 An
1402 477 1462 502 illae
1474 485 1545 506 aveS,
1556 477 1607 502 nisi
1620 484 1705 511 quum

912 514 1033 545 vicerint,
1047 522 1140 540 canere
1153 523 1204 540 non
1217 514 1320 540 solent‘?
1340 515 1371 540 At
1384 519 1438 540 tum
1450 514 1588 540 canebant.
1604 522 1652 539 nec
1665 523 1674 538 ι
1685 514 1706 538 i-

911 556 1009 577 cerant.
1050 551 1077 576 ld
1089 552 1170 581 enim,
1186 552 1301 585 inquies
1314 556 1458 577 ostentum.
1490 552 1616 586 Magnum
1628 559 1703 576 νει-οῖ

911 589 989 622 quasi
1006 588 1108 622 pisces,
1132 597 1182 614 non
1197 588 1262 623 galli
1277 589 1432 615 cecinerint.
1473 588 1550 620 Quod
1566 593 1654 614 autem
1667 593 1707 613 est

911 631 1026 659 tempus,
1040 634 1093 660 quo
1105 625 1145 651 illi
1157 634 1208 651 non
1219 626 1384 655 cantent,vel
1398 631 1566 655 nocturnum,
1576 625 1617 650 vel
1630 625 1706 650 diur-

912 662 994 688 num‘?
1013 662 1090 694 Quod
1106 663 1129 688 si
1146 663 1259 689 victores
1275 662 1409 688 alacritate
1424 668 1449 689 et
1465 672 1542 697 quast
1560 662 1657 688 laetitia
1673 662 1705 687 ad

911 699 1061 726 canendum
1083 700 1245 726 excitantur:
1269 700 1355 734 potuit
1376 700 1504 726 accidisse
1526 700 1577 725 alia
1597 707 1706 734 quoque

913 736 1024 766 laetitia,
1047 746 1100 771 qua
1117 737 1149 763 ad
1165 742 1273 763 cantum
1286 742 1465 763 moverentur.
1506 738 1548 762 57.
1570 736 1706 762 Democri—

912 779 954 800 tus
965 774 1076 808 quidem
1088 775 1197 808 optimis
1209 774 1300 800 verbis
1311 783 1435 800 caussam
1447 774 1571 808 explicat,
1588 782 1636 799 cur
1646 778 1706 799 ante

914 811 999 837 lucem
1016 811 1081 846 galli
1096 816 1201 837 canant.
1242 811 1359 846 Depulso
1374 812 1445 837 enim
1464 811 1496 837 de
1513 815 1617 845 pectore
1638 816 1663 836 et
1680 811 1706 836 in

911 857 989 874 omne
1005 857 1102 883 corpus
1118 849 1206 875 diviso
1221 853 1246 875 et
1260 848 1397 874 mitificato
1411 848 1484 879 cibo,
1507 852 1601 874 cantus
1616 847 1704 879 edere,

911 886 1002 920 quiete
1013 886 1134 912 satiatos:
1156 886 1326 921 quiquidem
1337 888 1437 912 silentio
1452 888 1544 913 noctis,
1562 889 1591 911 ut
1606 885 1642 911 ait
1653 885 1707 910 Eu-

912 932 983 954 ntus,

1005 976 1040 979 —
1051 976 1082 979 —
1092 963 1177 994 sat-ent
1187 962 1305 994 saucibus
1315 963 1397 986 russis

1005 1001 1090 1029 cantii,
1101 1000 1245 1031 plausuque
1255 1001 1372 1031 premunt
1383 999 1449 1023 alas.

911 1034 1000 1067 Quum
1014 1036 1096 1070 igitur
1112 1035 1161 1061 hoc
1177 1034 1275 1061 animal
1288 1040 1340 1061 tam
1352 1036 1387 1061 sit
1397 1044 1524 1061 canorum
1539 1044 1586 1061 sua
1598 1041 1704 1070 sponte,

912 1072 978 1107 quid
990 1073 1017 1099 in
1034 1077 1150 1098 mentem
1167 1073 1241 1099 venit
1255 1072 1413 1099 Callistheni
1429 1073 1531 1103 dicere,
1550 1072 1614 1099 deos
1629 1072 1708 1108 gallis

912 1111 1021 1145 signum
1033 1110 1140 1136 dedisse
1152 1110 1286 1140 cantandi,
1299 1119 1384 1145 quum
1397 1110 1424 1136 id
1437 1110 1478 1136 vel
1491 1115 1593 1141 natura,
1611 1110 1652 1136 vel
1664 1119 1709 1136 ca—

912 1156 958 1173 sus
970 1147 1075 1173 efficere
1087 1147 1236 1181 potuisset?
1250 1147 1359 1174 xxvtl.
1373 1149 1414 1173 58.
1427 1147 1593 1183 Sanguinem
1606 1148 1708 1183 pluisse

912 1186 1016 1211 senatui
1030 1186 1182 1211 nuntiatum
1199 1190 1252 1211 est:
1271 1190 1384 1211 atratum
1396 1186 1476 1211 etiam
1489 1185 1602 1212 fluvium
1614 1185 1709 1211 fluxis-

912 1231 940 1248 se
951 1223 1096 1258 sanguine:
1120 1222 1231 1248 deorum
1243 1222 1356 1248 sudasse
1368 1222 1522 1249 simulacra.
1564 1224 1633 1249 Num
1646 1232 1709 1249 ccu-

912 1268 955 1286 ses
967 1259 1010 1285 his
1022 1260 1124 1286 nuntiis
1131 1259 1231 1286 Thalen
1242 1259 1477 1295 autAnaxagoram
1489 1265 1534 1286 aut
1544 1269 1707 1295 quemquam

912 1297 1059 1332 Pbysicum
1076 1297 1241 1323 crediturum
1258 1297 1359 1323 fuisse?
1380 1298 1433 1323 Nec
1449 1298 1520 1323 enim
1538 1298 1648 1333 sanguis
1661 1306 1709 1324 nec

913 1335 1003 1365 sudor,
1018 1336 1071 1360 nisi
1083 1343 1096 1360 e
1108 1343 1226 1369 corpore,
1240 1340 1288 1361 est.
1305 1334 1358 1360 Sed
1370 1340 1394 1361 et
1406 1334 1565 1361 decoloratio
1576 1334 1708 1369 quaedam

913 1381 946 1398 ex
958 1372 1048 1407 aliqua
1059 1373 1216 1408 contagione
1230 1377 1330 1398 terrena
1343 1373 1459 1398 maxime
1472 1377 1556 1407 potest
1567 1373 1709 1408 sanguinis

913 1409 1012 1435 similis
1027 1418 1099 1439 esse,
1116 1415 1142 1436 et
1154 1410 1250 1435 immor
1260 1409 1379 1444 allapsus
1391 1410 1572 1439 extrinsecus,
1592 1415 1619 1436 ut
1632 1410 1658 1436 in
1671 1415 1709 1436 te-

913 1447 1004 1473 ctoriis
1016 1447 1141 1473 videmus
1152 1452 1251 1477 austro,
1265 1447 1390 1473 sudorem
1402 1447 1512 1473 imitari.
1547 1448 1633 1481 Atque
1645 1447 1709 1473 haec

914 1485 940 1510 in
958 1484 1028 1510 bello
1044 1484 1120 1518 plura
1136 1489 1161 1510 et
1174 1485 1272 1510 maiora
1285 1484 1410 1510 videntur
1421 1484 1592 1510 timentibus:
1616 1484 1709 1511 eadem

914 1530 966 1547 non
989 1526 1041 1548 tam
1066 1521 1316 1547 animadvertuntur
1341 1522 1367 1548 in
1393 1530 1467 1556 pace.
1508 1521 1618 1548 Accedit
1641 1521 1709 1548 illud

914 1560 1003 1589 ctiam,
1017 1559 1089 1593 quod
1103 1560 1128 1585 in
1142 1564 1212 1585 metu
1225 1564 1249 1585 et
1261 1558 1380 1594 periculo
1392 1568 1476 1594 quum
1489 1558 1634 1585 creduntur
1645 1558 1710 1585 faci-

915 1596 981 1627 lius,
1006 1601 1061 1622 tum
1084 1596 1222 1631 linguntur
1244 1597 1394 1630 impunius.
1435 1598 1475 1622 59.
1499 1597 1552 1622 Nos
1571 1601 1658 1622 autem
1675 1598 1709 1623 ita

915 1633 987 1659 leves
999 1638 1078 1668 atque
1090 1633 1279 1660 inconsiderati
1291 1642 1399 1663 sumus,
1419 1638 1460 1664 ut,
1478 1635 1501 1659 si
1518 1642 1608 1659 mures
1622 1642 1710 1660 corro-

914 1671 997 1697 serint
1007 1670 1119 1705 aliquid,
1136 1680 1250 1706 quorum
1263 1676 1302 1696 est
1313 1680 1381 1705 opus
1393 1670 1442 1696 hoc
1453 1679 1547 1701 unum,
1562 1676 1710 1697 monstrum

915 1708 1058 1742 putemus‘?
1073 1709 1140 1734 Ante
1157 1717 1217 1734 vero
1230 1709 1372 1734 Marsicum
1385 1708 1500 1739 bellum,
1518 1708 1590 1743 quod
1601 1708 1710 1744 clypeos

915 1746 1043 1776 Lanuvii,
1067 1750 1096 1772 ut
1107 1755 1119 1771 a
1133 1751 1156 1772 te
1167 1751 1207 1772 est
1217 1746 1334 1775 dictum,
1356 1754 1446 1771 mures
1464 1746 1605 1776 rosisseiit,
1625 1746 1710 1772 maxi-

915 1792 988 1808 mum
1005 1782 1032 1808 id
1049 1788 1199 1817 portentum
1213 1783 1370 1817 haruspices
1381 1791 1439 1809 esse
1451 1783 1587 1809 dixerunt.
1628 1783 1710 1815 Quasi

915 1829 977 1846 vero
988 1820 1138 1855 quidquam
1151 1821 1264 1850 intersit,
1279 1829 1382 1851 mures,
1401 1820 1473 1846 diem
1490 1825 1594 1847 noctem
1606 1820 1710 1856 aliquid

915 1858 1051 1888 rodentes,
1077 1863 1151 1884 scuta
1173 1867 1205 1884 an
1222 1858 1309 1884 cribra
1329 1859 1497 1884 corroserint.
1539 1859 1604 1884 Nam
1622 1859 1645 1884 si
1663 1859 1710 1884 ist-i

914 1895 1063 1931 sequimur,
1072 1895 1143 1931 quod
1156 1895 1271 1923 Platonis
1283 1895 1406 1923 Politian]
1418 1904 1503 1931 nuper
1514 1895 1585 1932 apud
1599 1904 1640 1922 me
1652 1904 1713 1923 mu-

916 1943 957 1960 res
968 1939 1146 1965 corroserunt,
1155 1934 1187 1960 de
1201 1933 1338 1969 republica
1350 1934 1641 1969 debuipcrtimcsccre:
1655 1941 1709 1962 aut,

915 1972 938 1997 si
950 1972 1059 2006 Epicuri
1072 1971 1105 1998 de
1118 1971 1254 2007 Voluptate
1268 1971 1335 1997 liber
1347 1981 1423 1998 rosus
1435 1977 1514 2001 esset,
1530 1977 1650 2006 putarem
1663 1980 1710 1997 au-

916 2018 1011 2035 nonam
1033 2010 1060 2035 in
1078 2009 1189 2035 macello
1204 2010 1331 2035 cariorem
1354 2009 1418 2035 sorc.
1459 2009 1578 2035 xxvtu.
1605 2011 1646 2035 60.
1671 2009 1710 2035 Αιι

917 2054 978 2072 vcro
995 2046 1039 2072 illa
1055 2054 1102 2073 nos
1117 2051 1229 2077 terrent,
1247 2047 1270 2072 si
1285 2046 1393 2081 quando
1405 2046 1493 2081 aliqua
1507 2052 1655 2081 portentosa
1667 2052 1712 2072 aut

915 2092 948 2109 ex
969 2083 1072 2117 pecude
1092 2088 1138 2110 aut
1159 2092 1192 2110 ex
1214 2083 1322 2109 bomine
1345 2089 1402 2110 nata
1424 2084 1569 2110 dicuntur?
1591 2084 1710 2115 Quorum

915 2120 1050 2150 omnium,
1074 2129 1106 2146 ne
1122 2121 1174 2146 sim
1192 2120 1308 2155 longior,
1331 2129 1383 2146 una
1405 2121 1469 2147 ratio
1485 2127 1534 2147 cst.
1571 2120 1710 2154 Quidquid

916 2158 987 2182 enim
999 2158 1097 2187 oritur,
1114 2157 1313 2192 qualecumque
1325 2163 1378 2187 est,
1396 2166 1519 2184 caussam
1533 2158 1627 2184 babeat
1638 2166 1651 2183 a
1665 2166 1711 2183 na-

916 2199 973 2220 tura
991 2202 1098 2220 necesse
1114 2199 1166 2220 est:
1191 2199 1219 2220 ut
1234 2195 1314 2220 etiam
1330 2195 1353 2220 si
1370 2200 1473 2229 practer
1488 2195 1709 2221 consuctudiiwm

915 2231 1056 2261 exstiterit,
1065 2236 1167 2265 praeter
1179 2236 1300 2257 naturam
1313 2236 1399 2258 tamen
1413 2241 1463 2258 nou
1476 2233 1560 2266 possit
1571 2232 1709 2258 exsistere.

916 2269 1043 2294 Caussam
1061 2269 1144 2303 igitur
1159 2269 1319 2303 investigato
1335 2270 1361 2294 in
1379 2278 1405 2294 re
1422 2278 1488 2295 nova
1504 2275 1583 2304 atquc
1595 2269 1711 2295 admira-

916 2305 973 2335 bili,
987 2306 1010 2331 si
1022 2310 1105 2340 potes.
1139 2306 1167 2331 Si
1181 2305 1282 2331 nullam
1295 2308 1424 2340 reperies:
1439 2306 1507 2332 illud
1520 2312 1605 2332 tamcn
1617 2305 1710 2340 explo—

916 2348 1001 2369 ratum
1017 2343 1121 2373 habeto,
1131 2342 1262 2368 nibillicri
1276 2344 1394 2376 potuisse
1405 2344 1463 2369 sinc
1471 2352 1579 2369 caussa:
1593 2351 1710 2377 cumque

916 2385 1041 2406 terrorem
1051 2401 1056 2410 ,
1074 2389 1155 2414 quem
1173 2380 1221 2406 tibi
1235 2381 1271 2405 ιϊί
1285 2380 1388 2406 novitas
1399 2380 1529 2409 attulerit,
1548 2386 1656 2406 naturae
1669 2389 1710 2406 ra—

916 2418 986 2443 tione
997 2417 1134 2452 depellito.
1176 2418 1211 2443 lta
1224 2422 1248 2443 te
1263 2425 1310 2443 ιιι-ο
1327 2422 1409 2443 terrae
1427 2417 1562 2446 fremitus,
1581 2426 1628 2443 nec.
1642 2417 1710 2443 caeli

915 2454 1062 2485 discessus,
1071 2463 1118 2480 nce
1131 2454 1253 2489 lapideus
1263 2459 1308 2480 aut
1318 2455 1485 2489 sanguineus
1496 2455 1590 2484 imber,
1600 2463 1647 2480 nec
1659 2459 1711 2481 tra-

916 2492 993 2517 iectio
1003 2491 1104 2521 stellae,
1119 2501 1166 2518 nec
1179 2491 1249 2517 faces
1262 2493 1334 2517 visae
1347 2492 1493 2518 terrebunt.
1527 2494 1568 2517 et.
1590 2492 1709 2524 Quorum

914 2529 1036 2554 omnium
1047 2537 1156 2555 caussas
1168 2530 1190 2555 si
1202 2538 1215 2555 a
1227 2529 1379 2564 Chrysippo
1390 2537 1526 2563 quaeram,
1544 2530 1600 2563 ipse
1613 2529 1657 2555 illc
1667 2529 1710 2555 di-

916 2566 1060 2592 vinationis
1080 2572 1171 2593 auctor
1192 2574 1340 2600 numquam
1362 2566 1405 2591 illa
1422 2566 1492 2592 dicct
1508 2566 1574 2592 facta
1592 2565 1708 2594 fortuito.

916 2603 1118 2638 naturalemque
1134 2604 1262 2630 rationem
1273 2604 1394 2629 omnium
1407 2603 1509 2630 reddet.
1551 2603 1624 2629 Nihil
1636 2604 1709 2629 enim

915 2641 971 2666 licri
983 2641 1041 2666 sine
1053 2649 1146 2667 caussa
1159 2646 1257 2676 potest:
1282 2648 1329 2666 nec
1340 2640 1491 2675 quidquam
1505 2641 1545 2671 lit,
1563 2640 1635 2676 quod
1652 2640 1708 2666 lieri

915 2686 965 2704 non
979 2682 1073 2713 potest.
1115 2679 1181 2709 Nec,
1197 2678 1221 2704 si
1233 2677 1260 2704 id
1272 2677 1373 2704 factum
1383 2683 1436 2708 est.
1453 2677 1526 2714 quod
1542 2679 1628 2714 potuit
1640 2677 1707 2708 lieri,
