1941 3052
349 117 682 144 EPISTOLARUM
713 118 765 144 AD
795 118 1000 146 ATTICUM
1031 120 1111 146 LIB.
1134 120 1217 146 XIII.
1250 121 1311 147 ΕΡ.
1336 123 1483 148 22—30.

95 189 203 219 dictavi,
211 188 259 222 qui
270 192 337 214 totas
347 187 472 224 περιοχάς
482 189 610 223 persequi
621 188 700 220 solet,
708 189 756 216 sed
766 188 895 224 Spintha-

95 235 124 252 ro
137 225 301 262 syllabatim.

147 294 234 315 XXVI.
264 296 294 317 (iu
303 295 386 316 Anniani,
396 296 474 313 Caesare
485 296 519 313 lv,
531 302 567 313 cosi
578 303 593 313 ⁵.
605 297 648 314 mu.
660 299 713 318 τος.)

281 338 448 365 CICERO
478 338 649 366 ATTICO
678 340 707 367 S.

153 378 176 402 t.
189 371 234 401 De
244 375 353 411 Virgilii
364 381 438 411 parte
449 375 528 402 valde
539 377 635 411 probo.
669 377 714 404 Sic
725 386 788 413 ages
799 377 893 413 igitur.
916 402 917 407 ,

94 414 128 440 Et
138 413 250 448 quidem
262 413 290 439 id
301 414 352 440 erit
362 414 494 448 primum,
509 414 666 448 proximum
677 414 795 441 Clodiae.
817 415 895 447 Quod

95 452 119 477 si
131 455 270 483 neutrum3
285 455 383 481 metuo,
397 459 429 477 ne
440 450 561 482 turbem,
575 457 602 478 et
614 453 714 478 irruam
725 453 753 478 in
767 453 893 479 Drusum.

95 489 278 522 Intemperans
294 497 355 514 sum
373 489 400 514 in
416 489 475 514 eius
490 489 528 514 rei
539 489 702 524 cupiditate,
720 498 801 524 quam
814 490 893 516 nosti.

94 526 187 560 Itaque
202 524 326 552 revolvor
340 525 487 551 identidem
503 527 530 551 in
542 526 738 553 Tusculanum.
779 526 894 559 Quidvis

95 563 169 589 enim
180 563 284 597 potius,
302 571 383 597 quam
395 567 487 589 utnon
500 563 550 589 hac
561 568 659 590 aestate
671 563 836 590 absolvatur.
868 566 893 590 2.

94 600 161 635 Ego,
170 604 199 626 ut
210 605 317 634 tempus
327 605 367 627 est
377 604 508 631 nostrum,
522 600 612 627 Iocum
624 601 710 627 habeo
721 601 837 633 nullum,
846 601 895 628 ubi

96 637 204 663 facilius
216 646 275 663 esse
290 638 406 672 possim,
424 646 506 672 quam
516 638 640 665 Asturae.
681 639 734 665 Sed
750 640 828 673 quia,
846 639 894 673 qui

96 683 203 700 mecum
215 679 290 705 sunt,
308 675 396 709 (credo
405 695 411 705 ,
428 675 502 709 quod
517 676 679 702 maestitiam
691 684 779 702 meam
790 685 843 702 non
856 675 895 702 fe·
923 699 924 702 ,

923 725 925 733 =
947 710 1012 742 lum,
1035 720 1142 738 summo
1157 713 1275 747 ingenio,
1293 722 1398 740 summa
1410 714 1549 745 modestia,
1567 720 1741 750 posteaquam

96 712 180 747 runt,)
191 712 302 738 domum
313 717 469 746 properant;
489 713 539 738 etsi
550 718 670 747 poteram
686 722 837 744 remanere,
855 718 895 739 ta-

96 758 171 780 men,
190 754 219 776 ut
229 750 326 783 scripsi
338 749 402 779 tibi,
420 749 574 783 proficiscar
588 750 665 781 hinc,
683 759 716 777 ne
731 751 841 777 relictus
852 751 895 777 vi-

96 786 170 813 dear.
210 786 268 818 Quo
288 786 395 812 autcm‘?
415 786 587 813 Lanuvium?
611 787 697 814 Conor
717 788 845 823 equidem
866 789 893 814 in

96 823 291 850 Tusculanum.
331 823 385 850 Sed
399 822 495 850 faciam
511 828 536 850 te
557 825 647 851 statim
663 826 813 852 certiorem.
854 825 894 851 Tu

97 860 197 888 litteras
218 861 354 887 conficies,
399 862 424 887 3.
445 861 594 896 Equidem,
616 862 747 889 credibile
770 872 822 889 non
843 868 892 893 est,

96 903 228 933 quantum
248 898 365 924 scribam
384 897 441 930 die;
464 899 531 933 quin
546 900 625 925 etiam
643 900 779 927 noctibus.
819 899 894 926 Nihil

95 936 168 961 enim
183 936 282 961 somni.
322 935 385 961 Heri
399 936 480 962 etiam
499 936 574 962 effeci
590 937 732 971 epistolam
748 937 782 964 ad
798 937 895 964 Caesa-

94 981 165 999 rem:
184 973 234 999 tibi
249 973 321 998 enim
332 972 469 1008 placebat:
487 982 570 1008 quam
585 983 638 1001 non
651 974 702 1001 fuit
713 974 815 1001 malum
827 976 895 1001 scri-

94 1009 138 1040 hi,
155 1010 179 1036 si
194 1009 261 1036 forte
276 1018 345 1044 opus
359 1018 418 1036 esse
432 1015 550 1045 putares.
590 1012 624 1038 Ut
636 1012 748 1047 quidem
760 1021 832 1039 nunc
843 1017 892 1043 est,

95 1047 164 1073 nihil
176 1055 240 1074 sane
251 1052 291 1074 est
301 1055 410 1074 necesse
422 1049 537 1075 mittere.
564 1048 618 1075 Sed
630 1049 658 1075 id
669 1049 790 1084 quidem,
804 1055 834 1076 ut
844 1050 894 1076 tibi

95 1084 242 1111 videbitur.
282 1085 385 1111 Mittam
405 1089 495 1112 tamen
515 1085 549 1112 ad
564 1091 588 1113 te
604 1086 761 1121 exemplum
782 1086 895 1115 fortasse

94 1122 226 1153 Lanuvio,
239 1122 293 1148 nisi
304 1121 369 1149 sorte
381 1123 502 1150 Romam.
543 1123 596 1150 Sed
607 1133 666 1151 cras
677 1125 758 1152 scies.

146 1191 246 1212 XXVII.
275 1194 305 1216 (In
316 1194 432 1215 Tusculano,
442 1194 520 1212 Caesare
532 1195 563 1212 IV.
574 1201 612 1213 cos.
623 1202 638 1213 a.
649 1196 693 1213 coll.
706 1196 760 1218 70⁹.)

280 1236 448 1264 CICERO
476 1237 646 1265 ATTICO
676 1238 704 1265 S.

153 1275 175 1300 t.
190 1269 234 1300 De
246 1274 358 1308 epistola
369 1274 402 1301 ad
412 1275 562 1306 Caesarem,
571 1275 649 1302 nobis
661 1284 724 1303 vero
735 1284 842 1311 semper
852 1284 895 1302 re—

94 1311 215 1337 ctissime
230 1310 345 1346 placuit,
369 1317 398 1339 ut
417 1313 461 1339 isti
477 1317 536 1339 ante
553 1312 681 1349 legerent.
722 1313 806 1340 Aliter
820 1314 893 1340 enim

94 1348 243 1375 fuissemus
258 1353 284 1375 et
298 1349 326 1375 in
337 1349 386 1376 hos
398 1349 555 1382 inofficiosi,
573 1351 637 1377 etin
650 1355 754 1378 nosmet
766 1352 853 1386 ipsos,
870 1351 894 1377 si

94 1385 172 1412 illum
183 1385 312 1413 offensuri
323 1386 440 1418 suimus,
454 1396 539 1422 paene
550 1388 706 1422 periculosi.
747 1389 793 1415 Isti
804 1393 893 1415 autem

93 1423 225 1459 ingenue,
239 1424 363 1459 mihique
374 1429 495 1460 gratum,
508 1425 590 1460 quod,
604 1425 671 1460 quid
683 1426 826 1456 sentirent,
841 1434 893 1452 non

93 1461 272 1487 reticuerunt:
296 1461 365 1488 illud
386 1470 448 1488 vero
469 1462 511 1489 vel
531 1463 646 1497 optime,
668 1463 742 1498 quod
758 1464 793 1490 ita
810 1462 893 1490 multa

94 1498 193 1524 mutari
208 1498 315 1529 volunt,
337 1503 368 1525 ut
387 1499 456 1525 mihi
475 1499 509 1526 de
525 1500 629 1535 integro
644 1500 782 1527 scribendi
797 1509 892 1527 caussa

94 1544 146 1561 non
157 1536 201 1562 sit.
223 1534 894 1573 QuamquamdeParthicobelloquidspectarede-

93 1572 156 1603 bui,
182 1573 235 1599 nisi
254 1573 327 1608 quod
347 1573 424 1600 illum
445 1574 514 1600 velle
535 1575 702 1602 arbitrabar?
721 1575 798 1608 Quod
819 1576 892 1602 enim

92 1609 168 1637 aliud
179 1616 368 1646 argumentum
380 1611 508 1646 epistolae
515 1617 628 1644 nostrae,
637 1613 690 1639 nisi
701 1614 816 1644 κολακία,
825 1612 894 1639 fuit?

93 1656 140 1679 an,
158 1648 182 1674 si
196 1656 240 1678 ea,
257 1656 327 1683 quae
339 1649 441 1683 optima
452 1654 589 1684 putaram.
606 1650 720 1677 suadere
731 1650 890 1681 voluissem,

91 1686 176 1712 oratio
191 1685 260 1711 mihi
274 1685 424 1713 defuisset?
443 1687 516 1713 Totis
532 1687 616 1723 igitur
631 1687 727 1714 litteris
743 1688 812 1714 nihil
823 1697 892 1723 opus

92 1727 142 1749 est.
182 1722 234 1749 Ubi
250 1723 323 1749 enim
335 1724 478 1760 ἐπίτευγμα
493 1733 622 1760 magnum
638 1725 745 1752 nullum
760 1725 817 1752 fieri
829 1734 893 1760 pos-

91 1760 140 1791 sit,
163 1759 319 1796 ἀπότευγμα
335 1760 377 1787 vel
393 1769 445 1788 non
462 1770 591 1798 magnum
608 1762 752 1790 molestum
768 1762 891 1790 futurum

91 1798 139 1830 sit3
157 1797 225 1832 quid
240 1806 309 1832 opus
319 1802 360 1825 est
370 1799 618 1835 παρακινδυνεύεινῖ
633 1801 790 1835 praesertim
804 1810 891 1836 quum

90 1834 160 1861 illud
175 1839 310 1866 occurrat,
328 1835 420 1867 illum,
443 1845 528 1871 quum
544 1842 621 1864 antea
636 1837 705 1864 nihil
721 1839 888 1873 scripserim,

91 1873 318 1904 existimaturum,
332 1881 384 1904 me,
392 1874 446 1900 nisi
458 1878 511 1900 toto
522 1874 593 1901 bello
604 1874 733 1906 consecto,
742 1876 810 1902 nihil
823 1877 891 1902 scri-

90 1914 201 1944 pturum
213 1909 308 1936 fuisse.
340 1911 427 1945 Atque
437 1911 518 1938 etiam
530 1920 637 1943 vereor,
651 1921 684 1939 ne
695 1918 771 1948 putet
786 1922 829 1940 me
840 1913 890 1940 hoc

90 1947 169 1982 quasi
181 1946 288 1973 Catonis
298 1948 420 1983 μείλιγμα
435 1956 495 1974 esse
510 1948 639 1976 voluisse.
680 1950 752 1982 Quid
763 1950 891 1986 quaeris?

90 1983 174 2011 Valde
186 1992 229 2010 me
239 1984 404 2018 poenitebat;
421 1993 471 2011 nec
481 1985 549 2012 mibi
561 1986 588 2012 in
601 1986 890 2023 hacquidemrequid-

90 2030 172 2057 quam
194 2021 280 2057 magis
301 2026 330 2048 ut
346 2021 444 2048 vellem
458 2023 580 2050 accidere
595 2024 695 2058 potuit,
719 2033 801 2059 quam
816 2025 889 2060 quod

90 2058 194 2093 σπουδή
210 2063 299 2085 nostra
315 2067 366 2085 non
383 2064 423 2086 est
438 2060 558 2095 probata.
599 2061 794 2088 Incidissemus
808 2063 888 2089 etiam

90 2096 118 2123 in
134 2095 208 2127 illos,
227 2096 253 2122 in
269 2096 309 2122 eis
325 2096 352 2122 in
368 2102 511 2132 cognatum
526 2102 614 2124 tuum.
654 2100 680 2125 2.
701 2099 754 2125 Sed
765 2099 845 2126 redeo
855 2100 888 2126 ad

90 2133 190 2160 hortos
230 2133 312 2159 Plane
323 2133 388 2160 illuc
400 2139 424 2160 te
436 2135 487 2166 ire,
505 2135 559 2162 nisi
573 2140 617 2162 tuo
628 2144 725 2171 magno
736 2137 886 2169 commodo,

90 2170 161 2197 nolo.
200 2170 275 2197 Nihil
291 2171 364 2197 enim
377 2176 463 2207 urget.
503 2171 645 2208 Quidquid
656 2174 720 2205 erit,
737 2183 845 2209 operam
861 2175 888 2201 in

89 2208 202 2235 Faberio
217 2216 360 2243 ponamus.
400 2209 436 2235 De
454 2209 498 2235 die
516 2214 604 2236 tamen
619 2211 766 2242 auctionis,
783 2212 807 2238 si
821 2212 888 2246 quid

89 2246 169 2272 scies.
209 2246 293 2276 Eum,
311 2246 358 2280 qui
374 2254 389 2272 e
403 2246 524 2273 Cumano
539 2252 661 2279 venerat.
678 2248 751 2283 quod
767 2254 793 2276 et
808 2249 888 2284 plane

90 2282 178 2309 valere
189 2283 302 2310 Atticam
315 2283 469 2315 nuntiabat,
487 2289 513 2311 et
525 2283 624 2311 litteras
635 2293 664 2312 se
679 2285 777 2313 habere
788 2286 885 2318 aiebat.

89 2320 180 2347 statim
191 2320 225 2348 ad
239 2325 263 2347 te
275 2321 348 2347 misi.

140 2389 250 2411 XXVIIL
278 2393 309 2414 (In
321 2392 437 2413 ΤιιπιιΙιιηυ,
448 2393 526 2409 (ἕεις-ἰνι-
537 2393 567 2410 IV.
578 2400 614 2410 cun.
625 2400 639 2410 ι.
649 2394 691 2412 cull-
705 2396 757 2416 70⁸1.)

270 2434 439 2462 CICERO
471 2435 640 2462 ATTICO
669 2437 697 2462 S.

147 2473 170 2497 I.
183 2467 284 2499 Hortos
299 2474 427 2508 quoniam
445 2472 524 2499 hodie
539 2481 598 2499 eras
614 2474 798 2508 inspecturus,
819 2475 885 2509 quid

88 2508 180 2534 visum
191 2509 241 2536 tibi
252 2509 296 2541 sit,
310 2518 368 2536 cras
379 2510 491 2537 scilieet.
515 2511 549 2536 De
561 2510 674 2537 Faberio
684 2515 784 2542 autem,
799 2520 885 2547 quum

88 2545 201 2572 venerit.
240 2547 266 2574 2.
287 2547 323 2573 De
344 2547 457 2582 epistola
477 2547 510 2573 ad
531 2547 685 2579 Caesarem,
712 2549 797 2575 iurato
817 2550 885 2576 mihi

87 2582 179 2614 crede,
198 2591 249 2609 non
266 2592 391 2618 possum3
414 2594 463 2612 nec
479 2593 521 2611 me
537 2585 676 2620 turpitudo
689 2585 818 2618 deterret,
835 2588 886 2614 etsi

88 2619 206 2646 maxime
217 2620 341 2648 debebat.
381 2622 468 2655 Quam
484 2623 557 2648 enim
573 2623 659 2657 turpis
674 2628 715 2649 est
730 2624 883 2655 assentatio,

87 2664 173 2692 quum
185 2658 276 2685 vivere
288 2659 378 2694 ipsum
391 2664 467 2695 turpe
478 2660 514 2687 sit
524 2659 621 2687 nobis?
631 2660 684 2687 Sed
694 2665 723 2687 ut
733 2661 819 2697 coepi,
833 2670 885 2688 non

1694 128 1707 149 'J
1714 127 1743 150 ¹252*

947 198 989 216 me
1005 190 1055 216 hoc
1070 195 1147 225 turpe
1163 191 1287 218 deterret.
1327 193 1364 218 Ac
1384 192 1482 219 vellem
1498 193 1622 228 quidem:
1646 194 1743 228 (essem

946 228 1028 258 enim,
1046 229 1093 262 qui
1106 237 1164 254 esse
1179 228 1311 254 debebam
1321 230 1337 263 τ)
1349 230 1397 255 sed
1409 231 1435 256 in
1448 235 1564 256 mentem
1577 230 1645 256 nihil
1659 234 1742 258 venit.

946 265 1028 295 Nam,
1046 274 1115 299 quae
1131 271 1193 292 sunt
1209 266 1242 291 ad
1256 266 1439 293 Alexandrum
1456 267 1597 294 hominum
1614 268 1744 303 eloquen-

946 302 1013 328 tium
1030 307 1054 328 et
1070 302 1208 329 doctorum
1223 305 1375 337 suasiones,
1400 304 1486 335 vides,
1503 305 1604 339 quibus
1623 306 1650 331 in
1663 306 1744 332 rebus

947 344 1097 366 versentur.
1137 340 1356 372 Adolescentem,
1375 342 1517 368 incensum
1533 342 1680 377 cupiditate
1696 352 1743 370 ve-

947 377 1070 402 rissimae
1082 377 1192 412 gloriae,
1206 379 1359 412 cupientem
1374 379 1427 405 sibi
1438 379 1542 414 aliquid
1554 380 1661 406 consilii
1672 380 1740 411 dari,

946 413 1019 447 quod
1040 414 1074 439 ad
1095 414 1201 440 laudem
1217 417 1409 449 sempiternam
1425 416 1538 447 valeret,
1561 417 1741 444 cohortantur.

946 450 986 476 Ad
1008 450 1091 477 decus
1107 460 1159 478 non
1176 451 1250 478 deest
1261 454 1354 479 oratio.
1394 454 1451 489 Ego
1462 454 1529 488 quid
1543 454 1673 488 possum?
1693 456 1744 481 Ta—

948 496 1008 514 men
1025 489 1114 515 nescio
1130 489 1197 523 quid
1213 498 1227 515 e
1243 498 1344 524 quercu
1359 491 1570 525 exsculpseram,
1583 492 1656 526 quod
1669 492 1744 518 vide-

948 530 1020 551 retur
1043 526 1133 551 simile
1153 526 1302 553 simulacri.
1348 528 1377 554 Iu
1399 537 1429 554 eo
1445 537 1509 563 quia
1526 529 1653 555 nonnulla
1669 535 1744 556 erant

947 562 1037 597 paullo
1054 563 1173 593 meliora,
1189 572 1271 598 quam
1289 573 1328 595 ea,
1342 573 1411 599 quae
1423 565 1490 592 fiunt
1501 571 1526 592 et
1539 565 1604 592 facta
1616 572 1686 596 sunt,
1702 576 1744 593 re-

947 599 1165 634 prehenduntur3
1197 601 1270 635 quod
1286 610 1327 627 me
1340 603 1451 628 minime
1463 603 1589 637 poenitet.
1631 604 1659 629 Si
1670 605 1742 630 enim

947 638 1135 671 pervenissent
1147 639 1211 664 istae
1225 638 1335 669 litterae,
1349 640 1417 665 mihi
1429 640 1516 670 crede,
1525 649 1573 666 nos
1584 642 1741 675 poeniteret.

946 676 970 700 3.
983 674 1073 706 Quid?
1097 680 1125 701 tu
1136 684 1187 701 non
1200 675 1276 701 vides
1288 677 1378 711 ipsum
1390 677 1609 704 illumAristoteli
1621 678 1743 713 discipu-

946 757 994 775 rex
1009 749 1159 783 appellatus
1175 751 1218 780 sit,
1236 751 1398 784 superbum,
1417 751 1563 782 crudelem,
1581 753 1743 779 immodera—

947 790 1003 812 tum
1020 786 1123 812 suisse‘?
1152 786 1241 818 Quid?
1265 793 1293 813 tu
1306 788 1377 814 hunc
1393 788 1425 814 de
1437 797 1543 823 pompa,
1561 789 1667 821 Quirini
1679 799 1742 816 con—

946 823 1123 855 tubernalem,
1138 824 1181 849 his
1193 826 1290 850 nostris
1302 826 1446 852 moderatis
1453 826 1574 860 epistolis
1583 826 1740 853 laetaturum

946 860 1044 895 putas?
1066 861 1112 886 Ille
1129 870 1191 887 vero
1206 862 1297 895 potius
1314 871 1365 889 non
1382 864 1480 898 scripta
1494 863 1641 894 desideret,
1659 873 1741 898 quam

946 898 1046 932 scripta
1060 907 1113 924 non
1125 898 1228 932 probet.
1264 899 1408 931 Postremo,
1426 905 1455 927 ut
1466 900 1546 926 volet.
1576 901 1649 927 Abiit
1663 901 1739 931 illud,

946 935 1019 970 quod
1035 940 1091 962 tum
1108 944 1150 962 me
1165 935 1329 968 stimulabat,
1348 937 1420 972 quod
1436 937 1485 964 tibi
1496 937 1593 964 dabam
1606 939 1742 974 :md-tithan

944 972 1129 1008 Ἀρχιμήδειον.
1169 972 1253 999 Multo
1269 974 1422 1001 mehercule
1439 975 1525 1010 magis
1541 984 1612 1001 nunc
1626 981 1687 1010 opto
1698 986 1742 1001 ca—

946 1018 1007 1036 sum
1031 1010 1122 1041 illum,
1144 1018 1225 1045 quem
1241 1015 1298 1037 tum
1314 1012 1456 1043 timebam.
1475 1012 1517 1038 vel
1537 1021 1618 1047 quem
1636 1013 1740 1039 libebit.

947 1048 1006 1073 Nisi
1021 1047 1088 1082 quid
1100 1052 1125 1074 te
1138 1047 1213 1073 aliud
1225 1048 1363 1082 impediet,
1377 1049 1446 1075 mihi
1457 1054 1544 1084 optato
1557 1051 1672 1076 veneris.
1695 1051 1742 1076 Ni-

946 1085 1001 1110 cias
1017 1093 1030 1110 a
1046 1084 1183 1111 Dolabella
1200 1094 1297 1121 magno
1314 1096 1393 1122 opere
1409 1088 1568 1118 arcessitus,
1588 1087 1651 1123 [legi
1668 1089 1740 1114 enim

947 1121 1069 1157 litteras,)
1080 1123 1130 1149 etsi
1142 1123 1227 1149 invito
1239 1131 1290 1155 me,
1304 1129 1392 1151 tamen
1404 1124 1498 1151 eodem
1509 1133 1552 1151 me
1563 1130 1669 1152 auctore
1680 1134 1742 1160 pro-

946 1158 1033 1186 fectus
1043 1164 1093 1186 est.
1132 1159 1187 1186 Hoc
1200 1168 1282 1188 manu
1294 1170 1362 1188 mea.

998 1228 1089 1250 XXIX.
1105 1230 1137 1255 (In
1147 1231 1263 1251 Tusculano,
1274 1231 1352 1249 Caesare
1362 1232 1394 1249 lv.
1406 1238 1443 1249 cos.
1454 1240 1468 1250 s.
1477 1234 1521 1251 coll.
1533 1234 1588 1255 709.)

1132 1273 1300 1301 CICERO
1328 1274 1498 1302 ATTICO
1530 1276 1558 1303 S.

1003 1312 1026 1337 t.
1044 1305 1141 1343 Quum
1158 1312 1237 1347 quasi
1249 1312 1315 1338 alias
1326 1320 1368 1338 res
1379 1321 1536 1347 quaererem
1548 1313 1581 1339 de
1595 1313 1741 1349 philologis

947 1356 960 1374 e
971 1348 1057 1380 Nicia,
1075 1348 1222 1375 incidimus
1234 1350 1262 1375 in
1273 1349 1393 1376 Talnam.
1434 1349 1481 1376 Ille
1497 1351 1530 1377 de
1547 1351 1655 1386 ingenio
1671 1351 1739 1377 nihil

946 1386 1042 1412 nimis:
1075 1386 1227 1413 modestum
1242 1391 1268 1413 et
1283 1386 1364 1422 frugi.
1404 1386 1456 1413 Sed
1473 1388 1522 1414 hoc
1538 1389 1606 1414 milii
1619 1397 1669 1414 non
1682 1388 1740 1423 pla—

945 1424 1011 1449 cuit.
1051 1423 1084 1449 Se
1100 1424 1169 1450 scire
1185 1424 1286 1454 aiebat.
1305 1424 1338 1450 ab
1356 1433 1387 1451 eo
1403 1433 1489 1459 nuper
1504 1427 1613 1460 petitam
1626 1426 1740 1452 Cornili-

945 1461 1029 1491 ciam,
1046 1460 1078 1492 Q.
1097 1460 1194 1492 liliam,
1214 1461 1330 1487 vetulam
1342 1470 1419 1492 sane,
1437 1467 1462 1488 et
1474 1463 1619 1489 multarum
1632 1464 1741 1498 nuptia·

945 1506 1020 1524 rum:
1044 1506 1096 1524 non
1113 1506 1171 1525 esse
1183 1499 1325 1533 probatum
1338 1499 1514 1529 mulieribus,
1531 1500 1603 1535 quod
1616 1501 1650 1526 ita
1663 1509 1740 1535 repe-

945 1536 1041 1566 rirent,
1060 1544 1116 1561 rem
1135 1544 1187 1562 non
1205 1537 1334 1562 maiorem
1346 1545 1423 1562 accc.
1465 1537 1517 1563 Iloc
1529 1538 1622 1572 putavi
1635 1543 1658 1564 te
1670 1539 1740 1564 scire

944 1577 1076 1607 oportere.
1099 1575 1124 1599 2.
1134 1574 1170 1599 De
1185 1573 1268 1600 hortis
1280 1582 1314 1600 ex
1325 1575 1379 1600 tuis
1392 1573 1486 1600 litteris
1497 1576 1611 1610 cognovi
1623 1575 1740 1611 etChry-

945 1611 1034 1644 sippo.
1075 1611 1104 1636 In
1118 1610 1196 1642 villa,
1214 1611 1293 1637 cuius
1305 1611 1484 1638 insulsitatem
1497 1612 1565 1638 bene
1577 1621 1682 1640 noram.
1698 1613 1739 1638 vi-

945 1647 994 1674 deo
1007 1646 1075 1673 nihil
1091 1652 1137 1674 aut
1148 1656 1232 1683 pauca
1249 1653 1359 1675 mutata.
1391 1649 1528 1676 Balnearia
1544 1654 1632 1676 tamen
1649 1649 1741 1676 laudat

945 1685 1058 1711 maiora:
1084 1685 1117 1711 de
1129 1686 1280 1712 minoribus
1291 1687 1327 1712 ait
1339 1686 1451 1712 hiberna
1463 1686 1533 1713 effici
1546 1695 1634 1721 posse.
1661 1688 1739 1714 Tecta

944 1723 1029 1758 igitur
1043 1722 1275 1749 ambulatiuncula
1292 1723 1414 1750 addenda
1425 1729 1479 1750 est:
1505 1732 1586 1759 quam
1599 1729 1628 1751 ut
1639 1729 1738 1751 tantam

944 1759 1089 1791 faciamus,
1108 1765 1236 1795 quantam
1253 1761 1281 1787 in
1293 1761 1445 1788 Tusculano
1458 1761 1585 1793 lecimus,
1600 1770 1682 1797 prope
1696 1762 1739 1788 di-

944 1797 1029 1824 midio
1043 1798 1155 1824 minoris
1167 1798 1300 1825 constabit
1311 1799 1362 1825 isto
1374 1798 1439 1825 loco.
1463 1799 1501 1825 Ad
1515 1799 1541 1825 id
1553 1805 1651 1829 autem,
1665 1799 1738 1834 quod

944 1835 1080 1866 volumus,
1094 1835 1240 1871 ἀφίδρυμα,
1255 1836 1323 1862 nihil
1335 1837 1424 1870 aptius
1436 1836 1736 1871 videt11r‚quanilucus.

943 1881 1024 1908 quem
1040 1881 1091 1908 ego
1106 1881 1212 1899 noram:
1245 1873 1292 1899 sed
1308 1873 1490 1900 celebritatem
1507 1873 1609 1900 nullam
1622 1880 1678 1901 tum
1691 1874 1738 1901 ha-

943 1909 1036 1937 bebat:
1068 1919 1140 1936 nunc
1155 1910 1236 1937 audio
1253 1911 1410 1937 maximam.
1451 1911 1525 1937 Nihil
1538 1917 1591 1943 est,
1604 1912 1677 1947 quod
1689 1920 1738 1947 ego

943 1947 1046 1974 malim.
1068 1948 1096 1974 In
1109 1947 1159 1974 hoc
1171 1947 1513 1984 ιόντύφυνμυυπρὸςθεῶν
1524 1949 1736 1984 τροποφόρησυν.

942 1984 1087 2020 Reliquum
1099 1990 1148 2016 est,
1162 1986 1185 2011 si
1198 1985 1328 2012 Faberius
1340 1986 1417 2012 nobis
1432 1986 1603 2012 nomenillud
1611 1987 1735 2022 explicat.

942 2022 996 2048 noli
1012 2030 1154 2057 quaerere,
1173 2023 1278 2058 quanti.
1318 2023 1451 2050 Othonem
1468 2024 1560 2050 vincas
1573 2024 1642 2050 volo.
1684 2025 1738 2050 Nec

942 2064 1030 2086 tamen
1044 2060 1225 2086 insaniturum
1238 2059 1315 2087 illum
1327 2066 1401 2095 puto.
1429 2061 1512 2087 Nosse
1523 2062 1595 2087 enim
1609 2061 1675 2088 mihi
1690 2061 1738 2087 lio—

941 2097 1043 2123 minem
1059 2097 1160 2123 videor.
1191 2098 1227 2123 Ita
1240 2097 1308 2123 male
1320 2103 1408 2124 autem
1420 2098 1501 2125 audio
1513 2099 1602 2133 ipsum
1615 2108 1673 2125 esse
1686 2104 1738 2125 tra-

939 2139 1050 2165 ctatum,
1064 2139 1093 2160 ut
1104 2134 1172 2160 mibi
1184 2134 1229 2161 ille
1240 2140 1344 2169 emptor
1355 2144 1407 2161 non
1421 2143 1480 2161 esse
1493 2135 1625 2162 videatur.
1666 2136 1736 2168 Quid

939 2171 1031 2197 cuim?
1049 2171 1201 2206 pateretur?
1223 2173 1248 2198 3.
1260 2172 1313 2198 Sed
1324 2172 1391 2207 quid
1402 2172 1591 2208 argumentor?
1611 2173 1639 2199 si
1653 2173 1737 2199 Fabe-

941 2209 1046 2235 rianum
1057 2208 1187 2242 explicas.
1203 2217 1326 2235 emamus
1338 2209 1379 2235 vel
1393 2218 1502 2245 iiiagno:
1535 2211 1577 2236 sin
1590 2211 1689 2239 ininus.
1705 2220 1736 2236 ne

940 2254 1023 2281 parvo
1033 2246 1145 2280 quidem
1158 2254 1314 2280 possumus.
1336 2246 1456 2273 Clodiam
1469 2247 1564 2282 igitur3
1587 2256 1601 2273 a
1613 2256 1665 2282 qua
1679 2249 1735 2282 ipsa

939 2283 974 2309 ob
989 2292 1047 2309 eam
1059 2291 1183 2309 caussam
1195 2291 1303 2317 sperare
1315 2284 1416 2314 videor.
1433 2284 1505 2318 quod
1517 2289 1542 2310 et
1553 2284 1638 2311 multo
1650 2286 1736 2311 mino-

941 2321 977 2346 ris
997 2326 1068 2351 sunt.
1091 2325 1118 2346 et
1139 2319 1289 2347 Dolabellae
1306 2329 1402 2347 nomeu
1416 2322 1468 2347 iam
1484 2322 1642 2355 expeditum
1660 2322 1735 2347 vide-

940 2363 996 2388 tur,
1019 2362 1048 2384 ut
1063 2358 1143 2384 otiam
1160 2358 1403 2392 repraesentatione
1419 2358 1563 2385 confidam.
1605 2359 1639 2384 De
1653 2359 1735 2385 bortis

938 2395 1014 2421 sutis.
1054 2395 1119 2422 Cras
1130 2399 1176 2421 aut
1187 2399 1210 2421 to
1222 2400 1268 2422 aut
1278 2404 1415 2422 caussam:
1443 2403 1526 2430 quam
1537 2395 1649 2430 quidem
1662 2395 1735 2423 sutu—

939 2441 995 2459 ram
1008 2432 1193 2458 Fuberiauam.
1234 2432 1296 2463 Sed,
1310 2433 1333 2459 si
1346 2433 1454 2468 poteris.

992 2505 1069 2526 ΧΧΧ,
1094 2505 1125 2530 (Iu
1136 2507 1253 2527 ΤιιιυιιΙ-ιιυ,
1263 2509 1341 2524 smmi-
1354 2508 1386 2525 tv.
1397 2514 1434 2524 un.
1445 2514 1459 2524 s.
1470 2508 1514 2524 ωΙΙ.
1526 2508 1581 2529 7⁰⁴1.)

1122 2550 1290 2577 CICERO
1322 2549 1489 2577 ATTICO
1517 2550 1545 2577 S.

996 2588 1018 2613 l.
1041 2583 1184 2614 Ciceronis
1195 2586 1335 2622 epistolam
1348 2587 1396 2613 tibi
1409 2587 1511 2614 remisi.
1536 2587 1559 2614 O
1570 2592 1594 2614 te
1606 2586 1731 2618 ferreum.

937 2625 985 2659 qui
998 2624 1073 2651 illius
1085 2625 1214 2660 periculis
1226 2634 1277 2651 uon
1291 2625 1420 2651 moveris!
1453 2625 1494 2651 Me
1505 2633 1615 2660 quoquo
1626 2631 1733 2652 accusat

937 2670 996 2688 eam
1026 2662 1075 2689 tibi
1099 2662 1241 2697 epistolam
1275 2662 1392 2689 misisse.
1434 2662 1501 2689 Nam
1526 2661 1600 2690 illam
1623 2662 1732 2690 alteram
