1941 3052
849 134 862 155 s
908 131 942 156 M.
978 131 1006 156 T.

271 135 302 156 'jo

270 211 360 238 quam.
371 207 398 228 ut
412 202 467 228 Ser.
485 202 577 232 Gallia,
595 202 721 228 interilum
735 206 779 227 aut
793 201 906 227 clamore
917 201 1060 227 contende·
1080 204 1088 225 ’ῖ

271 244 337 267 rent.
352 240 460 273 Quodsi
477 241 527 266 inm
543 240 591 265 linc
606 239 688 265 fun-ru
704 248 753 265 non
766 239 862 273 poteris
872 243 916 264 ιιυι
927 238 1059 268 nole-me-

271 279 344 308 reris.
362 287 394 304 no
409 282 452 303 tua
467 277 571 307 domus,
589 277 647 302 talis
661 282 686 301 (·ι
702 277 749 302 viri
765 281 789 301 et
802 275 879 305 civis,
895 276 917 301 si
932 284 945 300 ιι
961 274 1060 308 litigio-

270 316 307 341 nin
323 315 476 341 hominihus
491 324 541 340 non
555 314 686 342 ‹·olatur,a
700 313 793 338 ceteris
807 311 962 338 deseratur?
976 313 1059 347 Equi·
1079 327 1081 332 ·

269 352 330 379 dem
353 357 455 378 tuntum
478 352 572 377 alinum
595 350 628 376 nl»
647 351 694 376 ista
713 350 851 379 uenientia,
873 354 966 375 utnon
982 349 1059 376 modo

271 398 320 416 non
336 389 446 415 arbitri-r
460 388 611 414 subsidium
627 387 770 412 senectutis
785 387 810 412 in
825 395 926 415 eorum.
938 387 984 421 qui
995 396 1058 414 con-
1086 400 1087 439 1

269 427 370 452 nultum
395 426 508 454 veniant.
534 424 705 450 multitudino
731 433 790 449 esse
817 423 982 458 pom-ndum.
1011 423 1057 450 sed
1086 449 1087 460 ,

270 469 403 498 tamquam
419 467 523 496 portum
538 461 653 495 aliquem
669 465 818 495 exspectem
835 462 919 489 istam,
936 470 1017 496 quum
1030 466 1057 487 tu

270 501 355 529 timi-s,
382 499 562 525 solitudinem.
598 498 756 524 Subsidium
780 498 850 524 enim
879 498 1057 524 bellissimum

269 538 391 563 existimo
404 546 461 561 ess-e
476 536 603 561 senectuti
618 535 711 561 otium.

324 575 380 599 2:¹26.
399 573 507 607 lli-{iqua
520 581 581 598 vero
594 573 696 598 etiamsi
707 572 842 602 adiuvant.
853 572 988 598 historiam
999 571 1059 598 dico

268 616 291 636 et
307 610 473 645 prudentiam
494 610 559 635 iuris
578 609 678 644 publici
693 614 718 636 et
731 610 897 644 antiquitatis
911 610 960 635 iter
974 614 998 636 et
1012 618 1059 636 ex·
1085 631 1087 637 ,

267 647 415 682 νιιψΙοι-ιιιιι
430 647 572 681 copiam,si
587 647 694 681 quando
707 655 775 681 opus
789 647 846 677 erit.
860 656 872 671 a
889 647 944 672 viro
957 647 1058 681 optimo
1085 675 1087 679 y

267 689 291 710 et
311 685 367 710 istis
383 684 461 710 rebus
477 684 691 713 instructissimo.
712 684 835 710 familiari
851 693 917 714 mco,
940 684 1058 717 Longino

268 721 416 747 mutuabor.
453 722 544 756 Neque
567 721 729 756 repugnabo.
754 730 808 756 quo
826 721 916 747 minus
936 721 970 754 sid
985 722 1055 756 quod

268 758 344 785 modo
360 759 478 785 hortatus
492 759 531 793 es)
551 759 640 785 onmia
665 758 759 793 legant,
784 759 871 784 omnia
887 759 1003 789 audiant.
1030 759 1055 785 in

265 797 337 822 omni
357 800 426 822 recto
443 795 532 822 studio
550 800 628 830 atque
652 796 814 822 humanitate
830 801 980 823 versentur:
1009 795 1056 822 sed

267 833 417 859 mehercule
432 842 482 859 non
497 833 531 859 ita
547 833 662 859 multum
677 833 754 867 spatii
771 833 835 859 mihi
852 833 948 859 habere
963 833 1056 859 videu-

267 875 316 901 tur,
337 870 359 896 si
379 870 457 896 modo
475 879 503 895 ea
519 870 603 896 facere
617 875 642 896 et
656 871 780 905 persequi
797 870 892 899 volent.
909 879 977 905 quae
991 879 1004 896 a
1020 875 1053 901 te,

265 907 366 938 Crasse¹
384 912 520 942 praccepta
535 912 610 939 sunt;
639 908 685 942 qui
705 907 770 933 mihi
787 916 867 942 prope
881 908 959 933 etiam
975 908 1055 934 nimis

265 944 345 970 duras
360 944 431 980 leges
446 945 581 979 imponere
595 945 670 971 visus
685 954 713 970 es
728 945 790 970 huic
803 945 890 975 aetati,
906 945 953 971 sed
968 950 1054 971 tamen

264 981 296 1007 ad
312 981 427 1016 i(l,quod
441 982 562 1016 cupiunt,
572 982 774 1016 adipiscendum
790 990 870 1016 prope
882 983 1052 1008 necessarias.

263 1019 322 1045 ⁴257.
349 1019 414 1045 Nam
437 1023 462 1046 ct
479 1019 583 1045 subitae
597 1019 628 1045 ad
643 1020 792 1054 propositas
805 1028 914 1045 caussas
927 1020 1056 1045 exercita·
1082 1052 1083 1056 Ἰ

265 1056 356 1086 tiones.
377 1060 403 1082 et
421 1061 555 1083 accuratae
576 1060 602 1082 et
620 1056 759 1082 meditatae
776 1057 1011 1083 commentationes
1025 1065 1054 1083 ac
1082 1064 1083 1075 ¹

264 1093 342 1119 stilus
356 1093 401 1120 ille
416 1098 487 1125 tuus,
507 1102 588 1128 quem
603 1098 630 1120 tu
646 1102 706 1120 vere
720 1093 811 1120 dixisti
827 1093 998 1128 perfectorem
1013 1094 1054 1120 di—
1076 1115 1077 1119 ,

262 1131 339 1156 cendi
362 1139 420 1157 esse
438 1140 468 1157 ac
486 1131 652 1166 magistrum,
678 1131 754 1157 multi
770 1130 876 1157 sudoris
889 1136 942 1159 est:
970 1136 995 1157 et
1010 1130 1053 1157 illa

262 1168 388 1194 orationis
406 1177 470 1194 suae
487 1177 549 1194 cum
567 1168 674 1202 scriptis
693 1167 786 1194 alienis
804 1169 965 1203 comparatio
983 1173 1007 1194 et
1021 1168 1054 1194 de

263 1205 348 1231 alieno
361 1206 460 1240 scripto
474 1205 562 1231 subita
577 1204 618 1231 vel
635 1205 759 1231 laudandi
775 1205 814 1231 vel
830 1205 998 1240 vituperandi
1011 1205 1051 1231 vel

261 1242 451 1277 comprobandi
467 1242 507 1268 vel
523 1241 660 1268 refellendi
674 1251 769 1268 caussa
779 1242 924 1277 disputatio
935 1251 986 1268 non
997 1251 1053 1268 me-
1082 1270 1083 1276 ¹

261 1279 359 1306 diocris
372 1279 548 1306 contentionis
563 1284 602 1306 est
617 1279 656 1305 vel
673 1279 705 1306 ad
720 1281 873 1306 memoriam
889 1279 929 1305 vel
944 1279 977 1306 ad
991 1280 1053 1306 imi·
1081 1311 1083 1314 Ι

261 1317 382 1343 tandum.
416 1317 484 1343 LXI.
500 1318 558 1343 258.
583 1316 651 1343 Illud
675 1325 736 1342 vero
756 1316 807 1343 fuit
826 1316 960 1348 horribile,
980 1317 1052 1352 quod
1081 1333 1083 1344 i

262 1353 414 1380 mehercule
432 1362 530 1384 vereor.
552 1362 584 1380 ne
604 1354 729 1380 maiorem
748 1354 803 1380 vim
818 1354 850 1380 ad
864 1353 1051 1380 deterrendum

262 1391 392 1422 habuerit,
416 1399 498 1426 quam
520 1391 552 1417 ad
575 1391 776 1417 cohortandum.
810 1391 921 1417 Voluisti
940 1391 1052 1417 enimin

261 1437 310 1455 suo
322 1436 418 1464 genere
432 1437 516 1454 unum
531 1436 666 1463 quemque
684 1432 803 1454 nostrum
817 1429 895 1463 quasi
908 1428 1051 1463 quemdam
1074 1433 1075 1447 ¹

259 1473 318 1491 esse
332 1466 471 1498 Roscium3
497 1465 643 1500 dixistique
658 1473 709 1491 non
724 1469 776 1491 tam
791 1473 829 1496 ea,
845 1474 914 1500 quae
928 1469 996 1492 recta
1010 1473 1054 1491 es·

259 1507 326 1534 sent,
343 1502 458 1537 probari,
471 1511 551 1537 quam
562 1510 630 1537 quae
645 1510 734 1537 prava,
751 1501 866 1529 fastidiis
880 1503 1053 1529 adhaeresce·
1072 1513 1075 1546 3

259 1548 300 1572 re;
328 1540 400 1574 quod
419 1548 468 1575 ego
486 1548 538 1566 non
557 1544 610 1566 tam
629 1538 766 1566 fastidiose
784 1540 811 1566 in
825 1540 911 1571 nobis,
927 1549 1009 1575 quam
1023 1540 1051 1566 in
1072 1549 1074 1555 >

260 1577 443 1607 histrionibus.
469 1577 581 1611 spectari
604 1580 678 1611 puto.
712 1578 772 1603 259.
791 1577 882 1612 Itaque
897 1585 944 1603 nos
958 1585 1051 1603 raucos
1078 1597 1081 1600 .

259 1622 337 1649 saepe
355 1615 529 1640 attentissime
547 1613 635 1640 audiri
649 1613 739 1646 vide0;
768 1618 838 1640 tenet
851 1615 922 1640 enim
937 1623 980 1640 res
992 1615 1051 1649 ipsa

259 1656 338 1686 atque
351 1660 459 1677 caussa:
475 1655 501 1678 at
514 1651 659 1686 Aesopum,
675 1651 698 1677 si
712 1650 833 1685 paullum
848 1651 992 1683 irrauserit,
1004 1660 1051 1678 ex-

259 1688 341 1723 plodi.
370 1690 391 1714 A
402 1689 503 1723 quibus
517 1689 588 1714 enim
603 1687 670 1714 nihil
685 1692 788 1723 praeter
801 1687 964 1723 voluptatem
978 1689 1051 1715 auri-

260 1734 305 1751 um
318 1726 464 1760 quaeritur,
481 1726 508 1752 in
523 1725 556 1751 iis
570 1725 720 1756 offenditur,
729 1725 810 1751 simul
821 1729 901 1760 atque
911 1726 1051 1752 imminui·

258 1767 301 1789 tur
314 1762 417 1797 aliquid
431 1763 464 1789 de
478 1762 622 1798 voluptate.
656 1763 685 1788 In
703 1762 842 1797 eloquente
860 1767 948 1789 autem
967 1762 1050 1789 multa

258 1804 330 1831 sunt,
349 1808 418 1835 quae
437 1804 550 1831 teneant,
570 1807 639 1834 quae
653 1800 676 1826 si
689 1800 777 1826 onmia
791 1808 897 1826 summa
911 1808 962 1826 non
976 1804 1047 1831 sunt,

258 1838 293 1872 (et
306 1837 433 1872 pleraque
447 1841 534 1863 tamen
549 1845 646 1872 magna
659 1837 744 1873 sunt‚)
758 1845 866 1863 necesse
879 1841 920 1863 est
936 1845 966 1863 ea
979 1837 1046 1872 ipsa,

257 1883 326 1909 quae
340 1879 411 1905 sunt,
427 1874 560 1901 mirabilia
573 1874 669 1900 videri.

313 1913 371 1939 260.
386 1912 466 1947 Ergo,
475 1916 506 1938 ut
519 1911 551 1938 ad
565 1912 683 1946 primum
697 1910 766 1937 illud
780 1915 903 1942 revertar,
915 1911 951 1937 sit
963 1915 1050 1937 orator
1070 1918 1072 1928 f

258 1949 334 1976 nobis
348 1949 379 1980 is,
396 1949 452 1984 qui,
469 1953 498 1975 ut
512 1948 624 1975 Crassus
638 1948 788 1983 descripsit,
808 1947 1002 1974 accommodate
1016 1948 1049 1974 ad

258 1985 474 2021 persuadendum
492 1987 577 2021 possit
599 1986 696 2012 dicere.
731 1986 755 2012 Is
773 1990 861 2011 autem
875 1985 1049 2011 concludatur

257 2025 284 2050 in
298 2032 336 2054 ea,
352 2031 422 2058 quae
439 2028 503 2049 sunt
516 2024 544 2049 in
558 2031 609 2049 usu
623 2023 762 2049 civitatum
776 2022 881 2059 vulgari
895 2031 924 2048 ac
938 2021 1045 2054 forensi,

257 2061 419 2096 remotisque
432 2060 526 2086 ceteris
539 2060 646 2091 studiis,
662 2060 787 2095 quamvis
801 2068 830 2086 ea
844 2060 899 2086 sint
911 2059 999 2094 ampla
1009 2064 1049 2086 at-

257 2107 309 2132 que
324 2097 464 2133 praeclara,
480 2098 508 2124 in
522 2097 572 2124 hoc
586 2106 639 2124 uno
652 2105 739 2132 opere.
756 2101 785 2123 ut
798 2097 833 2123 ita
846 2096 942 2127 dicam,
958 2101 1047 2123 noctes
1069 2114 1071 2116 >

256 2139 282 2161 et
298 2135 356 2161 dies
371 2139 509 2171 urgeatur;
537 2135 710 2169 imiteturque
724 2133 811 2165 illum,
836 2134 880 2160 cui
893 2134 951 2160 sine
964 2133 1048 2160 dubio

256 2180 361 2198 summa
379 2173 420 2198 vis
438 2171 544 2198 dicendi
561 2171 723 2203 conceditur.
743 2171 933 2198 Atheniensem
953 2171 1048 2197 Demo-

256 2210 386 2240 sthenem,
410 2209 439 2236 in
461 2217 515 2244 quo
537 2213 639 2235 tantum
662 2208 783 2235 studium
805 2207 890 2235 fuisse
904 2212 1047 2243 tantusque

257 2246 329 2273 labor
347 2246 453 2277 dicitur,
474 2251 503 2272 ut
521 2247 638 2281 primum
657 2245 849 2280 impedimenta
862 2250 971 2272 naturae
984 2245 1047 2271 dili-
1068 2250 1069 2274 i

255 2284 343 2317 ,atentia
364 2283 551 2318 industriaque
569 2287 718 2318 superaret;
746 2291 887 2318 quumque
900 2283 936 2309 ita
949 2282 1046 2309 balbus

255 2318 333 2352 esset,
351 2325 380 2347 ut
393 2321 451 2347 eius
465 2321 552 2355 ipsius
566 2321 639 2352 artis,
655 2321 699 2346 cui
713 2319 840 2351 studeret,
852 2320 965 2354 primam
977 2319 1047 2346 litte—
1066 2316 1069 2348 l

255 2367 310 2384 rani
329 2366 381 2384 non
399 2362 489 2393 posset
506 2357 603 2389 dicere,
623 2357 733 2393 perfecit
749 2356 909 2388 meditando,
925 2361 956 2383 ut
969 2365 1046 2383 nemo
1066 2358 1069 2373 ¹

256 2394 361 2428 planius
375 2403 406 2421 eo
419 2395 524 2422 locutus
538 2399 689 2430 putaretur3
709 2396 766 2422 26⁴.
780 2394 877 2420 deinde
889 2402 975 2429 quum
989 2394 1046 2428 spi·
1066 2394 1068 2434 ζ

256 2432 322 2457 ritus
340 2432 399 2458 eius
416 2436 486 2459 esset
503 2433 649 2468 angustior,
670 2436 772 2458 tantum
786 2431 944 2458 continenda
957 2431 1045 2457 anima
1065 2435 1075 2480 Ji

254 2469 281 2494 in
299 2468 412 2495 dicendo
430 2473 470 2495 est
487 2474 635 2500 assecutus,
655 2473 686 2496 ut
702 2477 756 2495 una
774 2469 971 2495 continuatione
985 2476 1046 2494 ver-
1065 2483 1067 2505 ¹.

255 2505 349 2531 borum
368 2505 405 2541 (id
422 2507 495 2540 quod
513 2507 572 2533 eius
586 2507 683 2541 scripta
697 2505 839 2540 declarant)
853 2505 930 2532 binae
943 2506 967 2531 ei
980 2513 1045 2532 con—
1065 2515 1067 2534 1

255 2543 384 2568 tentiones
398 2543 470 2569 vocis
488 2548 513 2570 et
527 2544 697 2570 remissiones
711 2543 920 2575 continerentur,
943 2543 992 2577 qui
1005 2547 1045 2568 et-
1064 2540 1073 2577 l.

253 2580 307 2605 iam
321 2578 360 2614 (ut
373 2581 515 2606 memoriae
528 2580 663 2615 proditum
677 2580 857 2615 est)ooniectis
870 2580 898 2606 in
911 2588 941 2606 os
954 2579 1044 2606 calcu·
1063 2576 1072 2615 ξ

255 2615 297 2647 lis,
317 2625 423 2643 summa
441 2625 505 2643 voce
522 2626 616 2644 versus
634 2617 733 2644 multos
746 2625 801 2643 uno
813 2617 909 2652 spiritu
924 2625 1043 2651 pronun·
1063 2619 1066 2656 1

254 2653 318 2679 tiare
335 2654 538 2686 consuescebat;
566 2663 652 2690 neque
670 2655 694 2681 is
710 2655 859 2681 consistens
871 2654 900 2680 in
915 2653 979 2683 loco.
994 2652 1042 2680 sed
1062 2658 1066 2685 l

1042 130 1316 157 (mentiost-s·

1085 461 1087 492 ξ
1111 470 1136 487 re
1153 462 1227 487 vinus
1241 467 1281 488 est
1294 462 1432 497 Sulpicius
1446 468 1471 490 et
1485 464 1567 494 Cotta.
1587 465 1674 491 utrius
1690 465 1773 491 oratio
1790 465 1901 500 propius

1086 509 1087 526 1
1110 498 1142 524 ad
1158 500 1294 525 veritatem
1310 500 1444 527 videretur
1457 501 1590 528 accedere.
1616 502 1673 528 2⁶3.
1688 501 1757 528 ’rum
1771 501 1898 529 Crassus:

1086 546 1087 556 i
1109 536 1265 570 Operarium
1279 537 1355 563 nobis
1366 538 1768 573 quenidam.Antoni,oratorem
1781 538 1899 569 facinat-

1086 588 1087 606 ;
1109 581 1162 607 que
1177 573 1248 599 baud
1262 575 1326 605 scio,
1342 584 1374 601 nn
1389 574 1464 601 aliter
1478 576 1577 602 sentias
1591 580 1617 602 et
1630 580 1703 602 utare
1714 580 1757 602 tun
1769 575 1813 602 illa
1825 577 1899 603 miri-

1084 693 1086 696 ’
1108 685 1196 711 citatio
1206 691 1339 712 oratorum
1350 688 1454 721 propria
1466 687 1569 717 est.sed
1581 688 1632 714 iarn
1645 687 1898 723 inphilosophomm
1937 698 1940 702 ’

1084 723 1085 726 ’
1108 722 1301 749 consuetudine
1312 728 1431 750 versatur
1442 725 1610 760 maximeque
1620 725 1774 760 eorum.qui
1784 724 1816 751 de
1826 725 1898 752 omni
1935 748 1939 757 ,

1083 831 1085 839 ⁴
1107 835 1199 860 sertim
1210 834 1413 866 audientibus,a
1425 844 1466 862 mc
1477 835 1612 862 informari
1622 835 1847 871 oportermqualis
1856 844 1899 862 ω-

1084 891 1085 894 ,
1107 880 1135 897 se
1155 876 1243 906 posset
1261 873 1293 902 is.
1309 872 1356 906 qui
1377 872 1505 899 habitaret
1520 874 1545 899 in
1560 873 1698 899 subselliis
1714 881 1801 908 neque
1818 873 1899 908 quid-

1082 994 1083 1002 *
1105 984 1247 1010 censebam
1265 988 1403 1015 oratorem,
1424 985 1578 1019 praesertim
1598 985 1624 1011 in
1643 989 1731 1010 nostra
1750 984 1895 1020 republica.

1082 1018 1084 1039 ἶ
1107 1020 1209 1047 nullius
1222 1021 1368 1047 ornamenti
1383 1026 1517 1056 expertem
1532 1030 1591 1048 esse
1604 1026 1733 1056 oportere.
1748 1021 1788 1048 Tu
1797 1026 1895 1052 nutem.

1073 1472 1075 1481 ¹
1103 1472 1232 1503 surgeret,
1256 1466 1337 1494 simul
1356 1468 1485 1499 arridens,
1509 1468 1601 1502 Neque
1619 1468 1700 1498 enim,
1724 1468 1821 1503 inquit,
1841 1472 1894 1495 tam
1912 1480 1914 1485 ·

1070 2027 1071 2033 ¹
1099 2023 1236 2049 stitutione
1262 2023 1406 2057 potuisset;
1440 2022 1476 2049 M.
1504 2027 1592 2049 autem
1614 2022 1760 2049 Antonium
1781 2020 1888 2049 οιιιιιί’

1076 2170 1077 2177 ’
1098 2170 1187 2198 studio
1200 2171 1306 2198 dicendi
1317 2179 1330 2197 a
1340 2171 1458 2198 doctrina
1467 2171 1637 2200 deterrerent.
1650 2170 1863 2206 libenterid,qu
1876 2184 1891 2196 ·.

1068 2205 1069 2210 ¹
1097 2208 1163 2239 dixi,
1183 2207 1216 2234 de
1233 2207 1289 2235 illis
1305 2208 1454 2235 oratoribus
1468 2208 1656 2243 praedicarent,
1673 2212 1711 2239 ut,
1726 2208 1750 2234 si
1764 2207 1867 2234 homin

1111 201 1280 227 inambulans
1294 206 1374 236 atque
1386 210 1498 229 ucenm
1509 203 1536 230 ίιι
1604 204 1661 230 iens
1671 204 1762 231 uduo.
1775 206 1832 231 202.
1841 205 1901 232 llis-

1109 248 1139 264 ce
1152 247 1202 273 ego
1214 239 1449 270 cohortationibus.
1466 240 1567 271 erm.
1587 241 1620 267 nd
1638 240 1758 268 studium
1777 246 1802 268 et
1815 242 1847 269 od
1864 241 1901 268 Ιι-

1111 276 1200 301 horem
1216 276 1363 302 incitandos
1373 277 1484 304 iuvenes
1496 278 1665 305 vehementer
1674 279 1816 311 assentior,
1830 283 1900 306 cett-

1111 321 1219 347 rn,quae
1228 312 1399 348 collegistiex
1406 315 1486 341 variis
1492 314 1637 342 etdiversis
1648 315 1744 342 studiis
1755 316 1898 346 curtibus.

1111 350 1214 376 tametsi
1234 351 1290 384 ipsc
1309 359 1338 376 es
1355 352 1444 378 omnin
1457 357 1626 383 consecutus.
1642 357 1729 379 tumen
1743 353 1777 380 ab
1790 354 1901 380 onimi-

1111 388 1217 421 proprio
1229 387 1317 414 officio
1330 392 1410 423 atque
1423 397 1534 416 munere
1546 390 1664 416 seiuncta
1678 398 1737 416 csse
1751 389 1872 417 arbitror.

1166 424 1244 451 [ΧΗ.
1261 425 1329 451 llaec
1337 434 1423 460 quum
1438 426 1569 453 Antonius
1582 427 1704 458 dixisset.
1716 436 1780 454 sane
1794 427 1901 454 dubita-

1110 610 1156 636 fica
1171 611 1203 636 ad
1219 610 1393 638 refellendum
1408 613 1609 643 consuetudine,
1621 622 1674 648 qua
1685 613 1733 639 tibi
1748 622 1826 640 nemo
1840 622 1900 640 um-

1109 655 1189 682 quam
1205 649 1348 682 praestitit,
1363 650 1441 676 cuius
1455 650 1565 685 quidem
1580 651 1666 685 ipsius
1680 649 1814 677 facultatis
1823 659 1899 677 exer-
1923 676 1925 678 .

1108 768 1135 785 re
1150 761 1282 794 proposita
1297 761 1323 786 in
1340 766 1479 796 utramque
1498 767 1597 796 partem
1613 761 1698 788 solent
1715 762 1899 797 copiosissime
1936 782 1938 786 .

1107 796 1204 823 dicere.
1217 798 1275 824 2615.
1284 798 1380 824 Verum
1393 807 1442 834 ego
1451 808 1503 825 non
1514 798 1761 829 solumarbitrabar.
1770 799 1813 825 his
1823 807 1899 834 pree—
1924 833 1925 836 Ἴ
1936 800 1937 805 ’

1106 917 1187 943 quam
1198 908 1315 943 amplius
1325 909 1435 940 afferret.
1443 918 1523 944 quam
1533 910 1605 945 quod
1615 918 1770 936 caussarum
1782 911 1899 937 necessi·
1928 911 1936 940 ’,

1107 950 1145 971 tas
1164 946 1321 980 postularet;
1350 946 1397 973 sed
1416 948 1503 973 maius
1520 947 1649 982 quiddam
1664 947 1797 979 videbam.
1812 956 1897 983 quum
1932 942 1936 978 Ξ

1105 1059 1232 1092 quoniam
1255 1058 1362 1093 exiguis
1383 1059 1547 1093 quibusdam
1571 1058 1671 1085 finibus
1690 1063 1773 1085 totum
1787 1060 1898 1086 oratoris
1919 1061 1922 1087 “,

1106 1103 1206 1121 munus
1223 1095 1432 1126 circumdedisti,
1453 1096 1502 1122 hoc
1516 1095 1621 1122 facilius
1635 1096 1712 1122 nobis
1725 1104 1843 1131 expones
1855 1105 1895 1127 ea.

1105 1140 1174 1167 quae
1187 1132 1235 1158 abs
1250 1137 1274 1158 te
1287 1132 1320 1158 de
1333 1132 1430 1159 officiis
1443 1134 1645 1168 praeceptisque
1656 1134 1767 1160 oratoris
1776 1134 1896 1168 quaesit·

1105 1174 1180 1202 suntg
1209 1169 1255 1195 sed
1269 1170 1364 1204 opinor
1376 1170 1525 1197 secundum
1540 1171 1612 1197 hunc
1625 1170 1707 1197 diem.
1741 1170 1811 1197 Satis
1825 1171 1896 1197 enim
1923 1193 1930 1200 ..

1106 1206 1189 1233 multa
1202 1215 1217 1232 a
1231 1206 1308 1233 nobis
1322 1206 1401 1233 hodie
1414 1207 1482 1234 dicta
1497 1212 1569 1234 sunt.
1587 1209 1646 1234 265.
1658 1208 1734 1234 Nunc
1748 1212 1773 1234 et
1783 1207 1897 1234 Scaevo-
1920 1206 1922 1209 ’

1106 1243 1273 1279 la,quoniam
1287 1244 1315 1270 in
1325 1244 1507 1271 Tusculanum
1518 1245 1555 1271 ire
1565 1245 1709 1275 constituit.
1722 1244 1844 1279 paullum
1855 1254 1898 1271 re-
1926 1276 1928 1278 ¹

1104 1281 1232 1316 quiescet,
1241 1281 1306 1307 dum
1317 1289 1345 1307 se
1355 1281 1426 1308 calor
1436 1282 1551 1317 frangat3
1567 1286 1591 1308 et
1602 1291 1650 1308 nos
1661 1282 1857 1317 ipsi,qu0niam
1868 1281 1896 1308 id
1922 1298 1927 1305 -

1105 1319 1231 1353 temporis
1249 1322 1298 1349 est,
1314 1318 1461 1345 valetudini
1481 1319 1578 1345 demus
1591 1327 1708 1354 operam.
1742 1318 1845 1346 Placuit
1857 1319 1897 1346 sic
1921 1353 1926 1356 -

1103 1355 1239 1382 omnibus.
1251 1356 1318 1382 Tum
1330 1354 1464 1387 Scaevola,
1476 1356 1552 1387 Sane,
1561 1355 1760 1391 inquit,vellem
1771 1365 1823 1383 non
1832 1364 1897 1384 con-
1916 1356 1921 1391 ,’

1104 1393 1261 1423 sfituissem,
1277 1393 1305 1419 in
1319 1392 1504 1420 Tusculanum
1520 1402 1563 1419 me
1576 1393 1655 1420 hodie
1669 1398 1811 1420 venturum
1825 1402 1893 1425 esse,
1916 1415 1922 1426 -.

1104 1430 1202 1457 Laelio.
1233 1430 1357 1457 Libenter
1369 1430 1491 1457 audirem
1504 1430 1659 1457 Antonium.
1690 1430 1732 1461 Et,
1747 1439 1834 1465 quum
1847 1439 1896 1458 ex·
1918 1429 1925 1439 '

1103 1505 1170 1531 mihi
1185 1504 1314 1531 molestus
1329 1504 1469 1540 fuit,quod
1483 1505 1526 1531 ius
1540 1509 1659 1531 nostrum
1670 1505 1749 1531 civile
1759 1505 1892 1540 pervellit,

1102 1550 1184 1577 quam
1198 1541 1343 1574 iucundus,
1359 1542 1433 1578 quod
1445 1550 1475 1569 se
1487 1542 1515 1568 id
1530 1543 1631 1569 nescire
1643 1541 1783 1569 confessus
1796 1547 1845 1568 ost.

1903 1561 1916 1607 t

1382 1628 1611 1643 ...=,.....‚-
1898 1608 1917 1706 ξ

1897 1684 1917 1725 ἢ,

1899 1729 1914 1772 .¹‹

1480 1745 1504 1770 8.

1257 1797 1412 1826 LIBER
1446 1796 1730 1827 SECUNDUS.

1155 1911 1175 1937 1.
1192 1913 1216 1937 t.
1235 1905 1339 1947 Magna
1358 1911 1435 1938 nobis
1452 1912 1552 1946 pueris.
1573 1910 1670 1943 Quinte
1688 1910 1776 1942 frater,
1796 1911 1820 1937 si
1833 1919 1892 1938 me-

1100 1948 1184 1974 moria
1200 1952 1283 1979 tenes,
1303 1949 1394 1983 opinio
1412 1948 1472 1979 suit,
1491 1948 1522 1974 L.
1542 1948 1668 1975 Crassum
1687 1957 1739 1975 non
1753 1947 1816 1983 plus
1829 1948 1874 1974 a·'

1099 1986 1171 2021 gisse
1185 1985 1327 2016 doctrinae,
1343 1994 1424 2021 quam
1438 1989 1570 2020 quantum
1583 1986 1669 2020 prima
1682 1985 1729 2012 illa
1738 1984 1837 2020 puerili
1849 1985 1869 2007 '-

1099 2061 1186 2086 omnis
1207 2060 1365 2086 eruditionis
1386 2064 1522 2094 expertem
1544 2063 1624 2094 atque
1646 2060 1770 2095 ignarum
1789 2059 1888 2087 fuisse
1906 2070 1909 2074 ·

1099 2101 1227 2132 erantque
1240 2097 1327 2128 multi,
1339 2097 1569 2132 qui.quamquam
1583 2105 1635 2123 non
1649 2097 1684 2123 ita
1697 2105 1757 2123 sese
1771 2104 1827 2123 rem
1848 2109 1852 2119 ·
1865 2109 1867 2111 ·
1878 2124 1883 2126 ,
1896 2107 1897 2111 ’

1099 2134 1161 2160 bere
1179 2134 1377 2165 arbitrarentur,
1398 2138 1495 2164 tamen.
1515 2142 1570 2169 quo
1583 2133 1689 2160 facilius
1703 2142 1751 2160 nos
1763 2133 1867 2160 incen
1878 2149 1892 2155 γ-

1097 2254 1150 2272 ιιοιι
1163 2245 1261 2272 eruditi
1274 2254 1408 2272 summam
1422 2249 1510 2272 essent
1523 2244 1692 2280 prudentiam
1708 2249 1788 2280 atque
1801 2245 1829 2271 in
1865 2262 1870 2266 ·
1887 2251 1891 2257 “

1067 2284 1070 2294 ’
1097 2282 1207 2309 dibilem
1225 2282 1405 2317 eloquentiam
1423 2287 1566 2313 consecuti,
1586 2282 1674 2308 inanis
1691 2282 1780 2308 omnis
1797 2290 1869 2308 nos·-

1097 2327 1156 2346 esse
1174 2319 1248 2346 labor
1265 2324 1291 2346 et
1307 2319 1421 2346 stultum
1439 2319 1466 2346 in
1484 2318 1562 2346 nobis
1575 2318 1729 2345 erudiendis
1742 2319 1825 2354 patris
1845 2332 1866 2341 ..

1096 2357 1152 2387 stri.
1168 2357 1263 2391 optimi
1276 2365 1306 2383 ac
1319 2356 1522 2392 prudentissimi
1535 2355 1725 2386 viri‚studium
1739 2355 1801 2382 vide
1821 2367 1824 2370 >
1838 2367 1852 2378 ··
1870 2365 1879 2384 -e

1096 2395 1121 2420 2.
1136 2393 1209 2426 Quos
1227 2398 1294 2425 tum.
1316 2398 1345 2420 ut
1362 2393 1448 2428 pueri.
1464 2392 1578 2420 refutare
1591 2392 1745 2419 domesticis
1758 2392 1849 2420 testib
1862 2412 1865 2414 -

1096 2436 1177 2465 patre,
1198 2435 1223 2457 et
1236 2431 1266 2458 C.
1281 2430 1424 2462 Aculeone,
1444 2430 1595 2465 propinquo
1608 2434 1706 2461 nostro,
1725 2433 1752 2456 et
1763 2429 1794 2456 L.
1809 2429 1888 2457 en:-

1095 2476 1158 2494 rone
1180 2473 1282 2503 patruo,
1307 2467 1468 2498 solebamus,
1491 2466 1565 2502 quod
1586 2466 1620 2493 de
1637 2466 1732 2493 Crasso
1748 2471 1831 2501 pater,
1877 2493 1882 2495 .

1095 2505 1202 2536 Aculeo,
1209 2505 1336 2541 (quocum
1350 2509 1406 2531 erat
1418 2509 1506 2531 nostra
1519 2503 1765 2539 matertera.)quem
1771 2503 1880 2532 Crass

1093 2542 1188 2569 dilexit
1204 2551 1239 2569 ex
1255 2542 1381 2569 omnibus
1398 2541 1556 2576 plurimum,
1575 2545 1602 2567 et
1618 2545 1739 2576 patruus,
1759 2541 1806 2576 qui

1093 2579 1208 2606 Antonio
1223 2580 1252 2606 in
1269 2579 1390 2606 Ciliciam
1407 2577 1541 2613 profectus
1559 2586 1612 2604 una
1624 2577 1782 2609 decesserat,
1798 2576 1855 2604 mul
1865 2583 1875 2605 ζ

1093 2616 1170 2643 nobis
1195 2616 1229 2643 de
1253 2617 1314 2643 eius
1338 2615 1429 2642 studio
1453 2615 1625 2650 doctrinaque
1650 2623 1729 2650 saepe
1751 2614 1855 2641 narravi
1868 2621 1880 2645 ’,η

1092 2662 1232 2689 quumque
1241 2662 1288 2680 nos
1293 2662 1355 2680 cum
1366 2652 1532 2679 consobrinis
1543 2653 1648 2682 nostris,
1655 2651 1798 2678 Aculeonis
1807 2651 1856 2678 fili·
1872 2668 1880 2675 ν.
