1941 3052
232 140 605 168 TUSCULANARUM
635 139 1015 168 DISPUTATIONUM
1048 141 1129 168 LIB.
1160 142 1211 168 111.
1243 141 1334 169 CAP.

55 217 144 240 autem
163 213 258 247 μανίαν
278 211 350 238 unde
373 211 522 247 appellent,
548 220 601 239 non
624 210 702 237 facile
723 211 849 238 dixerim.

55 251 121 277 Eam
141 254 229 276 tamen
249 249 337 284 ipsam
357 249 553 285 distinguimus
569 257 618 275 nos
633 248 746 280 melius,
768 257 851 283 quam

55 287 106 313 illi.
147 287 220 312 Hanc
230 287 303 313 enim
317 286 464 318 insaniam,
480 295 551 321 quae
562 287 652 313 iuncta
662 286 791 313 stultitiae
803 295 852 320 pa-

55 328 92 351 tet
107 323 201 354 latius,
218 332 233 350 a
249 323 338 350 furore
353 324 549 360 disiungimus.
590 324 685 350 Graeci
701 323 796 350 volunt
811 323 851 349 illi

55 360 176 396 quidem,
189 360 236 387 sed
248 369 343 396 parum
356 361 445 388 valent
456 361 551 387 verbo:
569 369 650 396 quem
662 369 710 387 nos
722 360 848 391 furorem,

54 399 229 434 μελαγχολίαν
244 398 285 424 illi
300 404 405 425 vocant.
445 398 527 430 Quasi
544 407 606 424 vero
622 403 677 424 atra
698 398 747 424 bili
763 397 850 424 solum

55 443 145 466 mens,
162 444 192 462 ac
207 443 259 462 non
271 444 350 470 saepe
364 435 406 462 vel
418 435 558 462 iracundia
569 437 692 471 graviore
704 435 745 461 vel
758 436 851 461 timore

55 472 98 499 vel
109 472 200 499 dolore
216 478 368 499 moveatur:
389 482 442 508 quo
457 481 555 508 genere
569 473 771 503 Athamantem,
790 471 852 498 Alc-

54 518 208 540 maeonem,
226 510 348 542 Aiacem,
364 510 485 536 Orestem
503 510 590 536 furere
606 510 738 535 dicimus:
755 510 804 544 qui
816 510 851 535 ita

54 547 91 573 sit
101 546 224 578 affectus,
242 556 304 573 eum
315 547 456 574 dominum
468 556 527 574 esse
539 556 627 573 rerum
639 556 749 573 suarum
762 551 852 573 vetant

54 583 198 610 duodecim
213 584 331 611 tabulae.
370 586 462 620 Itaque
478 593 530 611 non
540 589 580 611 est
590 585 736 618 scriptum,
758 593 784 610 si
805 593 852 609 is-

52 630 157 652 SANUS,
183 622 232 648 sed
251 631 276 648 sr
296 631 438 648 Pnnlosus
458 631 542 648 asel-r
553 621 576 648 *.
616 621 764 648 Stultitiam
778 621 850 647 enim

53 663 231 690 censuerunt,
244 660 392 685 constantia
407 659 434 685 id
446 664 486 685 est
496 660 608 685 sanitate
623 663 775 689 vacantem,
788 666 852 693 pos-

54 703 84 722 se
94 700 183 722 tamen
195 697 265 722 tueri
275 696 487 723 mediocritatem
498 696 649 723 officiorum
660 701 686 722 et
695 696 766 722 vitae
777 704 852 721 com-

54 741 166 760 munem
176 733 280 760 cultum
291 738 371 768 atque
382 735 521 760 usitatum.
552 734 680 760 Furorem
692 737 780 759 autem
792 740 851 758 esse

54 771 105 797 rati
121 775 185 797 sunt
200 771 298 797 mentis
313 771 346 797 ad
361 772 451 797 omnia
467 771 632 797 caecitatem.
672 770 750 802 Quod
765 778 851 804 quum

54 808 144 834 maius
157 816 217 834 esse
228 808 364 839 videatur,
381 817 464 843 quam
480 808 584 834 insania
593 829 599 838 ‚
616 813 705 834 tamen
717 806 851 833 eiusmodi

54 850 103 876 est,
116 850 146 871 ut
157 845 230 871 furor
240 846 268 871 in
279 846 429 880 sapientem
439 845 534 872 cadere
545 846 639 880 possit,
649 853 700 871 non
712 845 798 879 possit
809 845 852 870 in-

53 883 140 909 sania.
180 882 233 908 Sed
250 882 316 909 haee
330 882 382 909 alia
396 883 518 918 quaestio
529 887 578 909 est.
619 883 673 909 Nos
684 882 716 908 ad
728 882 852 917 proposi-

54 923 112 946 tum
124 924 299 946 revertamur.

110 956 153 983 vl.
177 958 217 983 ⁴2.
239 956 353 988 Cadere,
369 957 478 992 opinor,
496 957 524 983 in
538 957 688 991 sapientem
704 955 853 992 aegritudi-

54 1001 116 1020 nem
127 993 176 1020 tibi
188 993 283 1020 dixisti
294 993 392 1020 videri.
431 994 464 1021 Α.
481 994 514 1021 Ει
526 1002 590 1020 vero
601 995 637 1020 ita
648 995 784 1021 existimo.
815 994 850 1020 M.

53 1031 209 1057 Humanum
220 1031 249 1057 id
259 1031 380 1066 quidem,
395 1031 469 1066 quod
479 1032 515 1058 ita
525 1032 676 1058 existimas.
709 1032 767 1058 Non
779 1032 853 1057 enim

54 1067 131 1095 silice
143 1069 198 1095 nati
213 1077 323 1095 sumus:
339 1068 388 1095 sed
403 1074 444 1095 est
457 1072 551 1096 natura
563 1068 617 1095 fere
629 1070 656 1096 in
668 1069 767 1095 animis
778 1074 853 1095 tene-

54 1113 115 1132 rum
130 1105 262 1141 quiddam
277 1111 357 1141 atque
377 1105 472 1137 molle,
494 1106 568 1141 quod
583 1107 753 1142 aegritudine
773 1107 852 1141 quasi

54 1147 212 1178 tempestate
223 1144 369 1178 quatiatur.
409 1144 464 1170 Nec
475 1143 592 1170 absurde
603 1144 714 1170 Crantor
725 1143 786 1174 ille,
803 1144 852 1179 qui

54 1180 83 1206 in
94 1185 182 1207 nostra
189 1180 333 1207 Academia
345 1180 388 1207 vel
400 1181 428 1207 in
439 1181 536 1216 primis
548 1180 600 1207 fuit
611 1181 720 1212 nobilis,
729 1182 850 1212 Minime,

54 1218 158 1252 inquit,
175 1219 306 1245 assentior
316 1218 364 1249 iis,
382 1219 431 1253 qui
444 1219 524 1245 istam
534 1220 625 1245 nescio
635 1227 717 1254 quam
728 1218 854 1245 indolen-

54 1255 120 1281 tiam
135 1263 233 1291 magno
247 1264 327 1290 opere
343 1255 465 1282 laudant:
488 1264 557 1291 quae
569 1264 619 1282 nec
629 1261 717 1291 potest
727 1256 782 1283 ulla
793 1264 853 1282 esse

54 1300 105 1318 nec
115 1291 204 1319 debet.
243 1293 282 1319 Ne
293 1297 417 1329 aegrotus
428 1293 490 1324 sim,
503 1294 605 1328 inquit:
618 1294 674 1325 sin,
689 1294 721 1325 is,
734 1294 782 1328 qui
794 1293 854 1320 fue-

54 1333 107 1361 rat,
125 1338 222 1356 sensus
238 1330 321 1361 adsit,
338 1331 397 1357 sive
412 1335 517 1357 secetur
530 1331 611 1366 quid,
628 1332 686 1357 sive
697 1330 829 1358 avellatur
839 1339 853 1357 a

54 1375 175 1402 corpore.
215 1368 283 1394 Nam
303 1368 373 1394 istuc
396 1367 465 1394 nihil
486 1367 576 1394 dolere
600 1377 653 1395 non
673 1370 732 1395 sine
756 1377 853 1404 magna

54 1404 179 1431 mercede
190 1405 335 1440 contingit,
348 1405 524 1432 immanitatis
536 1406 563 1432 in
575 1406 678 1437 animo,
696 1407 814 1441 stuporis
826 1406 853 1432 in

54 1449 175 1476 corpore.
218 1443 257 1468 43.
279 1442 333 1469 Sed
348 1442 504 1474 videamus,
522 1451 571 1469 nec
586 1443 652 1470 haec
665 1445 748 1470 oratio
758 1445 794 1470 sit
805 1443 854 1470 bo-

53 1479 161 1505 minum
176 1480 371 1506 assentantium
389 1484 494 1507 nostrae
510 1480 690 1507 imbecillitati
710 1485 736 1507 et
762 1480 855 1507 indul-

54 1517 177 1552 gentium
189 1516 368 1544 mollitudini:
382 1526 430 1544 nos
441 1522 530 1544 autem
542 1518 690 1545 audeamus
701 1527 754 1545 non
765 1518 853 1545 solum

55 1561 144 1580 ramos
155 1558 294 1588 amputare
308 1555 494 1586 miseriarum,
511 1555 559 1581 sed
573 1564 667 1582 omnes
684 1555 805 1582 radicum
823 1556 855 1582 fi-

54 1590 117 1617 bras
136 1591 261 1618 evellere.
301 1592 401 1619 Tamen
419 1592 524 1627 aliquid
542 1593 711 1628 relinquetur
726 1593 851 1620 fortasse:

54 1628 91 1655 ita
105 1632 169 1655 sunt
183 1628 251 1655 altae
262 1629 360 1664 stirpes
371 1629 514 1663 stultitiam
531 1630 579 1656 sed
592 1630 760 1666 relinquetur
771 1631 798 1657 id
810 1639 854 1657 so-

55 1664 121 1696 ium,
134 1665 208 1701 quod
218 1667 269 1693 erit
279 1668 473 1694 necessarium.
514 1667 584 1694 Illud
595 1668 707 1703 quidem
719 1669 759 1694 sic
770 1668 854 1695 habe-

53 1706 89 1734 to,
102 1703 156 1729 nisi
169 1708 280 1730 sanatus
290 1704 399 1731 animus
410 1705 454 1735 sit,
467 1704 540 1740 quod
552 1705 610 1731 sine
622 1705 794 1741 philosophia
806 1706 854 1732 fie-

54 1740 78 1766 ri
89 1748 141 1766 non
153 1745 248 1776 potest,
262 1741 342 1768 finem
353 1742 524 1768 miseriarum
537 1742 643 1769 nullum
656 1742 720 1769 fore.
752 1743 854 1776 Quam-

53 1777 161 1809 obrem,
183 1779 312 1813 quoniam
327 1779 481 1814 coepimuS,
499 1779 636 1806 tradamus
652 1789 700 1807 nos
715 1781 740 1807 ei
755 1789 854 1807 curan—

53 1813 117 1841 dos:
134 1815 305 1847 sanabimur,
321 1817 345 1842 si
357 1816 489 1843 volemus.
530 1817 563 1843 Et
573 1818 730 1853 progrediar
740 1818 853 1853 quidem

54 1851 177 1888 longius:
193 1861 246 1880 non
257 1853 329 1880 enim
341 1853 374 1880 de
384 1853 554 1890 aegritudine
565 1854 654 1881 solum
662 1876 668 1886 ,
685 1863 852 1891 quamquam

53 1888 83 1915 id
93 1889 205 1924 quidem
216 1891 335 1925 primum
344 1911 350 1922 ‚
363 1891 411 1917 sed
421 1891 454 1917 de
465 1892 539 1918 omni
550 1893 648 1923 animi,
662 1897 692 1920 ut
701 1901 751 1929 ego
763 1894 851 1928 posui,

54 1925 269 1960 perturbatione,
286 1927 403 1962 (morbo,
422 1933 451 1955 ut
461 1929 557 1955 Graeci
569 1929 685 1965 volunt.)
699 1930 851 1965 explicabo.

54 1963 87 1990 Et
100 1963 197 1998 primo,
209 1964 233 1990 si
244 1964 499 1999 plaeet‚Stoicorum
511 1974 584 1993 more
595 1975 717 2002 agamus,
729 1969 778 2002 qui
792 1968 853 1994 bre-

54 2001 124 2027 viter
139 2001 287 2036 astringere
303 2001 390 2029 solent
404 2008 576 2039 argumenta:
593 2003 693 2031 deinde
707 2009 797 2032 nostro
811 2006 854 2032 in-

53 2038 147 2064 stituto
158 2039 330 2074 vagabimur.

111 2075 166 2102 vn.
190 2077 230 2102 Μ.
249 2075 302 2108 Qui
314 2076 390 2103 fortis
401 2081 456 2108 est,
473 2076 547 2104 idem
557 2082 598 2104 est
608 2077 708 2105 fidens:
723 2079 853 2114 quoniam

53 2111 206 2144 confidens,
219 2113 289 2140 mala
300 2114 496 2141 consuetudine
508 2114 645 2150 loquendi,
659 2116 686 2142 in
698 2116 765 2142 vitio
776 2117 854 2151 poni—

54 2154 111 2180 tur.
133 2149 246 2177 ductum
267 2151 382 2178 verbum
398 2159 412 2178 a
429 2154 587 2185 confidendo,
609 2152 682 2188 quod
699 2153 786 2179 laudis
802 2158 851 2180 est.

53 2185 106 2219 Qui
117 2191 206 2214 autem
217 2192 259 2214 est
267 2187 363 2220 fidens,
376 2189 400 2215 is
411 2188 530 2224 profecto
541 2197 593 2216 non
605 2191 767 2217 extimescit.
793 2191 854 2217 Dis-

53 2228 144 2259 crepat
154 2225 227 2251 enim
238 2234 252 2251 a
264 2225 384 2252 timendo
395 2228 530 2260 confidere.
572 2227 661 2262 Atque
676 2228 703 2254 in
715 2236 797 2263 quem
808 2236 853 2254 ca-

53 2260 94 2288 dit
107 2261 261 2297 aegritudo,
279 2263 307 2289 in
320 2262 447 2289 eumdem
463 2264 552 2290 timor.
592 2263 712 2296 Quarum
726 2266 798 2292 enim
811 2274 854 2292 re-

53 2306 114 2325 rum
123 2300 274 2334 praesentia
285 2308 381 2326 sumus
392 2301 420 2326 in
432 2300 611 2336 aegritudine,
627 2302 735 2329 easdem
746 2303 853 2338 impen-

53 2334 148 2362 dentes
162 2341 188 2363 et
203 2337 342 2364 venientes
356 2337 494 2364 timemus.
535 2339 572 2365 lta
591 2338 632 2370 lit,
655 2344 685 2366 ut
701 2339 851 2367 fortitudini

53 2373 194 2408 aegritudo
208 2379 350 2410 repugnet.
390 2374 544 2402 Verisimile
557 2380 598 2402 est
613 2377 710 2413 igitur,
728 2378 755 2404 in
769 2386 851 2412 quem

52 2409 130 2437 cadat
144 2411 298 2446 aegritudo,
314 2411 409 2439 cadere
421 2412 447 2438 in
459 2412 585 2439 eumdem
598 2415 721 2441 timorem
732 2419 758 2441 et
769 2414 852 2441 infra-

52 2447 168 2473 ctionem
185 2448 332 2483 quamdam
348 2449 432 2476 animi
443 2454 470 2476 et
484 2449 688 2478 demissionem.
728 2451 802 2484 Quae
823 2453 850 2478 in

52 2491 135 2519 quem
146 2484 254 2517 cadunt.
268 2487 295 2513 in
306 2486 434 2513 eumdem
444 2486 528 2517 cadit.
542 2492 571 2514 ut
581 2489 694 2518 serviat.
707 2493 738 2515 ut
748 2490 850 2515 victum

53 2529 82 2547 se
97 2521 262 2558 quandoque
277 2531 337 2550 esse
353 2523 476 2550 fateatur.
516 2523 590 2556 Quae
600 2526 649 2560 qui
660 2526 764 2560 recipit,
782 2527 851 2553 reci-

51 2558 109 2593 piat
120 2558 192 2585 idem
203 2567 314 2587 necesse
324 2565 366 2587 est
376 2561 547 2588 timiditatem
562 2567 589 2588 et
603 2563 751 2598 ignaviam.
791 2563 849 2590 Non

51 2594 153 2622 cadunt
165 2600 255 2624 autem
266 2597 332 2625 baec
343 2598 370 2625 in
383 2599 472 2625 virum
489 2598 596 2626 fortem:
616 2600 623 2626 i
646 2600 699 2626 itur
713 2608 746 2626 ne
762 2601 851 2636 aegri—

51 2632 118 2659 tudo
127 2633 250 2668 quidem.
289 2635 324 2662 At
333 2643 413 2662 nemo
422 2637 541 2671 sapiens,
557 2637 611 2663 nisi
633 2637 708 2664 ortis.
736 2637 793 2664 Non
805 2646 850 2664 ca-

52 2668 92 2696 dit
102 2677 166 2707 ergo
177 2670 205 2699 in
215 2672 366 2708 sapientem
376 2673 527 2710 aegritudo.
552 2675 591 2701 ⁴5.
608 2674 744 2702 Praeterea
755 2683 849 2703 neces-

1366 143 1382 169 2
1401 158 1438 163 —-
1478 165 1482 170 .
1632 147 1694 171 4069

901 219 929 237 se
940 216 994 242 est,
1011 213 1059 247 qui
1072 212 1146 239 fortis
1157 213 1205 243 sit,
1222 213 1348 239 eumdem
1359 222 1418 240 esse
1429 215 1520 250 magni
1532 215 1628 242 animi:
1647 216 1694 250 qui

902 250 993 284 magni
1004 250 1087 276 animi
1098 251 1145 280 sit,
1159 251 1306 277 invictum:
1324 252 1372 285 qui
1386 252 1504 278 invictus
1516 252 1563 283 sit,
1579 261 1641 278 eum
1654 261 1696 278 res

902 286 1034 313 humanas
1057 287 1196 322 despicere
1216 292 1295 322 atque
1317 288 1386 314 infra
1401 297 1429 314 se
1445 290 1545 323 positas
1561 289 1694 316 arbitrari.

901 324 1043 358 Despicere
1064 330 1152 351 autem
1168 333 1247 351 nemo
1262 330 1349 359 potest
1364 334 1408 351 eas
1427 335 1482 356 res,
1506 332 1614 361 propter
1628 335 1695 361 quas

903 361 1072 396 aegritudine
1083 361 1154 388 affici
1166 367 1261 396 potest.
1296 363 1337 389 Ex
1347 371 1400 397 quo
1411 362 1535 394 efficitur,
1550 363 1643 390 fortem
1655 365 1698 390 vi-

903 407 963 424 rum
979 399 1147 433 aegritudine
1162 408 1309 434 numquam
1323 399 1403 426 allici.
1443 400 1543 427 Omnes
1554 406 1642 427 autem
1654 410 1698 427 sa-

903 436 1006 469 pientes
1023 435 1113 462 fortes.
1154 437 1211 462 Non
1227 436 1298 462 cadit
1314 437 1396 472 igitur
1411 438 1439 464 in
1450 438 1599 472 sapientem
1610 439 1699 474 aegri-

903 472 976 499 tudo.
1017 473 1049 499 Et
1063 473 1292 507 quemadmodum
1303 474 1398 500 oculus
1410 475 1583 501 conturbatus
1595 484 1647 502 non
1659 480 1699 502 est

902 510 984 543 probe
1000 509 1109 536 affectus
1124 510 1157 536 ad
1172 519 1252 536 suum
1269 519 1368 537 munus
1385 511 1567 547 fungendum:
1590 518 1615 539 et
1635 512 1699 538 reli—

902 555 971 580 quae
990 552 1078 581 partes
1094 552 1213 573 totumve
1229 557 1327 582 corpus
1342 553 1411 575 statu
1427 558 1512 584 quum
1528 554 1569 576 est
1583 555 1696 580 motum,

902 584 977 610 deest
991 584 1080 610 officio
1094 593 1143 610 suo
1158 590 1184 611 et
1199 586 1318 611 muneri:
1341 587 1380 612 sic
1395 587 1570 613 conturbatus
1591 588 1698 613 animus

903 630 954 647 non
966 626 1006 647 est
1016 626 1095 656 aptus
1106 621 1139 647 ad
1150 622 1354 657 exsequendum
1367 632 1466 649 munus
1478 633 1568 650 suum.
1599 624 1699 650 Munus

903 664 991 684 autem
1003 660 1087 685 animi
1099 664 1139 685 est
1150 660 1250 685 ratione
1261 660 1329 686 bene
1341 661 1393 686 uti.-
1410 666 1436 687 et
1450 662 1579 696 sapientis
1591 663 1698 687 animus

903 697 938 722 ita
950 695 1172 730 semperal'fectus
1183 702 1231 727 est,
1240 698 1376 724 utratione
1387 699 1486 732 optime
1498 704 1597 725 utatur.
1614 699 1700 724 Num·

903 741 984 767 quam
998 734 1081 768 igitur
1093 738 1133 759 est
1143 734 1325 768 perturbatus.
1365 735 1398 761 At
1409 735 1547 771 aegritudo
1559 736 1700 770 perturba-

902 771 940 796 tio
960 775 1001 796 est
1025 771 1118 797 animi.
1164 770 1277 805 Semper
1296 772 1379 807 igitur
1398 780 1428 798 ea
1452 773 1560 807 sapiens
1582 773 1697 799 vacabit.

902 808 969 834 VIII.
987 809 1026 834 46.
1048 808 1111 833 Veri
1126 809 1207 834 etiam
1223 808 1312 834 simile
1328 808 1396 834 illud
1412 815 1465 840 est,
1483 811 1529 844 qui
1546 811 1581 836 sit
1597 815 1700 844 tempe-

903 853 978 875 rans,
996 853 1077 879 quem
1093 845 1188 871 Graeci
1205 845 1331 881 σώφρονα
1342 846 1478 880 appellant
1488 855 1602 881 eamque
1614 848 1700 873 virtu-

903 887 956 908 tem
976 882 1151 917 σωφροσύνην
1170 888 1278 913 vocant,
1300 891 1382 917 quam
1402 883 1475 910 soleo
1495 884 1622 918 equidem
1643 890 1700 910 tum

904 920 1122 954 temperantiam.
1145 924 1202 946 tum
1225 919 1434 947 moderationem
1457 921 1606 956 appellare,
1634 930 1701 948 non-

904 965 1054 991 numquam
1065 957 1145 983 etiam
1158 956 1330 983 modestiam:
1347 957 1394 984 sed
1406 958 1479 984 haud
1495 959 1563 987 scio,
1582 967 1614 985 an
1630 964 1701 985 recte

904 1003 933 1020 ea
949 995 1035 1020 virtus
1051 993 1192 1030 frugalitas
1207 994 1338 1029 appellari
1353 996 1450 1029 possit,
1467 996 1541 1030 quod
1558 997 1701 1032 angustius

904 1031 976 1067 apud
991 1032 1106 1058 Graecos
1118 1031 1201 1063 valet,
1224 1033 1270 1067 qui
1284 1031 1355 1067 frugi
1367 1033 1490 1059 homines
1499 1035 1642 1069 χρησίμους
1654 1042 1703 1068 ap-

882 1069 883 1076 *
904 1069 1018 1104 pellant,
1035 1069 1062 1095 id
1078 1074 1118 1095 est
1130 1069 1314 1096 tantummodo
1325 1070 1418 1103 utiles,
1436 1075 1461 1096 at
1472 1070 1541 1096 illud
1553 1076 1592 1097 est
1604 1070 1697 1097 latius:

904 1112 944 1133 est
959 1107 1032 1133 enim
1047 1107 1136 1132 omnis
1151 1107 1327 1138 abstinentia,
1350 1108 1438 1134 omnis
1457 1108 1607 1134 innocentia
1624 1109 1701 1143 (quae

904 1144 977 1179 apud
988 1144 1103 1170 Graecos
1117 1145 1247 1171 usitatum
1258 1153 1356 1171 nomen
1368 1145 1475 1171 nullum
1487 1145 1580 1176 habet,
1594 1146 1641 1172 sed
1654 1145 1702 1171 ha-

904 1182 967 1208 bere
979 1186 1066 1216 potest
1077 1181 1230 1216 ‹iffi-tisiam:
1244 1190 1306 1208 nam
1318 1187 1357 1208 est
1369 1183 1520 1209 innocentia
1527 1183 1630 1210 affectio
1641 1182 1701 1209 talis

904 1220 998 1250 animi,
1014 1227 1083 1253 quae
1094 1224 1186 1245 noceat
1197 1219 1308 1254 nemini)
1319 1234 1356 1239 —-
1367 1219 1485 1254 reliquas
1497 1221 1576 1247 etiam
1589 1221 1702 1247 virtutes

905 1256 1046 1292 frugalitas
1057 1257 1184 1282 continet.
1211 1256 1284 1288 Quae
1296 1257 1349 1283 nisi
1362 1262 1521 1288 tantaesset‚
1537 1262 1563 1284 et
1574 1259 1597 1284 si
1610 1259 1643 1284 iis
1655 1266 1703 1284 an-

904 1294 1012 1329 gustiis,
1026 1293 1127 1328 quibus
1139 1293 1262 1328 plerique
1274 1299 1377 1328 putant,
1391 1299 1538 1325 teneretur,
1553 1303 1702 1330 numquam

904 1336 975 1357 esset
986 1331 1015 1357 L.
1029 1331 1134 1356 Pisonis
1145 1339 1292 1366 cognomen
1305 1336 1376 1358 tanto
1387 1340 1466 1366 opere
1480 1331 1627 1358 laudatum.
1663 1333 1700 1358 Π.

905 1368 958 1395 Sed
968 1369 1032 1403 quia
1044 1376 1101 1398 nec,
1110 1369 1158 1402 qui
1169 1373 1277 1403 propter
1288 1373 1389 1395 metum
1401 1368 1567 1403 praesidium
1580 1369 1700 1404 reliquit,

904 1406 988 1441 (quod
999 1410 1039 1432 est
1049 1406 1196 1441 ignaviae.)
1212 1414 1273 1437 nec,
1291 1407 1338 1441 qui
1356 1411 1464 1441 propter
1477 1407 1616 1433 avaritiam
1631 1407 1701 1433 clam

905 1443 1060 1478 depositum
1072 1451 1123 1469 non
1136 1443 1262 1474 reddidit,
1271 1443 1354 1478 (quod
1365 1444 1645 1479 estiniustitiae‚)nec.
1654 1445 1703 1479 qui

906 1486 1014 1516 propter
1029 1481 1204 1507 temeritatem
1221 1480 1290 1507 male
1305 1489 1360 1507 rem
1372 1481 1556 1517 gessit,(quod
1563 1487 1602 1508 est
1613 1481 1703 1508 stulti—

907 1518 980 1554 tiae,)
991 1521 1061 1552 [rugi
1077 1517 1207 1553 appellari
1219 1517 1298 1549 solet3
1321 1523 1416 1545 coires
1427 1520 1550 1549 virtutes,
1568 1518 1704 1545 fortitudi-

906 1565 977 1587 nem,
992 1555 1133 1586 iustitiam,
1149 1555 1330 1590 prudentiam,
1345 1555 1485 1592 frugalitas
1496 1556 1635 1591 complexa
1648 1561 1700 1582 est:

904 1594 964 1629 (etsi
978 1593 1026 1619 boc
1037 1593 1149 1627 quidem
1160 1601 1304 1620 commune
1316 1598 1356 1620 est
1368 1595 1510 1620 virtutum:
1523 1602 1618 1620 omnes
1629 1594 1703 1620 enim

905 1632 975 1657 inter
990 1639 1018 1657 se
1034 1639 1120 1657 nexae
1135 1635 1161 1656 et
1175 1631 1281 1666 iugatae
1297 1632 1386 1665 sunt:)
1402 1631 1538 1666 reliquum
1555 1631 1637 1666 igitur
1652 1636 1701 1661 est,

904 1673 999 1703 quarta
1015 1669 1102 1694 virtus
1119 1672 1147 1694 ut
1158 1668 1193 1694 sit
1205 1669 1262 1702 ipsa
1274 1667 1424 1704 frugalitas.
1465 1669 1531 1694 Eius
1542 1669 1614 1695 enini
1627 1668 1705 1694 vide·

906 1711 948 1732 tur
963 1714 1023 1732 esse
1038 1706 1192 1740 proprium,
1211 1710 1299 1732 motus
1315 1706 1399 1732 animi
1415 1706 1564 1740 appetentis
1576 1714 1667 1741 regere
1679 1710 1705 1732 et

904 1743 1012 1774 sedare,
1029 1750 1190 1777 semperque
1202 1742 1388 1769 adversantem
1405 1743 1526 1774 libidini,
1540 1742 1703 1769 moderatam

906 1782 932 1807 in
944 1781 1018 1807 omni
1034 1788 1061 1806 re
1076 1788 1183 1806 servare
1198 1781 1386 1807 constantiam.
1426 1781 1476 1807 Cui
1486 1781 1649 1807 contrarium
1662 1781 1704 1806 vi-

905 1819 972 1845 tium
988 1821 1103 1852 nequitia
1118 1817 1227 1844 dicitur.
1270 1819 1309 1844 18.
1331 1818 1494 1852 Fruqalt‘lus,
1516 1823 1546 1844 ut
1560 1819 1667 1852 opinor,
1689 1826 1703 1843 a

904 1858 992 1889 sruqe:
1007 1864 1060 1890 qua
1077 1855 1145 1881 nihil
1162 1854 1260 1881 melius
1273 1860 1377 1882 eterra.
1419 1856 1540 1889 Nequitia
1551 1855 1585 1881 ab
1601 1864 1632 1881 eo
1644 1856 1703 1890 (etsi

905 1893 955 1919 hoc
966 1893 1017 1919 erit
1033 1892 1143 1919 fortasse
1159 1892 1269 1919 durius:
1285 1892 1332 1919 sed
1350 1898 1496 1919 tentemus:
1515 1892 1612 1919 lusisse
1626 1898 1704 1927 pute-

905 1939 979 1961 mur,
992 1931 1016 1956 si
1028 1929 1065 1956 nil
1077 1930 1121 1965 sit)
1133 1930 1166 1956 ab
1177 1938 1221 1961 eo,
1239 1930 1312 1965 quod
1324 1933 1495 1965 nequidquam
1506 1936 1546 1956 est
1558 1931 1584 1956 in
1597 1930 1641 1956 tali
1655 1930 1704 1956 ho-

905 1968 991 1994 mine:
1009 1976 1043 1994 ex
1056 1975 1111 2002 quo
1126 1967 1198 1993 idem
1214 1969 1289 1993 nihili
1302 1967 1412 1994 dicitur.
1452 1967 1504 2000 Qui
1519 1968 1553 1994 sit
1568 1967 1639 2003 frugi
1652 1968 1704 2003 igi-

905 2010 961 2036 tur,
976 2004 1033 2036 vel,
1046 2006 1069 2031 si
1081 2005 1181 2035 mavis.
1200 2004 1353 2032 moderatus
1363 2010 1389 2031 et
1401 2010 1566 2040 temperans,
1583 2013 1644 2031 eum
1658 2014 1703 2031 ne-

904 2050 980 2069 cesse
990 2047 1100 2069 estesse
1112 2047 1294 2074 constantem3
1313 2043 1360 2077 qui
1372 2048 1461 2069 autem
1473 2047 1611 2070 constans,
1625 2051 1703 2077 quie-

905 2085 977 2112 tum3
995 2080 1043 2114 qui
1054 2080 1178 2114 quietus,
1196 2080 1396 2115 perturbatione
1407 2081 1480 2107 omni
1492 2088 1621 2106 vacuum:
1641 2088 1704 2115 ergo

905 2117 984 2143 etiam
997 2116 1175 2152 aegritudine.
1216 2117 1321 2143 Etsunt
1333 2117 1377 2143 illa
1389 2118 1532 2152 sapientis:
1555 2117 1638 2143 aberit
1651 2117 1703 2151 igi-

906 2159 949 2181 tur
959 2163 973 2180 a
985 2155 1105 2188 sapiente
1117 2153 1267 2189 aegritudo.
1308 2154 1355 2180 IX.
1378 2155 1469 2190 Itaque
1481 2163 1533 2181 non
1546 2155 1640 2180 inscite
1653 2154 1702 2179 lle-

905 2191 1032 2218 raclcotes
1044 2191 1189 2226 Dionysius
1200 2191 1233 2216 ad
1248 2199 1278 2217 ea
1293 2190 1426 2225 disputat.
1442 2200 1512 2226 quae
1523 2191 1594 2226 apud
1608 2191 1703 2217 uome-

905 2237 964 2255 rum
977 2227 1096 2254 Achilles
1107 2228 1239 2262 queritur,
1253 2227 1312 2258 hoc,
1327 2233 1355 2254 ut
1365 2229 1469 2263 opinor,
1484 2229 1576 2254 modo.-

944 2266 1042 2299 Corqun
1057 2273 1137 2291 matun
1146 2267 1247 2298 penitus
1257 2268 1378 2298 tur-yescit
1389 2267 1505 2292 tristibus
1516 2269 1571 2293 iris,

941 2311 1019 2337 quum
1032 2304 1122 2328 dacore
1131 2307 1209 2335 atque
1219 2305 1287 2328 omni
1298 2311 1335 2328 ηισ
1345 2304 1463 2329 orbatum
1474 2305 1549 2328 lauda
1561 2304 1689 2328 recordor.

907 2341 946 2366 ⁴9.
963 2340 1033 2366 Num
1045 2347 1142 2365 manus
1153 2339 1245 2365 affecta
1257 2344 1326 2365 recte
1337 2344 1480 2374 est.quum
1493 2340 1519 2366 in
1533 2344 1634 2366 tumore
1646 2338 1704 2365 est‘?

904 2382 950 2404 aut
963 2385 1028 2403 num
1044 2376 1118 2402 aliud
1134 2376 1282 2411 quodpiam
1295 2376 1447 2403 membrum
1459 2376 1593 2403 tumidum
1605 2384 1635 2402 ac
1646 2381 1702 2402 tur-

903 2415 999 2450 gidum
1011 2422 1062 2440 non
1075 2414 1171 2440 vitiose
1183 2422 1211 2439 se
1224 2412 1320 2440 babet?
1340 2413 1384 2440 Sic
1401 2414 1484 2449 igitur
1501 2412 1607 2439 inflatus
1623 2419 1648 2440 et
1659 2419 1702 2440 tu·

904 2460 980 2478 mens
996 2452 1104 2478 animus
1119 2451 1146 2477 in
1163 2451 1228 2477 vitio
1243 2455 1292 2477 est.
1333 2450 1470 2485 Sapientis
1484 2455 1573 2477 autem
1594 2451 1702 2477 animus

903 2497 1011 2524 semper
1025 2494 1100 2515 vacat
1118 2489 1197 2518 vitio.
1220 2496 1368 2522 numquam
1386 2488 1528 2523 turgescit.
1551 2496 1701 2523 numquam

903 2531 996 2553 tumet.
1038 2527 1070 2552 Αι
1082 2526 1141 2552 irati
1153 2525 1261 2552 animus
1272 2525 1406 2551 eiusmodi
1418 2530 1471 2551 est:
1488 2533 1636 2560 numquam
1649 2525 1702 2561 igi-

903 2569 945 2590 tur
956 2564 1065 2598 sapiens
1077 2564 1211 2589 irascitur.
1252 2563 1318 2589 Nam
1330 2563 1353 2588 si
1367 2563 1498 2592 irascitur.
1509 2563 1590 2588 etiam
1601 2571 1701 2589 eoncu-

902 2601 992 2636 piscit.
1033 2601 1173 2635 Proprium
1185 2604 1225 2626 est
1236 2600 1308 2626 enim
1322 2600 1380 2626 irati
1392 2608 1490 2634 cupere
1499 2620 1505 2629 .
1522 2608 1536 2625 u
1546 2608 1600 2635 quo
1613 2599 1700 2626 laesus

903 2638 1039 2669 videatur,
1061 2639 1085 2664 ei
1101 2646 1183 2673 quam
1200 2638 1348 2663 maximum
1361 2636 1480 2664 dolorem
1492 2637 1607 2663 inurere.
1647 2637 1700 2669 Qui

902 2680 990 2703 autem
1003 2675 1030 2702 id
1041 2675 1218 2711 concupierit.
1231 2683 1294 2702 oum
1306 2682 1416 2702 neeesse
1427 2679 1480 2707 est.
1495 2674 1519 2702 si
1532 2674 1559 2702 id
1570 2682 1700 2702 consecu-
