1941 3052
254 197 286 222 52
830 200 854 224 3⁴».
890 199 923 225 tt.
959 200 987 225 T.

1022 199 1295 226 CICERONIS

255 266 429 299 intelligi-tur,
458 269 498 294 sin
516 269 584 294 varis·
602 267 675 303 [th-tl.
692 274 717 294 οι
735 269 801 295 ttam-
820 271 999 304 etiamr-ionem
1014 275 1039 296 et
1066 271 1068 303 l
1091 279 1142 299 rno,
1160 270 1271 300 fortuna.
1287 278 1403 304 corpore.
1419 270 1490 305 quod
1506 271 1707 306 iniquissimum
1721 276 1774 304 οῦκ
1798 281 1830 299 an
1844 272 1878 300 ad

253 305 398 331 satit-taturi)
415 306 494 331 xitum·
510 307 609 339 poterit.
640 307 725 336 Quart·
740 311 794 331 tunt
809 307 939 340 oportebit
953 307 986 332 ita
1002 306 1040 332 sa-

252 351 318 371 rcre,
337 346 364 367 ut
379 342 498 376 plerique
514 343 612 368 sariunt
627 348 730 376 propter
746 343 905 373 facilitatem.
918 344 1039 377 ain-,gitta-

253 379 299 404 tim
316 387 394 405 unam
409 389 543 414 «prauique-
558 390 611 405 rum
626 380 760 412 attingere,
773 385 798 406 vt
809 381 841 406 ita
853 389 944 406 omnes
955 386 1039 407 trans-

254 416 290 441 iru
315 416 427 442 brevite-r
450 418 702 449 argon:virtutium-s;
733 422 787 442 tum
812 422 899 443 nutem
916 417 950 448 id,
967 418 1038 452 quod

252 452 390 479 difficilius
409 459 456 481 est,
477 454 570 483 ‹livi-re,
588 463 654 487 quas
670 459 754 487 partes
769 455 924 488 exposueris
939 455 964 481 in
980 464 1039 489 par-

253 490 351 517 titione.
370 491 401 515 sl·-
416 491 515 524 quibu<
531 496 554 515 t·-
569 491 702 524 pullis-itus
717 491 754 516 sis
767 491 945 522 ‹lit-turum,t·t
960 492 1039 518 redu-

251 536 309 552 «ϊιίΙ
324 528 348 553 in
365 528 634 561 nwnmrinm,quibus
650 528 795 554 rationum
811 537 889 555 unam
904 538 1038 564 ‹ptmnque
1058 555 1060 557 ,

252 569 351 598 partem
370 565 546 590 rotilirmnris:
576 569 630 589 tum
649 565 682 590 al»
697 565 738 595 iis,
758 566 804 600 qui
819 566 940 595 audiunt,
956 575 1038 601 quae-

252 610 315 630 rere,
336 602 400 635 quid
420 602 461 629 sit,
483 601 553 635 quod
573 601 623 627 sibi
640 601 707 627 velle
727 602 840 629 debeant
853 603 1036 634 demonstrari.
1059 615 1060 618 ¹

253 638 300 663 Ιιυι·
324 639 412 663 modo:
443 638 509 663 Illud
533 638 683 670 docuimus,
709 639 775 665 illud
791 640 899 675 planum
915 640 1037 667 fecimus.

253 675 285 700 Ita·
306 675 385 700 munt
405 679 429 700 rt
448 676 473 700 in
489 676 641 701 memoriam
658 676 754 703 redibit
767 677 879 708 auditor,
896 683 921 704 et
935 678 1039 712 putabit

252 712 316 737 nihil
333 722 389 737 esst·
405 716 544 746 praeterea,
561 713 632 747 quod
647 713 740 740 debeat
754 714 912 741 desiderare.
935 717 976 741 99,
993 715 1039 742 At·
1058 726 1059 732 ¹

250 757 302 783 qurv
325 750 350 775 in
375 749 416 775 liis
438 750 581 783 generibus
603 751 642 785 (ut
656 756 715 777 ante
730 751 830 778 dictum
845 754 894 786 est)
909 757 964 778 tum
980 757 1038 778 tuas
1058 775 1059 778 ,

251 787 490 819 υιχιζιιιιιῡηῑθῑίοηοε
506 788 615 813 transire
630 789 845 822 separatim,tum
861 790 896 820 id,
912 790 983 824 quod
997 799 1039 816 ar-

251 825 388 850 titiciosius
411 828 462 853 est,
487 833 547 850 eum
573 825 626 850 tuis
648 827 790 852 contrarias
811 827 985 862 coniungere,
1013 831 1059 853 et.

249 871 333 896 (prum
357 865 428 886 tuam
451 863 704 894 argumentationem
727 863 836 894 dixeris,
861 869 926 894 tum,
949 869 1038 890 contra

250 908 306 925 eam
320 898 391 933 quod
406 898 569 930 afferebatur,
582 899 808 934 quemadmodum
822 901 1039 931 diffletis-,osten-

249 936 319 962 ἀοι-υ.
337 937 370 961 Ita
387 944 432 969 per
446 935 553 961 brevem
568 938 788 971 comparationem
799 938 927 965 auditoris
938 948 1039 965 memo-

250 974 286 999 ria
305 977 329 998 et
347 973 379 998 de
393 972 588 999 confirmatione
611 978 636 1000 et
653 974 686 999 de
705 975 908 1009 reprehensione
923 975 1038 1002 redinte-

247 1011 377 1046 grabitur.
395 1010 480 1044 Atque
495 1010 558 1036 haec
572 1010 631 1037 aliis
645 1012 755 1038 actionis
769 1021 877 1047 quoque
891 1013 977 1039 modis
993 1022 1038 1039 va-

249 1048 315 1073 riare
333 1047 472 1081 oportebit.
507 1048 571 1073 Nam
590 1057 674 1082 quum
693 1057 725 1075 ex
744 1053 787 1075 tua
802 1058 912 1084 persona
926 1059 1038 1076 enume-

205 1083 210 1090 '
249 1094 304 1110 rare
320 1085 414 1119 possis,
432 1089 468 1113 ut,
483 1085 549 1119 quid
567 1090 592 1110 et
606 1094 660 1120 quo
673 1085 793 1121 quidque
805 1087 860 1113 Ioco
869 1087 978 1118 dixeris,
991 1087 1038 1113 ad-

249 1131 368 1153 moneas,
392 1125 446 1147 tum
467 1130 528 1148 vero
542 1131 679 1156 personam
698 1127 743 1149 aut
757 1132 811 1150 rem
826 1124 942 1159 aliquam
957 1125 1038 1151 indu-

247 1168 314 1187 cere,
331 1163 355 1185 et
365 1159 589 1185 enumerationem
600 1160 623 1185 ci
635 1165 713 1186 totam
724 1161 880 1188 attribuere:
898 1171 1036 1196 personam

248 1196 296 1222 lioc
312 1196 401 1222 modo:
431 1196 495 1221 Nam
514 1197 536 1221 si
557 1196 622 1229 legis
641 1198 752 1232 scriptor
765 1199 876 1225 exsistat
889 1204 914 1225 et
927 1204 1036 1234 quaerat

247 1242 260 1259 a
286 1233 370 1263 vobis,
395 1233 460 1267 quid
479 1230 615 1264 dubitetis,
635 1235 701 1268 quid
716 1236 823 1269 possitis
837 1236 933 1267 dicere,
949 1245 1034 1271 quum
1062 1259 1064 1265 ,

248 1270 324 1296 vobis
339 1270 387 1296 hoc
401 1275 425 1295 et
440 1270 488 1296 hoc
502 1271 536 1296 sit
550 1270 778 1298 demonstratum?
807 1273 893 1308 Atque
908 1273 958 1304 hic,
972 1274 1034 1300 item

249 1312 277 1334 ut
290 1308 317 1334 in
332 1312 418 1333 nostra
432 1315 553 1341 persona,
570 1308 658 1334 licebit
671 1308 736 1335 alias
751 1310 908 1345 singillatim
925 1311 1035 1337 transire
1062 1334 1063 1337 ,

247 1353 338 1371 omnes
356 1345 604 1380 argumentationes,
626 1345 690 1372 alias
709 1346 741 1373 ad
760 1347 914 1381 partitiones
928 1348 1035 1383 singula

246 1390 343 1417 genera
367 1381 474 1412 referre,
501 1381 565 1408 alias
588 1383 621 1409 ab
645 1383 776 1414 auditore,
801 1385 868 1419 quid
891 1385 1032 1417 desideret,

245 1427 380 1453 quaerere,
401 1418 466 1445 alias
485 1419 548 1445 haec
567 1419 650 1446 facere
669 1429 716 1455 per
733 1423 954 1456 comparationem
973 1431 1036 1449 sua—

246 1465 305 1482 rum
320 1461 344 1482 et
358 1456 547 1482 contrariarum
562 1459 831 1492 argumentationum.
853 1461 909 1485 100.
925 1460 976 1486 Res
987 1469 1036 1486 au-
1055 1479 1057 1494 s

246 1498 298 1519 tem
322 1493 470 1523 inducetur,
493 1494 515 1519 si
539 1493 620 1520 alicui
643 1495 680 1520 rei
699 1495 863 1527 huiusmodi,
885 1496 945 1532 legi,
967 1496 1033 1528 loco,

245 1531 318 1561 urbi,
336 1535 506 1556 monumento
528 1531 686 1558 attribuetur
703 1533 785 1559 oratio
799 1541 845 1567 per
858 1535 1036 1561 enumeratio-

244 1605 309 1631 haec
327 1605 397 1639 apud
416 1613 463 1631 vos
481 1605 674 1640 quererentur?
702 1606 836 1639 Quidnam
854 1608 970 1643 amplius
988 1609 1036 1635 de-

245 1642 375 1673 sideratis,
401 1642 512 1672 iudices,
537 1651 623 1677 quum
646 1643 722 1670 vobis
745 1644 795 1671 hoc
817 1649 843 1671 ct
861 1645 909 1672 hoe
923 1645 1034 1680 planum
1054 1668 1055 1671 ,

245 1679 343 1705 Iactum
366 1678 419 1705 sit‘?
449 1679 477 1705 ln
496 1679 545 1706 hoc
562 1688 670 1715 quoque
683 1689 779 1716 genere
793 1682 918 1709 omnibus
933 1683 1034 1709 eisdem

244 1716 331 1742 modis
350 1717 387 1742 uti
403 1716 501 1742 licebit.
536 1716 683 1743 Commune
697 1722 785 1744 autem
800 1724 969 1754 praeceptum
985 1720 1034 1746 hoc

244 1753 322 1779 (latur
335 1753 367 1779 ad
382 1753 616 1784 enumerationem,
625 1758 655 1780 ut
665 1763 699 1781 ex
709 1763 762 1781 una
773 1764 880 1791 quaque
891 1765 1035 1792 argumen—
1054 1783 1055 1786 ,

244 1791 349 1821 tatione,
370 1791 497 1825 quoniam
516 1795 567 1817 tota
585 1791 682 1818 iterum
700 1791 753 1818 dici
767 1801 819 1819 non
833 1798 927 1828 potest,
943 1794 971 1820 id
985 1794 1034 1820 eli-

243 1831 334 1862 gatur,
359 1827 431 1862 quod
454 1828 503 1854 erit
524 1828 730 1863 gravissimum,
754 1834 780 1856 et
805 1838 890 1856 unum
913 1831 1034 1866 quidque

243 1873 324 1898 quam
343 1864 500 1890 brevissime
515 1869 670 1897 transeatur,
692 1870 721 1892 ut
734 1868 870 1899 memoria,
886 1876 938 1894 non
952 1869 1034 1895 oratio
1054 1862 1055 1883 1

244 1906 365 1928 renovata
381 1901 510 1928 videatur.

298 1939 362 1965 LIII.
378 1939 526 1974 Indignatio
539 1943 579 1965 est
591 1926 684 1971 oratio,l
698 1948 745 1975 per
757 1949 838 1976 quam
849 1941 995 1974 coniicitur,
1004 1946 1034 1969 ut

244 1976 271 2002 in
285 1975 402 2010 aliquem
417 1976 551 2002 hominem
566 1985 693 2013 magnum
707 1977 798 2004 odium
813 1979 895 2005 autin
906 1987 961 2005 rem
972 1988 1034 2015 gra-
1053 1994 1055 1999 ‹

244 2013 285 2039 vis
295 2013 404 2039 offensio
414 2013 568 2039 concitetur.
583 2014 611 2040 In
623 2014 671 2040 hoc
680 2023 775 2050 genere
785 2014 852 2041 illud
864 2017 981 2050 primum
991 2018 1033 2043 in-

243 2049 327 2085 telligi
334 2049 467 2081 volumus,
477 2058 554 2085 posse
564 2051 689 2077 omnibus
699 2060 732 2078 ex
742 2051 806 2078 locis
814 2053 928 2087 iis‚quos
936 2054 1033 2080 incon-

244 2086 399 2113 {irmationis
418 2088 565 2122 praeceptis
583 2089 733 2122 posuimus,
754 2090 857 2116 tractari
870 2090 1033 2126 indignatio-

243 2132 312 2150 nem.
335 2125 400 2150 Nam
411 2133 444 2151 ex
454 2125 488 2150 iis
499 2125 588 2155 rebus,
596 2133 665 2160 quae
676 2126 796 2159 personis
805 2131 831 2153 et
840 2135 908 2161 quae
919 2128 1032 2163 negotiis
1053 2152 1054 2155 ,

243 2161 383 2187 attributae
397 2166 468 2192 sunt,
480 2162 592 2196 quaevis
606 2162 824 2197 amplificationes
835 2168 860 2190 et
870 2164 1032 2200 indignatio-

242 2207 290 2224 nes
313 2199 385 2225 nasci
407 2203 533 2233 possunt:
562 2199 609 2225 sed
623 2204 711 2226 tamen
733 2208 771 2231 ea,
795 2209 864 2235 quae
889 2202 1031 2236 separatim

242 2236 275 2262 de
304 2235 486 2271 indignatione
516 2237 632 2271 praecipi
662 2241 786 2271 possunt,
819 2238 1029 2265 consideremus.

244 2274 300 2298 101.
312 2273 418 2299 Primus
433 2273 506 2300 Iocus
515 2274 632 2300 sumitur
641 2274 675 2300 ab
688 2275 849 2306 auctoritate,
860 2284 946 2310 quum
959 2284 1033 2302 com-

242 2318 429 2341 memoramus,
445 2315 559 2345 quantae
572 2319 650 2337 curae
664 2319 706 2337 res
719 2319 749 2337 ea
763 2311 843 2338 fuerit
856 2312 908 2339 diis
922 2313 1032 2339 immor-

242 2346 340 2373 talibus
354 2352 399 2374 ant
412 2348 460 2378 eis,
482 2356 597 2383 quorum
612 2349 752 2375 auctoritas
765 2350 924 2384 gravissima
937 2350 1032 2376 debeat

241 2392 308 2410 esse.
342 2384 393 2416 Qui
418 2385 491 2411 Iocus
513 2390 634 2411 sumetur
655 2394 689 2411 ex
710 2386 836 2418 sortibus,
855 2395 890 2413 ex
906 2386 1029 2418 oraculis,

243 2421 358 2451 vatibus,
374 2422 494 2453 ostentis,
515 2422 653 2458 prodigiis,
674 2424 818 2458 responsis,
835 2423 971 2451 similibus
990 2433 1032 2451 re-

242 2458 301 2488 hus,
318 2459 381 2485 item
395 2468 429 2485 ex
447 2459 592 2486 maioribus
606 2460 711 2491 nostris,
731 2460 850 2496 regibus,
866 2461 1028 2493 civitatibus,

240 2495 375 2530 gentibus,
397 2496 552 2523 hominibus
570 2497 785 2531 sapientissimis,
801 2503 904 2530 senatu,
920 2498 1028 2534 populo,

243 2532 332 2567 legum
346 2534 530 2567 scriptoribus.
565 2533 706 2560 Secundus
724 2533 798 2561 locus
812 2539 860 2566 est,
876 2544 925 2570 per
936 2544 1028 2571 quem,

241 2569 287 2594 illa
301 2577 342 2595 res
355 2570 388 2596 ad
401 2579 469 2605 quos
484 2571 620 2605 pertineat,
635 2579 698 2597 cum
711 2571 916 2606 amplificatione
928 2581 976 2608 per
988 2573 1031 2599 in—

241 2605 421 2642 dignationem
443 2608 600 2639 ostenditur,
624 2616 657 2634 an
675 2608 708 2634 ad
721 2617 813 2636 omnes
834 2614 880 2636 aut
896 2609 930 2636 ad
947 2610 1031 2636 maio-

241 2651 295 2669 rem
311 2648 421 2678 partem‚
436 2645 508 2679 quod
522 2645 717 2672 atrocissimum
735 2650 789 2678 est;
816 2655 849 2672 an
862 2646 896 2673 ad
908 2647 1031 2682 superio-

241 2688 291 2711 res,
307 2681 400 2715 quales
418 2686 482 2708 sunt
494 2683 522 2713 ii,
538 2690 653 2716 quorum
671 2691 705 2709 ex
718 2684 870 2710 auctoritate
882 2683 1030 2720 indignatio

241 2718 366 2749 sumitur,
385 2718 458 2753 quod
475 2719 696 2756 indignissimum
709 2724 763 2754 est;
790 2729 823 2747 an
836 2720 870 2747 ad
882 2728 959 2756 pares
972 2721 1031 2747 ani-

1054 1673 1064 1687 ’,ο

1062 1693 1063 1701 κ
1085 1686 1133 1712 est,
1158 1690 1206 1716 per
1223 1690 1304 1716 quem
1321 1690 1383 1708 cum
1397 1681 1466 1713 aliis,
1490 1691 1558 1717 quae
1571 1687 1673 1709 constat
1685 1691 1744 1710 esse
1758 1687 1872 1718 peccata,

1066 315 1068 319 ’
1091 307 1316 342 irtseriores,quod
1330 308 1554 342 superbissimum
1564 313 1613 334 ost.
1629 309 1733 335 Tertius
1745 308 1818 336 locus
1827 315 1876 340 ent,

1091 353 1137 378 per
1158 353 1238 379 quem
1261 345 1424 378 «quaerimus,
1448 344 1576 379 quidnam
1603 346 1637 372 sit
1663 351 1831 377 eventurum,
1855 348 1878 374 si

1066 399 1067 415 ,
1091 380 1160 407 idem
1185 382 1262 407 ceteri
1288 380 1396 411 saciant,
1424 386 1449 408 et
1473 382 1553 408 simut
1576 382 1753 414 ostendimus.
1779 383 1842 411 huic
1855 385 1878 412 ni

1090 427 1246 444 concessum
1261 419 1303 448 sit,
1320 418 1418 444 mutto»
1431 418 1550 445 aemulos
1563 420 1684 446 eiusdem
1698 420 1823 447 audaciae
1837 420 1880 448 Iu-

1066 479 1067 483 ,
1091 460 1178 487 turos,
1203 464 1235 483 ex
1249 464 1311 490 quo,
1327 455 1393 490 quid
1408 455 1469 481 muli
1484 456 1518 482 sit
1531 461 1699 488 eventurum,
1715 457 1880 485 demonstro-

1091 492 1189 518 I›imun.
1214 494 1270 518 ⁴02.
1285 492 1401 524 Quartus
1416 492 1489 518 locus
1502 498 1551 524 est,
1564 502 1610 528 per
1622 503 1703 529 quem
1714 494 1880 522 demonstr·-

1091 538 1159 560 mus,
1185 529 1282 555 multos
1305 529 1403 555 alacres
1425 535 1587 564 exspectare.
1611 531 1677 566 quid
1696 536 1834 562 statuatur.
1851 537 1881 560 ut

1089 576 1122 593 ex
1135 576 1174 595 eo,
1190 567 1261 601 quod
1279 567 1323 593 uni
1338 576 1494 593 concessum
1509 568 1552 597 sit.
1568 568 1620 594 sibi
1634 577 1741 604 quoque
1756 569 1800 596 tali
1809 569 1880 596 dere

1088 604 1154 639 quid
1179 604 1263 634 liceat,
1290 604 1436 639 intelligere
1460 605 1571 639 possint.
1605 604 1721 637 Quintus
1736 606 1809 632 locus
1827 611 1877 637 est.

1090 650 1136 676 per
1148 650 1228 676 quem
1243 641 1417 671 ostendimus,
1433 646 1534 667 ceteras
1547 650 1588 668 res
1603 651 1739 677 perperam
1749 644 1879 670 constitu-

1090 683 1138 708 tas,
1163 678 1293 704 intellecta
1318 679 1434 708 veritate,
1462 684 1638 705 commutatas
1662 680 1758 715 corrigi
1785 689 1876 715 posse,

1089 715 1156 742 hanc
1169 724 1228 741 esse
1243 724 1306 745 rem,
1322 724 1390 750 quae
1409 717 1431 742 si
1445 716 1479 742 sit
1493 716 1573 742 semel
1589 716 1712 747 iudicata,
1728 726 1814 752 neque
1827 717 1879 745 alio

1089 753 1245 779 commutari
1260 752 1359 779 iudicio
1373 762 1459 787 neque
1474 753 1526 779 ulla
1539 758 1666 788 potestate
1676 755 1772 790 corrigi
1783 755 1876 789 possit.

1066 799 1067 806 ¹
1089 789 1187 816 Sextus
1206 789 1279 816 loeus
1297 795 1346 820 est,
1367 798 1413 824 per
1431 799 1511 825 quem
1529 790 1650 817 consulto
1663 796 1687 817 et
1701 791 1734 817 de
1748 791 1878 819 industria

1089 827 1188 853 Iactum
1202 835 1260 853 esse
1273 826 1476 858 demonstratur,
1490 832 1515 853 et
1530 827 1596 854 illud
1610 828 1774 863 adiungitur,
1784 828 1878 856 volun-

1090 865 1154 890 tario
1168 863 1297 890 maleficio
1311 865 1414 890 veniam
1433 864 1489 890 dari
1508 873 1559 891 non
1573 870 1706 899 oportere,
1722 866 1878 901 impruden-

1089 902 1139 928 tiae
1152 901 1260 928 concedi
1275 910 1476 936 nonnumquam
1491 903 1642 928 convenire.
1658 902 1794 937 Septimus
1804 902 1878 930 locus

1088 943 1136 968 est,
1163 947 1209 973 per
1225 947 1306 973 quem
1326 938 1506 973 indignamur,
1531 939 1602 974 quod
1623 944 1743 970 taetrum.
1759 940 1875 971 crudele,

1089 975 1229 1006 nefarium,
1246 976 1413 1010 tyrannicum
1428 975 1526 1002 sactum
1541 985 1598 1002 esse
1612 976 1741 1006 dicamus.
1751 986 1797 1011 per
1811 978 1876 1007 vim.

1088 1021 1134 1048 per
1158 1021 1266 1039 manum
1289 1012 1455 1047 opulentam3
1483 1022 1552 1048 quae
1575 1022 1616 1040 res
1634 1014 1667 1040 ab
1689 1013 1793 1049 legibus
1806 1014 1878 1041 etab

1087 1049 1221 1085 aequabili
1235 1050 1292 1076 iure
1307 1051 1498 1076 remotissimae
1513 1051 1575 1077 sint.
1611 1051 1675 1077 LIV.
1692 1053 1748 1077 103.
1760 1051 1877 1078 Octavus

1088 1086 1162 1113 Iocus
1175 1091 1224 1118 est,
1237 1095 1283 1121 per
1296 1095 1377 1122 quem
1391 1087 1617 1118 demonstramus,
1634 1097 1686 1114 non
1705 1087 1813 1124 vulgare
1831 1097 1878 1116 ne-

1087 1133 1140 1159 que
1158 1123 1305 1150 factitatum
1327 1133 1385 1150 esse
1408 1134 1440 1151 ne
1460 1125 1493 1151 ab
1507 1125 1693 1152 audacissimis
1706 1126 1816 1161 quidem
1829 1126 1878 1153 ho-

1087 1161 1207 1187 minibus
1231 1161 1259 1188 id
1283 1161 1456 1193 maleficium,
1481 1162 1514 1188 de
1535 1171 1589 1197 quo
1602 1163 1702 1198 agitun
1730 1167 1808 1198 atque
1822 1163 1877 1190 ida

1087 1198 1150 1224 seris
1163 1207 1271 1233 quoque
1286 1198 1441 1225 hominibus
1455 1204 1481 1225 et
1493 1208 1506 1225 a
1522 1199 1641 1226 barbaris
1654 1200 1780 1235 gentibus
1790 1205 1816 1227 et
1825 1201 1877 1227 im-

1087 1236 1212 1262 manibus
1225 1236 1319 1262 bestiis
1332 1241 1463 1262 remotum
1478 1245 1546 1263 esse.
1582 1237 1651 1263 Ilaec
1664 1242 1750 1268 erunt,
1766 1245 1835 1273 quae
1849 1238 1876 1264 in

1087 1278 1216 1307 parentes,
1234 1272 1339 1303 liberos,
1355 1274 1491 1309 coniuges,
1507 1275 1728 1310 consanguineos,
1740 1274 1877 1309 supplices

1086 1309 1229 1336 crudeliter
1243 1310 1308 1336 sacta
1322 1310 1458 1342 dicentur,
1474 1315 1500 1337 et
1509 1311 1635 1346 deinceps
1644 1312 1731 1346 siqua
1741 1312 1878 1346 proferan-

1086 1351 1129 1374 tur
1146 1348 1174 1374 in
1192 1348 1304 1374 maiores
1318 1352 1390 1379 natu,
1410 1348 1438 1374 in
1452 1348 1579 1383 hospites,
1595 1349 1623 1375 in
1638 1349 1748 1380 ricinos,
1768 1349 1795 1375 in
1809 1349 1877 1376 ami-

1085 1393 1139 1415 cos,
1162 1385 1190 1411 in
1214 1393 1267 1416 eoS,
1292 1385 1456 1420 quibuscum
1475 1386 1557 1411 vitam
1574 1386 1670 1421 egeris,
1689 1386 1717 1412 in
1735 1394 1788 1417 eos,
1805 1385 1876 1421 apud

1062 1430 1064 1443 ³
1085 1430 1153 1457 quos
1167 1421 1294 1448 educatus
1309 1422 1355 1453 sis,
1372 1422 1399 1448 in
1413 1431 1466 1453 eos,
1483 1431 1496 1448 a
1510 1423 1611 1457 quibus
1625 1422 1754 1454 eruditus,
1767 1424 1795 1450 iu
1806 1432 1877 1450 mor-

1086 1463 1154 1490 tuos,
1178 1459 1206 1485 in
1228 1459 1339 1485 miseros
1357 1463 1383 1485 et
1395 1459 1576 1486 misericordia
1593 1459 1698 1496 dignos,
1713 1461 1741 1487 in
1754 1460 1877 1488 hominae

1062 1524 1064 1556 k
1085 1496 1178 1527 claros,
1195 1496 1298 1522 nobiles
1312 1500 1338 1522 et
1351 1496 1450 1523 honore
1463 1505 1536 1527 usos,
1553 1497 1580 1523 in
1593 1505 1647 1528 eos,
1663 1497 1711 1533 qui
1725 1505 1812 1533 neque
1822 1497 1878 1524 lae—

1055 1554 1063 1571 ll

246 1576 314 1598 nem,
332 1567 380 1593 hoc
395 1567 485 1594 modo:
513 1567 584 1599 Quid
597 1569 620 1594 si
636 1568 707 1603 lQes
723 1569 795 1604 loqui
810 1570 934 1605 possent?
948 1580 1035 1598 nonne
1055 1564 1063 1588 l*

1085 1533 1148 1560 dere
1165 1532 1248 1559 alium
1263 1542 1310 1559 nec
1323 1541 1352 1560 se
1365 1533 1506 1560 defendere
1521 1535 1663 1569 potuerint,
1684 1539 1713 1561 ut
1726 1535 1754 1562 iu
1767 1543 1873 1570 pueros,

1085 1579 1171 1602 senes,
1195 1569 1335 1603 mulieres;
1372 1571 1473 1606 quibus
1499 1571 1625 1598 omnibus
1648 1572 1742 1598 acriter
1764 1572 1876 1599 excitata

1084 1607 1233 1643 indignatio
1246 1616 1384 1634 summum
1398 1608 1426 1634 in
1439 1616 1510 1639 eum,
1519 1609 1566 1643 qui
1581 1608 1676 1635 horum
1690 1608 1807 1644 aliquem
1818 1609 1876 1636 vio-

1085 1644 1152 1675 larit,
1177 1644 1269 1671 odium
1291 1653 1458 1671 commovere
1479 1645 1583 1680 poterit.
1619 1646 1675 1672 tot.
1695 1646 1787 1672 Nonus
1801 1645 1876 1673 locus

1085 1718 1143 1749 hoc,
1159 1727 1214 1754 quo
1227 1718 1259 1744 de
1273 1719 1394 1753 quaestio
1407 1723 1455 1750 est,
1471 1724 1652 1754 comparatur,
1668 1724 1694 1747 et
1706 1721 1742 1746 ita
1756 1728 1803 1755 per
1811 1728 1875 1748 con-

1085 1756 1237 1787 tentionem,
1253 1760 1352 1790 quanto
1365 1757 1480 1783 atrocius
1493 1761 1519 1783 et
1532 1756 1670 1793 indignius
1683 1758 1719 1784 sit
1731 1757 1809 1790 illud,
1820 1765 1876 1793 quo

1083 1793 1117 1819 de
1134 1793 1230 1828 agitur,
1251 1793 1408 1820 ostenditur.
1443 1794 1568 1820 Decimus
1583 1794 1656 1821 locus
1669 1799 1718 1826 est,
1733 1802 1781 1830 per
1793 1803 1874 1830 quem

1083 1831 1181 1861 omnia,
1205 1838 1274 1865 quae
1291 1831 1318 1856 in
1337 1831 1442 1866 negotio
1454 1831 1572 1866 gerendo
1585 1836 1641 1858 acta
1654 1836 1726 1863 sunt,
1751 1839 1875 1867 quaeque

1084 1871 1144 1902 post
1161 1867 1297 1903 negotium
1315 1872 1455 1894 consecuta
1473 1873 1544 1899 sunt,
1565 1877 1628 1895 cum
1646 1869 1728 1895 unius
1741 1869 1875 1904 cuiusque

1083 1904 1265 1940 indignatione
1278 1909 1304 1931 et
1316 1905 1499 1932 criminatione
1511 1905 1664 1941 colligimus
1677 1910 1703 1932 et
1715 1914 1771 1932 rem
1785 1905 1874 1933 verbis

1060 1937 1063 1959 Ὗ
1083 1950 1164 1976 quam
1183 1942 1299 1968 maxime
1317 1946 1376 1968 ante
1393 1941 1485 1968 oculos
1501 1943 1570 1974 eius,
1585 1942 1657 1977 apud
1670 1951 1751 1978 quem
1765 1943 1872 1974 dicitur,

1082 1979 1218 2013 ponimus,
1238 1983 1268 2005 ut
1285 1979 1323 2010 id,
1342 1979 1415 2014 quod
1428 1979 1570 2015 indignum
1584 1984 1632 2011 est,
1648 1980 1758 2015 perinde
1771 1979 1812 2007 illi
1831 1981 1874 2007 vi-

1060 2029 1061 2037 1
1083 2015 1176 2042 deatur
1197 2015 1349 2052 indignum,
1373 2025 1403 2043 ac
1424 2017 1448 2043 si
1465 2017 1524 2051 ipse
1540 2016 1691 2043 interfuerit
1703 2025 1733 2044 ac
1746 2025 1873 2052 praesens

1083 2053 1189 2079 viderit.
1214 2053 1378 2080 Undecimus
1392 2053 1466 2080 locus
1479 2058 1527 2085 est,
1543 2062 1591 2088 per
1603 2062 1684 2089 quem
1695 2054 1870 2086 ostendimus.

1083 2089 1116 2115 ab
1134 2098 1165 2116 eo
1184 2089 1291 2122 factum,
1311 2099 1326 2116 a
1343 2099 1398 2125 quo
1411 2091 1522 2117 minime
1535 2091 1688 2125 oportuerit,
1705 2096 1731 2118 et
1743 2100 1758 2118 a
1770 2100 1833 2127 quo,
1848 2092 1873 2119 si

1082 2126 1152 2153 alius
1167 2126 1270 2157 faceret,
1287 2127 1422 2162 prohiberi
1431 2128 1594 2154 conveniret.
1609 2128 1788 2155 Duodecimus
1798 2128 1873 2156 locus

1082 2168 1131 2195 est,
1155 2172 1202 2198 per
1222 2173 1303 2199 quem
1325 2164 1505 2200 indignamur,
1529 2165 1602 2200 quod
1620 2165 1697 2192 nobis
1715 2165 1765 2192 hoc
1777 2166 1872 2201 primis

1082 2201 1208 2228 acciderit
1221 2210 1307 2236 neque
1321 2201 1401 2228 alicui
1411 2210 1541 2237 umquam
1555 2210 1607 2229 usu
1617 2203 1727 2229 venerit.
1743 2203 1873 2230 ⁴05.Ter-

1083 2239 1137 2265 tius
1160 2238 1282 2265 decimus
1305 2238 1378 2265 locus
1401 2243 1450 2270 est,
1475 2239 1498 2265 si
1516 2247 1579 2265 cum
1596 2240 1694 2266 iniuria
1711 2239 1871 2267 contumelia

1081 2276 1171 2302 iuncta
1188 2275 1392 2307 demonstratur,
1412 2283 1460 2310 per
1475 2284 1557 2311 quem
1575 2275 1662 2303 locum
1675 2277 1704 2303 in
1716 2277 1871 2311 superbiam

1082 2317 1108 2339 et
1129 2313 1304 2348 arrogantiam
1326 2312 1419 2339 odium
1433 2314 1588 2340 concitatur.
1621 2312 1737 2346 Quartus
1749 2313 1871 2341 decimus

1058 2359 1060 2363 ·
1082 2349 1156 2376 locus
1173 2354 1222 2381 est,
1242 2358 1289 2384 per
1306 2357 1388 2384 quem
1405 2350 1521 2384 petimus
1539 2350 1572 2377 ab
1584 2351 1628 2382 iis,
1643 2351 1691 2385 qui
1704 2350 1825 2382 audiunt,
1841 2355 1872 2378 ut

1081 2387 1115 2413 ad
1137 2395 1200 2413 suas
1222 2395 1264 2413 res
1286 2391 1388 2413 nostras
1406 2387 1518 2413 iniurias
1536 2387 1662 2419 referant3
1689 2388 1713 2414 si
1727 2387 1760 2414 ad
1773 2396 1870 2423 pueros

1081 2424 1231 2459 pertinebit,
1252 2423 1286 2450 de
1303 2423 1395 2450 liberis
1413 2425 1471 2450 suis
1489 2424 1616 2460 eogitentg
1644 2425 1668 2450 si
1685 2424 1719 2451 ad
1732 2424 1867 2457 mulieres,
1890 2439 1892 2443 ν

1080 2461 1113 2487 de
1127 2461 1270 2492 uxoribus;
1293 2461 1317 2487 si
1330 2461 1363 2487 ad
1376 2469 1463 2492 senes,
1475 2460 1509 2488 de
1518 2461 1640 2496 patribus
1649 2466 1695 2487 aut
1702 2461 1867 2496 parentibus.

1080 2498 1196 2530 Quintus
1209 2497 1331 2524 decimus
1346 2497 1420 2524 locus
1433 2502 1481 2529 est,
1489 2506 1536 2532 per
1545 2506 1627 2533 quem
1640 2498 1765 2530 dicimus,
1777 2499 1870 2526 inimi—

1080 2536 1119 2561 cis
1132 2543 1241 2570 quoque
1254 2539 1280 2562 et
1293 2535 1416 2562 hostibus
1429 2543 1468 2566 ea,
1487 2543 1557 2570 quae
1569 2535 1647 2561 nobis
1660 2535 1811 2567 acciderint,
1826 2536 1870 2562 in—

1080 2572 1161 2608 digna
1174 2571 1260 2599 videri
1273 2572 1367 2599 solere.
1385 2572 1419 2598 Et
1431 2571 1579 2607 indignatio
1591 2571 1703 2607 quidem
1715 2572 1759 2600 his
1772 2571 1827 2600 {ere
1835 2572 1869 2599 de

1081 2608 1144 2636 Iocis
1157 2610 1316 2644 gravissime
1330 2613 1461 2636 sumetur.

1134 2647 1186 2673 LV.
1207 2648 1263 2672 106.
1284 2645 1488 2681 Conquestionis
1505 2649 1594 2672 autem
1611 2645 1767 2673 huiusmodi
1779 2645 1814 2673 de
1826 2654 1869 2673 re-

1079 2683 1131 2709 bus
1146 2687 1232 2718 partes
1244 2688 1332 2718 petere
1344 2682 1483 2717 oportebit.
1499 2681 1660 2717 Conquestio
1672 2687 1713 2709 est
1721 2684 1812 2715 oratio,
1819 2691 1868 2710 au-

1079 2720 1196 2747 ditorum
1211 2720 1419 2747 misericordiam
1431 2724 1549 2754 captans.
1579 2720 1608 2746 In
1621 2719 1670 2746 hac
1682 2720 1801 2755 primum
1809 2720 1868 2747 ani-
