<?xml version="1.0" encoding="UTF-8"?>
<!DOCTYPE html PUBLIC "-//W3C//DTD XHTML 1.0 Transitional//EN"
    "http://www.w3.org/TR/xhtml1/DTD/xhtml1-transitional.dtd">
<html xmlns="http://www.w3.org/1999/xhtml" xml:lang="en" lang="en">
 <head>
  <title>
</title>
<meta http-equiv="Content-Type" content="text/html;charset=utf-8" />
  <meta name='ocr-system' content='tesseract 3.04.00' />
  <meta name='ocr-capabilities' content='ocr_page ocr_carea ocr_par ocr_line ocrx_word'/>
</head>
<body>
  <div class='ocr_page' id='page_1' title='image "./operaomniaunovol00ciceuoft_1388.png"; bbox 0 0 1941 3052; ppageno 0'>
   <div class='ocr_carea' id='block_1_1' title="bbox 240 163 921 191">
    <p class='ocr_par' dir='ltr' id='par_1_1' title="bbox 240 163 921 191">
     <span class='ocr_line' id='line_1_1' title="bbox 240 163 921 191; baseline -0.004 0"><span class='ocrx_word' id='word_1_1' title='bbox 240 166 301 191; x_wconf 63' lang='lat'>4304</span> <span class='ocrx_word' id='word_1_2' title='bbox 794 165 852 190; x_wconf 67' lang='lat'>285.</span> <span class='ocrx_word' id='word_1_3' title='bbox 887 163 921 189; x_wconf 75' lang='grc' dir='ltr'>Μ.</span> 
     </span>
    </p>
   </div>
   <div class='ocr_carea' id='block_1_2' title="bbox 237 231 1029 504">
    <p class='ocr_par' dir='ltr' id='par_1_2' title="bbox 237 231 1029 504">
     <span class='ocr_line' id='line_1_2' title="bbox 237 231 1027 259; baseline -0.005 -4"><span class='ocrx_word' id='word_1_4' title='bbox 237 235 306 255; x_wconf 73' lang='lat' dir='ltr'>fulc-r</span> <span class='ocrx_word' id='word_1_5' title='bbox 316 234 371 255; x_wconf 81' lang='lat' dir='ltr'>lmm·</span> <span class='ocrx_word' id='word_1_6' title='bbox 382 233 480 254; x_wconf 71' lang='lat' dir='ltr'>lilia-llum</span> <span class='ocrx_word' id='word_1_7' title='bbox 489 249 493 256; x_wconf 85' lang='lat'>.</span> <span class='ocrx_word' id='word_1_8' title='bbox 509 241 550 259; x_wconf 80' lang='lat' dir='ltr'>qun</span> <span class='ocrx_word' id='word_1_9' title='bbox 565 233 642 253; x_wconf 69' lang='lat' dir='ltr'>«lm-ert·</span> <span class='ocrx_word' id='word_1_10' title='bbox 652 233 738 253; x_wconf 71' lang='lat' dir='ltr'>t&#39;rntnm</span> <span class='ocrx_word' id='word_1_11' title='bbox 751 231 859 258; x_wconf 69' lang='lat' dir='ltr'>uiuet-pit.</span> <span class='ocrx_word' id='word_1_12' title='bbox 871 231 950 258; x_wconf 65' lang='lat' dir='ltr'>[pillum</span> <span class='ocrx_word' id='word_1_13' title='bbox 960 231 1027 252; x_wconf 65' lang='lat' dir='ltr'>rollo-</span> 
     </span>
     <span class='ocr_line' id='line_1_3' title="bbox 238 266 1028 294; baseline -0.005 -4"><span class='ocrx_word' id='word_1_14' title='bbox 238 270 303 290; x_wconf 81' lang='lat' dir='ltr'>nllm-</span> <span class='ocrx_word' id='word_1_15' title='bbox 311 274 330 289; x_wconf 72' lang='lat' dir='ltr'>rt</span> <span class='ocrx_word' id='word_1_16' title='bbox 342 269 426 289; x_wconf 74' lang='lat' dir='ltr'>utilin-</span> <span class='ocrx_word' id='word_1_17' title='bbox 439 269 492 288; x_wconf 83' lang='lat' dir='ltr'>illud</span> <span class='ocrx_word' id='word_1_18' title='bbox 504 276 593 291; x_wconf 79' lang='grc' dir='ltr'>ηιιιιιιιι,</span> <span class='ocrx_word' id='word_1_19' title='bbox 604 268 659 294; x_wconf 78' lang='grc' dir='ltr'>ιμιιιιΙ</span> <span class='ocrx_word' id='word_1_20' title='bbox 671 275 721 287; x_wconf 68' lang='lat' dir='ltr'>mnu</span> <span class='ocrx_word' id='word_1_21' title='bbox 733 267 842 294; x_wconf 65' lang='lat' dir='ltr'>petituru-</span> <span class='ocrx_word' id='word_1_22' title='bbox 853 270 899 286; x_wconf 73' lang='lat' dir='ltr'>ent</span> <span class='ocrx_word' id='word_1_23' title='bbox 907 283 912 290; x_wconf 90' lang='lat'>,</span> <span class='ocrx_word' id='word_1_24' title='bbox 923 266 1028 293; x_wconf 71' lang='lat' dir='ltr'>ron-eqni</span> 
     </span>
     <span class='ocr_line' id='line_1_4' title="bbox 237 301 1028 331; baseline -0.004 -7"><span class='ocrx_word' id='word_1_25' title='bbox 237 309 296 325; x_wconf 66' lang='lat' dir='ltr'>certo</span> <span class='ocrx_word' id='word_1_26' title='bbox 312 308 385 331; x_wconf 69' lang='lat' dir='ltr'>pun-et</span> <span class='ocrx_word' id='word_1_27' title='bbox 431 306 514 327; x_wconf 64' lang='lat' dir='ltr'>Quare,</span> <span class='ocrx_word' id='word_1_28' title='bbox 531 310 656 328; x_wconf 66' lang='lat' dir='ltr'>‹piam-&#39;uam</span> <span class='ocrx_word' id='word_1_29' title='bbox 674 303 699 322; x_wconf 84' lang='grc' dir='ltr'>ιιΙ</span> <span class='ocrx_word' id='word_1_30' title='bbox 716 302 785 329; x_wconf 70' lang='lat' dir='ltr'>ipsum</span> <span class='ocrx_word' id='word_1_31' title='bbox 798 301 884 328; x_wconf 68' lang='lat' dir='ltr'>quidem</span> <span class='ocrx_word' id='word_1_32' title='bbox 901 301 1028 322; x_wconf 65' lang='lat' dir='ltr'>sice-runem</span> 
     </span>
     <span class='ocr_line' id='line_1_5' title="bbox 238 337 1029 366; baseline -0.005 -7"><span class='ocrx_word' id='word_1_33' title='bbox 238 339 331 366; x_wconf 66' lang='lat' dir='ltr'>pertinet</span> <span class='ocrx_word' id='word_1_34' title='bbox 344 338 441 360; x_wconf 68' lang='lat' dir='ltr'>libs-itm.</span> <span class='ocrx_word' id='word_1_35' title='bbox 450 342 520 357; x_wconf 72' lang='lat' dir='ltr'>tamen</span> <span class='ocrx_word' id='word_1_36' title='bbox 531 337 625 357; x_wconf 73' lang='lat' dir='ltr'>omnium</span> <span class='ocrx_word' id='word_1_37' title='bbox 637 337 741 357; x_wconf 72' lang='lat' dir='ltr'>lion-»rum</span> <span class='ocrx_word' id='word_1_38' title='bbox 753 337 893 363; x_wconf 68' lang='lat' dir='ltr'>petendorum</span> <span class='ocrx_word' id='word_1_39' title='bbox 902 337 966 359; x_wconf 62' lang='lat' dir='ltr'>rati-v.</span> <span class='ocrx_word' id='word_1_40' title='bbox 975 344 1029 363; x_wconf 73' lang='lat' dir='ltr'>quun·</span> 
     </span>
     <span class='ocr_line' id='line_1_6' title="bbox 239 371 1026 399; baseline -0.005 -5"><span class='ocrx_word' id='word_1_41' title='bbox 239 375 308 394; x_wconf 67' lang='lat' dir='ltr'>litam</span> <span class='ocrx_word' id='word_1_42' title='bbox 319 373 430 399; x_wconf 70' lang='lat' dir='ltr'>republica</span> <span class='ocrx_word' id='word_1_43' title='bbox 441 374 521 392; x_wconf 69' lang='lat' dir='ltr'>Romu·</span> <span class='ocrx_word' id='word_1_44' title='bbox 531 380 571 392; x_wconf 81' lang='grc' dir='ltr'>ιιιιι</span> <span class='ocrx_word' id='word_1_45' title='bbox 582 373 652 396; x_wconf 69' lang='lat' dir='ltr'>uiuit,</span> <span class='ocrx_word' id='word_1_46' title='bbox 668 379 695 392; x_wconf 71' lang='lat' dir='ltr'>ex</span> <span class='ocrx_word' id='word_1_47' title='bbox 707 379 731 391; x_wconf 71' lang='lat' dir='ltr'>to</span> <span class='ocrx_word' id='word_1_48' title='bbox 741 371 836 398; x_wconf 67' lang='lat' dir='ltr'>perquiri</span> <span class='ocrx_word' id='word_1_49' title='bbox 847 375 927 398; x_wconf 77' lang='lat' dir='ltr'>potent.</span> <span class='ocrx_word' id='word_1_50' title='bbox 953 371 1026 392; x_wconf 65' lang='lat' dir='ltr'>&#39;&#39;rinn-</span> 
     </span>
     <span class='ocr_line' id='line_1_7' title="bbox 238 406 1027 435; baseline -0.006 -5"><span class='ocrx_word' id='word_1_51' title='bbox 238 414 308 430; x_wconf 70' lang='lat' dir='ltr'>nutem</span> <span class='ocrx_word' id='word_1_52' title='bbox 319 409 362 429; x_wconf 67' lang='lat' dir='ltr'>nuit</span> <span class='ocrx_word' id='word_1_53' title='bbox 374 410 400 428; x_wconf 74' lang='grc' dir='ltr'>ιΙε</span> <span class='ocrx_word' id='word_1_54' title='bbox 411 415 573 434; x_wconf 60' lang='grc' dir='ltr'>Ιιυιυιιιμμιιι·</span> <span class='ocrx_word' id='word_1_55' title='bbox 583 408 647 435; x_wconf 67' lang='lat' dir='ltr'>petit,</span> <span class='ocrx_word' id='word_1_56' title='bbox 658 415 676 427; x_wconf 61' lang='lat' dir='ltr'>c.</span> <span class='ocrx_word' id='word_1_57' title='bbox 689 410 696 427; x_wconf 81' lang='grc'>1</span> <span class='ocrx_word' id='word_1_58' title='bbox 707 410 748 430; x_wconf 60' lang='lat' dir='ltr'>-J,</span> <span class='ocrx_word' id='word_1_59' title='bbox 759 406 838 426; x_wconf 64' lang='lat' dir='ltr'>‹tt-inde</span> <span class='ocrx_word' id='word_1_60' title='bbox 849 407 876 425; x_wconf 76' lang='lat' dir='ltr'>ile</span> <span class='ocrx_word' id='word_1_61' title='bbox 886 413 915 429; x_wconf 78' lang='lat' dir='ltr'>re,</span> <span class='ocrx_word' id='word_1_62' title='bbox 927 413 981 432; x_wconf 70' lang='lat' dir='ltr'>quae</span> <span class='ocrx_word' id='word_1_63' title='bbox 992 413 1027 433; x_wconf 64' lang='grc' dir='ltr'>με·</span> 
     </span>
     <span class='ocr_line' id='line_1_8' title="bbox 238 440 1027 469; baseline -0.005 -5"><span class='ocrx_word' id='word_1_64' title='bbox 238 445 324 469; x_wconf 53' lang='lat' dir='ltr'>timue.</span> <span class='ocrx_word' id='word_1_65' title='bbox 337 446 392 464; x_wconf 69' lang='lat'>4-13.</span> <span class='ocrx_word' id='word_1_66' title='bbox 403 451 407 466; x_wconf 69' lang='grc' dir='ltr'>ς</span> <span class='ocrx_word' id='word_1_67' title='bbox 419 443 512 469; x_wconf 67' lang='lat' dir='ltr'>ile-nique</span> <span class='ocrx_word' id='word_1_68' title='bbox 523 444 549 462; x_wconf 80' lang='lat' dir='ltr'>de</span> <span class='ocrx_word' id='word_1_69' title='bbox 560 443 617 466; x_wconf 71' lang='lat' dir='ltr'>luco,</span> <span class='ocrx_word' id='word_1_70' title='bbox 629 442 665 462; x_wconf 78' lang='grc' dir='ltr'>ιιΙιὶ</span> <span class='ocrx_word' id='word_1_71' title='bbox 677 442 784 469; x_wconf 80' lang='lat' dir='ltr'>petitnr,e</span> <span class='ocrx_word' id='word_1_72' title='bbox 805 444 847 461; x_wconf 75' lang='lat' dir='ltr'>t4.:</span> <span class='ocrx_word' id='word_1_73' title='bbox 859 440 881 460; x_wconf 82' lang='lat' dir='ltr'>in</span> <span class='ocrx_word' id='word_1_74' title='bbox 892 441 971 467; x_wconf 64' lang='lat' dir='ltr'>quilius</span> <span class='ocrx_word' id='word_1_75' title='bbox 982 441 1027 460; x_wconf 73' lang='lat' dir='ltr'>nin-</span> 
     </span>
     <span class='ocr_line' id='line_1_9' title="bbox 238 476 1028 504; baseline -0.004 -5"><span class='ocrx_word' id='word_1_76' title='bbox 238 479 295 503; x_wconf 67' lang='grc' dir='ltr'>κιιΙίι</span> <span class='ocrx_word' id='word_1_77' title='bbox 312 480 357 498; x_wconf 73' lang='lat' dir='ltr'>fere</span> <span class='ocrx_word' id='word_1_78' title='bbox 372 479 424 498; x_wconf 75' lang='lat' dir='ltr'>tum</span> <span class='ocrx_word' id='word_1_79' title='bbox 438 479 480 498; x_wconf 74' lang='lat' dir='ltr'>«lun</span> <span class='ocrx_word' id='word_1_80' title='bbox 497 481 634 504; x_wconf 70' lang='lat' dir='ltr'>npectantur:</span> <span class='ocrx_word' id='word_1_81' title='bbox 658 484 712 503; x_wconf 74' lang='grc' dir='ltr'>ιμιιε</span> <span class='ocrx_word' id='word_1_82' title='bbox 727 476 882 503; x_wconf 68' lang='lat' dir='ltr'>impedimenta</span> <span class='ocrx_word' id='word_1_83' title='bbox 901 477 988 496; x_wconf 66' lang='lat' dir='ltr'>iili-tent</span> <span class='ocrx_word' id='word_1_84' title='bbox 1008 480 1028 496; x_wconf 72' lang='lat' dir='ltr'>et</span> 
     </span>
    </p>
   </div>
   <div class='ocr_carea' id='block_1_3' title="bbox 238 511 1027 538">
    <p class='ocr_par' dir='ltr' id='par_1_3' title="bbox 238 511 1027 538">
     <span class='ocr_line' id='line_1_10' title="bbox 238 511 1027 538; baseline -0.005 -4"><span class='ocrx_word' id='word_1_85' title='bbox 238 521 281 535; x_wconf 79' lang='lat' dir='ltr'>rem</span> <span class='ocrx_word' id='word_1_86' title='bbox 291 513 404 533; x_wconf 70' lang='lat' dir='ltr'>difficilem</span> <span class='ocrx_word' id='word_1_87' title='bbox 416 513 519 537; x_wconf 59' lang='lat' dir='ltr'>red-lanu</span> <span class='ocrx_word' id='word_1_88' title='bbox 530 513 616 535; x_wconf 74' lang='lat' dir='ltr'>deinde,</span> <span class='ocrx_word' id='word_1_89' title='bbox 633 512 712 538; x_wconf 76' lang='lat' dir='ltr'>quibu·</span> <span class='ocrx_word' id='word_1_90' title='bbox 724 518 748 531; x_wconf 77' lang='lat' dir='ltr'>n</span> <span class='ocrx_word' id='word_1_91' title='bbox 759 511 868 532; x_wconf 69' lang='lat' dir='ltr'>numidii·</span> <span class='ocrx_word' id='word_1_92' title='bbox 879 511 929 531; x_wconf 79' lang='lat' dir='ltr'>tulli</span> <span class='ocrx_word' id='word_1_93' title='bbox 940 515 1027 537; x_wconf 72' lang='lat' dir='ltr'>qut-nt.</span> 
     </span>
    </p>
   </div>
   <div class='ocr_carea' id='block_1_4' title="bbox 216 564 1029 1161">
    <p class='ocr_par' dir='ltr' id='par_1_4' title="bbox 234 564 1029 938">
     <span class='ocr_line' id='line_1_11' title="bbox 293 564 1028 601; baseline -0.004 -7"><span class='ocrx_word' id='word_1_94' title='bbox 293 569 312 594; x_wconf 90' lang='grc'>1.</span> <span class='ocrx_word' id='word_1_95' title='bbox 337 569 359 594; x_wconf 81' lang='lat' dir='ltr'>l.</span> <span class='ocrx_word' id='word_1_96' title='bbox 383 564 442 594; x_wconf 68' lang='lat' dir='ltr'>Etsi</span> <span class='ocrx_word' id='word_1_97' title='bbox 460 566 508 593; x_wconf 87' lang='lat' dir='ltr'>tibi</span> <span class='ocrx_word' id='word_1_98' title='bbox 524 567 611 592; x_wconf 89' lang='lat' dir='ltr'>omnia</span> <span class='ocrx_word' id='word_1_99' title='bbox 628 569 788 600; x_wconf 81' lang='lat' dir='ltr'>suppetunt,</span> <span class='ocrx_word' id='word_1_100' title='bbox 810 573 879 601; x_wconf 87' lang='lat' dir='ltr'>quae</span> <span class='ocrx_word' id='word_1_101' title='bbox 899 566 1028 600; x_wconf 80' lang='lat' dir='ltr'>consequi</span> 
     </span>
     <span class='ocr_line' id='line_1_12' title="bbox 238 602 1029 641; baseline -0.004 -10"><span class='ocrx_word' id='word_1_102' title='bbox 238 606 344 641; x_wconf 83' lang='lat' dir='ltr'>ingenio</span> <span class='ocrx_word' id='word_1_103' title='bbox 360 610 404 631; x_wconf 86' lang='lat' dir='ltr'>aut</span> <span class='ocrx_word' id='word_1_104' title='bbox 421 613 470 631; x_wconf 83' lang='lat' dir='ltr'>usu</span> <span class='ocrx_word' id='word_1_105' title='bbox 490 604 610 630; x_wconf 85' lang='lat' dir='ltr'>homines</span> <span class='ocrx_word' id='word_1_106' title='bbox 626 608 671 629; x_wconf 86' lang='lat' dir='ltr'>aut</span> <span class='ocrx_word' id='word_1_107' title='bbox 686 602 825 637; x_wconf 71' lang='lat' dir='ltr'>diligentia</span> <span class='ocrx_word' id='word_1_108' title='bbox 842 608 966 636; x_wconf 78' lang='lat' dir='ltr'>possunt:</span> <span class='ocrx_word' id='word_1_109' title='bbox 991 607 1029 628; x_wconf 89' lang='lat' dir='ltr'>ta-</span> 
     </span>
     <span class='ocr_line' id='line_1_13' title="bbox 238 640 1028 671; baseline -0.004 -3"><span class='ocrx_word' id='word_1_110' title='bbox 238 652 296 668; x_wconf 90' lang='lat' dir='ltr'>men</span> <span class='ocrx_word' id='word_1_111' title='bbox 312 651 400 668; x_wconf 82' lang='lat' dir='ltr'>amore</span> <span class='ocrx_word' id='word_1_112' title='bbox 418 646 506 668; x_wconf 90' lang='lat' dir='ltr'>nostro</span> <span class='ocrx_word' id='word_1_113' title='bbox 523 650 572 667; x_wconf 93' lang='lat' dir='ltr'>non</span> <span class='ocrx_word' id='word_1_114' title='bbox 583 643 643 667; x_wconf 78' lang='lat' dir='ltr'>sum</span> <span class='ocrx_word' id='word_1_115' title='bbox 655 640 798 666; x_wconf 76' lang='lat' dir='ltr'>arbitratus</span> <span class='ocrx_word' id='word_1_116' title='bbox 810 640 941 671; x_wconf 87' lang='lat' dir='ltr'>alienum,</span> <span class='ocrx_word' id='word_1_117' title='bbox 959 640 991 665; x_wconf 88' lang='lat' dir='ltr'>ad</span> <span class='ocrx_word' id='word_1_118' title='bbox 1005 645 1028 666; x_wconf 90' lang='lat' dir='ltr'>te</span> 
     </span>
     <span class='ocr_line' id='line_1_14' title="bbox 237 677 1029 714; baseline -0.004 -9"><span class='ocrx_word' id='word_1_119' title='bbox 237 680 400 714; x_wconf 87' lang='lat' dir='ltr'>perscribere</span> <span class='ocrx_word' id='word_1_120' title='bbox 412 688 456 710; x_wconf 86' lang='lat' dir='ltr'>ea,</span> <span class='ocrx_word' id='word_1_121' title='bbox 472 687 541 713; x_wconf 87' lang='lat' dir='ltr'>quae</span> <span class='ocrx_word' id='word_1_122' title='bbox 554 678 620 704; x_wconf 83' lang='lat' dir='ltr'>milii</span> <span class='ocrx_word' id='word_1_123' title='bbox 634 677 776 703; x_wconf 88' lang='lat' dir='ltr'>veniebant</span> <span class='ocrx_word' id='word_1_124' title='bbox 788 679 814 704; x_wconf 92' lang='lat' dir='ltr'>in</span> <span class='ocrx_word' id='word_1_125' title='bbox 827 682 957 706; x_wconf 84' lang='lat' dir='ltr'>mentem,</span> <span class='ocrx_word' id='word_1_126' title='bbox 970 677 1029 703; x_wconf 82' lang='lat' dir='ltr'>dies</span> 
     </span>
     <span class='ocr_line' id='line_1_15' title="bbox 236 714 1028 751; baseline -0.004 -8"><span class='ocrx_word' id='word_1_127' title='bbox 236 726 265 743; x_wconf 81' lang='lat' dir='ltr'>ac</span> <span class='ocrx_word' id='word_1_128' title='bbox 278 722 367 743; x_wconf 82' lang='lat' dir='ltr'>noctes</span> <span class='ocrx_word' id='word_1_129' title='bbox 379 717 411 742; x_wconf 81' lang='lat' dir='ltr'>de</span> <span class='ocrx_word' id='word_1_130' title='bbox 424 717 550 751; x_wconf 82' lang='lat' dir='ltr'>petitione</span> <span class='ocrx_word' id='word_1_131' title='bbox 563 721 605 742; x_wconf 85' lang='lat' dir='ltr'>tua</span> <span class='ocrx_word' id='word_1_132' title='bbox 617 716 757 750; x_wconf 76' lang='lat' dir='ltr'>cogitanti3</span> <span class='ocrx_word' id='word_1_133' title='bbox 777 724 827 741; x_wconf 91' lang='lat' dir='ltr'>non</span> <span class='ocrx_word' id='word_1_134' title='bbox 840 719 869 741; x_wconf 91' lang='lat' dir='ltr'>ut</span> <span class='ocrx_word' id='word_1_135' title='bbox 879 714 982 749; x_wconf 90' lang='lat' dir='ltr'>aliquid</span> <span class='ocrx_word' id='word_1_136' title='bbox 995 723 1028 740; x_wconf 85' lang='lat' dir='ltr'>cx</span> 
     </span>
     <span class='ocr_line' id='line_1_16' title="bbox 237 752 1028 787; baseline -0.004 -7"><span class='ocrx_word' id='word_1_137' title='bbox 237 755 270 780; x_wconf 86' lang='lat' dir='ltr'>iis</span> <span class='ocrx_word' id='word_1_138' title='bbox 285 755 346 781; x_wconf 78' lang='lat' dir='ltr'>novi</span> <span class='ocrx_word' id='word_1_139' title='bbox 359 754 525 783; x_wconf 83' lang='lat' dir='ltr'>addisceres,</span> <span class='ocrx_word' id='word_1_140' title='bbox 538 752 585 779; x_wconf 91' lang='lat' dir='ltr'>sed</span> <span class='ocrx_word' id='word_1_141' title='bbox 598 758 626 779; x_wconf 92' lang='lat' dir='ltr'>ut</span> <span class='ocrx_word' id='word_1_142' title='bbox 637 761 680 783; x_wconf 84' lang='lat' dir='ltr'>ea,</span> <span class='ocrx_word' id='word_1_143' title='bbox 697 753 805 787; x_wconf 83' lang='lat' dir='ltr'>quaein</span> <span class='ocrx_word' id='word_1_144' title='bbox 818 760 845 778; x_wconf 92' lang='lat' dir='ltr'>re</span> <span class='ocrx_word' id='word_1_145' title='bbox 856 752 977 786; x_wconf 83' lang='lat' dir='ltr'>dispersa</span> <span class='ocrx_word' id='word_1_146' title='bbox 989 756 1028 778; x_wconf 76' lang='lat' dir='ltr'>at-</span> 
     </span>
     <span class='ocr_line' id='line_1_17' title="bbox 235 789 1028 826; baseline -0.003 -9"><span class='ocrx_word' id='word_1_147' title='bbox 235 800 287 826; x_wconf 88' lang='lat' dir='ltr'>que</span> <span class='ocrx_word' id='word_1_148' title='bbox 305 792 406 818; x_wconf 76' lang='lat' dir='ltr'>infinita</span> <span class='ocrx_word' id='word_1_149' title='bbox 424 791 578 817; x_wconf 84' lang='lat' dir='ltr'>viderentur</span> <span class='ocrx_word' id='word_1_150' title='bbox 593 798 665 821; x_wconf 86' lang='lat' dir='ltr'>esse,</span> <span class='ocrx_word' id='word_1_151' title='bbox 689 790 788 816; x_wconf 85' lang='lat' dir='ltr'>ratione</span> <span class='ocrx_word' id='word_1_152' title='bbox 804 789 1028 816; x_wconf 91' lang='lat' dir='ltr'>etdistributione</span> 
     </span>
     <span class='ocr_line' id='line_1_18' title="bbox 235 826 1028 864; baseline -0.004 -9"><span class='ocrx_word' id='word_1_153' title='bbox 235 828 286 854; x_wconf 86' lang='lat' dir='ltr'>sub</span> <span class='ocrx_word' id='word_1_154' title='bbox 302 837 354 855; x_wconf 92' lang='lat' dir='ltr'>uno</span> <span class='ocrx_word' id='word_1_155' title='bbox 366 833 473 864; x_wconf 84' lang='lat' dir='ltr'>aspectu</span> <span class='ocrx_word' id='word_1_156' title='bbox 489 832 660 863; x_wconf 73' lang='lat' dir='ltr'>ponerentur.</span> <span class='ocrx_word' id='word_1_157' title='bbox 700 827 868 862; x_wconf 78' lang='lat' dir='ltr'>Quamquam</span> <span class='ocrx_word' id='word_1_158' title='bbox 881 826 1028 861; x_wconf 90' lang='lat' dir='ltr'>plurimum</span> 
     </span>
     <span class='ocr_line' id='line_1_19' title="bbox 235 865 1029 899; baseline -0.003 -8"><span class='ocrx_word' id='word_1_159' title='bbox 235 871 326 892; x_wconf 84' lang='lat' dir='ltr'>natura</span> <span class='ocrx_word' id='word_1_160' title='bbox 335 865 507 896; x_wconf 81' lang='lat' dir='ltr'>valet.tamen</span> <span class='ocrx_word' id='word_1_161' title='bbox 521 865 627 891; x_wconf 85' lang='lat' dir='ltr'>videtur</span> <span class='ocrx_word' id='word_1_162' title='bbox 638 865 664 891; x_wconf 92' lang='lat' dir='ltr'>in</span> <span class='ocrx_word' id='word_1_163' title='bbox 677 873 822 899; x_wconf 91' lang='lat' dir='ltr'>paucorum</span> <span class='ocrx_word' id='word_1_164' title='bbox 836 865 969 892; x_wconf 83' lang='lat' dir='ltr'>mensium</span> <span class='ocrx_word' id='word_1_165' title='bbox 982 872 1029 889; x_wconf 89' lang='lat' dir='ltr'>ne-</span> 
     </span>
     <span class='ocr_line' id='line_1_20' title="bbox 234 901 1028 938; baseline -0.003 -9"><span class='ocrx_word' id='word_1_166' title='bbox 234 903 306 938; x_wconf 81' lang='lat' dir='ltr'>gotio</span> <span class='ocrx_word' id='word_1_167' title='bbox 326 912 404 938; x_wconf 89' lang='lat' dir='ltr'>posse</span> <span class='ocrx_word' id='word_1_168' title='bbox 424 903 561 929; x_wconf 80' lang='lat' dir='ltr'>simulatio</span> <span class='ocrx_word' id='word_1_169' title='bbox 582 907 702 929; x_wconf 88' lang='lat' dir='ltr'>naturam</span> <span class='ocrx_word' id='word_1_170' title='bbox 724 902 840 928; x_wconf 87' lang='lat' dir='ltr'>vincere.</span> <span class='ocrx_word' id='word_1_171' title='bbox 880 903 905 928; x_wconf 74' lang='lat'>2.</span> <span class='ocrx_word' id='word_1_172' title='bbox 927 901 1028 928; x_wconf 86' lang='lat' dir='ltr'>Civitas</span> 
     </span>
    </p>

    <p class='ocr_par' dir='ltr' id='par_1_5' title="bbox 216 938 1029 1161">
     <span class='ocr_line' id='line_1_21' title="bbox 216 938 1028 978; baseline -0.001 -13"><span class='ocrx_word' id='word_1_173' title='bbox 216 971 220 978; x_wconf 39' lang='grc' dir='ltr'><strong><em>ι</em></strong></span> <span class='ocrx_word' id='word_1_174' title='bbox 234 949 303 975; x_wconf 86' lang='lat' dir='ltr'>quae</span> <span class='ocrx_word' id='word_1_175' title='bbox 314 941 358 970; x_wconf 87' lang='lat' dir='ltr'>sit.</span> <span class='ocrx_word' id='word_1_176' title='bbox 371 941 470 975; x_wconf 53' lang='lat' dir='ltr'>cogitem</span> <span class='ocrx_word' id='word_1_177' title='bbox 483 940 549 975; x_wconf 93' lang='lat' dir='ltr'>quid</span> <span class='ocrx_word' id='word_1_178' title='bbox 562 944 648 974; x_wconf 84' lang='lat' dir='ltr'>petas;</span> <span class='ocrx_word' id='word_1_179' title='bbox 666 940 712 974; x_wconf 94' lang='lat' dir='ltr'>qui</span> <span class='ocrx_word' id='word_1_180' title='bbox 725 939 772 965; x_wconf 85' lang='lat' dir='ltr'>sis.</span> <span class='ocrx_word' id='word_1_181' title='bbox 814 940 896 974; x_wconf 80' lang='lat' dir='ltr'>Prope</span> <span class='ocrx_word' id='word_1_182' title='bbox 908 938 1028 974; x_wconf 79' lang='lat' dir='ltr'>quotidie</span> 
     </span>
     <span class='ocr_line' id='line_1_22' title="bbox 234 976 1029 1004; baseline -0.004 0"><span class='ocrx_word' id='word_1_183' title='bbox 234 977 266 1004; x_wconf 80' lang='lat' dir='ltr'>ad</span> <span class='ocrx_word' id='word_1_184' title='bbox 284 977 369 1004; x_wconf 82' lang='lat' dir='ltr'>sorum</span> <span class='ocrx_word' id='word_1_185' title='bbox 387 978 435 1004; x_wconf 88' lang='lat' dir='ltr'>tibi</span> <span class='ocrx_word' id='word_1_186' title='bbox 452 977 623 1004; x_wconf 74' lang='lat' dir='ltr'>descendenti</span> <span class='ocrx_word' id='word_1_187' title='bbox 640 977 796 1003; x_wconf 87' lang='lat' dir='ltr'>meditatum</span> <span class='ocrx_word' id='word_1_188' title='bbox 812 976 862 1002; x_wconf 88' lang='lat' dir='ltr'>hoc</span> <span class='ocrx_word' id='word_1_189' title='bbox 881 976 930 1002; x_wconf 87' lang='lat' dir='ltr'>sit:</span> <span class='ocrx_word' id='word_1_190' title='bbox 950 985 1029 1002; x_wconf 69' lang='lat' dir='ltr'>nemis</span> 
     </span>
     <span class='ocr_line' id='line_1_23' title="bbox 233 1014 1027 1048; baseline -0.003 -8"><span class='ocrx_word' id='word_1_191' title='bbox 233 1024 302 1043; x_wconf 76' lang='lat' dir='ltr'>sum.·</span> <span class='ocrx_word' id='word_1_192' title='bbox 317 1017 475 1041; x_wconf 76' lang='lat' dir='ltr'>consulatum</span> <span class='ocrx_word' id='word_1_193' title='bbox 485 1020 555 1048; x_wconf 77' lang='lat' dir='ltr'>pelo:</span> <span class='ocrx_word' id='word_1_194' title='bbox 574 1015 649 1040; x_wconf 78' lang='lat' dir='ltr'>Roma</span> <span class='ocrx_word' id='word_1_195' title='bbox 664 1019 709 1040; x_wconf 77' lang='lat' dir='ltr'>est.</span> <span class='ocrx_word' id='word_1_196' title='bbox 749 1014 872 1040; x_wconf 84' lang='lat' dir='ltr'>Nominis</span> <span class='ocrx_word' id='word_1_197' title='bbox 884 1014 1027 1040; x_wconf 87' lang='lat' dir='ltr'>novitatem</span> 
     </span>
     <span class='ocr_line' id='line_1_24' title="bbox 233 1051 771 1088; baseline 0 -11"><span class='ocrx_word' id='word_1_198' title='bbox 233 1052 341 1078; x_wconf 87' lang='lat' dir='ltr'>dicendi</span> <span class='ocrx_word' id='word_1_199' title='bbox 361 1052 444 1088; x_wconf 73' lang='lat' dir='ltr'>gloria</span> <span class='ocrx_word' id='word_1_200' title='bbox 466 1053 582 1078; x_wconf 82' lang='lat' dir='ltr'>maxime</span> <span class='ocrx_word' id='word_1_201' title='bbox 603 1051 771 1077; x_wconf 84' lang='lat' dir='ltr'>sublevabis.</span> 
     </span>
     <span class='ocr_line' id='line_1_25' title="bbox 234 1088 1029 1125; baseline -0.003 -10"><span class='ocrx_word' id='word_1_202' title='bbox 234 1089 381 1124; x_wconf 92' lang='lat' dir='ltr'>plurimum</span> <span class='ocrx_word' id='word_1_203' title='bbox 394 1090 533 1125; x_wconf 76' lang='lat' dir='ltr'>dignitatis</span> <span class='ocrx_word' id='word_1_204' title='bbox 546 1089 649 1115; x_wconf 84' lang='lat' dir='ltr'>habuit.</span> <span class='ocrx_word' id='word_1_205' title='bbox 690 1089 746 1115; x_wconf 82' lang='lat' dir='ltr'>Non</span> <span class='ocrx_word' id='word_1_206' title='bbox 759 1093 853 1123; x_wconf 87' lang='lat' dir='ltr'>potest,</span> <span class='ocrx_word' id='word_1_207' title='bbox 870 1089 917 1123; x_wconf 94' lang='lat' dir='ltr'>qui</span> <span class='ocrx_word' id='word_1_208' title='bbox 929 1088 1029 1123; x_wconf 77' lang='lat' dir='ltr'>dignus</span> 
     </span>
     <span class='ocr_line' id='line_1_26' title="bbox 236 1125 1027 1161; baseline -0.001 -9"><span class='ocrx_word' id='word_1_209' title='bbox 236 1126 348 1153; x_wconf 88' lang='lat' dir='ltr'>habetur</span> <span class='ocrx_word' id='word_1_210' title='bbox 369 1132 495 1161; x_wconf 87' lang='lat' dir='ltr'>patronus</span> <span class='ocrx_word' id='word_1_211' title='bbox 513 1126 709 1155; x_wconf 79' lang='lat' dir='ltr'>consularium.</span> <span class='ocrx_word' id='word_1_212' title='bbox 738 1126 867 1161; x_wconf 82' lang='lat' dir='ltr'>indignus</span> <span class='ocrx_word' id='word_1_213' title='bbox 887 1125 1027 1151; x_wconf 83' lang='lat' dir='ltr'>consulatu</span> 
     </span>
    </p>
   </div>
   <div class='ocr_carea' id='block_1_5' title="bbox 1049 260 1053 993">
    <p class='ocr_par' dir='ltr' id='par_1_6' title="bbox 1049 260 1053 993">
     <span class='ocr_line' id='line_1_27' title="bbox 1049 260 1053 993; baseline 0 0"><span class='ocrx_word' id='word_1_214' title='bbox 1049 260 1053 993; x_wconf 95' lang='lat' dir='ltr'> </span> 
     </span>
    </p>
   </div>
   <div class='ocr_carea' id='block_1_6' title="bbox 1050 1044 1052 1053">
    <p class='ocr_par' dir='ltr' id='par_1_7' title="bbox 1050 1044 1052 1053">
     <span class='ocr_line' id='line_1_28' title="bbox 1050 1044 1052 1053; baseline 0 0"><span class='ocrx_word' id='word_1_215' title='bbox 1050 1044 1052 1053; x_wconf 73' lang='grc'>1</span> 
     </span>
    </p>
   </div>
   <div class='ocr_carea' id='block_1_7' title="bbox 1050 994 1059 1037">
    <p class='ocr_par' dir='ltr' id='par_1_8' title="bbox 1050 994 1059 1037">
     <span class='ocr_line' id='line_1_29' title="bbox 1050 994 1059 1037; baseline 0 0"><span class='ocrx_word' id='word_1_216' title='bbox 1050 994 1059 1037; x_wconf 80' lang='grc'>’1</span> 
     </span>
    </p>
   </div>
   <div class='ocr_carea' id='block_1_8' title="bbox 1056 831 1059 882">
    <p class='ocr_par' dir='ltr' id='par_1_9' title="bbox 1056 831 1059 882">
     <span class='ocr_line' id='line_1_30' title="bbox 1056 831 1059 882; baseline 0 0"><span class='ocrx_word' id='word_1_217' title='bbox 1056 831 1059 882; x_wconf 90' lang='grc'>1</span> 
     </span>
    </p>
   </div>
   <div class='ocr_carea' id='block_1_9' title="bbox 1057 897 1059 990">
    <p class='ocr_par' dir='ltr' id='par_1_10' title="bbox 1057 897 1059 990">
     <span class='ocr_line' id='line_1_31' title="bbox 1057 897 1059 990; baseline 0 2062"><span class='ocrx_word' id='word_1_218' title='bbox 1057 897 1059 990; x_wconf 95' lang='lat' dir='ltr'> </span> 
     </span>
    </p>
   </div>
   <div class='ocr_carea' id='block_1_10' title="bbox 811 1044 1059 1085">
    <p class='ocr_par' dir='ltr' id='par_1_11' title="bbox 811 1044 1059 1085">
     <span class='ocr_line' id='line_1_32' title="bbox 811 1044 1059 1085; baseline -0.008 -8"><span class='ocrx_word' id='word_1_219' title='bbox 811 1051 922 1085; x_wconf 84' lang='lat' dir='ltr'>Semper</span> <span class='ocrx_word' id='word_1_220' title='bbox 936 1059 965 1077; x_wconf 89' lang='lat' dir='ltr'>ea</span> <span class='ocrx_word' id='word_1_221' title='bbox 987 1059 1028 1076; x_wconf 90' lang='lat' dir='ltr'>res</span> <span class='ocrx_word' id='word_1_222' title='bbox 1050 1044 1059 1075; x_wconf 68' lang='lat' dir='ltr'>»l</span> 
     </span>
    </p>
   </div>
   <div class='ocr_carea' id='block_1_11' title="bbox 1058 1123 1395 1153">
    <p class='ocr_par' dir='ltr' id='par_1_12' title="bbox 1058 1123 1395 1153">
     <span class='ocr_line' id='line_1_33' title="bbox 1058 1123 1395 1153; baseline 0 0"><span class='ocrx_word' id='word_1_223' title='bbox 1058 1123 1059 1135; x_wconf 62' lang='lat'>¹</span> <span class='ocrx_word' id='word_1_224' title='bbox 1080 1128 1138 1153; x_wconf 92' lang='lat' dir='ltr'>suis</span> <span class='ocrx_word' id='word_1_225' title='bbox 1151 1127 1276 1153; x_wconf 86' lang='lat' dir='ltr'>manibus</span> <span class='ocrx_word' id='word_1_226' title='bbox 1287 1127 1395 1153; x_wconf 86' lang='lat' dir='ltr'>oceidit.</span> 
     </span>
    </p>
   </div>
   <div class='ocr_carea' id='block_1_12' title="bbox 955 162 1291 189">
    <p class='ocr_par' dir='ltr' id='par_1_13' title="bbox 955 162 1291 189">
     <span class='ocr_line' id='line_1_34' title="bbox 955 162 1291 189; baseline 0.003 -1"><span class='ocrx_word' id='word_1_227' title='bbox 955 162 1291 189; x_wconf 64' lang='lat' dir='ltr'>T.C1C13n‹›x{s</span> 
     </span>
    </p>
   </div>
   <div class='ocr_carea' id='block_1_13' title="bbox 1079 232 1874 863">
    <p class='ocr_par' dir='ltr' id='par_1_14' title="bbox 1079 232 1874 863">
     <span class='ocr_line' id='line_1_35' title="bbox 1082 232 1869 269; baseline 0.001 -10"><span class='ocrx_word' id='word_1_228' title='bbox 1082 233 1208 262; x_wconf 69' lang='lat' dir='ltr'>indic-ant,</span> <span class='ocrx_word' id='word_1_229' title='bbox 1222 232 1330 268; x_wconf 83' lang='lat' dir='ltr'>optandi</span> <span class='ocrx_word' id='word_1_230' title='bbox 1342 233 1541 268; x_wconf 68' lang='lat' dir='ltr'>competitores:</span> <span class='ocrx_word' id='word_1_231' title='bbox 1559 233 1638 259; x_wconf 80' lang='lat' dir='ltr'>ambo</span> <span class='ocrx_word' id='word_1_232' title='bbox 1648 242 1662 260; x_wconf 76' lang='lat' dir='ltr'>a</span> <span class='ocrx_word' id='word_1_233' title='bbox 1674 234 1788 269; x_wconf 73' lang='lat' dir='ltr'>pueritia</span> <span class='ocrx_word' id='word_1_234' title='bbox 1801 233 1869 260; x_wconf 31' lang='lat' dir='ltr'>sicar</span> 
     </span>
     <span class='ocr_line' id='line_1_36' title="bbox 1081 270 1871 306; baseline 0 -10"><span class='ocrx_word' id='word_1_235' title='bbox 1081 271 1121 299; x_wconf 87' lang='lat' dir='ltr'>rii,</span> <span class='ocrx_word' id='word_1_236' title='bbox 1136 270 1214 296; x_wconf 84' lang='lat' dir='ltr'>ambo</span> <span class='ocrx_word' id='word_1_237' title='bbox 1227 270 1378 300; x_wconf 66' lang='lat' dir='ltr'>libidinosi,</span> <span class='ocrx_word' id='word_1_238' title='bbox 1396 270 1475 296; x_wconf 81' lang='lat' dir='ltr'>ambo</span> <span class='ocrx_word' id='word_1_239' title='bbox 1489 275 1608 306; x_wconf 79' lang='lat' dir='ltr'>egentes.</span> <span class='ocrx_word' id='word_1_240' title='bbox 1649 271 1746 298; x_wconf 81' lang='lat' dir='ltr'>Eorum</span> <span class='ocrx_word' id='word_1_241' title='bbox 1762 271 1871 298; x_wconf 78' lang='lat' dir='ltr'>alterius</span> 
     </span>
     <span class='ocr_line' id='line_1_37' title="bbox 1081 307 1871 343; baseline 0.001 -10"><span class='ocrx_word' id='word_1_242' title='bbox 1081 308 1147 333; x_wconf 80' lang='lat' dir='ltr'>bona</span> <span class='ocrx_word' id='word_1_243' title='bbox 1160 308 1305 342; x_wconf 69' lang='lat' dir='ltr'>proscripta</span> <span class='ocrx_word' id='word_1_244' title='bbox 1319 307 1452 337; x_wconf 69' lang='lat' dir='ltr'>vidimus,</span> <span class='ocrx_word' id='word_1_245' title='bbox 1474 316 1565 333; x_wconf 74' lang='lat' dir='ltr'>vocem</span> <span class='ocrx_word' id='word_1_246' title='bbox 1583 307 1700 343; x_wconf 81' lang='lat' dir='ltr'>denique</span> <span class='ocrx_word' id='word_1_247' title='bbox 1714 308 1871 334; x_wconf 69' lang='lat' dir='ltr'>audivimus</span> 
     </span>
     <span class='ocr_line' id='line_1_38' title="bbox 1082 344 1872 379; baseline 0.001 -9"><span class='ocrx_word' id='word_1_248' title='bbox 1082 346 1202 374; x_wconf 75' lang='lat' dir='ltr'>iurantis,</span> <span class='ocrx_word' id='word_1_249' title='bbox 1216 353 1244 370; x_wconf 78' lang='lat' dir='ltr'>sc</span> <span class='ocrx_word' id='word_1_250' title='bbox 1257 345 1353 370; x_wconf 76' lang='lat' dir='ltr'>llomac</span> <span class='ocrx_word' id='word_1_251' title='bbox 1366 344 1466 371; x_wconf 90' lang='lat' dir='ltr'>iudicio</span> <span class='ocrx_word' id='word_1_252' title='bbox 1476 353 1561 379; x_wconf 76' lang='lat' dir='ltr'>aequo</span> <span class='ocrx_word' id='word_1_253' title='bbox 1575 353 1636 371; x_wconf 90' lang='lat' dir='ltr'>cum</span> <span class='ocrx_word' id='word_1_254' title='bbox 1653 345 1759 372; x_wconf 83' lang='lat' dir='ltr'>homine</span> <span class='ocrx_word' id='word_1_255' title='bbox 1770 345 1872 372; x_wconf 82' lang='lat' dir='ltr'>Graeco</span> 
     </span>
     <span class='ocr_line' id='line_1_39' title="bbox 1080 382 1873 417; baseline 0.003 -11"><span class='ocrx_word' id='word_1_256' title='bbox 1080 387 1179 407; x_wconf 69' lang='lat' dir='ltr'>certare</span> <span class='ocrx_word' id='word_1_257' title='bbox 1192 390 1242 408; x_wconf 91' lang='lat' dir='ltr'>non</span> <span class='ocrx_word' id='word_1_258' title='bbox 1256 390 1346 416; x_wconf 70' lang='lat' dir='ltr'>posse,</span> <span class='ocrx_word' id='word_1_259' title='bbox 1360 386 1427 408; x_wconf 85' lang='lat' dir='ltr'>etex</span> <span class='ocrx_word' id='word_1_260' title='bbox 1439 387 1532 408; x_wconf 75' lang='lat' dir='ltr'>senatu</span> <span class='ocrx_word' id='word_1_261' title='bbox 1544 383 1658 408; x_wconf 81' lang='lat' dir='ltr'>eiectum</span> <span class='ocrx_word' id='word_1_262' title='bbox 1666 383 1778 409; x_wconf 73' lang='lat' dir='ltr'>scimus.</span> <span class='ocrx_word' id='word_1_263' title='bbox 1793 382 1873 417; x_wconf 85' lang='lat' dir='ltr'>Opti-</span> 
     </span>
     <span class='ocr_line' id='line_1_40' title="bbox 1082 419 1872 454; baseline 0.003 -10"><span class='ocrx_word' id='word_1_264' title='bbox 1082 428 1122 444; x_wconf 86' lang='lat' dir='ltr'>ma</span> <span class='ocrx_word' id='word_1_265' title='bbox 1135 427 1198 445; x_wconf 77' lang='lat' dir='ltr'>vero</span> <span class='ocrx_word' id='word_1_266' title='bbox 1208 427 1348 445; x_wconf 84' lang='lat' dir='ltr'>censorum</span> <span class='ocrx_word' id='word_1_267' title='bbox 1360 420 1557 445; x_wconf 74' lang='lat' dir='ltr'>existimatione</span> <span class='ocrx_word' id='word_1_268' title='bbox 1570 419 1595 445; x_wconf 89' lang='lat' dir='ltr'>in</span> <span class='ocrx_word' id='word_1_269' title='bbox 1611 425 1732 453; x_wconf 76' lang='lat' dir='ltr'>praetura</span> <span class='ocrx_word' id='word_1_270' title='bbox 1742 420 1872 454; x_wconf 85' lang='lat' dir='ltr'>competi-</span> 
     </span>
     <span class='ocr_line' id='line_1_41' title="bbox 1081 456 1871 492; baseline 0.001 -11"><span class='ocrx_word' id='word_1_271' title='bbox 1081 461 1162 482; x_wconf 83' lang='lat' dir='ltr'>torem</span> <span class='ocrx_word' id='word_1_272' title='bbox 1176 456 1330 486; x_wconf 85' lang='lat' dir='ltr'>habuimus,</span> <span class='ocrx_word' id='word_1_273' title='bbox 1347 456 1547 482; x_wconf 77' lang='lat' dir='ltr'>amicoSabidio</span> <span class='ocrx_word' id='word_1_274' title='bbox 1557 461 1582 482; x_wconf 85' lang='lat' dir='ltr'>et</span> <span class='ocrx_word' id='word_1_275' title='bbox 1593 456 1734 487; x_wconf 67' lang='lat' dir='ltr'>Panthera,</span> <span class='ocrx_word' id='word_1_276' title='bbox 1748 456 1871 492; x_wconf 81' lang='lat' dir='ltr'>quod,ad</span> 
     </span>
     <span class='ocr_line' id='line_1_42' title="bbox 1082 493 1871 528; baseline 0.003 -10"><span class='ocrx_word' id='word_1_277' title='bbox 1082 493 1198 519; x_wconf 79' lang='lat' dir='ltr'>tabulam</span> <span class='ocrx_word' id='word_1_278' title='bbox 1217 502 1284 528; x_wconf 78' lang='lat' dir='ltr'>quos</span> <span class='ocrx_word' id='word_1_279' title='bbox 1301 498 1423 527; x_wconf 86' lang='lat' dir='ltr'>poneret,</span> <span class='ocrx_word' id='word_1_280' title='bbox 1442 502 1492 519; x_wconf 91' lang='lat' dir='ltr'>non</span> <span class='ocrx_word' id='word_1_281' title='bbox 1510 493 1633 519; x_wconf 82' lang='lat' dir='ltr'>habebat.</span> <span class='ocrx_word' id='word_1_282' title='bbox 1673 494 1732 525; x_wconf 84' lang='lat' dir='ltr'>Quo</span> <span class='ocrx_word' id='word_1_283' title='bbox 1745 494 1871 520; x_wconf 80' lang='lat' dir='ltr'>tamenin</span> 
     </span>
     <span class='ocr_line' id='line_1_43' title="bbox 1082 530 1873 565; baseline 0.003 -10"><span class='ocrx_word' id='word_1_284' title='bbox 1082 531 1236 565; x_wconf 66' lang='lat' dir='ltr'>magistratu</span> <span class='ocrx_word' id='word_1_285' title='bbox 1256 531 1384 560; x_wconf 82' lang='lat' dir='ltr'>amicam,</span> <span class='ocrx_word' id='word_1_286' title='bbox 1406 539 1487 565; x_wconf 83' lang='lat' dir='ltr'>quam</span> <span class='ocrx_word' id='word_1_287' title='bbox 1503 530 1589 565; x_wconf 79' lang='lat' dir='ltr'>palam</span> <span class='ocrx_word' id='word_1_288' title='bbox 1605 530 1678 557; x_wconf 87' lang='lat' dir='ltr'>domi</span> <span class='ocrx_word' id='word_1_289' title='bbox 1696 530 1818 560; x_wconf 80' lang='lat' dir='ltr'>baberet,</span> <span class='ocrx_word' id='word_1_290' title='bbox 1839 530 1873 556; x_wconf 82' lang='lat' dir='ltr'>de</span> 
     </span>
     <span class='ocr_line' id='line_1_44' title="bbox 1082 567 1872 602; baseline 0.001 -9"><span class='ocrx_word' id='word_1_291' title='bbox 1082 567 1213 593; x_wconf 80' lang='lat' dir='ltr'>machinis</span> <span class='ocrx_word' id='word_1_292' title='bbox 1234 568 1308 594; x_wconf 88' lang='lat' dir='ltr'>emit.</span> <span class='ocrx_word' id='word_1_293' title='bbox 1349 568 1376 594; x_wconf 87' lang='lat' dir='ltr'>ln</span> <span class='ocrx_word' id='word_1_294' title='bbox 1393 569 1519 602; x_wconf 87' lang='lat' dir='ltr'>petitione</span> <span class='ocrx_word' id='word_1_295' title='bbox 1534 572 1622 593; x_wconf 84' lang='lat' dir='ltr'>autem</span> <span class='ocrx_word' id='word_1_296' title='bbox 1637 567 1793 594; x_wconf 75' lang='lat' dir='ltr'>consulatus</span> <span class='ocrx_word' id='word_1_297' title='bbox 1807 575 1872 594; x_wconf 81' lang='lat' dir='ltr'>cau·</span> 
     </span>
     <span class='ocr_line' id='line_1_45' title="bbox 1081 604 1872 640; baseline 0.001 -10"><span class='ocrx_word' id='word_1_298' title='bbox 1081 613 1163 639; x_wconf 80' lang='lat' dir='ltr'>pones</span> <span class='ocrx_word' id='word_1_299' title='bbox 1178 613 1271 630; x_wconf 83' lang='lat' dir='ltr'>omnes</span> <span class='ocrx_word' id='word_1_300' title='bbox 1286 605 1431 640; x_wconf 82' lang='lat' dir='ltr'>compilare</span> <span class='ocrx_word' id='word_1_301' title='bbox 1446 613 1493 639; x_wconf 88' lang='lat' dir='ltr'>per</span> <span class='ocrx_word' id='word_1_302' title='bbox 1507 605 1691 639; x_wconf 84' lang='lat' dir='ltr'>turpissimam</span> <span class='ocrx_word' id='word_1_303' title='bbox 1713 604 1736 631; x_wconf 89' lang='lat' dir='ltr'>le</span> <span class='ocrx_word' id='word_1_304' title='bbox 1757 605 1872 631; x_wconf 78' lang='lat' dir='ltr'>ationem</span> 
     </span>
     <span class='ocr_line' id='line_1_46' title="bbox 1081 614 1871 677; baseline 0 -9"><span class='ocrx_word' id='word_1_305' title='bbox 1081 642 1183 672; x_wconf 81' lang='lat' dir='ltr'>maluit,</span> <span class='ocrx_word' id='word_1_306' title='bbox 1197 651 1277 676; x_wconf 90' lang='lat' dir='ltr'>quam</span> <span class='ocrx_word' id='word_1_307' title='bbox 1289 642 1382 668; x_wconf 80' lang='lat' dir='ltr'>adesse</span> <span class='ocrx_word' id='word_1_308' title='bbox 1393 647 1419 668; x_wconf 87' lang='lat' dir='ltr'>et</span> <span class='ocrx_word' id='word_1_309' title='bbox 1430 641 1528 677; x_wconf 90' lang='lat' dir='ltr'>populo</span> <span class='ocrx_word' id='word_1_310' title='bbox 1539 642 1656 668; x_wconf 78' lang='lat' dir='ltr'>nomano</span> <span class='ocrx_word' id='word_1_311' title='bbox 1666 614 1829 677; x_wconf 45' lang='lat' dir='ltr'>euppficare.</span> <span class='ocrx_word' id='word_1_312' title='bbox 1844 643 1871 668; x_wconf 78' lang='lat'>9.</span> 
     </span>
     <span class='ocr_line' id='line_1_47' title="bbox 1081 678 1872 714; baseline 0 -9"><span class='ocrx_word' id='word_1_313' title='bbox 1081 679 1152 705; x_wconf 74' lang='lat' dir='ltr'>Alter</span> <span class='ocrx_word' id='word_1_314' title='bbox 1164 688 1234 708; x_wconf 77' lang='lat' dir='ltr'>vero,</span> <span class='ocrx_word' id='word_1_315' title='bbox 1252 679 1290 705; x_wconf 89' lang='lat' dir='ltr'>dii</span> <span class='ocrx_word' id='word_1_316' title='bbox 1303 679 1379 705; x_wconf 72' lang='lat' dir='ltr'>boni!</span> <span class='ocrx_word' id='word_1_317' title='bbox 1400 687 1453 714; x_wconf 91' lang='lat' dir='ltr'>quo</span> <span class='ocrx_word' id='word_1_318' title='bbox 1464 679 1606 713; x_wconf 82' lang='lat' dir='ltr'>splendore</span> <span class='ocrx_word' id='word_1_319' title='bbox 1615 678 1673 705; x_wconf 64' lang='lat' dir='ltr'>est?</span> <span class='ocrx_word' id='word_1_320' title='bbox 1693 680 1812 705; x_wconf 82' lang='lat' dir='ltr'>Primum</span> <span class='ocrx_word' id='word_1_321' title='bbox 1824 687 1872 705; x_wconf 85' lang='lat' dir='ltr'>no-</span> 
     </span>
     <span class='ocr_line' id='line_1_48' title="bbox 1081 715 1874 752; baseline 0 -10"><span class='ocrx_word' id='word_1_322' title='bbox 1081 716 1182 743; x_wconf 85' lang='lat' dir='ltr'>bilitate</span> <span class='ocrx_word' id='word_1_323' title='bbox 1193 716 1301 743; x_wconf 80' lang='lat' dir='ltr'>eadem:</span> <span class='ocrx_word' id='word_1_324' title='bbox 1315 725 1378 743; x_wconf 93' lang='lat' dir='ltr'>num</span> <span class='ocrx_word' id='word_1_325' title='bbox 1391 715 1507 742; x_wconf 78' lang='lat' dir='ltr'>maiore‘?</span> <span class='ocrx_word' id='word_1_326' title='bbox 1519 725 1583 747; x_wconf 81' lang='lat' dir='ltr'>non;</span> <span class='ocrx_word' id='word_1_327' title='bbox 1597 716 1643 742; x_wconf 88' lang='lat' dir='ltr'>sed</span> <span class='ocrx_word' id='word_1_328' title='bbox 1652 717 1763 743; x_wconf 86' lang='lat' dir='ltr'>virtute:</span> <span class='ocrx_word' id='word_1_329' title='bbox 1775 725 1874 752; x_wconf 82' lang='lat' dir='ltr'>quam·</span> 
     </span>
     <span class='ocr_line' id='line_1_49' title="bbox 1079 753 1873 788; baseline 0 -8"><span class='ocrx_word' id='word_1_330' title='bbox 1079 754 1186 783; x_wconf 81' lang='lat' dir='ltr'>obrem,</span> <span class='ocrx_word' id='word_1_331' title='bbox 1202 753 1273 788; x_wconf 88' lang='lat' dir='ltr'>quod</span> <span class='ocrx_word' id='word_1_332' title='bbox 1290 755 1410 784; x_wconf 83' lang='lat' dir='ltr'>inanius,</span> <span class='ocrx_word' id='word_1_333' title='bbox 1431 753 1553 780; x_wconf 77' lang='lat' dir='ltr'>umbram</span> <span class='ocrx_word' id='word_1_334' title='bbox 1565 762 1642 779; x_wconf 85' lang='lat' dir='ltr'>suam</span> <span class='ocrx_word' id='word_1_335' title='bbox 1657 754 1764 780; x_wconf 87' lang='lat' dir='ltr'>metuit:</span> <span class='ocrx_word' id='word_1_336' title='bbox 1785 754 1873 780; x_wconf 80' lang='lat' dir='ltr'>hicne</span> 
     </span>
     <span class='ocr_line' id='line_1_50' title="bbox 1082 790 1873 826; baseline 0.001 -10"><span class='ocrx_word' id='word_1_337' title='bbox 1082 791 1153 826; x_wconf 72' lang='lat' dir='ltr'>leges</span> <span class='ocrx_word' id='word_1_338' title='bbox 1164 792 1285 826; x_wconf 83' lang='lat' dir='ltr'>quidem,</span> <span class='ocrx_word' id='word_1_339' title='bbox 1295 796 1372 818; x_wconf 86' lang='lat' dir='ltr'>natus</span> <span class='ocrx_word' id='word_1_340' title='bbox 1383 792 1410 817; x_wconf 89' lang='lat' dir='ltr'>in</span> <span class='ocrx_word' id='word_1_341' title='bbox 1423 792 1505 826; x_wconf 83' lang='lat' dir='ltr'>patris</span> <span class='ocrx_word' id='word_1_342' title='bbox 1515 795 1640 826; x_wconf 82' lang='lat' dir='ltr'>egestate.</span> <span class='ocrx_word' id='word_1_343' title='bbox 1649 790 1779 817; x_wconf 78' lang='lat' dir='ltr'>educatus</span> <span class='ocrx_word' id='word_1_344' title='bbox 1791 791 1818 817; x_wconf 85' lang='lat' dir='ltr'>in</span> <span class='ocrx_word' id='word_1_345' title='bbox 1829 798 1873 817; x_wconf 78' lang='lat' dir='ltr'>so-</span> 
     </span>
     <span class='ocr_line' id='line_1_51' title="bbox 1081 827 1874 863; baseline -0.001 -8"><span class='ocrx_word' id='word_1_346' title='bbox 1081 830 1146 855; x_wconf 89' lang='lat' dir='ltr'>roris</span> <span class='ocrx_word' id='word_1_347' title='bbox 1153 829 1264 863; x_wconf 89' lang='lat' dir='ltr'>stupris,</span> <span class='ocrx_word' id='word_1_348' title='bbox 1272 829 1457 855; x_wconf 86' lang='lat' dir='ltr'>corroboratus</span> <span class='ocrx_word' id='word_1_349' title='bbox 1469 829 1495 854; x_wconf 90' lang='lat' dir='ltr'>in</span> <span class='ocrx_word' id='word_1_350' title='bbox 1506 828 1587 854; x_wconf 88' lang='lat' dir='ltr'>caede</span> <span class='ocrx_word' id='word_1_351' title='bbox 1598 829 1714 854; x_wconf 86' lang='lat' dir='ltr'>civium:</span> <span class='ocrx_word' id='word_1_352' title='bbox 1727 828 1806 854; x_wconf 90' lang='lat' dir='ltr'>cuius</span> <span class='ocrx_word' id='word_1_353' title='bbox 1816 827 1874 863; x_wconf 82' lang='lat' dir='ltr'>pri-</span> 
     </span>
    </p>
   </div>
   <div class='ocr_carea' id='block_1_14' title="bbox 1057 865 1873 900">
    <p class='ocr_par' dir='ltr' id='par_1_15' title="bbox 1057 865 1873 900">
     <span class='ocr_line' id='line_1_52' title="bbox 1057 865 1873 900; baseline 0 -9"><span class='ocrx_word' id='word_1_354' title='bbox 1057 885 1058 890; x_wconf 55' lang='lat'>,</span> <span class='ocrx_word' id='word_1_355' title='bbox 1081 875 1141 892; x_wconf 92' lang='lat' dir='ltr'>mus</span> <span class='ocrx_word' id='word_1_356' title='bbox 1152 866 1184 892; x_wconf 90' lang='lat' dir='ltr'>ad</span> <span class='ocrx_word' id='word_1_357' title='bbox 1197 866 1391 900; x_wconf 82' lang='lat' dir='ltr'>rempublicam</span> <span class='ocrx_word' id='word_1_358' title='bbox 1403 865 1491 892; x_wconf 86' lang='lat' dir='ltr'>aditus</span> <span class='ocrx_word' id='word_1_359' title='bbox 1504 866 1530 892; x_wconf 92' lang='lat' dir='ltr'>in</span> <span class='ocrx_word' id='word_1_360' title='bbox 1541 865 1679 900; x_wconf 86' lang='lat' dir='ltr'>equitibus</span> <span class='ocrx_word' id='word_1_361' title='bbox 1691 866 1817 891; x_wconf 80' lang='lat' dir='ltr'>Romanis</span> <span class='ocrx_word' id='word_1_362' title='bbox 1827 872 1873 891; x_wconf 90' lang='lat' dir='ltr'>oc-</span> 
     </span>
    </p>
   </div>
   <div class='ocr_carea' id='block_1_15' title="bbox 1080 901 1874 1162">
    <p class='ocr_par' dir='ltr' id='par_1_16' title="bbox 1080 901 1874 1162">
     <span class='ocr_line' id='line_1_53' title="bbox 1080 901 1871 938; baseline -0.001 -9"><span class='ocrx_word' id='word_1_363' title='bbox 1080 903 1202 930; x_wconf 88' lang='lat' dir='ltr'>cidendis</span> <span class='ocrx_word' id='word_1_364' title='bbox 1214 903 1272 929; x_wconf 89' lang='lat' dir='ltr'>l&#39;uit.</span> <span class='ocrx_word' id='word_1_365' title='bbox 1314 904 1379 929; x_wconf 84' lang='lat' dir='ltr'>Nam</span> <span class='ocrx_word' id='word_1_366' title='bbox 1396 903 1463 933; x_wconf 83' lang='lat' dir='ltr'>illis,</span> <span class='ocrx_word' id='word_1_367' title='bbox 1486 911 1554 938; x_wconf 85' lang='lat' dir='ltr'>quos</span> <span class='ocrx_word' id='word_1_368' title='bbox 1571 903 1757 933; x_wconf 81' lang='lat' dir='ltr'>meminimus,</span> <span class='ocrx_word' id='word_1_369' title='bbox 1775 901 1871 932; x_wconf 80' lang='lat' dir='ltr'>Gallis,</span> 
     </span>
     <span class='ocr_line' id='line_1_54' title="bbox 1080 940 1874 976; baseline -0.001 -9"><span class='ocrx_word' id='word_1_370' title='bbox 1080 942 1126 976; x_wconf 95' lang='lat' dir='ltr'>qui</span> <span class='ocrx_word' id='word_1_371' title='bbox 1140 946 1195 967; x_wconf 90' lang='lat' dir='ltr'>tum</span> <span class='ocrx_word' id='word_1_372' title='bbox 1206 941 1366 967; x_wconf 83' lang='lat' dir='ltr'>Titiniorum</span> <span class='ocrx_word' id='word_1_373' title='bbox 1380 949 1410 966; x_wconf 87' lang='lat' dir='ltr'>ac</span> <span class='ocrx_word' id='word_1_374' title='bbox 1422 941 1586 966; x_wconf 75' lang='lat' dir='ltr'>Nanniorum</span> <span class='ocrx_word' id='word_1_375' title='bbox 1599 949 1628 966; x_wconf 90' lang='lat' dir='ltr'>ac</span> <span class='ocrx_word' id='word_1_376' title='bbox 1640 940 1818 966; x_wconf 76' lang='lat' dir='ltr'>Tanusiorum</span> <span class='ocrx_word' id='word_1_377' title='bbox 1828 947 1874 965; x_wconf 76' lang='lat' dir='ltr'>ca-</span> 
     </span>
     <span class='ocr_line' id='line_1_55' title="bbox 1081 977 1872 1013; baseline -0.003 -9"><span class='ocrx_word' id='word_1_378' title='bbox 1081 980 1133 1013; x_wconf 91' lang='lat' dir='ltr'>pita</span> <span class='ocrx_word' id='word_1_379' title='bbox 1146 978 1302 1006; x_wconf 84' lang='lat' dir='ltr'>demebant,</span> <span class='ocrx_word' id='word_1_380' title='bbox 1320 977 1394 1004; x_wconf 88' lang='lat' dir='ltr'>Sulla</span> <span class='ocrx_word' id='word_1_381' title='bbox 1405 986 1490 1004; x_wconf 93' lang='lat' dir='ltr'>unum</span> <span class='ocrx_word' id='word_1_382' title='bbox 1502 977 1643 1004; x_wconf 73' lang='lat' dir='ltr'>Catilinam</span> <span class='ocrx_word' id='word_1_383' title='bbox 1656 977 1831 1012; x_wconf 76' lang='lat' dir='ltr'>praefecerat,</span> <span class='ocrx_word' id='word_1_384' title='bbox 1845 977 1872 1002; x_wconf 91' lang='lat' dir='ltr'>in</span> 
     </span>
     <span class='ocr_line' id='line_1_56' title="bbox 1080 1014 1872 1050; baseline -0.003 -9"><span class='ocrx_word' id='word_1_385' title='bbox 1080 1016 1182 1050; x_wconf 89' lang='lat' dir='ltr'>quibus</span> <span class='ocrx_word' id='word_1_386' title='bbox 1195 1015 1240 1041; x_wconf 88' lang='lat' dir='ltr'>ille</span> <span class='ocrx_word' id='word_1_387' title='bbox 1253 1015 1389 1041; x_wconf 92' lang='lat' dir='ltr'>hominem</span> <span class='ocrx_word' id='word_1_388' title='bbox 1401 1016 1543 1049; x_wconf 88' lang='lat' dir='ltr'>optimum,</span> <span class='ocrx_word' id='word_1_389' title='bbox 1556 1014 1588 1047; x_wconf 90' lang='lat' dir='ltr'>Q.</span> <span class='ocrx_word' id='word_1_390' title='bbox 1603 1014 1760 1044; x_wconf 89' lang='lat' dir='ltr'>Caecilium,</span> <span class='ocrx_word' id='word_1_391' title='bbox 1774 1014 1872 1040; x_wconf 77' lang='lat' dir='ltr'>sororis</span> 
     </span>
     <span class='ocr_line' id='line_1_57' title="bbox 1080 1051 1871 1087; baseline -0.001 -9"><span class='ocrx_word' id='word_1_392' title='bbox 1080 1061 1144 1078; x_wconf 88' lang='lat' dir='ltr'>suae</span> <span class='ocrx_word' id='word_1_393' title='bbox 1159 1053 1262 1083; x_wconf 84' lang='lat' dir='ltr'>virum,</span> <span class='ocrx_word' id='word_1_394' title='bbox 1279 1053 1396 1087; x_wconf 83' lang='lat' dir='ltr'>equitem</span> <span class='ocrx_word' id='word_1_395' title='bbox 1411 1053 1574 1082; x_wconf 83' lang='lat' dir='ltr'>Romanum,</span> <span class='ocrx_word' id='word_1_396' title='bbox 1597 1051 1732 1078; x_wconf 85' lang='lat' dir='ltr'>nullarum</span> <span class='ocrx_word' id='word_1_397' title='bbox 1745 1052 1871 1086; x_wconf 72' lang='lat' dir='ltr'>partium,</span> 
     </span>
     <span class='ocr_line' id='line_1_58' title="bbox 1080 1090 1871 1125; baseline -0.001 -10"><span class='ocrx_word' id='word_1_398' title='bbox 1080 1099 1164 1125; x_wconf 85' lang='lat' dir='ltr'>quum</span> <span class='ocrx_word' id='word_1_399' title='bbox 1177 1098 1283 1124; x_wconf 82' lang='lat' dir='ltr'>semper</span> <span class='ocrx_word' id='word_1_400' title='bbox 1294 1095 1386 1116; x_wconf 80' lang='lat' dir='ltr'>natura</span> <span class='ocrx_word' id='word_1_401' title='bbox 1395 1110 1401 1119; x_wconf 89' lang='lat'>,</span> <span class='ocrx_word' id='word_1_402' title='bbox 1415 1095 1472 1116; x_wconf 91' lang='lat' dir='ltr'>tum</span> <span class='ocrx_word' id='word_1_403' title='bbox 1484 1090 1563 1115; x_wconf 86' lang='lat' dir='ltr'>etiam</span> <span class='ocrx_word' id='word_1_404' title='bbox 1579 1094 1662 1115; x_wconf 83' lang='lat' dir='ltr'>aetate</span> <span class='ocrx_word' id='word_1_405' title='bbox 1675 1090 1726 1115; x_wconf 89' lang='lat' dir='ltr'>iam</span> <span class='ocrx_word' id='word_1_406' title='bbox 1738 1090 1871 1124; x_wconf 87' lang='lat' dir='ltr'>quietum,</span> 
     </span>
     <span class='ocr_line' id='line_1_59' title="bbox 1436 1125 1872 1162; baseline -0.005 -9"><span class='ocrx_word' id='word_1_407' title='bbox 1436 1127 1479 1153; x_wconf 87' lang='grc'>111.</span> <span class='ocrx_word' id='word_1_408' title='bbox 1496 1128 1534 1152; x_wconf 80' lang='lat' dir='ltr'>to.</span> <span class='ocrx_word' id='word_1_409' title='bbox 1546 1126 1617 1158; x_wconf 88' lang='lat' dir='ltr'>Quid</span> <span class='ocrx_word' id='word_1_410' title='bbox 1628 1135 1677 1162; x_wconf 84' lang='lat' dir='ltr'>ego</span> <span class='ocrx_word' id='word_1_411' title='bbox 1689 1134 1760 1152; x_wconf 90' lang='lat' dir='ltr'>nunc</span> <span class='ocrx_word' id='word_1_412' title='bbox 1773 1125 1872 1156; x_wconf 86' lang='lat' dir='ltr'>dicam,</span> 
     </span>
    </p>
   </div>
   <div class='ocr_carea' id='block_1_16' title="bbox 233 1158 1875 1242">
    <p class='ocr_par' dir='ltr' id='par_1_17' title="bbox 233 1158 1875 1242">
     <span class='ocr_line' id='line_1_60' title="bbox 233 1158 1874 1202; baseline -0.001 -12"><span class='ocrx_word' id='word_1_413' title='bbox 233 1165 332 1199; x_wconf 89' lang='lat' dir='ltr'>putari.</span> <span class='ocrx_word' id='word_1_414' title='bbox 373 1164 566 1196; x_wconf 79' lang='lat' dir='ltr'>Quamobrem,</span> <span class='ocrx_word' id='word_1_415' title='bbox 584 1164 710 1198; x_wconf 88' lang='lat' dir='ltr'>quoniam</span> <span class='ocrx_word' id='word_1_416' title='bbox 726 1163 759 1189; x_wconf 82' lang='lat' dir='ltr'>ab</span> <span class='ocrx_word' id='word_1_417' title='bbox 772 1163 820 1189; x_wconf 91' lang='lat' dir='ltr'>hac</span> <span class='ocrx_word' id='word_1_418' title='bbox 833 1163 910 1189; x_wconf 88' lang='lat' dir='ltr'>laude</span> <span class='ocrx_word' id='word_1_419' title='bbox 922 1163 1029 1197; x_wconf 74' lang='lat' dir='ltr'>prolici-</span> <span class='ocrx_word' id='word_1_420' title='bbox 1057 1158 1059 1202; x_wconf 59' lang='lat' dir='ltr'>J</span> <span class='ocrx_word' id='word_1_421' title='bbox 1081 1169 1169 1199; x_wconf 84' lang='lat' dir='ltr'>petere</span> <span class='ocrx_word' id='word_1_422' title='bbox 1181 1173 1242 1190; x_wconf 90' lang='lat' dir='ltr'>eum</span> <span class='ocrx_word' id='word_1_423' title='bbox 1253 1164 1488 1199; x_wconf 84' lang='lat' dir='ltr'>consulatum.qui</span> <span class='ocrx_word' id='word_1_424' title='bbox 1500 1163 1636 1190; x_wconf 87' lang='lat' dir='ltr'>hominem</span> <span class='ocrx_word' id='word_1_425' title='bbox 1647 1163 1874 1197; x_wconf 78' lang='lat' dir='ltr'>carissimumpo-</span> 
     </span>
     <span class='ocr_line' id='line_1_61' title="bbox 233 1199 1875 1242; baseline 0 -16"><span class='ocrx_word' id='word_1_426' title='bbox 233 1202 330 1229; x_wconf 79' lang='lat' dir='ltr'>sceris.</span> <span class='ocrx_word' id='word_1_427' title='bbox 344 1206 381 1231; x_wconf 87' lang='lat' dir='ltr'>et,</span> <span class='ocrx_word' id='word_1_428' title='bbox 400 1201 534 1236; x_wconf 88' lang='lat' dir='ltr'>quidquid</span> <span class='ocrx_word' id='word_1_429' title='bbox 546 1209 588 1228; x_wconf 77' lang='lat' dir='ltr'>es,</span> <span class='ocrx_word' id='word_1_430' title='bbox 607 1209 640 1227; x_wconf 76' lang='lat' dir='ltr'>ex</span> <span class='ocrx_word' id='word_1_431' title='bbox 652 1201 700 1227; x_wconf 89' lang='lat' dir='ltr'>hoc</span> <span class='ocrx_word' id='word_1_432' title='bbox 712 1209 754 1226; x_wconf 87' lang='lat' dir='ltr'>es:</span> <span class='ocrx_word' id='word_1_433' title='bbox 775 1201 809 1226; x_wconf 91' lang='lat' dir='ltr'>ita</span> <span class='ocrx_word' id='word_1_434' title='bbox 821 1205 929 1234; x_wconf 88' lang='lat' dir='ltr'>paratus</span> <span class='ocrx_word' id='word_1_435' title='bbox 941 1200 973 1226; x_wconf 91' lang='lat' dir='ltr'>ad</span> <span class='ocrx_word' id='word_1_436' title='bbox 986 1200 1029 1226; x_wconf 91' lang='lat' dir='ltr'>di-</span> <span class='ocrx_word' id='word_1_437' title='bbox 1050 1202 1059 1242; x_wconf 39' lang='lat' dir='ltr'>lg</span> <span class='ocrx_word' id='word_1_438' title='bbox 1081 1201 1144 1236; x_wconf 88' lang='lat' dir='ltr'>pulo</span> <span class='ocrx_word' id='word_1_439' title='bbox 1156 1202 1286 1231; x_wconf 79' lang='lat' dir='ltr'>Romano,</span> <span class='ocrx_word' id='word_1_440' title='bbox 1301 1202 1335 1228; x_wconf 79' lang='lat' dir='ltr'>M.</span> <span class='ocrx_word' id='word_1_441' title='bbox 1349 1202 1476 1231; x_wconf 80' lang='lat' dir='ltr'>Marium,</span> <span class='ocrx_word' id='word_1_442' title='bbox 1491 1202 1655 1236; x_wconf 79' lang='lat' dir='ltr'>inspectante</span> <span class='ocrx_word' id='word_1_443' title='bbox 1667 1199 1767 1235; x_wconf 91' lang='lat' dir='ltr'>populo</span> <span class='ocrx_word' id='word_1_444' title='bbox 1778 1200 1875 1226; x_wconf 77' lang='lat' dir='ltr'>noma-</span> 
     </span>
    </p>
   </div>
   <div class='ocr_carea' id='block_1_17' title="bbox 232 1237 1029 1460">
    <p class='ocr_par' dir='ltr' id='par_1_18' title="bbox 232 1237 1029 1460">
     <span class='ocr_line' id='line_1_62' title="bbox 233 1237 1028 1273; baseline -0.001 -9"><span class='ocrx_word' id='word_1_445' title='bbox 233 1238 349 1264; x_wconf 87' lang='lat' dir='ltr'>cendum</span> <span class='ocrx_word' id='word_1_446' title='bbox 364 1240 462 1268; x_wconf 77' lang='lat' dir='ltr'>venito,</span> <span class='ocrx_word' id='word_1_447' title='bbox 476 1239 552 1273; x_wconf 83' lang='lat' dir='ltr'>quasi</span> <span class='ocrx_word' id='word_1_448' title='bbox 566 1239 591 1264; x_wconf 92' lang='lat' dir='ltr'>in</span> <span class='ocrx_word' id='word_1_449' title='bbox 606 1237 722 1273; x_wconf 77' lang='lat' dir='ltr'>singulis</span> <span class='ocrx_word' id='word_1_450' title='bbox 734 1238 839 1263; x_wconf 80' lang='lat' dir='ltr'>caussis</span> <span class='ocrx_word' id='word_1_451' title='bbox 851 1237 983 1264; x_wconf 87' lang='lat' dir='ltr'>iudicium</span> <span class='ocrx_word' id='word_1_452' title='bbox 996 1237 1028 1263; x_wconf 86' lang='lat' dir='ltr'>de</span> 
     </span>
     <span class='ocr_line' id='line_1_63' title="bbox 233 1274 1029 1311; baseline -0.001 -10"><span class='ocrx_word' id='word_1_453' title='bbox 233 1277 306 1302; x_wconf 90' lang='lat' dir='ltr'>omni</span> <span class='ocrx_word' id='word_1_454' title='bbox 323 1276 432 1311; x_wconf 82' lang='lat' dir='ltr'>ingenio</span> <span class='ocrx_word' id='word_1_455' title='bbox 449 1275 568 1302; x_wconf 78' lang='lat' dir='ltr'>futurum</span> <span class='ocrx_word' id='word_1_456' title='bbox 584 1276 628 1302; x_wconf 87' lang='lat' dir='ltr'>sit.</span> <span class='ocrx_word' id='word_1_457' title='bbox 670 1277 694 1301; x_wconf 90' lang='lat'>3.</span> <span class='ocrx_word' id='word_1_458' title='bbox 719 1275 785 1301; x_wconf 86' lang='lat' dir='ltr'>Eius</span> <span class='ocrx_word' id='word_1_459' title='bbox 801 1274 935 1301; x_wconf 81' lang='lat' dir='ltr'>facultatis</span> <span class='ocrx_word' id='word_1_460' title='bbox 951 1274 1029 1301; x_wconf 90' lang='lat' dir='ltr'>adiu—</span> 
     </span>
     <span class='ocr_line' id='line_1_64' title="bbox 233 1313 1029 1348; baseline -0.001 -9"><span class='ocrx_word' id='word_1_461' title='bbox 233 1318 331 1343; x_wconf 81' lang='lat' dir='ltr'>menta,</span> <span class='ocrx_word' id='word_1_462' title='bbox 344 1322 412 1348; x_wconf 87' lang='lat' dir='ltr'>quae</span> <span class='ocrx_word' id='word_1_463' title='bbox 425 1313 472 1339; x_wconf 88' lang='lat' dir='ltr'>tibi</span> <span class='ocrx_word' id='word_1_464' title='bbox 485 1313 540 1339; x_wconf 91' lang='lat' dir='ltr'>scio</span> <span class='ocrx_word' id='word_1_465' title='bbox 552 1321 610 1339; x_wconf 78' lang='lat' dir='ltr'>esse</span> <span class='ocrx_word' id='word_1_466' title='bbox 622 1313 747 1347; x_wconf 85' lang='lat' dir='ltr'>seposita,</span> <span class='ocrx_word' id='word_1_467' title='bbox 756 1317 784 1338; x_wconf 89' lang='lat' dir='ltr'>ut</span> <span class='ocrx_word' id='word_1_468' title='bbox 796 1317 885 1347; x_wconf 85' lang='lat' dir='ltr'>parata</span> <span class='ocrx_word' id='word_1_469' title='bbox 897 1321 926 1338; x_wconf 91' lang='lat' dir='ltr'>ac</span> <span class='ocrx_word' id='word_1_470' title='bbox 938 1321 1029 1347; x_wconf 90' lang='lat' dir='ltr'>prom-</span> 
     </span>
     <span class='ocr_line' id='line_1_65' title="bbox 233 1350 1029 1385; baseline -0.001 -9"><span class='ocrx_word' id='word_1_471' title='bbox 233 1355 275 1385; x_wconf 90' lang='lat' dir='ltr'>pta</span> <span class='ocrx_word' id='word_1_472' title='bbox 288 1352 350 1379; x_wconf 90' lang='lat' dir='ltr'>sint,</span> <span class='ocrx_word' id='word_1_473' title='bbox 359 1359 435 1382; x_wconf 72' lang='lat' dir='ltr'>cura,</span> <span class='ocrx_word' id='word_1_474' title='bbox 450 1355 474 1376; x_wconf 89' lang='lat' dir='ltr'>et</span> <span class='ocrx_word' id='word_1_475' title='bbox 486 1359 574 1385; x_wconf 84' lang='lat' dir='ltr'>saepe,</span> <span class='ocrx_word' id='word_1_476' title='bbox 583 1359 651 1385; x_wconf 90' lang='lat' dir='ltr'>quae</span> <span class='ocrx_word' id='word_1_477' title='bbox 663 1350 695 1376; x_wconf 90' lang='lat' dir='ltr'>de</span> <span class='ocrx_word' id='word_1_478' title='bbox 703 1350 889 1376; x_wconf 82' lang='lat' dir='ltr'>Demosthenis</span> <span class='ocrx_word' id='word_1_479' title='bbox 903 1350 993 1376; x_wconf 88' lang='lat' dir='ltr'>studio</span> <span class='ocrx_word' id='word_1_480' title='bbox 1004 1354 1029 1375; x_wconf 86' lang='lat' dir='ltr'>et</span> 
     </span>
     <span class='ocr_line' id='line_1_66' title="bbox 232 1387 1028 1423; baseline 0 -10"><span class='ocrx_word' id='word_1_481' title='bbox 232 1388 420 1414; x_wconf 81' lang='lat' dir='ltr'>exercitatione</span> <span class='ocrx_word' id='word_1_482' title='bbox 432 1388 540 1423; x_wconf 82' lang='lat' dir='ltr'>scripsit</span> <span class='ocrx_word' id='word_1_483' title='bbox 552 1388 700 1414; x_wconf 88' lang='lat' dir='ltr'>Demetrius</span> <span class='ocrx_word' id='word_1_484' title='bbox 709 1408 715 1417; x_wconf 79' lang='lat'>,</span> <span class='ocrx_word' id='word_1_485' title='bbox 728 1387 880 1419; x_wconf 87' lang='lat' dir='ltr'>recordare;</span> <span class='ocrx_word' id='word_1_486' title='bbox 894 1387 992 1413; x_wconf 89' lang='lat' dir='ltr'>deinde</span> <span class='ocrx_word' id='word_1_487' title='bbox 1003 1391 1028 1413; x_wconf 89' lang='lat' dir='ltr'>et</span> 
     </span>
     <span class='ocr_line' id='line_1_67' title="bbox 232 1424 900 1460; baseline -0.001 -9"><span class='ocrx_word' id='word_1_488' title='bbox 232 1426 379 1451; x_wconf 88' lang='lat' dir='ltr'>amicorum</span> <span class='ocrx_word' id='word_1_489' title='bbox 406 1424 551 1451; x_wconf 89' lang='lat' dir='ltr'>multitudo</span> <span class='ocrx_word' id='word_1_490' title='bbox 575 1430 600 1451; x_wconf 85' lang='lat' dir='ltr'>et</span> <span class='ocrx_word' id='word_1_491' title='bbox 624 1433 721 1460; x_wconf 81' lang='lat' dir='ltr'>genera</span> <span class='ocrx_word' id='word_1_492' title='bbox 746 1429 900 1459; x_wconf 86' lang='lat' dir='ltr'>appareant.</span> 
     </span>
    </p>
   </div>
   <div class='ocr_carea' id='block_1_18' title="bbox 231 1499 1029 1796">
    <p class='ocr_par' dir='ltr' id='par_1_19' title="bbox 231 1499 1029 1796">
     <span class='ocr_line' id='line_1_68' title="bbox 232 1499 1028 1534; baseline 0 -9"><span class='ocrx_word' id='word_1_493' title='bbox 232 1505 288 1526; x_wconf 88' lang='lat' dir='ltr'>tum</span> <span class='ocrx_word' id='word_1_494' title='bbox 302 1499 355 1525; x_wconf 86' lang='lat' dir='ltr'>sere</span> <span class='ocrx_word' id='word_1_495' title='bbox 367 1505 518 1534; x_wconf 85' lang='lat' dir='ltr'>equestrem</span> <span class='ocrx_word' id='word_1_496' title='bbox 530 1499 660 1530; x_wconf 76' lang='lat' dir='ltr'>ordinem,</span> <span class='ocrx_word' id='word_1_497' title='bbox 670 1499 752 1526; x_wconf 83' lang='lat' dir='ltr'>multa</span> <span class='ocrx_word' id='word_1_498' title='bbox 765 1504 897 1534; x_wconf 88' lang='lat' dir='ltr'>praeterea</span> <span class='ocrx_word' id='word_1_499' title='bbox 911 1500 1028 1525; x_wconf 89' lang='lat' dir='ltr'>munici-</span> 
     </span>
     <span class='ocr_line' id='line_1_69' title="bbox 231 1536 1028 1572; baseline -0.001 -9"><span class='ocrx_word' id='word_1_500' title='bbox 231 1538 289 1572; x_wconf 88' lang='lat' dir='ltr'>pia,</span> <span class='ocrx_word' id='word_1_501' title='bbox 308 1536 406 1563; x_wconf 88' lang='lat' dir='ltr'>multos</span> <span class='ocrx_word' id='word_1_502' title='bbox 418 1537 465 1563; x_wconf 83' lang='lat' dir='ltr'>abs</span> <span class='ocrx_word' id='word_1_503' title='bbox 478 1542 502 1563; x_wconf 88' lang='lat' dir='ltr'>te</span> <span class='ocrx_word' id='word_1_504' title='bbox 514 1536 638 1563; x_wconf 77' lang='lat' dir='ltr'>defensos</span> <span class='ocrx_word' id='word_1_505' title='bbox 649 1537 782 1571; x_wconf 88' lang='lat' dir='ltr'>cuiusque</span> <span class='ocrx_word' id='word_1_506' title='bbox 793 1536 910 1568; x_wconf 88' lang='lat' dir='ltr'>ordinis,</span> <span class='ocrx_word' id='word_1_507' title='bbox 926 1537 1028 1571; x_wconf 84' lang='lat' dir='ltr'>aliquot</span> 
     </span>
     <span class='ocr_line' id='line_1_70' title="bbox 231 1573 1028 1609; baseline 0 -9"><span class='ocrx_word' id='word_1_508' title='bbox 231 1574 357 1609; x_wconf 67' lang='lat' dir='ltr'>collegia,</span> <span class='ocrx_word' id='word_1_509' title='bbox 371 1579 505 1608; x_wconf 89' lang='lat' dir='ltr'>praeterea</span> <span class='ocrx_word' id='word_1_510' title='bbox 518 1574 607 1600; x_wconf 87' lang='lat' dir='ltr'>studio</span> <span class='ocrx_word' id='word_1_511' title='bbox 619 1574 888 1600; x_wconf 89' lang='lat' dir='ltr'>dicendiconciliatos</span> <span class='ocrx_word' id='word_1_512' title='bbox 897 1573 1028 1608; x_wconf 90' lang='lat' dir='ltr'>plurimos</span> 
     </span>
     <span class='ocr_line' id='line_1_71' title="bbox 231 1611 1027 1647; baseline 0 -10"><span class='ocrx_word' id='word_1_513' title='bbox 231 1611 458 1642; x_wconf 87' lang='lat' dir='ltr'>adolescentulos,</span> <span class='ocrx_word' id='word_1_514' title='bbox 476 1611 660 1647; x_wconf 85' lang='lat' dir='ltr'>quotidianam</span> <span class='ocrx_word' id='word_1_515' title='bbox 678 1613 825 1637; x_wconf 91' lang='lat' dir='ltr'>amicorum</span> <span class='ocrx_word' id='word_1_516' title='bbox 843 1611 1027 1637; x_wconf 83' lang='lat' dir='ltr'>assiduitatem</span> 
     </span>
     <span class='ocr_line' id='line_1_72' title="bbox 231 1648 1029 1683; baseline 0 -9"><span class='ocrx_word' id='word_1_517' title='bbox 231 1653 257 1675; x_wconf 93' lang='lat' dir='ltr'>et</span> <span class='ocrx_word' id='word_1_518' title='bbox 269 1648 458 1683; x_wconf 85' lang='lat' dir='ltr'>frequentiam.</span> <span class='ocrx_word' id='word_1_519' title='bbox 499 1650 523 1676; x_wconf 74' lang='lat'>4.</span> <span class='ocrx_word' id='word_1_520' title='bbox 541 1649 610 1675; x_wconf 84' lang='lat' dir='ltr'>llaec</span> <span class='ocrx_word' id='word_1_521' title='bbox 621 1658 683 1676; x_wconf 87' lang='lat' dir='ltr'>cura</span> <span class='ocrx_word' id='word_1_522' title='bbox 695 1653 724 1675; x_wconf 89' lang='lat' dir='ltr'>ut</span> <span class='ocrx_word' id='word_1_523' title='bbox 736 1654 825 1675; x_wconf 86' lang='lat' dir='ltr'>teneas</span> <span class='ocrx_word' id='word_1_524' title='bbox 837 1648 1029 1675; x_wconf 88' lang='lat' dir='ltr'>commendan-</span> 
     </span>
     <span class='ocr_line' id='line_1_73' title="bbox 231 1685 1026 1721; baseline 0 -9"><span class='ocrx_word' id='word_1_525' title='bbox 231 1686 265 1712; x_wconf 92' lang='lat' dir='ltr'>do</span> <span class='ocrx_word' id='word_1_526' title='bbox 272 1691 297 1712; x_wconf 88' lang='lat' dir='ltr'>et</span> <span class='ocrx_word' id='word_1_527' title='bbox 307 1686 424 1721; x_wconf 76' lang='lat' dir='ltr'>rogando</span> <span class='ocrx_word' id='word_1_528' title='bbox 435 1691 460 1712; x_wconf 88' lang='lat' dir='ltr'>et</span> <span class='ocrx_word' id='word_1_529' title='bbox 470 1687 543 1712; x_wconf 91' lang='lat' dir='ltr'>omni</span> <span class='ocrx_word' id='word_1_530' title='bbox 556 1687 654 1713; x_wconf 88' lang='lat' dir='ltr'>ratione</span> <span class='ocrx_word' id='word_1_531' title='bbox 666 1685 816 1716; x_wconf 80' lang='lat' dir='ltr'>efficiendo,</span> <span class='ocrx_word' id='word_1_532' title='bbox 826 1690 855 1712; x_wconf 93' lang='lat' dir='ltr'>ut</span> <span class='ocrx_word' id='word_1_533' title='bbox 866 1685 1026 1721; x_wconf 83' lang='lat' dir='ltr'>intelligant,</span> 
     </span>
     <span class='ocr_line' id='line_1_74' title="bbox 231 1723 1027 1758; baseline 0 -9"><span class='ocrx_word' id='word_1_534' title='bbox 231 1728 257 1749; x_wconf 92' lang='lat' dir='ltr'>et</span> <span class='ocrx_word' id='word_1_535' title='bbox 272 1724 319 1758; x_wconf 92' lang='lat' dir='ltr'>qui</span> <span class='ocrx_word' id='word_1_536' title='bbox 336 1723 434 1749; x_wconf 86' lang='lat' dir='ltr'>debent</span> <span class='ocrx_word' id='word_1_537' title='bbox 448 1728 492 1749; x_wconf 90' lang='lat' dir='ltr'>tua</span> <span class='ocrx_word' id='word_1_538' title='bbox 508 1732 616 1753; x_wconf 84' lang='lat' dir='ltr'>caussa,</span> <span class='ocrx_word' id='word_1_539' title='bbox 640 1723 794 1750; x_wconf 83' lang='lat' dir='ltr'>referendae</span> <span class='ocrx_word' id='word_1_540' title='bbox 808 1724 923 1758; x_wconf 82' lang='lat' dir='ltr'>gratiae,</span> <span class='ocrx_word' id='word_1_541' title='bbox 941 1728 967 1749; x_wconf 88' lang='lat' dir='ltr'>et</span> <span class='ocrx_word' id='word_1_542' title='bbox 980 1723 1027 1758; x_wconf 93' lang='lat' dir='ltr'>qui</span> 
     </span>
     <span class='ocr_line' id='line_1_75' title="bbox 231 1760 1026 1796; baseline 0 -10"><span class='ocrx_word' id='word_1_543' title='bbox 231 1760 339 1791; x_wconf 85' lang='lat' dir='ltr'>volunt,</span> <span class='ocrx_word' id='word_1_544' title='bbox 361 1760 499 1796; x_wconf 82' lang='lat' dir='ltr'>obligandi</span> <span class='ocrx_word' id='word_1_545' title='bbox 517 1762 555 1787; x_wconf 92' lang='lat' dir='ltr'>tui</span> <span class='ocrx_word' id='word_1_546' title='bbox 572 1766 678 1795; x_wconf 87' lang='lat' dir='ltr'>tempus</span> <span class='ocrx_word' id='word_1_547' title='bbox 693 1761 745 1787; x_wconf 86' lang='lat' dir='ltr'>sibi</span> <span class='ocrx_word' id='word_1_548' title='bbox 758 1760 832 1787; x_wconf 87' lang='lat' dir='ltr'>aliud</span> <span class='ocrx_word' id='word_1_549' title='bbox 845 1760 949 1786; x_wconf 93' lang='lat' dir='ltr'>nullum</span> <span class='ocrx_word' id='word_1_550' title='bbox 962 1760 1026 1787; x_wconf 83' lang='lat' dir='ltr'>l&#39;ore.</span> 
     </span>
    </p>
   </div>
   <div class='ocr_carea' id='block_1_19' title="bbox 1050 1246 1052 1386">
    <p class='ocr_par' dir='ltr' id='par_1_20' title="bbox 1050 1246 1052 1386">
     <span class='ocr_line' id='line_1_76' title="bbox 1050 1246 1052 1386; baseline 0 1666"><span class='ocrx_word' id='word_1_551' title='bbox 1050 1246 1052 1386; x_wconf 95' lang='lat' dir='ltr'> </span> 
     </span>
    </p>
   </div>
   <div class='ocr_carea' id='block_1_20' title="bbox 1050 1623 1052 1749">
    <p class='ocr_par' dir='ltr' id='par_1_21' title="bbox 1050 1623 1052 1749">
     <span class='ocr_line' id='line_1_77' title="bbox 1050 1623 1051 1660; baseline 0 0"><span class='ocrx_word' id='word_1_552' title='bbox 1050 1623 1051 1660; x_wconf 94' lang='grc'>1</span> 
     </span>
     <span class='ocr_line' id='line_1_78' title="bbox 1050 1661 1052 1702; baseline 0 0"><span class='ocrx_word' id='word_1_553' title='bbox 1050 1661 1052 1702; x_wconf 94' lang='grc' dir='ltr'>Ι</span> 
     </span>
     <span class='ocr_line' id='line_1_79' title="bbox 1050 1707 1052 1749; baseline 0 0"><span class='ocrx_word' id='word_1_554' title='bbox 1050 1707 1052 1749; x_wconf 86' lang='grc'>1</span> 
     </span>
    </p>
   </div>
   <div class='ocr_carea' id='block_1_21' title="bbox 230 1797 1051 1871">
    <p class='ocr_par' dir='ltr' id='par_1_22' title="bbox 230 1797 1051 1871">
     <span class='ocr_line' id='line_1_80' title="bbox 230 1797 1051 1832; baseline 0.001 -9"><span class='ocrx_word' id='word_1_555' title='bbox 230 1797 317 1824; x_wconf 87' lang='lat' dir='ltr'>Etiam</span> <span class='ocrx_word' id='word_1_556' title='bbox 331 1798 379 1824; x_wconf 87' lang='lat' dir='ltr'>hoc</span> <span class='ocrx_word' id='word_1_557' title='bbox 391 1798 506 1824; x_wconf 88' lang='lat' dir='ltr'>multum</span> <span class='ocrx_word' id='word_1_558' title='bbox 519 1797 627 1824; x_wconf 85' lang='lat' dir='ltr'>videtur</span> <span class='ocrx_word' id='word_1_559' title='bbox 637 1799 765 1824; x_wconf 80' lang='lat' dir='ltr'>adiuvare</span> <span class='ocrx_word' id='word_1_560' title='bbox 777 1806 855 1832; x_wconf 88' lang='lat' dir='ltr'>posse</span> <span class='ocrx_word' id='word_1_561' title='bbox 868 1806 966 1824; x_wconf 89' lang='lat' dir='ltr'>novum</span> <span class='ocrx_word' id='word_1_562' title='bbox 981 1797 1028 1824; x_wconf 92' lang='lat' dir='ltr'>ho-</span> <span class='ocrx_word' id='word_1_563' title='bbox 1050 1809 1051 1815; x_wconf 53' lang='lat'>¹</span> 
     </span>
     <span class='ocr_line' id='line_1_81' title="bbox 230 1835 1051 1871; baseline -0.001 -10"><span class='ocrx_word' id='word_1_564' title='bbox 230 1836 346 1861; x_wconf 89' lang='lat' dir='ltr'>minem:</span> <span class='ocrx_word' id='word_1_565' title='bbox 360 1835 500 1862; x_wconf 89' lang='lat' dir='ltr'>hominum</span> <span class='ocrx_word' id='word_1_566' title='bbox 513 1835 646 1861; x_wconf 91' lang='lat' dir='ltr'>nobilium</span> <span class='ocrx_word' id='word_1_567' title='bbox 658 1835 825 1866; x_wconf 80' lang='lat' dir='ltr'>voluntas,et</span> <span class='ocrx_word' id='word_1_568' title='bbox 837 1836 954 1861; x_wconf 87' lang='lat' dir='ltr'>maxime</span> <span class='ocrx_word' id='word_1_569' title='bbox 964 1843 1028 1861; x_wconf 91' lang='lat' dir='ltr'>con-</span> <span class='ocrx_word' id='word_1_570' title='bbox 1050 1855 1051 1871; x_wconf 39' lang='lat'>2</span> 
     </span>
    </p>
   </div>
   <div class='ocr_carea' id='block_1_22' title="bbox 230 1872 1028 1982">
    <p class='ocr_par' dir='ltr' id='par_1_23' title="bbox 230 1872 1028 1982">
     <span class='ocr_line' id='line_1_82' title="bbox 230 1872 373 1899; baseline 0 -1"><span class='ocrx_word' id='word_1_571' title='bbox 230 1872 373 1899; x_wconf 90' lang='lat' dir='ltr'>sularium.</span> 
     </span>
     <span class='ocr_line' id='line_1_83' title="bbox 230 1909 1028 1944; baseline -0.001 -9"><span class='ocrx_word' id='word_1_572' title='bbox 230 1911 372 1944; x_wconf 80' lang='lat' dir='ltr'>pervenire</span> <span class='ocrx_word' id='word_1_573' title='bbox 389 1909 471 1940; x_wconf 88' lang='lat' dir='ltr'>velis,</span> <span class='ocrx_word' id='word_1_574' title='bbox 494 1910 527 1936; x_wconf 89' lang='lat' dir='ltr'>ab</span> <span class='ocrx_word' id='word_1_575' title='bbox 545 1910 587 1936; x_wconf 90' lang='lat' dir='ltr'>his</span> <span class='ocrx_word' id='word_1_576' title='bbox 602 1910 670 1944; x_wconf 87' lang='lat' dir='ltr'>ipsis</span> <span class='ocrx_word' id='word_1_577' title='bbox 686 1909 732 1936; x_wconf 90' lang='lat' dir='ltr'>illo</span> <span class='ocrx_word' id='word_1_578' title='bbox 749 1909 805 1936; x_wconf 91' lang='lat' dir='ltr'>loco</span> <span class='ocrx_word' id='word_1_579' title='bbox 821 1918 850 1935; x_wconf 91' lang='lat' dir='ltr'>ac</span> <span class='ocrx_word' id='word_1_580' title='bbox 863 1918 974 1935; x_wconf 89' lang='lat' dir='ltr'>numero</span> <span class='ocrx_word' id='word_1_581' title='bbox 985 1909 1028 1934; x_wconf 95' lang='lat' dir='ltr'>di-</span> 
     </span>
     <span class='ocr_line' id='line_1_84' title="bbox 230 1946 1024 1982; baseline -0.001 -9"><span class='ocrx_word' id='word_1_582' title='bbox 230 1955 314 1982; x_wconf 83' lang='lat' dir='ltr'>gnum</span> <span class='ocrx_word' id='word_1_583' title='bbox 327 1947 425 1981; x_wconf 86' lang='lat' dir='ltr'>putari.</span> <span class='ocrx_word' id='word_1_584' title='bbox 466 1948 491 1973; x_wconf 86' lang='lat'>5.</span> <span class='ocrx_word' id='word_1_585' title='bbox 513 1947 544 1973; x_wconf 81' lang='lat' dir='ltr'>lli</span> <span class='ocrx_word' id='word_1_586' title='bbox 560 1947 672 1982; x_wconf 78' lang='lat' dir='ltr'>rogandi</span> <span class='ocrx_word' id='word_1_587' title='bbox 687 1955 780 1973; x_wconf 91' lang='lat' dir='ltr'>omnes</span> <span class='ocrx_word' id='word_1_588' title='bbox 796 1951 859 1972; x_wconf 90' lang='lat' dir='ltr'>sunt</span> <span class='ocrx_word' id='word_1_589' title='bbox 872 1946 1024 1982; x_wconf 75' lang='lat' dir='ltr'>diligenter,</span> 
     </span>
    </p>
   </div>
   <div class='ocr_carea' id='block_1_23' title="bbox 230 1983 1058 2019">
    <p class='ocr_par' dir='ltr' id='par_1_24' title="bbox 230 1983 1058 2019">
     <span class='ocr_line' id='line_1_85' title="bbox 230 1983 1058 2019; baseline 0.001 -10"><span class='ocrx_word' id='word_1_590' title='bbox 230 1988 256 2010; x_wconf 90' lang='lat' dir='ltr'>et</span> <span class='ocrx_word' id='word_1_591' title='bbox 267 1983 299 2009; x_wconf 91' lang='lat' dir='ltr'>ad</span> <span class='ocrx_word' id='word_1_592' title='bbox 314 1992 358 2010; x_wconf 86' lang='lat' dir='ltr'>eos</span> <span class='ocrx_word' id='word_1_593' title='bbox 374 1984 546 2019; x_wconf 79' lang='lat' dir='ltr'>allegandum</span> <span class='ocrx_word' id='word_1_594' title='bbox 563 1989 602 2010; x_wconf 90' lang='lat' dir='ltr'>est</span> <span class='ocrx_word' id='word_1_595' title='bbox 619 1983 893 2018; x_wconf 86' lang='lat' dir='ltr'>persuadendumque</span> <span class='ocrx_word' id='word_1_596' title='bbox 909 1984 956 2014; x_wconf 88' lang='lat' dir='ltr'>iis,</span> <span class='ocrx_word' id='word_1_597' title='bbox 979 1992 1027 2009; x_wconf 83' lang='lat' dir='ltr'>nos</span> <span class='ocrx_word' id='word_1_598' title='bbox 1057 2007 1058 2011; x_wconf 72' lang='grc'>,</span> 
     </span>
    </p>
   </div>
   <div class='ocr_carea' id='block_1_24' title="bbox 229 2020 1028 2238">
    <p class='ocr_par' dir='ltr' id='par_1_25' title="bbox 229 2020 1028 2238">
     <span class='ocr_line' id='line_1_86' title="bbox 230 2020 1027 2055; baseline -0.001 -8"><span class='ocrx_word' id='word_1_599' title='bbox 230 2029 337 2055; x_wconf 81' lang='lat' dir='ltr'>semper</span> <span class='ocrx_word' id='word_1_600' title='bbox 348 2030 409 2047; x_wconf 93' lang='lat' dir='ltr'>cum</span> <span class='ocrx_word' id='word_1_601' title='bbox 420 2021 595 2055; x_wconf 89' lang='lat' dir='ltr'>optimatibus</span> <span class='ocrx_word' id='word_1_602' title='bbox 605 2021 638 2047; x_wconf 88' lang='lat' dir='ltr'>de</span> <span class='ocrx_word' id='word_1_603' title='bbox 650 2020 788 2055; x_wconf 89' lang='lat' dir='ltr'>republica</span> <span class='ocrx_word' id='word_1_604' title='bbox 799 2021 917 2046; x_wconf 85' lang='lat' dir='ltr'>sensisse</span> <span class='ocrx_word' id='word_1_605' title='bbox 925 2041 931 2051; x_wconf 88' lang='lat'>,</span> <span class='ocrx_word' id='word_1_606' title='bbox 944 2021 1027 2046; x_wconf 88' lang='lat' dir='ltr'>mini-</span> 
     </span>
     <span class='ocr_line' id='line_1_87' title="bbox 230 2057 1027 2092; baseline 0 -9"><span class='ocrx_word' id='word_1_607' title='bbox 230 2066 273 2084; x_wconf 89' lang='lat' dir='ltr'>me</span> <span class='ocrx_word' id='word_1_608' title='bbox 284 2057 427 2092; x_wconf 88' lang='lat' dir='ltr'>populares</span> <span class='ocrx_word' id='word_1_609' title='bbox 440 2057 536 2087; x_wconf 83' lang='lat' dir='ltr'>suisse;</span> <span class='ocrx_word' id='word_1_610' title='bbox 551 2059 573 2083; x_wconf 91' lang='lat' dir='ltr'>si</span> <span class='ocrx_word' id='word_1_611' title='bbox 586 2057 651 2092; x_wconf 87' lang='lat' dir='ltr'>quid</span> <span class='ocrx_word' id='word_1_612' title='bbox 668 2057 747 2084; x_wconf 88' lang='lat' dir='ltr'>locuti</span> <span class='ocrx_word' id='word_1_613' title='bbox 760 2057 923 2092; x_wconf 87' lang='lat' dir='ltr'>populariter</span> <span class='ocrx_word' id='word_1_614' title='bbox 934 2058 1027 2084; x_wconf 84' lang='lat' dir='ltr'>videa-</span> 
     </span>
     <span class='ocr_line' id='line_1_88' title="bbox 229 2094 1026 2130; baseline 0 -9"><span class='ocrx_word' id='word_1_615' title='bbox 229 2103 299 2125; x_wconf 88' lang='lat' dir='ltr'>mur,</span> <span class='ocrx_word' id='word_1_616' title='bbox 310 2095 336 2120; x_wconf 92' lang='lat' dir='ltr'>id</span> <span class='ocrx_word' id='word_1_617' title='bbox 349 2104 396 2121; x_wconf 90' lang='lat' dir='ltr'>nos</span> <span class='ocrx_word' id='word_1_618' title='bbox 407 2103 437 2121; x_wconf 90' lang='lat' dir='ltr'>eo</span> <span class='ocrx_word' id='word_1_619' title='bbox 449 2095 561 2121; x_wconf 88' lang='lat' dir='ltr'>consilio</span> <span class='ocrx_word' id='word_1_620' title='bbox 573 2094 677 2125; x_wconf 83' lang='lat' dir='ltr'>fecisse,</span> <span class='ocrx_word' id='word_1_621' title='bbox 688 2100 715 2121; x_wconf 93' lang='lat' dir='ltr'>ut</span> <span class='ocrx_word' id='word_1_622' title='bbox 728 2096 860 2121; x_wconf 88' lang='lat' dir='ltr'>nobian.</span> <span class='ocrx_word' id='word_1_623' title='bbox 869 2096 1026 2130; x_wconf 84' lang='lat' dir='ltr'>Pompeium</span> 
     </span>
     <span class='ocr_line' id='line_1_89' title="bbox 230 2132 1028 2168; baseline 0 -10"><span class='ocrx_word' id='word_1_624' title='bbox 230 2132 449 2168; x_wconf 74' lang='lat' dir='ltr'>adiungeremus.</span> <span class='ocrx_word' id='word_1_625' title='bbox 459 2137 487 2158; x_wconf 88' lang='lat' dir='ltr'>ut</span> <span class='ocrx_word' id='word_1_626' title='bbox 498 2141 569 2163; x_wconf 81' lang='lat' dir='ltr'>eum,</span> <span class='ocrx_word' id='word_1_627' title='bbox 577 2133 624 2167; x_wconf 87' lang='lat' dir='ltr'>qui</span> <span class='ocrx_word' id='word_1_628' title='bbox 637 2132 784 2167; x_wconf 89' lang='lat' dir='ltr'>plurimum</span> <span class='ocrx_word' id='word_1_629' title='bbox 796 2137 895 2167; x_wconf 91' lang='lat' dir='ltr'>posset,</span> <span class='ocrx_word' id='word_1_630' title='bbox 903 2138 948 2158; x_wconf 90' lang='lat' dir='ltr'>aut</span> <span class='ocrx_word' id='word_1_631' title='bbox 958 2133 1028 2158; x_wconf 84' lang='lat' dir='ltr'>ami—</span> 
     </span>
     <span class='ocr_line' id='line_1_90' title="bbox 229 2169 1027 2204; baseline 0 -9"><span class='ocrx_word' id='word_1_632' title='bbox 229 2178 291 2196; x_wconf 90' lang='lat' dir='ltr'>cum</span> <span class='ocrx_word' id='word_1_633' title='bbox 309 2170 335 2195; x_wconf 93' lang='lat' dir='ltr'>in</span> <span class='ocrx_word' id='word_1_634' title='bbox 352 2174 439 2195; x_wconf 86' lang='lat' dir='ltr'>nostra</span> <span class='ocrx_word' id='word_1_635' title='bbox 456 2170 582 2204; x_wconf 87' lang='lat' dir='ltr'>petitione</span> <span class='ocrx_word' id='word_1_636' title='bbox 598 2169 758 2195; x_wconf 83' lang='lat' dir='ltr'>haberemus</span> <span class='ocrx_word' id='word_1_637' title='bbox 774 2174 819 2196; x_wconf 90' lang='lat' dir='ltr'>aut</span> <span class='ocrx_word' id='word_1_638' title='bbox 834 2175 904 2196; x_wconf 88' lang='lat' dir='ltr'>certe</span> <span class='ocrx_word' id='word_1_639' title='bbox 916 2179 967 2196; x_wconf 90' lang='lat' dir='ltr'>non</span> <span class='ocrx_word' id='word_1_640' title='bbox 979 2169 1027 2195; x_wconf 87' lang='lat' dir='ltr'>ad-</span> 
     </span>
     <span class='ocr_line' id='line_1_91' title="bbox 231 2207 1027 2238; baseline 0.001 -6"><span class='ocrx_word' id='word_1_641' title='bbox 231 2208 391 2233; x_wconf 87' lang='lat' dir='ltr'>versarium.</span> <span class='ocrx_word' id='word_1_642' title='bbox 431 2208 456 2232; x_wconf 82' lang='lat'>6.</span> <span class='ocrx_word' id='word_1_643' title='bbox 478 2207 615 2233; x_wconf 83' lang='lat' dir='ltr'>Praeterea</span> <span class='ocrx_word' id='word_1_644' title='bbox 632 2207 815 2233; x_wconf 86' lang='lat' dir='ltr'>adolescentes</span> <span class='ocrx_word' id='word_1_645' title='bbox 831 2207 949 2238; x_wconf 86' lang='lat' dir='ltr'>nobiles,</span> <span class='ocrx_word' id='word_1_646' title='bbox 972 2207 1027 2233; x_wconf 88' lang='lat' dir='ltr'>ela—</span> 
     </span>
    </p>
   </div>
   <div class='ocr_carea' id='block_1_25' title="bbox 414 1872 1051 1907">
    <p class='ocr_par' dir='ltr' id='par_1_26' title="bbox 414 1872 1051 1907">
     <span class='ocr_line' id='line_1_92' title="bbox 414 1872 1051 1907; baseline -0.002 -9"><span class='ocrx_word' id='word_1_647' title='bbox 414 1872 536 1903; x_wconf 88' lang='lat' dir='ltr'>Prodest,</span> <span class='ocrx_word' id='word_1_648' title='bbox 559 1881 674 1907; x_wconf 88' lang='lat' dir='ltr'>quorum</span> <span class='ocrx_word' id='word_1_649' title='bbox 691 1873 717 1899; x_wconf 92' lang='lat' dir='ltr'>in</span> <span class='ocrx_word' id='word_1_650' title='bbox 737 1873 823 1899; x_wconf 92' lang='lat' dir='ltr'>locum</span> <span class='ocrx_word' id='word_1_651' title='bbox 840 1881 870 1898; x_wconf 85' lang='lat' dir='ltr'>ac</span> <span class='ocrx_word' id='word_1_652' title='bbox 885 1881 1026 1898; x_wconf 89' lang='lat' dir='ltr'>numerum</span> <span class='ocrx_word' id='word_1_653' title='bbox 1050 1882 1051 1886; x_wconf 54' lang='lat'>¹</span> 
     </span>
    </p>
   </div>
   <div class='ocr_carea' id='block_1_26' title="bbox 229 2243 1050 2279">
    <p class='ocr_par' dir='ltr' id='par_1_27' title="bbox 229 2243 1050 2279">
     <span class='ocr_line' id='line_1_93' title="bbox 229 2243 1050 2279; baseline 0 -9"><span class='ocrx_word' id='word_1_654' title='bbox 229 2244 302 2274; x_wconf 85' lang='lat' dir='ltr'>bora,</span> <span class='ocrx_word' id='word_1_655' title='bbox 312 2244 446 2270; x_wconf 88' lang='lat' dir='ltr'>uthabeas</span> <span class='ocrx_word' id='word_1_656' title='bbox 454 2243 532 2270; x_wconf 83' lang='lat' dir='ltr'>velut</span> <span class='ocrx_word' id='word_1_657' title='bbox 543 2249 642 2275; x_wconf 82' lang='lat' dir='ltr'>teneaS,</span> <span class='ocrx_word' id='word_1_658' title='bbox 653 2244 788 2270; x_wconf 87' lang='lat' dir='ltr'>studiosos</span> <span class='ocrx_word' id='word_1_659' title='bbox 800 2245 839 2270; x_wconf 90' lang='lat' dir='ltr'>tui</span> <span class='ocrx_word' id='word_1_660' title='bbox 851 2253 918 2279; x_wconf 88' lang='lat' dir='ltr'>quos</span> <span class='ocrx_word' id='word_1_661' title='bbox 931 2244 1024 2270; x_wconf 89' lang='lat' dir='ltr'>habes.</span> <span class='ocrx_word' id='word_1_662' title='bbox 1049 2245 1050 2262; x_wconf 65' lang='grc' dir='ltr'>ἶ</span> 
     </span>
    </p>
   </div>
   <div class='ocr_carea' id='block_1_27' title="bbox 228 2281 1026 2538">
    <p class='ocr_par' dir='ltr' id='par_1_28' title="bbox 228 2281 1026 2538">
     <span class='ocr_line' id='line_1_94' title="bbox 228 2281 1023 2317; baseline 0 -10"><span class='ocrx_word' id='word_1_663' title='bbox 228 2281 343 2307; x_wconf 88' lang='lat' dir='ltr'>Multum</span> <span class='ocrx_word' id='word_1_664' title='bbox 355 2281 495 2317; x_wconf 81' lang='lat' dir='ltr'>dignitatis</span> <span class='ocrx_word' id='word_1_665' title='bbox 507 2281 625 2308; x_wconf 74' lang='lat' dir='ltr'>afferent.</span> <span class='ocrx_word' id='word_1_666' title='bbox 660 2281 795 2307; x_wconf 88' lang='lat' dir='ltr'>Plurimos</span> <span class='ocrx_word' id='word_1_667' title='bbox 807 2281 903 2307; x_wconf 88' lang='lat' dir='ltr'>babes:</span> <span class='ocrx_word' id='word_1_668' title='bbox 917 2281 1023 2316; x_wconf 79' lang='lat' dir='ltr'>perfice,</span> 
     </span>
     <span class='ocr_line' id='line_1_95' title="bbox 229 2319 788 2353; baseline 0 -9"><span class='ocrx_word' id='word_1_669' title='bbox 229 2323 258 2345; x_wconf 90' lang='lat' dir='ltr'>ut</span> <span class='ocrx_word' id='word_1_670' title='bbox 273 2319 372 2349; x_wconf 88' lang='lat' dir='ltr'>sciant,</span> <span class='ocrx_word' id='word_1_671' title='bbox 394 2324 526 2353; x_wconf 85' lang='lat' dir='ltr'>quantum</span> <span class='ocrx_word' id='word_1_672' title='bbox 543 2319 569 2344; x_wconf 94' lang='lat' dir='ltr'>in</span> <span class='ocrx_word' id='word_1_673' title='bbox 580 2319 619 2344; x_wconf 89' lang='lat' dir='ltr'>eis</span> <span class='ocrx_word' id='word_1_674' title='bbox 631 2323 709 2353; x_wconf 90' lang='lat' dir='ltr'>putes</span> <span class='ocrx_word' id='word_1_675' title='bbox 721 2327 788 2344; x_wconf 92' lang='lat' dir='ltr'>esse.</span> 
     </span>
     <span class='ocr_line' id='line_1_96' title="bbox 229 2356 1024 2390; baseline 0.001 -9"><span class='ocrx_word' id='word_1_676' title='bbox 229 2360 259 2382; x_wconf 86' lang='lat' dir='ltr'>ut</span> <span class='ocrx_word' id='word_1_677' title='bbox 269 2356 301 2386; x_wconf 91' lang='lat' dir='ltr'>ii,</span> <span class='ocrx_word' id='word_1_678' title='bbox 318 2356 430 2390; x_wconf 89' lang='lat' dir='ltr'>quinon</span> <span class='ocrx_word' id='word_1_679' title='bbox 442 2356 548 2386; x_wconf 86' lang='lat' dir='ltr'>nolunt,</span> <span class='ocrx_word' id='word_1_680' title='bbox 566 2356 689 2390; x_wconf 84' lang='lat' dir='ltr'>cupiant,</span> <span class='ocrx_word' id='word_1_681' title='bbox 708 2356 856 2390; x_wconf 91' lang='lat' dir='ltr'>plurimum</span> <span class='ocrx_word' id='word_1_682' title='bbox 869 2356 1024 2390; x_wconf 87' lang='lat' dir='ltr'>proderunt.</span> 
     </span>
     <span class='ocr_line' id='line_1_97' title="bbox 228 2392 1024 2428; baseline 0 -9"><span class='ocrx_word' id='word_1_683' title='bbox 228 2393 260 2418; x_wconf 85' lang='lat' dir='ltr'>Il.</span> <span class='ocrx_word' id='word_1_684' title='bbox 272 2394 298 2419; x_wconf 88' lang='grc'>’7.</span> <span class='ocrx_word' id='word_1_685' title='bbox 310 2393 347 2419; x_wconf 78' lang='lat' dir='ltr'>Ac</span> <span class='ocrx_word' id='word_1_686' title='bbox 359 2392 475 2419; x_wconf 89' lang='lat' dir='ltr'>multum</span> <span class='ocrx_word' id='word_1_687' title='bbox 486 2393 565 2419; x_wconf 89' lang='lat' dir='ltr'>etiam</span> <span class='ocrx_word' id='word_1_688' title='bbox 579 2393 722 2419; x_wconf 88' lang='lat' dir='ltr'>novitatem</span> <span class='ocrx_word' id='word_1_689' title='bbox 736 2398 808 2419; x_wconf 90' lang='lat' dir='ltr'>tuam</span> <span class='ocrx_word' id='word_1_690' title='bbox 820 2393 938 2423; x_wconf 84' lang='lat' dir='ltr'>adiuvat,</span> <span class='ocrx_word' id='word_1_691' title='bbox 952 2393 1024 2428; x_wconf 92' lang='lat' dir='ltr'>quod</span> 
     </span>
     <span class='ocr_line' id='line_1_98' title="bbox 229 2430 1026 2465; baseline 0.003 -10"><span class='ocrx_word' id='word_1_692' title='bbox 229 2430 362 2456; x_wconf 88' lang='lat' dir='ltr'>eiusmodi</span> <span class='ocrx_word' id='word_1_693' title='bbox 375 2430 479 2456; x_wconf 90' lang='lat' dir='ltr'>nobiles</span> <span class='ocrx_word' id='word_1_694' title='bbox 491 2435 578 2457; x_wconf 85' lang='lat' dir='ltr'>tecum</span> <span class='ocrx_word' id='word_1_695' title='bbox 591 2435 694 2465; x_wconf 89' lang='lat' dir='ltr'>petunt,</span> <span class='ocrx_word' id='word_1_696' title='bbox 703 2435 732 2456; x_wconf 92' lang='lat' dir='ltr'>ut</span> <span class='ocrx_word' id='word_1_697' title='bbox 739 2439 816 2456; x_wconf 91' lang='lat' dir='ltr'>nemo</span> <span class='ocrx_word' id='word_1_698' title='bbox 823 2431 866 2460; x_wconf 89' lang='lat' dir='ltr'>sit,</span> <span class='ocrx_word' id='word_1_699' title='bbox 875 2430 1026 2464; x_wconf 85' lang='lat' dir='ltr'>quiaudeat</span> 
     </span>
     <span class='ocr_line' id='line_1_99' title="bbox 229 2466 1025 2502; baseline 0.003 -10"><span class='ocrx_word' id='word_1_700' title='bbox 229 2466 326 2497; x_wconf 87' lang='lat' dir='ltr'>dicere,</span> <span class='ocrx_word' id='word_1_701' title='bbox 340 2467 402 2502; x_wconf 91' lang='lat' dir='ltr'>plus</span> <span class='ocrx_word' id='word_1_702' title='bbox 414 2467 469 2494; x_wconf 91' lang='lat' dir='ltr'>illis</span> <span class='ocrx_word' id='word_1_703' title='bbox 481 2467 657 2497; x_wconf 87' lang='lat' dir='ltr'>nobilitatem,</span> <span class='ocrx_word' id='word_1_704' title='bbox 671 2476 752 2502; x_wconf 86' lang='lat' dir='ltr'>quam</span> <span class='ocrx_word' id='word_1_705' title='bbox 764 2467 813 2493; x_wconf 87' lang='lat' dir='ltr'>tibi</span> <span class='ocrx_word' id='word_1_706' title='bbox 825 2468 950 2493; x_wconf 85' lang='lat' dir='ltr'>virtutem</span> <span class='ocrx_word' id='word_1_707' title='bbox 962 2476 1025 2502; x_wconf 90' lang='lat' dir='ltr'>pro—</span> 
     </span>
     <span class='ocr_line' id='line_1_100' title="bbox 228 2503 446 2538; baseline 0.014 -10"><span class='ocrx_word' id='word_1_708' title='bbox 228 2503 306 2529; x_wconf 86' lang='lat' dir='ltr'>desse</span> <span class='ocrx_word' id='word_1_709' title='bbox 317 2510 446 2538; x_wconf 83' lang='lat' dir='ltr'>oportere.</span> 
     </span>
    </p>
   </div>
   <div class='ocr_carea' id='block_1_28' title="bbox 227 2577 1025 2726">
    <p class='ocr_par' dir='ltr' id='par_1_29' title="bbox 227 2577 1025 2726">
     <span class='ocr_line' id='line_1_101' title="bbox 229 2577 1023 2614; baseline 0.004 -12"><span class='ocrx_word' id='word_1_710' title='bbox 229 2577 310 2603; x_wconf 89' lang='lat' dir='ltr'>Vides</span> <span class='ocrx_word' id='word_1_711' title='bbox 322 2579 417 2612; x_wconf 79' lang='lat' dir='ltr'>igitur,</span> <span class='ocrx_word' id='word_1_712' title='bbox 435 2579 613 2613; x_wconf 87' lang='lat' dir='ltr'>amplissimis</span> <span class='ocrx_word' id='word_1_713' title='bbox 628 2587 662 2605; x_wconf 88' lang='lat' dir='ltr'>ex</span> <span class='ocrx_word' id='word_1_714' title='bbox 674 2578 785 2604; x_wconf 80' lang='lat' dir='ltr'>familiis</span> <span class='ocrx_word' id='word_1_715' title='bbox 797 2579 933 2609; x_wconf 84' lang='lat' dir='ltr'>homines,</span> <span class='ocrx_word' id='word_1_716' title='bbox 951 2579 1023 2614; x_wconf 90' lang='lat' dir='ltr'>quod</span> 
     </span>
     <span class='ocr_line' id='line_1_102' title="bbox 228 2615 1024 2650; baseline 0.003 -10"><span class='ocrx_word' id='word_1_717' title='bbox 228 2615 286 2640; x_wconf 89' lang='lat' dir='ltr'>sine</span> <span class='ocrx_word' id='word_1_718' title='bbox 298 2616 388 2640; x_wconf 78' lang='lat' dir='ltr'>nervis</span> <span class='ocrx_word' id='word_1_719' title='bbox 400 2620 475 2646; x_wconf 82' lang='lat' dir='ltr'>sunt,</span> <span class='ocrx_word' id='word_1_720' title='bbox 493 2616 542 2641; x_wconf 91' lang='lat' dir='ltr'>tibi</span> <span class='ocrx_word' id='word_1_721' title='bbox 557 2624 634 2650; x_wconf 80' lang='lat' dir='ltr'>pares</span> <span class='ocrx_word' id='word_1_722' title='bbox 647 2624 698 2642; x_wconf 92' lang='lat' dir='ltr'>non</span> <span class='ocrx_word' id='word_1_723' title='bbox 710 2624 779 2641; x_wconf 86' lang='lat' dir='ltr'>esse.</span> <span class='ocrx_word' id='word_1_724' title='bbox 820 2617 845 2642; x_wconf 88' lang='lat'>8.</span> <span class='ocrx_word' id='word_1_725' title='bbox 867 2616 900 2641; x_wconf 83' lang='lat' dir='ltr'>At</span> <span class='ocrx_word' id='word_1_726' title='bbox 910 2616 1024 2642; x_wconf 87' lang='lat' dir='ltr'>Catilina</span> 
     </span>
     <span class='ocr_line' id='line_1_103' title="bbox 227 2651 1025 2683; baseline 0.003 -6"><span class='ocrx_word' id='word_1_727' title='bbox 227 2655 253 2677; x_wconf 89' lang='lat' dir='ltr'>et</span> <span class='ocrx_word' id='word_1_728' title='bbox 264 2651 396 2678; x_wconf 83' lang='lat' dir='ltr'>Antonius</span> <span class='ocrx_word' id='word_1_729' title='bbox 408 2652 512 2678; x_wconf 88' lang='lat' dir='ltr'>molesti</span> <span class='ocrx_word' id='word_1_730' title='bbox 523 2658 596 2679; x_wconf 88' lang='lat' dir='ltr'>sunt.</span> <span class='ocrx_word' id='word_1_731' title='bbox 636 2654 721 2679; x_wconf 91' lang='lat' dir='ltr'>Immo</span> <span class='ocrx_word' id='word_1_732' title='bbox 733 2653 836 2679; x_wconf 90' lang='lat' dir='ltr'>homini</span> <span class='ocrx_word' id='word_1_733' title='bbox 848 2661 926 2683; x_wconf 83' lang='lat' dir='ltr'>novo,</span> <span class='ocrx_word' id='word_1_734' title='bbox 942 2653 1025 2679; x_wconf 90' lang='lat' dir='ltr'>indu-</span> 
     </span>
     <span class='ocr_line' id='line_1_104' title="bbox 227 2688 1024 2726; baseline 0.003 -12"><span class='ocrx_word' id='word_1_735' title='bbox 227 2688 306 2720; x_wconf 87' lang='lat' dir='ltr'>strio,</span> <span class='ocrx_word' id='word_1_736' title='bbox 323 2689 473 2720; x_wconf 87' lang='lat' dir='ltr'>innocenti,</span> <span class='ocrx_word' id='word_1_737' title='bbox 491 2689 604 2721; x_wconf 87' lang='lat' dir='ltr'>diserto,</span> <span class='ocrx_word' id='word_1_738' title='bbox 627 2691 743 2726; x_wconf 81' lang='lat' dir='ltr'>gratioso</span> <span class='ocrx_word' id='word_1_739' title='bbox 754 2690 826 2725; x_wconf 90' lang='lat' dir='ltr'>apud</span> <span class='ocrx_word' id='word_1_740' title='bbox 840 2698 900 2721; x_wconf 91' lang='lat' dir='ltr'>eos,</span> <span class='ocrx_word' id='word_1_741' title='bbox 917 2692 966 2725; x_wconf 89' lang='lat' dir='ltr'>qui</span> <span class='ocrx_word' id='word_1_742' title='bbox 981 2699 1024 2716; x_wconf 90' lang='lat' dir='ltr'>res</span> 
     </span>
    </p>
   </div>
   <div class='ocr_carea' id='block_1_29' title="bbox 829 2316 1049 2350">
    <p class='ocr_par' dir='ltr' id='par_1_30' title="bbox 829 2316 1049 2350">
     <span class='ocr_line' id='line_1_105' title="bbox 829 2316 1049 2350; baseline 0.005 -6"><span class='ocrx_word' id='word_1_743' title='bbox 829 2318 856 2344; x_wconf 83' lang='lat' dir='ltr'>Si</span> <span class='ocrx_word' id='word_1_744' title='bbox 868 2319 1023 2350; x_wconf 76' lang='lat' dir='ltr'>adduxeris,</span> <span class='ocrx_word' id='word_1_745' title='bbox 1048 2316 1049 2338; x_wconf 73' lang='grc' dir='ltr'>Ῐ</span> 
     </span>
    </p>
   </div>
   <div class='ocr_carea' id='block_1_30' title="bbox 229 2504 1055 2577">
    <p class='ocr_par' dir='ltr' id='par_1_31' title="bbox 229 2504 1055 2577">
     <span class='ocr_line' id='line_1_106' title="bbox 487 2504 1049 2535; baseline 0 -5"><span class='ocrx_word' id='word_1_746' title='bbox 487 2505 541 2531; x_wconf 90' lang='lat' dir='ltr'>lam</span> <span class='ocrx_word' id='word_1_747' title='bbox 553 2505 581 2530; x_wconf 88' lang='lat' dir='ltr'>P.</span> <span class='ocrx_word' id='word_1_748' title='bbox 595 2504 709 2531; x_wconf 87' lang='lat' dir='ltr'>Galbam</span> <span class='ocrx_word' id='word_1_749' title='bbox 720 2509 746 2530; x_wconf 87' lang='lat' dir='ltr'>et</span> <span class='ocrx_word' id='word_1_750' title='bbox 757 2505 786 2530; x_wconf 84' lang='lat' dir='ltr'>L.</span> <span class='ocrx_word' id='word_1_751' title='bbox 799 2504 932 2535; x_wconf 86' lang='lat' dir='ltr'>Cassium,</span> <span class='ocrx_word' id='word_1_752' title='bbox 948 2514 1025 2531; x_wconf 90' lang='lat' dir='ltr'>sum—</span> <span class='ocrx_word' id='word_1_753' title='bbox 1048 2529 1049 2534; x_wconf 67' lang='grc'>,</span> 
     </span>
     <span class='ocr_line' id='line_1_107' title="bbox 229 2540 1055 2577; baseline 0.002 -11"><span class='ocrx_word' id='word_1_754' title='bbox 229 2549 272 2566; x_wconf 91' lang='lat' dir='ltr'>mo</span> <span class='ocrx_word' id='word_1_755' title='bbox 283 2540 338 2567; x_wconf 86' lang='lat' dir='ltr'>loco</span> <span class='ocrx_word' id='word_1_756' title='bbox 351 2547 438 2573; x_wconf 85' lang='lat' dir='ltr'>natOS,</span> <span class='ocrx_word' id='word_1_757' title='bbox 455 2543 519 2577; x_wconf 91' lang='lat' dir='ltr'>quis</span> <span class='ocrx_word' id='word_1_758' title='bbox 531 2546 570 2568; x_wconf 89' lang='lat' dir='ltr'>est</span> <span class='ocrx_word' id='word_1_759' title='bbox 588 2542 636 2576; x_wconf 92' lang='lat' dir='ltr'>qui</span> <span class='ocrx_word' id='word_1_760' title='bbox 650 2547 739 2576; x_wconf 91' lang='lat' dir='ltr'>petere</span> <span class='ocrx_word' id='word_1_761' title='bbox 751 2541 920 2567; x_wconf 88' lang='lat' dir='ltr'>consulatum</span> <span class='ocrx_word' id='word_1_762' title='bbox 932 2541 1025 2576; x_wconf 88' lang='lat' dir='ltr'>putet‘?</span> <span class='ocrx_word' id='word_1_763' title='bbox 1048 2540 1055 2576; x_wconf 23' lang='lat'>³,</span> 
     </span>
    </p>
   </div>
   <div class='ocr_carea' id='block_1_31' title="bbox 1049 1954 1051 2207">
    <p class='ocr_par' dir='ltr' id='par_1_32' title="bbox 1049 1954 1051 2207">
     <span class='ocr_line' id='line_1_108' title="bbox 1050 1954 1051 1970; baseline 0 0"><span class='ocrx_word' id='word_1_764' title='bbox 1050 1954 1051 1970; x_wconf 80' lang='grc'>1</span> 
     </span>
     <span class='ocr_line' id='line_1_109' title="bbox 1050 1977 1051 1997; baseline 0 0"><span class='ocrx_word' id='word_1_765' title='bbox 1050 1977 1051 1997; x_wconf 98' lang='grc'>1</span> 
     </span>
     <span class='ocr_line' id='line_1_110' title="bbox 1050 2014 1051 2030; baseline 0 0"><span class='ocrx_word' id='word_1_766' title='bbox 1050 2014 1051 2030; x_wconf 80' lang='grc'>1</span> 
     </span>
     <span class='ocr_line' id='line_1_111' title="bbox 1049 2095 1051 2115; baseline 0 0"><span class='ocrx_word' id='word_1_767' title='bbox 1049 2095 1051 2115; x_wconf 85' lang='grc'>1</span> 
     </span>
     <span class='ocr_line' id='line_1_112' title="bbox 1049 2132 1051 2155; baseline 0 0"><span class='ocrx_word' id='word_1_768' title='bbox 1049 2132 1051 2155; x_wconf 90' lang='grc'>1</span> 
     </span>
     <span class='ocr_line' id='line_1_113' title="bbox 1050 2162 1051 2175; baseline 0 0"><span class='ocrx_word' id='word_1_769' title='bbox 1050 2162 1051 2175; x_wconf 98' lang='grc'>1</span> 
     </span>
     <span class='ocr_line' id='line_1_114' title="bbox 1049 2187 1051 2207; baseline 0 0"><span class='ocrx_word' id='word_1_770' title='bbox 1049 2187 1051 2207; x_wconf 89' lang='grc'>1</span> 
     </span>
    </p>
   </div>
   <div class='ocr_carea' id='block_1_32' title="bbox 1057 1258 1059 1340">
    <p class='ocr_par' dir='ltr' id='par_1_33' title="bbox 1057 1258 1059 1340">
     <span class='ocr_line' id='line_1_115' title="bbox 1057 1258 1059 1340; baseline 0 1712"><span class='ocrx_word' id='word_1_771' title='bbox 1057 1258 1059 1340; x_wconf 95' lang='lat' dir='ltr'> </span> 
     </span>
    </p>
   </div>
   <div class='ocr_carea' id='block_1_33' title="bbox 1080 1237 1875 1349">
    <p class='ocr_par' dir='ltr' id='par_1_34' title="bbox 1080 1237 1875 1349">
     <span class='ocr_line' id='line_1_116' title="bbox 1082 1237 1874 1273; baseline -0.003 -8"><span class='ocrx_word' id='word_1_772' title='bbox 1082 1247 1128 1269; x_wconf 86' lang='lat' dir='ltr'>nn,</span> <span class='ocrx_word' id='word_1_773' title='bbox 1151 1239 1254 1265; x_wconf 79' lang='lat' dir='ltr'>vitibus</span> <span class='ocrx_word' id='word_1_774' title='bbox 1270 1247 1317 1273; x_wconf 92' lang='lat' dir='ltr'>per</span> <span class='ocrx_word' id='word_1_775' title='bbox 1337 1243 1416 1265; x_wconf 87' lang='lat' dir='ltr'>totam</span> <span class='ocrx_word' id='word_1_776' title='bbox 1433 1238 1530 1265; x_wconf 87' lang='lat' dir='ltr'>Urbem</span> <span class='ocrx_word' id='word_1_777' title='bbox 1546 1237 1685 1269; x_wconf 82' lang='lat' dir='ltr'>ceciderit;</span> <span class='ocrx_word' id='word_1_778' title='bbox 1709 1237 1743 1264; x_wconf 83' lang='lat' dir='ltr'>ad</span> <span class='ocrx_word' id='word_1_779' title='bbox 1764 1237 1874 1264; x_wconf 90' lang='lat' dir='ltr'>bustum</span> 
     </span>
     <span class='ocr_line' id='line_1_117' title="bbox 1080 1273 1874 1312; baseline -0.003 -10"><span class='ocrx_word' id='word_1_780' title='bbox 1080 1277 1176 1312; x_wconf 79' lang='lat' dir='ltr'>egerit:</span> <span class='ocrx_word' id='word_1_781' title='bbox 1192 1277 1230 1302; x_wconf 91' lang='lat' dir='ltr'>ibi</span> <span class='ocrx_word' id='word_1_782' title='bbox 1241 1277 1314 1302; x_wconf 90' lang='lat' dir='ltr'>omni</span> <span class='ocrx_word' id='word_1_783' title='bbox 1326 1277 1445 1302; x_wconf 86' lang='lat' dir='ltr'>cruciatu</span> <span class='ocrx_word' id='word_1_784' title='bbox 1459 1276 1552 1301; x_wconf 86' lang='lat' dir='ltr'>vivum</span> <span class='ocrx_word' id='word_1_785' title='bbox 1566 1275 1700 1306; x_wconf 71' lang='lat' dir='ltr'>lacerarit,</span> <span class='ocrx_word' id='word_1_786' title='bbox 1715 1274 1752 1311; x_wconf 94' lang='lat' dir='ltr'>[in</span> <span class='ocrx_word' id='word_1_787' title='bbox 1760 1273 1874 1310; x_wconf 87' lang='lat' dir='ltr'>uuo]in—</span> 
     </span>
     <span class='ocr_line' id='line_1_118' title="bbox 1080 1311 1875 1349; baseline -0.001 -10"><span class='ocrx_word' id='word_1_788' title='bbox 1080 1314 1159 1340; x_wconf 88' lang='lat' dir='ltr'>stanti</span> <span class='ocrx_word' id='word_1_789' title='bbox 1171 1313 1269 1339; x_wconf 92' lang='lat' dir='ltr'>collum</span> <span class='ocrx_word' id='word_1_790' title='bbox 1280 1313 1371 1349; x_wconf 80' lang='lat' dir='ltr'>gladio</span> <span class='ocrx_word' id='word_1_791' title='bbox 1381 1322 1428 1339; x_wconf 93' lang='lat' dir='ltr'>sua</span> <span class='ocrx_word' id='word_1_792' title='bbox 1441 1313 1548 1339; x_wconf 85' lang='lat' dir='ltr'>dextera</span> <span class='ocrx_word' id='word_1_793' title='bbox 1559 1313 1688 1342; x_wconf 83' lang='lat' dir='ltr'>secuerit,</span> <span class='ocrx_word' id='word_1_794' title='bbox 1710 1320 1795 1347; x_wconf 88' lang='lat' dir='ltr'>quum</span> <span class='ocrx_word' id='word_1_795' title='bbox 1807 1311 1875 1338; x_wconf 86' lang='lat' dir='ltr'>sini-</span> 
     </span>
    </p>
   </div>
   <div class='ocr_carea' id='block_1_34' title="bbox 1057 1341 1874 1386">
    <p class='ocr_par' dir='ltr' id='par_1_35' title="bbox 1057 1341 1874 1386">
     <span class='ocr_line' id='line_1_119' title="bbox 1057 1341 1874 1386; baseline -0.002 -9"><span class='ocrx_word' id='word_1_796' title='bbox 1057 1341 1059 1380; x_wconf 93' lang='grc'>1</span> <span class='ocrx_word' id='word_1_797' title='bbox 1080 1356 1132 1377; x_wconf 90' lang='lat' dir='ltr'>stra</span> <span class='ocrx_word' id='word_1_798' title='bbox 1144 1351 1272 1386; x_wconf 92' lang='lat' dir='ltr'>capillum</span> <span class='ocrx_word' id='word_1_799' title='bbox 1284 1352 1343 1377; x_wconf 90' lang='lat' dir='ltr'>eius</span> <span class='ocrx_word' id='word_1_800' title='bbox 1358 1359 1372 1376; x_wconf 93' lang='lat' dir='ltr'>a</span> <span class='ocrx_word' id='word_1_801' title='bbox 1388 1351 1487 1376; x_wconf 89' lang='lat' dir='ltr'>vertice</span> <span class='ocrx_word' id='word_1_802' title='bbox 1503 1355 1616 1382; x_wconf 82' lang='lat' dir='ltr'>teneret;</span> <span class='ocrx_word' id='word_1_803' title='bbox 1632 1354 1712 1384; x_wconf 87' lang='lat' dir='ltr'>caput</span> <span class='ocrx_word' id='word_1_804' title='bbox 1727 1357 1775 1375; x_wconf 87' lang='lat' dir='ltr'>sua</span> <span class='ocrx_word' id='word_1_805' title='bbox 1792 1356 1874 1375; x_wconf 84' lang='lat' dir='ltr'>manu</span> 
     </span>
    </p>
   </div>
   <div class='ocr_carea' id='block_1_35' title="bbox 232 1387 1788 1497">
    <p class='ocr_par' dir='ltr' id='par_1_36' title="bbox 232 1387 1788 1497">
     <span class='ocr_line' id='line_1_120' title="bbox 1050 1387 1788 1423; baseline -0.004 -8"><span class='ocrx_word' id='word_1_806' title='bbox 1050 1392 1059 1422; x_wconf 55' lang='grc'>11</span> <span class='ocrx_word' id='word_1_807' title='bbox 1080 1388 1183 1419; x_wconf 84' lang='lat' dir='ltr'>tulerit,</span> <span class='ocrx_word' id='word_1_808' title='bbox 1205 1397 1291 1423; x_wconf 90' lang='lat' dir='ltr'>quum</span> <span class='ocrx_word' id='word_1_809' title='bbox 1307 1389 1376 1414; x_wconf 87' lang='lat' dir='ltr'>inter</span> <span class='ocrx_word' id='word_1_810' title='bbox 1390 1387 1489 1423; x_wconf 80' lang='lat' dir='ltr'>digitos</span> <span class='ocrx_word' id='word_1_811' title='bbox 1505 1388 1565 1413; x_wconf 89' lang='lat' dir='ltr'>eius</span> <span class='ocrx_word' id='word_1_812' title='bbox 1580 1387 1632 1413; x_wconf 89' lang='lat' dir='ltr'>rivi</span> <span class='ocrx_word' id='word_1_813' title='bbox 1647 1387 1788 1422; x_wconf 79' lang='lat' dir='ltr'>sanguinis</span> 
     </span>
     <span class='ocr_line' id='line_1_121' title="bbox 940 1422 1059 1450; baseline -0.008 0"><span class='ocrx_word' id='word_1_814' title='bbox 940 1424 1028 1450; x_wconf 78' lang='lat' dir='ltr'>Habes</span> <span class='ocrx_word' id='word_1_815' title='bbox 1050 1422 1059 1448; x_wconf 63' lang='lat' dir='ltr'>l</span> 
     </span>
     <span class='ocr_line' id='line_1_122' title="bbox 232 1456 1059 1497; baseline 0 -9"><span class='ocrx_word' id='word_1_816' title='bbox 232 1463 304 1488; x_wconf 89' lang='lat' dir='ltr'>enim</span> <span class='ocrx_word' id='word_1_817' title='bbox 317 1471 355 1492; x_wconf 85' lang='lat' dir='ltr'>ea,</span> <span class='ocrx_word' id='word_1_818' title='bbox 369 1471 437 1497; x_wconf 87' lang='lat' dir='ltr'>quae</span> <span class='ocrx_word' id='word_1_819' title='bbox 449 1463 511 1488; x_wconf 77' lang='lat' dir='ltr'>novi</span> <span class='ocrx_word' id='word_1_820' title='bbox 525 1462 690 1488; x_wconf 87' lang='lat' dir='ltr'>habuerunt:</span> <span class='ocrx_word' id='word_1_821' title='bbox 703 1471 796 1488; x_wconf 91' lang='lat' dir='ltr'>omnes</span> <span class='ocrx_word' id='word_1_822' title='bbox 807 1461 974 1496; x_wconf 78' lang='lat' dir='ltr'>publicanos,</span> <span class='ocrx_word' id='word_1_823' title='bbox 989 1467 1028 1488; x_wconf 87' lang='lat' dir='ltr'>to-</span> <span class='ocrx_word' id='word_1_824' title='bbox 1050 1456 1059 1484; x_wconf 70' lang='lat'>:1</span> 
     </span>
    </p>
   </div>
   <div class='ocr_carea' id='block_1_36' title="bbox 1056 1486 1059 1608">
    <p class='ocr_par' dir='ltr' id='par_1_37' title="bbox 1056 1486 1059 1608">
     <span class='ocr_line' id='line_1_123' title="bbox 1057 1486 1059 1496; baseline 0 0"><span class='ocrx_word' id='word_1_825' title='bbox 1057 1486 1059 1496; x_wconf 74' lang='lat' dir='ltr'>l</span> 
     </span>
     <span class='ocr_line' id='line_1_124' title="bbox 1056 1505 1059 1546; baseline 0 0"><span class='ocrx_word' id='word_1_826' title='bbox 1056 1505 1059 1546; x_wconf 88' lang='grc'>1</span> 
     </span>
     <span class='ocr_line' id='line_1_125' title="bbox 1057 1549 1059 1574; baseline 0 0"><span class='ocrx_word' id='word_1_827' title='bbox 1057 1549 1059 1574; x_wconf 80' lang='grc'>1</span> 
     </span>
     <span class='ocr_line' id='line_1_126' title="bbox 1057 1599 1059 1608; baseline 0 0"><span class='ocrx_word' id='word_1_828' title='bbox 1057 1599 1059 1608; x_wconf 93' lang='grc'>.</span> 
     </span>
    </p>
   </div>
   <div class='ocr_carea' id='block_1_37' title="bbox 1057 1680 1059 1743">
    <p class='ocr_par' dir='ltr' id='par_1_38' title="bbox 1057 1680 1059 1743">
     <span class='ocr_line' id='line_1_127' title="bbox 1057 1680 1059 1689; baseline 0 0"><span class='ocrx_word' id='word_1_829' title='bbox 1057 1680 1059 1689; x_wconf 64' lang='grc'><strong>4</strong></span> 
     </span>
     <span class='ocr_line' id='line_1_128' title="bbox 1058 1731 1059 1743; baseline 0 0"><span class='ocrx_word' id='word_1_830' title='bbox 1058 1731 1059 1743; x_wconf 97' lang='grc'>1</span> 
     </span>
    </p>
   </div>
   <div class='ocr_carea' id='block_1_38' title="bbox 1056 1971 1059 1984">
    <p class='ocr_par' dir='ltr' id='par_1_39' title="bbox 1056 1971 1059 1984">
     <span class='ocr_line' id='line_1_129' title="bbox 1056 1971 1059 1984; baseline 0 0"><span class='ocrx_word' id='word_1_831' title='bbox 1056 1971 1059 1984; x_wconf 87' lang='grc' dir='ltr'>Ι</span> 
     </span>
    </p>
   </div>
   <div class='ocr_carea' id='block_1_39' title="bbox 1054 1801 1060 2721">
    <p class='ocr_par' dir='ltr' id='par_1_40' title="bbox 1054 1801 1060 2721">
     <span class='ocr_line' id='line_1_130' title="bbox 1054 1801 1060 2721; baseline 0 0"><span class='ocrx_word' id='word_1_832' title='bbox 1054 1801 1060 2721; x_wconf 95' lang='lat' dir='ltr'> </span> 
     </span>
    </p>
   </div>
   <div class='ocr_carea' id='block_1_40' title="bbox 1079 1385 1876 2130">
    <p class='ocr_par' dir='ltr' id='par_1_41' title="bbox 1079 1385 1876 2130">
     <span class='ocr_line' id='line_1_131' title="bbox 1809 1385 1876 1412; baseline 0 0"><span class='ocrx_word' id='word_1_833' title='bbox 1809 1385 1876 1412; x_wconf 83' lang='lat' dir='ltr'>flue—</span> 
     </span>
     <span class='ocr_line' id='line_1_132' title="bbox 1081 1423 1875 1461; baseline -0.004 -9"><span class='ocrx_word' id='word_1_834' title='bbox 1081 1431 1150 1452; x_wconf 86' lang='lat' dir='ltr'>rent:</span> <span class='ocrx_word' id='word_1_835' title='bbox 1174 1426 1222 1461; x_wconf 91' lang='lat' dir='ltr'>qui</span> <span class='ocrx_word' id='word_1_836' title='bbox 1238 1430 1328 1460; x_wconf 90' lang='lat' dir='ltr'>postea</span> <span class='ocrx_word' id='word_1_837' title='bbox 1344 1434 1405 1451; x_wconf 92' lang='lat' dir='ltr'>cum</span> <span class='ocrx_word' id='word_1_838' title='bbox 1419 1425 1596 1451; x_wconf 84' lang='lat' dir='ltr'>histrionibus</span> <span class='ocrx_word' id='word_1_839' title='bbox 1607 1429 1705 1451; x_wconf 87' lang='lat' dir='ltr'>etcum</span> <span class='ocrx_word' id='word_1_840' title='bbox 1716 1423 1875 1459; x_wconf 81' lang='lat' dir='ltr'>gladiatori-</span> 
     </span>
     <span class='ocr_line' id='line_1_133' title="bbox 1080 1460 1874 1493; baseline -0.003 -4"><span class='ocrx_word' id='word_1_841' title='bbox 1080 1463 1132 1489; x_wconf 90' lang='lat' dir='ltr'>bus</span> <span class='ocrx_word' id='word_1_842' title='bbox 1148 1464 1182 1489; x_wconf 88' lang='lat' dir='ltr'>ita</span> <span class='ocrx_word' id='word_1_843' title='bbox 1200 1464 1281 1493; x_wconf 85' lang='lat' dir='ltr'>vixit,</span> <span class='ocrx_word' id='word_1_844' title='bbox 1304 1467 1333 1489; x_wconf 92' lang='lat' dir='ltr'>ut</span> <span class='ocrx_word' id='word_1_845' title='bbox 1348 1462 1444 1489; x_wconf 88' lang='lat' dir='ltr'>alteros</span> <span class='ocrx_word' id='word_1_846' title='bbox 1461 1462 1596 1492; x_wconf 86' lang='lat' dir='ltr'>libidinis,</span> <span class='ocrx_word' id='word_1_847' title='bbox 1617 1461 1714 1488; x_wconf 87' lang='lat' dir='ltr'>alteros</span> <span class='ocrx_word' id='word_1_848' title='bbox 1725 1460 1874 1487; x_wconf 79' lang='lat' dir='ltr'>facinorum</span> 
     </span>
     <span class='ocr_line' id='line_1_134' title="bbox 1080 1499 1875 1535; baseline -0.004 -8"><span class='ocrx_word' id='word_1_849' title='bbox 1080 1500 1215 1527; x_wconf 91' lang='lat' dir='ltr'>adiutores</span> <span class='ocrx_word' id='word_1_850' title='bbox 1230 1499 1358 1526; x_wconf 68' lang='lat' dir='ltr'>haberet?</span> <span class='ocrx_word' id='word_1_851' title='bbox 1370 1501 1419 1535; x_wconf 93' lang='lat' dir='ltr'>qui</span> <span class='ocrx_word' id='word_1_852' title='bbox 1430 1499 1535 1526; x_wconf 90' lang='lat' dir='ltr'>nullum</span> <span class='ocrx_word' id='word_1_853' title='bbox 1549 1500 1575 1525; x_wconf 90' lang='lat' dir='ltr'>in</span> <span class='ocrx_word' id='word_1_854' title='bbox 1588 1499 1674 1525; x_wconf 90' lang='lat' dir='ltr'>locum</span> <span class='ocrx_word' id='word_1_855' title='bbox 1687 1503 1739 1525; x_wconf 83' lang='lat' dir='ltr'>tam</span> <span class='ocrx_word' id='word_1_856' title='bbox 1751 1502 1875 1524; x_wconf 86' lang='lat' dir='ltr'>sanctum</span> 
     </span>
     <span class='ocr_line' id='line_1_135' title="bbox 1081 1534 1875 1573; baseline -0.004 -9"><span class='ocrx_word' id='word_1_857' title='bbox 1081 1546 1110 1564; x_wconf 89' lang='lat' dir='ltr'>ac</span> <span class='ocrx_word' id='word_1_858' title='bbox 1127 1543 1178 1564; x_wconf 86' lang='lat' dir='ltr'>tam</span> <span class='ocrx_word' id='word_1_859' title='bbox 1196 1537 1353 1573; x_wconf 84' lang='lat' dir='ltr'>religiosum</span> <span class='ocrx_word' id='word_1_860' title='bbox 1369 1538 1496 1567; x_wconf 87' lang='lat' dir='ltr'>accessit,</span> <span class='ocrx_word' id='word_1_861' title='bbox 1517 1537 1545 1562; x_wconf 92' lang='lat' dir='ltr'>in</span> <span class='ocrx_word' id='word_1_862' title='bbox 1561 1545 1615 1571; x_wconf 82' lang='lat' dir='ltr'>quo</span> <span class='ocrx_word' id='word_1_863' title='bbox 1626 1544 1691 1565; x_wconf 85' lang='lat' dir='ltr'>nou.</span> <span class='ocrx_word' id='word_1_864' title='bbox 1711 1537 1761 1561; x_wconf 88' lang='lat' dir='ltr'>etsi</span> <span class='ocrx_word' id='word_1_865' title='bbox 1774 1536 1801 1562; x_wconf 88' lang='lat' dir='ltr'>in</span> <span class='ocrx_word' id='word_1_866' title='bbox 1813 1534 1875 1561; x_wconf 88' lang='lat' dir='ltr'>aliis</span> 
     </span>
     <span class='ocr_line' id='line_1_136' title="bbox 1080 1572 1876 1609; baseline -0.004 -8"><span class='ocrx_word' id='word_1_867' title='bbox 1080 1575 1158 1609; x_wconf 90' lang='lat' dir='ltr'>culpa</span> <span class='ocrx_word' id='word_1_868' title='bbox 1171 1584 1222 1601; x_wconf 91' lang='lat' dir='ltr'>non</span> <span class='ocrx_word' id='word_1_869' title='bbox 1234 1580 1318 1605; x_wconf 85' lang='lat' dir='ltr'>esset,</span> <span class='ocrx_word' id='word_1_870' title='bbox 1341 1580 1429 1601; x_wconf 83' lang='lat' dir='ltr'>tamen</span> <span class='ocrx_word' id='word_1_871' title='bbox 1445 1583 1479 1600; x_wconf 86' lang='lat' dir='ltr'>ex</span> <span class='ocrx_word' id='word_1_872' title='bbox 1489 1582 1537 1600; x_wconf 90' lang='lat' dir='ltr'>sua</span> <span class='ocrx_word' id='word_1_873' title='bbox 1550 1573 1669 1608; x_wconf 88' lang='lat' dir='ltr'>nequitia</span> <span class='ocrx_word' id='word_1_874' title='bbox 1680 1572 1819 1599; x_wconf 87' lang='lat' dir='ltr'>dedecoris</span> <span class='ocrx_word' id='word_1_875' title='bbox 1829 1580 1876 1598; x_wconf 89' lang='lat' dir='ltr'>su-</span> 
     </span>
     <span class='ocr_line' id='line_1_137' title="bbox 1079 1610 1873 1647; baseline -0.005 -8"><span class='ocrx_word' id='word_1_876' title='bbox 1079 1613 1228 1647; x_wconf 89' lang='lat' dir='ltr'>spicionem</span> <span class='ocrx_word' id='word_1_877' title='bbox 1241 1611 1416 1647; x_wconf 87' lang='lat' dir='ltr'>relinqueret;</span> <span class='ocrx_word' id='word_1_878' title='bbox 1433 1611 1481 1646; x_wconf 89' lang='lat' dir='ltr'>qui</span> <span class='ocrx_word' id='word_1_879' title='bbox 1493 1619 1526 1637; x_wconf 91' lang='lat' dir='ltr'>ex</span> <span class='ocrx_word' id='word_1_880' title='bbox 1535 1611 1610 1637; x_wconf 88' lang='lat' dir='ltr'>curia</span> <span class='ocrx_word' id='word_1_881' title='bbox 1621 1610 1715 1636; x_wconf 89' lang='lat' dir='ltr'>Curios</span> <span class='ocrx_word' id='word_1_882' title='bbox 1725 1615 1751 1636; x_wconf 91' lang='lat' dir='ltr'>et</span> <span class='ocrx_word' id='word_1_883' title='bbox 1761 1610 1873 1640; x_wconf 77' lang='lat' dir='ltr'>Annios,</span> 
     </span>
     <span class='ocr_line' id='line_1_138' title="bbox 1081 1647 1876 1684; baseline -0.005 -8"><span class='ocrx_word' id='word_1_884' title='bbox 1081 1650 1114 1676; x_wconf 87' lang='lat' dir='ltr'>ab</span> <span class='ocrx_word' id='word_1_885' title='bbox 1125 1650 1200 1676; x_wconf 85' lang='lat' dir='ltr'>atriis</span> <span class='ocrx_word' id='word_1_886' title='bbox 1212 1649 1323 1684; x_wconf 86' lang='lat' dir='ltr'>Sapalas</span> <span class='ocrx_word' id='word_1_887' title='bbox 1334 1649 1506 1679; x_wconf 85' lang='lat' dir='ltr'>etCarvilios,</span> <span class='ocrx_word' id='word_1_888' title='bbox 1519 1657 1554 1674; x_wconf 81' lang='lat' dir='ltr'>ex</span> <span class='ocrx_word' id='word_1_889' title='bbox 1563 1647 1681 1683; x_wconf 85' lang='lat' dir='ltr'>equestri</span> <span class='ocrx_word' id='word_1_890' title='bbox 1693 1647 1786 1674; x_wconf 89' lang='lat' dir='ltr'>ordine</span> <span class='ocrx_word' id='word_1_891' title='bbox 1797 1647 1876 1682; x_wconf 77' lang='lat' dir='ltr'>Pom—</span> 
     </span>
     <span class='ocr_line' id='line_1_139' title="bbox 1081 1684 1876 1722; baseline -0.005 -9"><span class='ocrx_word' id='word_1_892' title='bbox 1081 1687 1299 1722; x_wconf 85' lang='lat' dir='ltr'>piliosetVettios</span> <span class='ocrx_word' id='word_1_893' title='bbox 1309 1686 1362 1713; x_wconf 88' lang='lat' dir='ltr'>sibi</span> <span class='ocrx_word' id='word_1_894' title='bbox 1375 1686 1554 1713; x_wconf 88' lang='lat' dir='ltr'>amicissimos</span> <span class='ocrx_word' id='word_1_895' title='bbox 1565 1684 1744 1719; x_wconf 84' lang='lat' dir='ltr'>comparavit;</span> <span class='ocrx_word' id='word_1_896' title='bbox 1757 1685 1805 1719; x_wconf 93' lang='lat' dir='ltr'>qui</span> <span class='ocrx_word' id='word_1_897' title='bbox 1817 1688 1876 1710; x_wconf 82' lang='lat' dir='ltr'>tan-</span> 
     </span>
     <span class='ocr_line' id='line_1_140' title="bbox 1081 1720 1875 1756; baseline -0.004 -6"><span class='ocrx_word' id='word_1_898' title='bbox 1081 1730 1136 1750; x_wconf 90' lang='lat' dir='ltr'>tum</span> <span class='ocrx_word' id='word_1_899' title='bbox 1150 1724 1229 1750; x_wconf 87' lang='lat' dir='ltr'>habet</span> <span class='ocrx_word' id='word_1_900' title='bbox 1242 1723 1382 1753; x_wconf 80' lang='lat' dir='ltr'>audaciae,</span> <span class='ocrx_word' id='word_1_901' title='bbox 1401 1728 1503 1749; x_wconf 88' lang='lat' dir='ltr'>tantum</span> <span class='ocrx_word' id='word_1_902' title='bbox 1515 1723 1663 1756; x_wconf 85' lang='lat' dir='ltr'>nequitiae,</span> <span class='ocrx_word' id='word_1_903' title='bbox 1681 1726 1783 1748; x_wconf 84' lang='lat' dir='ltr'>tantum</span> <span class='ocrx_word' id='word_1_904' title='bbox 1797 1720 1875 1747; x_wconf 86' lang='lat' dir='ltr'>deni-</span> 
     </span>
     <span class='ocr_line' id='line_1_141' title="bbox 1080 1759 1875 1796; baseline -0.004 -9"><span class='ocrx_word' id='word_1_905' title='bbox 1080 1762 1171 1796; x_wconf 88' lang='lat' dir='ltr'>quein</span> <span class='ocrx_word' id='word_1_906' title='bbox 1185 1761 1298 1787; x_wconf 86' lang='lat' dir='ltr'>libidine</span> <span class='ocrx_word' id='word_1_907' title='bbox 1309 1761 1374 1787; x_wconf 87' lang='lat' dir='ltr'>artis</span> <span class='ocrx_word' id='word_1_908' title='bbox 1385 1765 1410 1786; x_wconf 87' lang='lat' dir='ltr'>et</span> <span class='ocrx_word' id='word_1_909' title='bbox 1421 1759 1634 1790; x_wconf 76' lang='lat' dir='ltr'>efficacitatis,ut</span> <span class='ocrx_word' id='word_1_910' title='bbox 1644 1766 1727 1793; x_wconf 87' lang='lat' dir='ltr'>prope</span> <span class='ocrx_word' id='word_1_911' title='bbox 1739 1759 1766 1784; x_wconf 91' lang='lat' dir='ltr'>in</span> <span class='ocrx_word' id='word_1_912' title='bbox 1778 1766 1875 1793; x_wconf 82' lang='lat' dir='ltr'>paren-</span> 
     </span>
     <span class='ocr_line' id='line_1_142' title="bbox 1081 1795 1874 1834; baseline -0.004 -10"><span class='ocrx_word' id='word_1_913' title='bbox 1081 1804 1136 1825; x_wconf 90' lang='lat' dir='ltr'>tum</span> <span class='ocrx_word' id='word_1_914' title='bbox 1152 1799 1264 1834; x_wconf 75' lang='lat' dir='ltr'>gremiis</span> <span class='ocrx_word' id='word_1_915' title='bbox 1280 1802 1457 1832; x_wconf 83' lang='lat' dir='ltr'>praetextatos</span> <span class='ocrx_word' id='word_1_916' title='bbox 1475 1797 1573 1822; x_wconf 86' lang='lat' dir='ltr'>liberos</span> <span class='ocrx_word' id='word_1_917' title='bbox 1587 1796 1776 1830; x_wconf 86' lang='lat' dir='ltr'>constuprarit.</span> <span class='ocrx_word' id='word_1_918' title='bbox 1803 1795 1874 1827; x_wconf 90' lang='lat' dir='ltr'>Quid</span> 
     </span>
     <span class='ocr_line' id='line_1_143' title="bbox 1079 1832 1875 1871; baseline -0.004 -10"><span class='ocrx_word' id='word_1_919' title='bbox 1079 1844 1129 1871; x_wconf 81' lang='lat' dir='ltr'>ego</span> <span class='ocrx_word' id='word_1_920' title='bbox 1145 1844 1216 1861; x_wconf 91' lang='lat' dir='ltr'>nunc</span> <span class='ocrx_word' id='word_1_921' title='bbox 1231 1835 1280 1861; x_wconf 84' lang='lat' dir='ltr'>tibi</span> <span class='ocrx_word' id='word_1_922' title='bbox 1297 1835 1330 1860; x_wconf 88' lang='lat' dir='ltr'>de</span> <span class='ocrx_word' id='word_1_923' title='bbox 1346 1834 1448 1864; x_wconf 75' lang='lat' dir='ltr'>Africa,</span> <span class='ocrx_word' id='word_1_924' title='bbox 1465 1833 1532 1868; x_wconf 89' lang='lat' dir='ltr'>quid</span> <span class='ocrx_word' id='word_1_925' title='bbox 1548 1833 1581 1859; x_wconf 86' lang='lat' dir='ltr'>de</span> <span class='ocrx_word' id='word_1_926' title='bbox 1597 1833 1706 1859; x_wconf 85' lang='lat' dir='ltr'>testium</span> <span class='ocrx_word' id='word_1_927' title='bbox 1717 1832 1797 1859; x_wconf 87' lang='lat' dir='ltr'>dictis</span> <span class='ocrx_word' id='word_1_928' title='bbox 1807 1833 1875 1859; x_wconf 82' lang='lat' dir='ltr'>scri-</span> 
     </span>
     <span class='ocr_line' id='line_1_144' title="bbox 1081 1869 1874 1905; baseline -0.003 -7"><span class='ocrx_word' id='word_1_929' title='bbox 1081 1872 1161 1899; x_wconf 76' lang='lat' dir='ltr'>bam?</span> <span class='ocrx_word' id='word_1_930' title='bbox 1181 1873 1246 1898; x_wconf 75' lang='lat' dir='ltr'>Nota</span> <span class='ocrx_word' id='word_1_931' title='bbox 1258 1877 1334 1898; x_wconf 89' lang='lat' dir='ltr'>sunt:</span> <span class='ocrx_word' id='word_1_932' title='bbox 1351 1877 1377 1898; x_wconf 90' lang='lat' dir='ltr'>et</span> <span class='ocrx_word' id='word_1_933' title='bbox 1387 1880 1416 1897; x_wconf 84' lang='lat' dir='ltr'>ea</span> <span class='ocrx_word' id='word_1_934' title='bbox 1429 1876 1456 1897; x_wconf 86' lang='lat' dir='ltr'>tu</span> <span class='ocrx_word' id='word_1_935' title='bbox 1468 1871 1577 1905; x_wconf 85' lang='lat' dir='ltr'>saepius</span> <span class='ocrx_word' id='word_1_936' title='bbox 1590 1870 1680 1905; x_wconf 80' lang='lat' dir='ltr'>legito.</span> <span class='ocrx_word' id='word_1_937' title='bbox 1721 1869 1773 1896; x_wconf 90' lang='lat' dir='ltr'>Sed</span> <span class='ocrx_word' id='word_1_938' title='bbox 1785 1875 1874 1896; x_wconf 79' lang='lat' dir='ltr'>tamen</span> 
     </span>
     <span class='ocr_line' id='line_1_145' title="bbox 1081 1906 1875 1943; baseline -0.004 -8"><span class='ocrx_word' id='word_1_939' title='bbox 1081 1910 1130 1936; x_wconf 90' lang='lat' dir='ltr'>hoc</span> <span class='ocrx_word' id='word_1_940' title='bbox 1142 1910 1208 1935; x_wconf 89' lang='lat' dir='ltr'>mihi</span> <span class='ocrx_word' id='word_1_941' title='bbox 1222 1917 1271 1935; x_wconf 89' lang='lat' dir='ltr'>non</span> <span class='ocrx_word' id='word_1_942' title='bbox 1280 1908 1544 1943; x_wconf 85' lang='lat' dir='ltr'>praetermittendum</span> <span class='ocrx_word' id='word_1_943' title='bbox 1553 1907 1668 1937; x_wconf 86' lang='lat' dir='ltr'>videtur,</span> <span class='ocrx_word' id='word_1_944' title='bbox 1677 1906 1749 1942; x_wconf 88' lang='lat' dir='ltr'>quod</span> <span class='ocrx_word' id='word_1_945' title='bbox 1756 1907 1875 1941; x_wconf 86' lang='lat' dir='ltr'>primum</span> 
     </span>
     <span class='ocr_line' id='line_1_146' title="bbox 1080 1944 1876 1981; baseline -0.004 -8"><span class='ocrx_word' id='word_1_946' title='bbox 1080 1956 1114 1973; x_wconf 83' lang='lat' dir='ltr'>ex</span> <span class='ocrx_word' id='word_1_947' title='bbox 1125 1955 1155 1973; x_wconf 86' lang='lat' dir='ltr'>eo</span> <span class='ocrx_word' id='word_1_948' title='bbox 1167 1946 1267 1973; x_wconf 89' lang='lat' dir='ltr'>iudicio</span> <span class='ocrx_word' id='word_1_949' title='bbox 1280 1951 1332 1972; x_wconf 88' lang='lat' dir='ltr'>tam</span> <span class='ocrx_word' id='word_1_950' title='bbox 1344 1955 1427 1981; x_wconf 76' lang='lat' dir='ltr'>egens</span> <span class='ocrx_word' id='word_1_951' title='bbox 1437 1945 1572 1975; x_wconf 72' lang='lat' dir='ltr'>discessit,</span> <span class='ocrx_word' id='word_1_952' title='bbox 1585 1953 1667 1979; x_wconf 90' lang='lat' dir='ltr'>quam</span> <span class='ocrx_word' id='word_1_953' title='bbox 1678 1944 1789 1979; x_wconf 86' lang='lat' dir='ltr'>quidam</span> <span class='ocrx_word' id='word_1_954' title='bbox 1801 1944 1876 1970; x_wconf 88' lang='lat' dir='ltr'>iudi-</span> 
     </span>
     <span class='ocr_line' id='line_1_147' title="bbox 1079 1981 1876 2013; baseline -0.003 -4"><span class='ocrx_word' id='word_1_955' title='bbox 1079 1993 1123 2010; x_wconf 85' lang='lat' dir='ltr'>ces</span> <span class='ocrx_word' id='word_1_956' title='bbox 1139 1985 1198 2009; x_wconf 90' lang='lat' dir='ltr'>eius</span> <span class='ocrx_word' id='word_1_957' title='bbox 1214 1989 1274 2009; x_wconf 93' lang='lat' dir='ltr'>ante</span> <span class='ocrx_word' id='word_1_958' title='bbox 1289 1983 1356 2009; x_wconf 88' lang='lat' dir='ltr'>illud</span> <span class='ocrx_word' id='word_1_959' title='bbox 1369 1983 1501 2009; x_wconf 91' lang='lat' dir='ltr'>iudicium</span> <span class='ocrx_word' id='word_1_960' title='bbox 1514 1982 1634 2013; x_wconf 69' lang='lat' dir='ltr'>fuerunt,</span> <span class='ocrx_word' id='word_1_961' title='bbox 1658 1981 1756 2007; x_wconf 85' lang='lat' dir='ltr'>deinde</span> <span class='ocrx_word' id='word_1_962' title='bbox 1767 1986 1820 2008; x_wconf 86' lang='lat' dir='ltr'>tam</span> <span class='ocrx_word' id='word_1_963' title='bbox 1832 1982 1876 2008; x_wconf 91' lang='lat' dir='ltr'>in·-</span> 
     </span>
     <span class='ocr_line' id='line_1_148' title="bbox 1080 2017 1873 2054; baseline -0.004 -7"><span class='ocrx_word' id='word_1_964' title='bbox 1080 2021 1211 2051; x_wconf 80' lang='lat' dir='ltr'>vidiosus,</span> <span class='ocrx_word' id='word_1_965' title='bbox 1220 2020 1329 2047; x_wconf 86' lang='lat' dir='ltr'>utaliud</span> <span class='ocrx_word' id='word_1_966' title='bbox 1341 2021 1368 2046; x_wconf 93' lang='lat' dir='ltr'>in</span> <span class='ocrx_word' id='word_1_967' title='bbox 1379 2029 1441 2046; x_wconf 87' lang='lat' dir='ltr'>eum</span> <span class='ocrx_word' id='word_1_968' title='bbox 1454 2019 1586 2046; x_wconf 90' lang='lat' dir='ltr'>iudicium</span> <span class='ocrx_word' id='word_1_969' title='bbox 1597 2018 1719 2054; x_wconf 87' lang='lat' dir='ltr'>quotidie</span> <span class='ocrx_word' id='word_1_970' title='bbox 1729 2017 1873 2054; x_wconf 83' lang='lat' dir='ltr'>flagitetur.</span> 
     </span>
     <span class='ocr_line' id='line_1_149' title="bbox 1079 2056 1873 2093; baseline -0.003 -9"><span class='ocrx_word' id='word_1_971' title='bbox 1079 2059 1127 2084; x_wconf 81' lang='lat' dir='ltr'>Hic</span> <span class='ocrx_word' id='word_1_972' title='bbox 1142 2067 1170 2084; x_wconf 90' lang='lat' dir='ltr'>se</span> <span class='ocrx_word' id='word_1_973' title='bbox 1187 2059 1226 2085; x_wconf 88' lang='lat' dir='ltr'>sic</span> <span class='ocrx_word' id='word_1_974' title='bbox 1243 2058 1335 2088; x_wconf 86' lang='lat' dir='ltr'>habet,</span> <span class='ocrx_word' id='word_1_975' title='bbox 1358 2062 1388 2084; x_wconf 83' lang='lat' dir='ltr'>ut</span> <span class='ocrx_word' id='word_1_976' title='bbox 1403 2058 1490 2093; x_wconf 79' lang='lat' dir='ltr'>magis</span> <span class='ocrx_word' id='word_1_977' title='bbox 1507 2057 1610 2086; x_wconf 87' lang='lat' dir='ltr'>timeat,</span> <span class='ocrx_word' id='word_1_978' title='bbox 1630 2057 1711 2082; x_wconf 85' lang='lat' dir='ltr'>etiam</span> <span class='ocrx_word' id='word_1_979' title='bbox 1726 2056 1750 2082; x_wconf 92' lang='lat' dir='ltr'>si</span> <span class='ocrx_word' id='word_1_980' title='bbox 1764 2056 1873 2091; x_wconf 85' lang='lat' dir='ltr'>quierit,</span> 
     </span>
     <span class='ocr_line' id='line_1_150' title="bbox 1079 2092 1876 2130; baseline -0.005 -8"><span class='ocrx_word' id='word_1_981' title='bbox 1079 2104 1160 2130; x_wconf 88' lang='lat' dir='ltr'>quam</span> <span class='ocrx_word' id='word_1_982' title='bbox 1172 2101 1201 2121; x_wconf 91' lang='lat' dir='ltr'>ut</span> <span class='ocrx_word' id='word_1_983' title='bbox 1211 2099 1370 2125; x_wconf 86' lang='lat' dir='ltr'>contemnat,</span> <span class='ocrx_word' id='word_1_984' title='bbox 1383 2095 1407 2121; x_wconf 89' lang='lat' dir='ltr'>si</span> <span class='ocrx_word' id='word_1_985' title='bbox 1417 2094 1485 2129; x_wconf 91' lang='lat' dir='ltr'>quid</span> <span class='ocrx_word' id='word_1_986' title='bbox 1496 2093 1680 2120; x_wconf 89' lang='lat' dir='ltr'>commoverit.</span> <span class='ocrx_word' id='word_1_987' title='bbox 1723 2094 1762 2119; x_wconf 81' lang='lat' dir='ltr'>ll.</span> <span class='ocrx_word' id='word_1_988' title='bbox 1783 2092 1876 2125; x_wconf 87' lang='lat' dir='ltr'>Quan—</span> 
     </span>
    </p>
   </div>
   <div class='ocr_carea' id='block_1_41' title="bbox 1075 2130 1875 2724">
    <p class='ocr_par' dir='ltr' id='par_1_42' title="bbox 1075 2130 1875 2689">
     <span class='ocr_line' id='line_1_151' title="bbox 1080 2130 1875 2166; baseline -0.005 -7"><span class='ocrx_word' id='word_1_989' title='bbox 1080 2138 1104 2159; x_wconf 93' lang='lat' dir='ltr'>to</span> <span class='ocrx_word' id='word_1_990' title='bbox 1116 2133 1211 2159; x_wconf 88' lang='lat' dir='ltr'>melior</span> <span class='ocrx_word' id='word_1_991' title='bbox 1222 2133 1271 2159; x_wconf 88' lang='lat' dir='ltr'>tibi</span> <span class='ocrx_word' id='word_1_992' title='bbox 1283 2132 1387 2159; x_wconf 82' lang='lat' dir='ltr'>fortuna</span> <span class='ocrx_word' id='word_1_993' title='bbox 1399 2132 1536 2166; x_wconf 85' lang='lat' dir='ltr'>petitionis</span> <span class='ocrx_word' id='word_1_994' title='bbox 1547 2130 1606 2156; x_wconf 86' lang='lat' dir='ltr'>data</span> <span class='ocrx_word' id='word_1_995' title='bbox 1621 2135 1674 2159; x_wconf 89' lang='lat' dir='ltr'>est.</span> <span class='ocrx_word' id='word_1_996' title='bbox 1691 2138 1773 2164; x_wconf 88' lang='lat' dir='ltr'>quam</span> <span class='ocrx_word' id='word_1_997' title='bbox 1788 2138 1875 2165; x_wconf 84' lang='lat' dir='ltr'>nuper</span> 
     </span>
     <span class='ocr_line' id='line_1_152' title="bbox 1080 2166 1875 2197; baseline -0.006 0"><span class='ocrx_word' id='word_1_998' title='bbox 1080 2170 1182 2197; x_wconf 87' lang='lat' dir='ltr'>bomini</span> <span class='ocrx_word' id='word_1_999' title='bbox 1199 2178 1268 2196; x_wconf 85' lang='lat' dir='ltr'>novo</span> <span class='ocrx_word' id='word_1_1000' title='bbox 1284 2170 1313 2196; x_wconf 86' lang='lat' dir='ltr'>C.</span> <span class='ocrx_word' id='word_1_1001' title='bbox 1329 2169 1432 2195; x_wconf 82' lang='lat' dir='ltr'>Caelio!</span> <span class='ocrx_word' id='word_1_1002' title='bbox 1455 2168 1502 2195; x_wconf 92' lang='lat' dir='ltr'>Ille</span> <span class='ocrx_word' id='word_1_1003' title='bbox 1517 2176 1579 2194; x_wconf 88' lang='lat' dir='ltr'>cum</span> <span class='ocrx_word' id='word_1_1004' title='bbox 1594 2167 1701 2194; x_wconf 90' lang='lat' dir='ltr'>duobus</span> <span class='ocrx_word' id='word_1_1005' title='bbox 1716 2166 1875 2193; x_wconf 83' lang='lat' dir='ltr'>hominibus</span> 
     </span>
     <span class='ocr_line' id='line_1_153' title="bbox 1079 2204 1874 2241; baseline -0.005 -7"><span class='ocrx_word' id='word_1_1006' title='bbox 1079 2208 1114 2234; x_wconf 85' lang='lat' dir='ltr'>ita</span> <span class='ocrx_word' id='word_1_1007' title='bbox 1126 2207 1305 2234; x_wconf 88' lang='lat' dir='ltr'>nobilissimis</span> <span class='ocrx_word' id='word_1_1008' title='bbox 1317 2206 1436 2241; x_wconf 82' lang='lat' dir='ltr'>petebat.</span> <span class='ocrx_word' id='word_1_1009' title='bbox 1458 2210 1488 2232; x_wconf 88' lang='lat' dir='ltr'>ut</span> <span class='ocrx_word' id='word_1_1010' title='bbox 1499 2211 1587 2232; x_wconf 87' lang='lat' dir='ltr'>tamen</span> <span class='ocrx_word' id='word_1_1011' title='bbox 1599 2205 1626 2230; x_wconf 92' lang='lat' dir='ltr'>in</span> <span class='ocrx_word' id='word_1_1012' title='bbox 1638 2205 1672 2230; x_wconf 88' lang='lat' dir='ltr'>iis</span> <span class='ocrx_word' id='word_1_1013' title='bbox 1686 2205 1775 2231; x_wconf 82' lang='lat' dir='ltr'>omnia</span> <span class='ocrx_word' id='word_1_1014' title='bbox 1787 2204 1874 2240; x_wconf 84' lang='lat' dir='ltr'>pluris</span> 
     </span>
     <span class='ocr_line' id='line_1_154' title="bbox 1078 2242 1874 2280; baseline -0.005 -9"><span class='ocrx_word' id='word_1_1015' title='bbox 1078 2250 1265 2280; x_wconf 81' lang='lat' dir='ltr'>essent.quani</span> <span class='ocrx_word' id='word_1_1016' title='bbox 1278 2245 1336 2278; x_wconf 89' lang='lat' dir='ltr'>ipsa</span> <span class='ocrx_word' id='word_1_1017' title='bbox 1348 2243 1487 2275; x_wconf 74' lang='lat' dir='ltr'>nobilitas,</span> <span class='ocrx_word' id='word_1_1018' title='bbox 1501 2250 1608 2268; x_wconf 90' lang='lat' dir='ltr'>summa</span> <span class='ocrx_word' id='word_1_1019' title='bbox 1619 2242 1736 2276; x_wconf 81' lang='lat' dir='ltr'>ingenia,</span> <span class='ocrx_word' id='word_1_1020' title='bbox 1749 2250 1874 2268; x_wconf 89' lang='lat' dir='ltr'>summus</span> 
     </span>
     <span class='ocr_line' id='line_1_155' title="bbox 1078 2278 1874 2317; baseline -0.005 -9"><span class='ocrx_word' id='word_1_1021' title='bbox 1078 2282 1178 2317; x_wconf 77' lang='lat' dir='ltr'>pudor,</span> <span class='ocrx_word' id='word_1_1022' title='bbox 1196 2281 1313 2317; x_wconf 89' lang='lat' dir='ltr'>plurima</span> <span class='ocrx_word' id='word_1_1023' title='bbox 1330 2280 1474 2310; x_wconf 77' lang='lat' dir='ltr'>beneficia,</span> <span class='ocrx_word' id='word_1_1024' title='bbox 1495 2287 1601 2306; x_wconf 84' lang='lat' dir='ltr'>summa</span> <span class='ocrx_word' id='word_1_1025' title='bbox 1615 2279 1682 2304; x_wconf 75' lang='lat' dir='ltr'>ratio</span> <span class='ocrx_word' id='word_1_1026' title='bbox 1692 2287 1722 2304; x_wconf 86' lang='lat' dir='ltr'>ac</span> <span class='ocrx_word' id='word_1_1027' title='bbox 1732 2278 1874 2314; x_wconf 83' lang='lat' dir='ltr'>diligentia</span> 
     </span>
     <span class='ocr_line' id='line_1_156' title="bbox 1078 2315 1873 2354; baseline -0.006 -8"><span class='ocrx_word' id='word_1_1028' title='bbox 1078 2319 1197 2354; x_wconf 90' lang='lat' dir='ltr'>petendi.</span> <span class='ocrx_word' id='word_1_1029' title='bbox 1228 2319 1326 2345; x_wconf 88' lang='lat' dir='ltr'>Tamen</span> <span class='ocrx_word' id='word_1_1030' title='bbox 1339 2326 1430 2344; x_wconf 88' lang='lat' dir='ltr'>eorum</span> <span class='ocrx_word' id='word_1_1031' title='bbox 1441 2317 1556 2344; x_wconf 88' lang='lat' dir='ltr'>alterum</span> <span class='ocrx_word' id='word_1_1032' title='bbox 1567 2315 1683 2345; x_wconf 88' lang='lat' dir='ltr'>Caelius,</span> <span class='ocrx_word' id='word_1_1033' title='bbox 1696 2316 1776 2342; x_wconf 87' lang='lat' dir='ltr'>etiam</span> <span class='ocrx_word' id='word_1_1034' title='bbox 1787 2323 1873 2350; x_wconf 89' lang='lat' dir='ltr'>quum</span> 
     </span>
     <span class='ocr_line' id='line_1_157' title="bbox 1078 2352 1871 2390; baseline -0.008 -7"><span class='ocrx_word' id='word_1_1035' title='bbox 1078 2356 1162 2383; x_wconf 88' lang='lat' dir='ltr'>multo</span> <span class='ocrx_word' id='word_1_1036' title='bbox 1178 2361 1248 2382; x_wconf 90' lang='lat' dir='ltr'>esset</span> <span class='ocrx_word' id='word_1_1037' title='bbox 1263 2355 1373 2381; x_wconf 80' lang='lat' dir='ltr'>inferior</span> <span class='ocrx_word' id='word_1_1038' title='bbox 1387 2363 1498 2390; x_wconf 80' lang='lat' dir='ltr'>genere,</span> <span class='ocrx_word' id='word_1_1039' title='bbox 1516 2354 1639 2388; x_wconf 88' lang='lat' dir='ltr'>superior</span> <span class='ocrx_word' id='word_1_1040' title='bbox 1651 2352 1726 2379; x_wconf 88' lang='lat' dir='ltr'>nulla</span> <span class='ocrx_word' id='word_1_1041' title='bbox 1740 2361 1767 2379; x_wconf 90' lang='lat' dir='ltr'>re</span> <span class='ocrx_word' id='word_1_1042' title='bbox 1778 2360 1871 2387; x_wconf 86' lang='lat' dir='ltr'>paene,</span> 
     </span>
     <span class='ocr_line' id='line_1_158' title="bbox 1077 2390 1874 2428; baseline -0.006 -8"><span class='ocrx_word' id='word_1_1043' title='bbox 1077 2394 1226 2428; x_wconf 74' lang='lat' dir='ltr'>superavit.</span> <span class='ocrx_word' id='word_1_1044' title='bbox 1269 2394 1308 2418; x_wconf 66' lang='lat'>⁴⁶2.</span> <span class='ocrx_word' id='word_1_1045' title='bbox 1323 2392 1410 2424; x_wconf 85' lang='lat' dir='ltr'>Quare</span> <span class='ocrx_word' id='word_1_1046' title='bbox 1421 2392 1445 2418; x_wconf 90' lang='lat' dir='ltr'>si</span> <span class='ocrx_word' id='word_1_1047' title='bbox 1458 2391 1538 2418; x_wconf 75' lang='lat' dir='ltr'>facies</span> <span class='ocrx_word' id='word_1_1048' title='bbox 1549 2399 1590 2421; x_wconf 89' lang='lat' dir='ltr'>ea,</span> <span class='ocrx_word' id='word_1_1049' title='bbox 1603 2398 1672 2425; x_wconf 87' lang='lat' dir='ltr'>quae</span> <span class='ocrx_word' id='word_1_1050' title='bbox 1683 2390 1733 2416; x_wconf 88' lang='lat' dir='ltr'>tibi</span> <span class='ocrx_word' id='word_1_1051' title='bbox 1744 2394 1836 2416; x_wconf 88' lang='lat' dir='ltr'>natura</span> <span class='ocrx_word' id='word_1_1052' title='bbox 1847 2394 1874 2415; x_wconf 90' lang='lat' dir='ltr'>et</span> 
     </span>
     <span class='ocr_line' id='line_1_159' title="bbox 1076 2427 1874 2465; baseline -0.008 -8"><span class='ocrx_word' id='word_1_1053' title='bbox 1076 2431 1175 2461; x_wconf 84' lang='lat' dir='ltr'>studia,</span> <span class='ocrx_word' id='word_1_1054' title='bbox 1188 2430 1289 2465; x_wconf 86' lang='lat' dir='ltr'>quibus</span> <span class='ocrx_word' id='word_1_1055' title='bbox 1300 2437 1408 2464; x_wconf 87' lang='lat' dir='ltr'>semper</span> <span class='ocrx_word' id='word_1_1056' title='bbox 1417 2437 1484 2455; x_wconf 86' lang='lat' dir='ltr'>usus</span> <span class='ocrx_word' id='word_1_1057' title='bbox 1495 2437 1533 2458; x_wconf 83' lang='lat' dir='ltr'>es,</span> <span class='ocrx_word' id='word_1_1058' title='bbox 1547 2427 1712 2463; x_wconf 79' lang='lat' dir='ltr'>largiuntur,</span> <span class='ocrx_word' id='word_1_1059' title='bbox 1724 2434 1793 2461; x_wconf 85' lang='lat' dir='ltr'>quae</span> <span class='ocrx_word' id='word_1_1060' title='bbox 1804 2430 1874 2452; x_wconf 83' lang='lat' dir='ltr'>tem-</span> 
     </span>
     <span class='ocr_line' id='line_1_160' title="bbox 1076 2463 1872 2503; baseline -0.006 -9"><span class='ocrx_word' id='word_1_1061' title='bbox 1076 2469 1149 2503; x_wconf 89' lang='lat' dir='ltr'>poris</span> <span class='ocrx_word' id='word_1_1062' title='bbox 1161 2468 1199 2494; x_wconf 84' lang='lat' dir='ltr'>tui</span> <span class='ocrx_word' id='word_1_1063' title='bbox 1211 2468 1277 2493; x_wconf 88' lang='lat' dir='ltr'>ratio</span> <span class='ocrx_word' id='word_1_1064' title='bbox 1287 2466 1431 2496; x_wconf 86' lang='lat' dir='ltr'>desiderat,</span> <span class='ocrx_word' id='word_1_1065' title='bbox 1443 2474 1513 2500; x_wconf 88' lang='lat' dir='ltr'>quae</span> <span class='ocrx_word' id='word_1_1066' title='bbox 1523 2470 1612 2499; x_wconf 89' lang='lat' dir='ltr'>potes,</span> <span class='ocrx_word' id='word_1_1067' title='bbox 1625 2471 1695 2498; x_wconf 90' lang='lat' dir='ltr'>quae</span> <span class='ocrx_word' id='word_1_1068' title='bbox 1704 2463 1800 2494; x_wconf 86' lang='lat' dir='ltr'>debes;</span> <span class='ocrx_word' id='word_1_1069' title='bbox 1819 2471 1872 2490; x_wconf 89' lang='lat' dir='ltr'>non</span> 
     </span>
     <span class='ocr_line' id='line_1_161' title="bbox 1076 2500 1872 2536; baseline -0.009 -4"><span class='ocrx_word' id='word_1_1070' title='bbox 1076 2506 1127 2532; x_wconf 87' lang='lat' dir='ltr'>erit</span> <span class='ocrx_word' id='word_1_1071' title='bbox 1137 2504 1249 2531; x_wconf 81' lang='lat' dir='ltr'>difficile</span> <span class='ocrx_word' id='word_1_1072' title='bbox 1259 2509 1392 2530; x_wconf 85' lang='lat' dir='ltr'>certamen</span> <span class='ocrx_word' id='word_1_1073' title='bbox 1403 2511 1466 2529; x_wconf 84' lang='lat' dir='ltr'>cum</span> <span class='ocrx_word' id='word_1_1074' title='bbox 1477 2503 1511 2529; x_wconf 89' lang='lat' dir='ltr'>iis</span> <span class='ocrx_word' id='word_1_1075' title='bbox 1521 2500 1750 2536; x_wconf 86' lang='lat' dir='ltr'>competitoribus.</span> <span class='ocrx_word' id='word_1_1076' title='bbox 1764 2501 1812 2535; x_wconf 88' lang='lat' dir='ltr'>qui</span> <span class='ocrx_word' id='word_1_1077' title='bbox 1823 2508 1872 2526; x_wconf 87' lang='lat' dir='ltr'>ne-</span> 
     </span>
     <span class='ocr_line' id='line_1_162' title="bbox 1075 2537 1873 2578; baseline -0.009 -9"><span class='ocrx_word' id='word_1_1078' title='bbox 1075 2550 1213 2578; x_wconf 81' lang='lat' dir='ltr'>quaquam</span> <span class='ocrx_word' id='word_1_1079' title='bbox 1224 2546 1288 2568; x_wconf 87' lang='lat' dir='ltr'>sunt</span> <span class='ocrx_word' id='word_1_1080' title='bbox 1298 2546 1350 2567; x_wconf 91' lang='lat' dir='ltr'>tam</span> <span class='ocrx_word' id='word_1_1081' title='bbox 1361 2549 1459 2576; x_wconf 82' lang='lat' dir='ltr'>genere</span> <span class='ocrx_word' id='word_1_1082' title='bbox 1470 2540 1601 2574; x_wconf 84' lang='lat' dir='ltr'>insignes,</span> <span class='ocrx_word' id='word_1_1083' title='bbox 1613 2546 1695 2572; x_wconf 83' lang='lat' dir='ltr'>quam</span> <span class='ocrx_word' id='word_1_1084' title='bbox 1707 2538 1781 2563; x_wconf 83' lang='lat' dir='ltr'>vitiis</span> <span class='ocrx_word' id='word_1_1085' title='bbox 1793 2537 1873 2564; x_wconf 88' lang='lat' dir='ltr'>nobi-</span> 
     </span>
     <span class='ocr_line' id='line_1_163' title="bbox 1077 2574 1869 2612; baseline -0.008 -6"><span class='ocrx_word' id='word_1_1086' title='bbox 1077 2580 1125 2606; x_wconf 88' lang='lat' dir='ltr'>les.</span> <span class='ocrx_word' id='word_1_1087' title='bbox 1165 2579 1232 2611; x_wconf 87' lang='lat' dir='ltr'>Quis</span> <span class='ocrx_word' id='word_1_1088' title='bbox 1247 2579 1320 2605; x_wconf 90' lang='lat' dir='ltr'>enim</span> <span class='ocrx_word' id='word_1_1089' title='bbox 1337 2578 1448 2612; x_wconf 89' lang='lat' dir='ltr'>reperiri</span> <span class='ocrx_word' id='word_1_1090' title='bbox 1463 2581 1550 2612; x_wconf 89' lang='lat' dir='ltr'>potest</span> <span class='ocrx_word' id='word_1_1091' title='bbox 1563 2581 1616 2602; x_wconf 85' lang='lat' dir='ltr'>tam</span> <span class='ocrx_word' id='word_1_1092' title='bbox 1635 2574 1775 2609; x_wconf 85' lang='lat' dir='ltr'>improbus</span> <span class='ocrx_word' id='word_1_1093' title='bbox 1790 2575 1869 2605; x_wconf 86' lang='lat' dir='ltr'>civis,</span> 
     </span>
     <span class='ocr_line' id='line_1_164' title="bbox 1075 2611 1872 2652; baseline -0.008 -9"><span class='ocrx_word' id='word_1_1094' title='bbox 1075 2618 1123 2652; x_wconf 90' lang='lat' dir='ltr'>qui</span> <span class='ocrx_word' id='word_1_1095' title='bbox 1136 2616 1201 2643; x_wconf 87' lang='lat' dir='ltr'>velit</span> <span class='ocrx_word' id='word_1_1096' title='bbox 1214 2624 1268 2642; x_wconf 91' lang='lat' dir='ltr'>uno</span> <span class='ocrx_word' id='word_1_1097' title='bbox 1278 2615 1406 2650; x_wconf 78' lang='lat' dir='ltr'>suffragio</span> <span class='ocrx_word' id='word_1_1098' title='bbox 1416 2614 1485 2640; x_wconf 88' lang='lat' dir='ltr'>duas</span> <span class='ocrx_word' id='word_1_1099' title='bbox 1495 2614 1523 2639; x_wconf 87' lang='lat' dir='ltr'>in</span> <span class='ocrx_word' id='word_1_1100' title='bbox 1535 2611 1730 2647; x_wconf 88' lang='lat' dir='ltr'>rempublicam</span> <span class='ocrx_word' id='word_1_1101' title='bbox 1742 2613 1812 2638; x_wconf 86' lang='lat' dir='ltr'>sicas</span> <span class='ocrx_word' id='word_1_1102' title='bbox 1823 2611 1872 2638; x_wconf 91' lang='lat' dir='ltr'>de-</span> 
     </span>
     <span class='ocr_line' id='line_1_165' title="bbox 1075 2652 1226 2689; baseline -0.013 -9"><span class='ocrx_word' id='word_1_1103' title='bbox 1075 2652 1226 2689; x_wconf 75' lang='lat' dir='ltr'>stringere?</span> 
     </span>
    </p>

    <p class='ocr_par' dir='ltr' id='par_1_43' title="bbox 1130 2686 1870 2724">
     <span class='ocr_line' id='line_1_166' title="bbox 1130 2686 1870 2724; baseline -0.008 -7"><span class='ocrx_word' id='word_1_1104' title='bbox 1130 2691 1170 2717; x_wconf 87' lang='lat' dir='ltr'>lV.</span> <span class='ocrx_word' id='word_1_1105' title='bbox 1189 2692 1228 2716; x_wconf 74' lang='lat'>⁴3.</span> <span class='ocrx_word' id='word_1_1106' title='bbox 1249 2689 1392 2721; x_wconf 85' lang='lat' dir='ltr'>Quoniam,</span> <span class='ocrx_word' id='word_1_1107' title='bbox 1404 2696 1473 2724; x_wconf 85' lang='lat' dir='ltr'>quae</span> <span class='ocrx_word' id='word_1_1108' title='bbox 1484 2686 1608 2714; x_wconf 84' lang='lat' dir='ltr'>subsidia</span> <span class='ocrx_word' id='word_1_1109' title='bbox 1620 2686 1746 2712; x_wconf 74' lang='lat' dir='ltr'>novitatis</span> <span class='ocrx_word' id='word_1_1110' title='bbox 1758 2686 1870 2713; x_wconf 84' lang='lat' dir='ltr'>haberes</span> 
     </span>
    </p>
   </div>
  </div>
 </body>
</html>
