1941 3052
249 153 293 176 its
824 155 847 177 ¹).
884 152 917 178 M.
952 153 981 178 ’1“.

625 224 638 244 ‘t

427 303 576 331 muttit
616 301 851 330 Tb‘ll'slUS.

302 412 318 436 l.
338 412 360 436 ⁴.
379 407 527 435 instituenti
544 409 617 438 milii,
634 408 730 439 Quinte
745 408 830 438 frater,
851 417 912 435 eum
932 417 1032 436 sermo-
1052 412 1054 418 ⁸

248 456 305 473 nem
325 446 420 473 referre
438 451 461 471 et
481 445 603 471 mandare
619 445 679 470 lutie
699 445 772 470 tertio
788 445 862 476 libre,
878 454 958 480 (10001
973 452 1032 481 post

248 485 350 510 Antonii
366 484 569 517 ‹tiqnuntioncm
585 482 696 507 Crassus
709 482 853 512 imbuisset,
866 483 958 509 acerba
968 492 1031 510 sane

247 520 389 546 recordatio
409 524 520 545 veterem
539 519 619 544 animi
633 527 723 544 curum
739 519 942 555 molestiamque
956 529 1031 546 reno-

247 558 326 582 vavit.
362 558 424 582 Nam
450 556 514 581 illud
539 555 732 581 immortalitate
750 556 862 591 «lignum
882 557 1028 592 ingenium,
1052 556 1053 580 i

247 594 289 619 illa
309 594 467 623 luunauitas,
489 593 532 618 ittn
553 594 636 618 virtus
652 593 680 619 L.
696 593 782 619 Crassi
803 598 884 620 morte
902 595 1030 621 exstincta

246 631 331 656 subita
347 634 385 655 cst
401 631 444 656 vix
458 630 553 656 dicbus
567 630 656 655 decem
675 635 730 664 post
746 639 806 656 euin
825 631 904 661 ‹lit-ui,
921 631 967 666 qui
984 631 1032 657 lioc
1052 655 1053 661 ,

245 672 269 693 ct
283 667 418 701 superiore
434 667 500 693 libro
513 667 671 693 continetur.
693 669 715 694 2.
735 667 767 694 Ut
781 669 851 694 enirn
867 669 974 694 Romaiu
991 677 1031 694 re-

245 704 293 730 nliit
316 709 433 730 extremo
454 705 618 730 scenicorum
643 704 766 731 ludorum
789 705 840 735 (lie,
863 706 1032 732 veliementer
1052 729 1053 736 ,

244 746 392 767 commotus
411 750 439 766 ea
458 742 580 772 oratione,
597 750 665 776 quae
684 741 815 768 ferebatur
830 742 916 768 habita
931 752 989 768 esse
1005 743 1030 768 in

244 779 369 804 concione
387 787 400 804 a
419 778 550 813 Philippo,
570 787 650 813 quem
664 778 765 805 dixisse
779 780 914 805 constabat
937 780 1031 806 viden-
1052 802 1053 811 ,

244 815 307 841 dum
333 816 383 841 sibi
407 815 478 841 aliud
497 824 554 841 csse
572 815 727 848 consilium3
752 816 797 842 illo
812 821 903 842 senatu
919 826 946 842 se
962 826 1031 843 rem-
1052 813 1053 850 J

245 852 378 886 publicam
392 861 482 888 gerere
498 861 547 879 non
563 861 653 887 posse:
675 862 751 879 manc
766 853 856 879 {dibus
867 854 1031 888 Septembri·
1051 881 1053 886 ,

244 889 295 915 bns
309 894 334 915 et
349 889 392 915 ille
406 894 430 915 et
444 894 550 916 senatus
563 890 687 924 frequens
700 895 792 916 vocatu
804 891 879 917 Drusi
893 892 918 917 in
929 892 1028 917 curiam

245 927 325 953 venit.
364 927 401 953 lbi
420 935 504 962 quum
524 928 623 953 Drusus
639 927 720 953 multa
735 927 767 953 ‹le
782 928 904 962 Philippo
918 933 1030 963 questus

244 967 322 994 esset,
338 964 427 990 retulit
441 964 472 990 ad
487 969 607 990 senatum
622 964 654 989 de
669 964 714 990 illo
728 965 795 999 ipso,
812 965 883 1000 quod
898 965 989 991 consul
1004 965 1029 991 in

243 1009 303 1027 eum
318 1001 436 1027 ordinem
453 1006 503 1027 tam
518 1002 632 1036 graviter
647 1002 672 1027 in
683 1002 807 1028 rom-ione
817 1007 885 1028 esset
898 1003 1027 1028 invectus.

244 1040 267 1063 13.
284 1038 338 1069 llic,
352 1042 380 1064 ut
395 1046 472 1073 saepe
482 1039 549 1064 inter
560 1038 680 1064 homines
690 1039 900 1073 sapientissimos
910 1044 1029 1065 constare

244 1075 308 1106 vidi,
323 1084 484 1110 quamquam
501 1075 548 1101 boc
559 1075 661 1106 Crasso,
674 1084 759 1111 quum
769 1076 871 1111 aliquid
881 1077 1029 1103 accuratius

243 1112 363 1143 dixisset,
379 1121 484 1147 semper
499 1112 550 1138 fere
561 1113 723 1147 contigisset,
732 1118 761 1139 ut
772 1122 917 1149 numquam
928 1114 1029 1140 dixisse

244 1149 339 1176 melius
358 1154 501 1184 putaretur,
523 1154 608 1176 tamen
627 1151 746 1176 omnium
765 1159 895 1177 consensu
914 1151 953 1177 sic
971 1159 1029 1177 csse

242 1191 299 1212 tum
318 1186 473 1218 iudicatum,
494 1191 592 1213 ceteros
611 1196 624 1213 a
639 1187 733 1214 Crasso
746 1196 852 1223 semper
865 1197 966 1219 omncs,
982 1188 1029 1214 illo

242 1227 330 1250 autem
345 1223 387 1250 die
401 1225 479 1250 etiam
493 1225 583 1259 ipsum
601 1233 614 1250 a
632 1233 661 1251 se
679 1229 844 1260 superatum.
879 1225 1030 1260 Deploravit

242 1261 312 1287 enim
327 1269 418 1287 casum
432 1266 510 1296 atque
524 1262 661 1288 orbitatem
676 1267 792 1294 senatus,
809 1263 886 1289 cuius
900 1262 1000 1289 ordinis
1014 1270 1028 1288 3

242 1298 359 1329 consule,
376 1299 422 1333 qui
437 1299 513 1333 quasi
528 1307 622 1333 parcns
635 1299 722 1326 bonus
736 1303 781 1326 aut
794 1304 864 1326 tutor
874 1299 960 1326 fidelis
970 1308 1028 1325 esse

241 1335 357 1366 deberet,
383 1340 517 1370 tamquam
540 1336 572 1362 ab
594 1336 683 1371 aliquo
705 1336 805 1364 nefario
818 1337 950 1372 praedone
963 1337 1029 1363 diri-

242 1377 347 1407 peretur
359 1373 548 1407 patrimonium
563 1373 711 1409 dignitatis;
734 1382 820 1409 neque
834 1382 896 1401 vero
909 1382 968 1400 esse
977 1374 1029 1400 mi-

240 1409 362 1441 randum,
379 1410 410 1440 si,
427 1418 510 1444 quum
529 1411 586 1437 suis
599 1411 718 1437 consiliis
732 1411 923 1446 rempublicam
939 1410 1028 1445 profli-

241 1451 339 1481 gasset,
364 1447 506 1473 consilium
530 1452 638 1474 senatus
664 1457 677 1474 a
704 1448 839 1483 republica
866 1449 1026 1483 repudiaret.

241 1485 265 1510 t.
281 1484 327 1510 Hic
340 1492 424 1518 quum
441 1484 540 1511 homini
555 1489 579 1511 et
593 1485 743 1511 vehementi
758 1486 890 1512 etdiserto
901 1486 962 1512 etin
973 1486 1028 1520 pri-

241 1522 292 1547 mis
316 1521 373 1547 forti
397 1521 429 1547 ad
448 1522 636 1553 resistendum,
656 1522 789 1557 Philippo,
805 1524 882 1557 quasi
897 1523 1026 1558 quasdam

240 1558 381 1585 verborum
397 1557 466 1584 faces
480 1559 650 1590 admovisset,
671 1569 723 1586 non
741 1560 802 1586 tulit
815 1560 860 1586 ille
874 1564 898 1586 et
912 1560 1028 1595 graviter

240 1595 338 1622 exarsit
352 1596 563 1631 pignoribusque
577 1596 671 1623 ablatis
685 1597 810 1624 Crassum
825 1598 940 1623 instituit
953 1605 1028 1624 coer-

239 1641 307 1659 cere.
340 1632 397 1665 Quo
411 1633 520 1668 quidem
535 1634 594 1668 ipso
606 1634 634 1660 in
649 1633 705 1660 loco
719 1633 801 1660 multa
815 1643 829 1660 a
844 1633 938 1660 Crasso
956 1634 1027 1659 divi-

240 1670 312 1697 nitus
332 1670 400 1696 dicta
421 1670 603 1702 efferebantur,
625 1679 710 1706 quum
729 1671 780 1697 sibi
796 1670 872 1697 illum
887 1670 1025 1697 consulem

240 1715 298 1733 esse
314 1711 429 1743 negaret,
446 1707 489 1734 cui
503 1712 608 1734 senator
621 1708 678 1742 ipse
690 1717 741 1734 non
752 1712 830 1734 esset.
852 1717 883 1734 AN
901 1717 939 1739 ru.
961 1717 1026 1738 occu

239 1753 321 1771 OMNES!
337 1753 514 1771 Aucwnturnu
526 1753 638 1771 UNlVERSl
649 1754 742 1771 ORDlNlS
760 1754 802 1771 etto
817 1754 915 1771 PlGNORE
931 1754 1027 1771 runnts
1047 1756 1049 1763 ¹

240 1790 336 1812 010000
354 1791 376 1807 is
391 1789 524 1809 conspectu
539 1791 619 1809 rorum
635 1792 691 1809 nou.
709 1790 859 1814 cosctnsms,
877 1791 908 1808 us
925 1791 962 1808 nis
973 1791 1027 1808 sxt-

239 1828 319 1845 sums
335 1827 472 1846 mesontaus
487 1828 553 1845 rossa
572 1819 692 1845 renuent?
710 1829 755 1846 sos
769 1828 814 1846 rim
830 1828 883 1845 ιιιᾼ
898 1829 955 1846 susi·
965 1828 1027 1845 cas-

239 1865 327 1887 nsam,
344 1865 364 1882 st
379 1864 484 1883 crmssuu
498 1865 534 1882 vis
548 1865 686 1889 00011001(ος
709 1865 772 1883 asne
787 1866 831 1882 rim
845 1865 886 1882 esr
897 1865 1026 1883 1501110001

239 1902 338 1925 naeus,
365 1903 410 1924 oct
431 1902 475 1919 vec
494 1902 593 1925 svursx,
610 1903 699 1921 smntw
714 1903 762 1920 trso
776 1903 896 1920 immissu
913 1903 976 1920 rem
990 1903 1026 1919 ιι-

239 1939 326 1957 acans
336 1939 386 1956 0οΛ
398 1939 536 1957 ast-*unam
555 1931 586 1957 ll.
599 1932 623 1957 5.
635 1930 768 1957 Permulta
778 1935 835 1957 tum
847 1931 1026 1957 vehementis-

239 1968 306 1994 sima
325 1968 491 1994 contentione
512 1968 602 1999 animi,
624 1969 733 2004 ingenii,
751 1969 850 1994 virium
864 1968 897 1994 ab
912 1976 943 1994 eo
956 1968 1026 1994 dicta

239 2013 297 2031 esse
307 2004 445 2031 constabat
457 2005 668 2040 sententiamque
679 2014 746 2036 eam,
761 2013 842 2040 quam
854 2009 962 2031 senatus
974 2005 1027 2031 fre-

238 2050 324 2077 quens
338 2046 446 2068 secutus
462 2046 501 2068 est
516 2043 691 2069 ornatissimis
707 2047 732 2068 et
745 2042 913 2078 gravissimis
925 2042 1023 2073 verbis,

242 2079 274 2105 Ut
291 2080 384 2112 populo
398 2079 510 2105 Romano
523 2081 665 2113 satisfieret,
681 2088 817 2113 numquam
831 2084 935 2105 senatus
948 2087 1026 2113 neque

239 2117 371 2142 consilium
389 2118 544 2149 reipublicae
560 2125 640 2150 neque
656 2118 728 2150 fidem
742 2118 858 2150 defuisse,
883 2116 916 2143 ab
935 2125 966 2143 eo
984 2116 1023 2142 di-

238 2157 306 2179 ctam
321 2157 346 2179 et
359 2153 492 2184 eumdem,
510 2153 536 2179 id
552 2153 623 2188 quod
638 2154 665 2180 in
681 2153 882 2180 auctoritatibus
897 2154 1027 2188 praescri-

238 2190 291 2225 ptis
307 2194 400 2221 exstat,
418 2190 558 2217 scribendo
573 2190 700 2217 adfuisse.
731 2192 755 2217 6.
772 2190 818 2216 [lla
833 2195 968 2225 tamquam
979 2199 1026 2226 cy—

238 2235 301 2253 cnea
313 2226 362 2253 fuit
373 2226 457 2253 divini
469 2227 585 2254 hominis
596 2236 649 2254 vox
661 2233 686 2254 et
696 2228 787 2258 oratio,
799 2236 880 2263 quam
891 2228 1026 2263 (10351οΧ-

238 2268 387 2299 spectantes
402 2269 460 2299 post
471 2265 528 2291 eius
543 2265 678 2291 interitum
691 2265 863 2291 veniebamus
875 2265 902 2291 in
913 2265 1022 2296 curiam,

238 2306 267 2327 ut
280 2301 424 2337 vestigium
439 2301 506 2327 illud
522 2302 620 2336 ipsum.
638 2303 665 2328 in
679 2311 733 2337 quo
746 2302 791 2328 ille
805 2306 970 2337 postremum
983 2302 1027 2328 in-

238 2339 357 2369 stitisset,
373 2343 567 2365 contueremur.
598 2340 719 2374 Namque
734 2344 790 2365 tum
807 2339 875 2365 latus
889 2339 912 2365 ei
927 2339 1025 2365 dicenti

238 2375 406 2401 condoluisse
431 2375 610 2411 sudoremque
633 2376 749 2403 multum
770 2380 943 2403 consecutum
966 2384 1025 2402 esse

239 2412 426 2440 audiebamus:
448 2421 481 2439 ex
499 2421 552 2448 quo
567 2422 652 2448 quum
667 2413 854 2444 cohorruisset,
874 2422 936 2440 cum
957 2413 1025 2440 febri

239 2448 347 2475 domum
363 2449 439 2476 rediit
453 2450 550 2484 dieque
565 2451 678 2485 septimo
694 2450 782 2476 lateris
795 2450 884 2477 dolore
899 2459 1025 2477 consum-

239 2489 300 2519 ptus
320 2490 368 2511 est.
397 2487 423 2512 7.
445 2486 467 2513 0
482 2486 600 2514 fallacem
612 2488 751 2514 hominum
762 2496 838 2522 spem
849 2487 1024 2523 fragilemque

239 2521 370 2548 fortunam
384 2527 409 2548 01
418 2523 509 2550 inanes
521 2529 623 2551 nostras
635 2525 829 2551 contentiones!
851 2525 957 2559 quaein
968 2533 1024 2550 me·-

239 2558 283 2584 dio
302 2559 387 2593 spatio
406 2568 484 2594 saepe
505 2560 662 2597 franguntur
682 2566 707 2587 et
721 2565 848 2588 corruunt
861 2566 907 2587 aut
921 2566 981 2588 ante
995 2562 1024 2588 in

238 2596 297 2630 ipso
310 2604 390 2621 cursu
401 2596 557 2628 obruuntur,
574 2607 654 2632 quam
666 2602 772 2632 portum
783 2598 935 2633 conspicere
945 2603 1024 2633 potu-

238 2637 324 2658 erunt.
356 2633 430 2663 Nam,
453 2634 582 2668 quamdiu
604 2635 690 2661 Crassi
706 2635 757 2661 fuit
771 2635 924 2661 ambitionis
936 2635 1024 2661 labore

238 2669 291 2695 vita
307 2669 433 2696 districta.
450 2670 550 2697 tamdiu
562 2671 672 2705 privatis
683 2672 770 2707 magis
780 2671 875 2698 officiis
887 2677 911 2698 et
923 2673 1022 2708 ingenii

1052 272 1053 279 1
1082 269 1127 284 cae
1138 260 1274 294 dignitate.

1017 152 1289 179 ctCEttONtS

1084 222 1160 248 laude
1176 222 1270 252 floruit.
1326 230 1368 248 am
1385 221 1471 249 fructu
1487 223 1672 258 amplitudinis
1683 229 1728 250 aut
1739 225 1868 260 reipubli-

1287 230 1341 291 ‹giii
1352 265 1439 286 autem
1451 260 1474 286 ei
1486 269 1571 286 annun
1582 262 1684 296 primun
1694 262 1727 287 ab
1737 261 1866 288 bonorum

1084 296 1265 331 perfunctione
1279 296 1380 323 aditum
1396 298 1514 323 omnium
1534 306 1660 324 concessu
1681 298 1714 324 ad
1734 307 1866 325 summam

1083 334 1263 359 auctoritatem
1278 333 1364 364 dabat,
1381 334 1404 359 ia
1417 335 1475 360 eius
1485 342 1590 361 omnem
1601 344 1675 369 spem
1688 340 1767 370 atque
1780 337 1867 362 onmia

1085 371 1152 396 vitae
1166 370 1275 396 consiliu
1293 375 1374 396 morte
1389 372 1523 405 pervertit.
1545 374 1570 397 8.
1584 372 1643 399 Fuit
1655 372 1703 398 lio(-
1716 372 1867 399 luctuosum

1083 408 1148 438 suis,
1162 407 1285 433 acerbum
1298 408 1404 442 patriae,
1413 416 1492 443 grave
1504 408 1580 435 bonis
1590 410 1728 437 omnibus:
1741 409 1788 436 sod
1800 410 1817 436 ii
1830 415 1868 436 tn·

1084 453 1142 470 tucn
1164 444 1325 478 reipublicae
1344 453 1422 470 casus
1440 446 1523 471 secuti
1539 450 1610 476 aunt,
1629 451 1657 472 ut
1672 447 1736 472 011111
1750 455 1800 473 non
1811 455 1868 473 ere—

1052 503 1053 514 ,
1083 486 1125 516 pta
1142 482 1169 507 l..
1186 482 1280 507 Crasso
1298 490 1311 506 a
1332 481 1384 507 diis
1404 482 1598 508 immortalibus
1618 483 1681 512 vita.
1706 483 1753 509 sed
1772 483 1867 510 donata

1052 531 1053 550 l
1083 527 1152 544 mors
1169 518 1298 544 videatur.
1331 519 1386 545 Non
1406 519 1473 545 vidit
1495 518 1645 555 flagrantem
1667 520 1736 546 bello
1756 520 1865 550 tuti-m.

1083 564 1133 582 non
1157 555 1291 582 ardentem
1313 556 1412 582 invidia
1432 561 1563 587 senatum,
1587 565 1637 583 non
1653 557 1760 583 scetem
1775 557 1867 584 nefarii

1052 595 1054 640 1
1082 593 1216 627 principes
1235 593 1350 619 civitatis
1365 602 1430 623 reos,
1456 602 1506 620 non
1523 593 1623 620 luctum
1640 594 1717 625 tiliae,
1735 602 1786 620 non
1796 595 1868 621 eui-

1083 629 1148 656 lium
1167 630 1266 666 generi,
1288 639 1338 656 non
1358 631 1556 657 acerbissimam
1571 631 1600 658 C.
1614 631 1688 657 Marii
1703 630 1802 667 fugam,
1816 640 1867 658 non

1083 666 1154 693 illam
1174 671 1234 702 post
1252 667 1366 693 reditum
1387 668 1444 694 eiua
1459 668 1567 694 caedem
1583 669 1702 694 omnium
1713 668 1868 695 crudelissi-

1083 712 1161 735 mam,
1183 713 1234 730 non
1252 704 1368 739 denique
1384 705 1410 731 in
1425 706 1497 731 omni
1511 714 1607 747 genere
1623 704 1795 732 deformatam
1809 713 1866 732 eam

1081 741 1224 772 civitatem.
1241 741 1268 767 in
1283 750 1336 776 qua
1351 742 1407 776 ipse
1421 741 1605 769 florentissima
1617 742 1732 769 multum
1743 742 1867 769 omnibus

1081 777 1163 813 gloria
1175 779 1359 813 praestitisset.

1138 815 1179 841 lll.
1196 817 1221 841 9.
1237 815 1269 841 Ε1
1284 816 1409 850 quoniam
1424 816 1498 851 attigi
1514 817 1672 852 cogitatione
1686 817 1739 843 vim
1757 817 1868 843 varicu-

1082 856 1188 887 temque
1200 852 1328 883 fortunae,
1341 861 1392 879 non
1403 853 1543 889 vagabitur
1552 854 1635 880 oratio
1645 862 1701 880 mea
1714 853 1819 889 longius
1828 858 1868 880 at-

1058 907 1059 915 ,
1081 898 1133 924 (100
1145 890 1184 915 eis
1204 889 1257 915 fere
1275 890 1342 924 ipsis
1361 889 1502 916 definietur
1521 892 1595 921 viris,
1611 891 1658 926 qui
1674 891 1723 917 hoc
1733 899 1864 922 sermone,

1080 935 1160 961 quem
1175 926 1270 952 referre
1283 927 1429 961 coepimus,
1445 928 1621 954 continentur.
1651 927 1717 960 Quis
1731 929 1801 954 enim
1816 937 1867 955 non

1051 969 1052 974 ¹
1081 964 1137 989 iure
1152 963 1253 990 beatam
1269 964 1295 990 L.
1311 964 1397 991 Crassi
1412 969 1521 991 mortem
1536 965 1619 995 illam.
1634 973 1703 1000 quae
1716 969 1757 991 oet
1769 973 1783 991 a
1798 965 1868 991 mul-

1080 1001 1113 1026 tis
1131 1009 1210 1035 saepe
1227 1000 1329 1032 defleta,
1349 1001 1453 1033 dixerit,
1473 1010 1558 1037 quum
1577 1002 1671 1028 horum
1689 1003 1808 1037 ipsorum
1822 1003 1865 1033 ait,

1079 1038 1126 1073 qui
1141 1042 1197 1064 tum
1211 1046 1272 1064 cum
1284 1038 1330 1064 illo
1340 1043 1503 1073 postremum
1512 1039 1566 1065 fere
1575 1039 1696 1065 collocuti
1708 1043 1868 1070 sunt,even-

1081 1080 1136 1101 tum
1161 1075 1329 1101 recordatus?
1357 1076 1489 1102 Tenemus
1506 1077 1576 1103 enim
1591 1076 1725 1107 memoria,
1741 1075 1773 1108 Q.
1788 1076 1868 1104 Catu-

1081 1112 1145 1143 lum,
1162 1112 1250 1138 virum
1268 1113 1340 1139 omni
1359 1112 1436 1139 laude
1450 1118 1634 1148 praestantem,
1650 1122 1734 1149 quum
1749 1113 1801 1140 sibi
1815 1122 1867 1140 non

1079 1149 1240 1176 incolumem
1259 1149 1400 1181 fortunam,
1420 1150 1467 1176 sed
1484 1150 1610 1177 exsilium
1629 1155 1655 1177 et
1668 1150 1758 1186 fugam
1773 1150 1867 1186 depre-

1079 1191 1191 1217 caretur.
1204 1195 1263 1213 esse
1275 1191 1404 1218 coactum.
1413 1192 1442 1213 ut
1453 1188 1505 1214 vita
1515 1188 1611 1223 seipse
1621 1188 1744 1222 privaret.
1761 1189 1800 1214 to.
1813 1188 1866 1214 lam

1080 1225 1112 1250 M.
1127 1224 1234 1250 Antonii
1248 1225 1276 1250 in
1290 1224 1332 1250 his
1346 1225 1413 1259 ipsis
1427 1225 1528 1256 rostris,
1543 1226 1570 1251 in
1584 1225 1685 1260 quibus
1699 1224 1744 1251 ille
1758 1233 1867 1260 rempu-

1079 1261 1175 1288 blicam
1199 1262 1411 1288 constantissime
1436 1261 1529 1289 consul
1555 1262 1720 1292 defenderat.
1744 1270 1867 1297 quaeque

1078 1307 1171 1325 censor
1188 1299 1364 1333 imperatoriis
1377 1299 1512 1326 manubiis
1525 1304 1636 1330 ornarat,
1657 1299 1774 1333 positum
1787 1304 1868 1334 caput

1078 1336 1146 1362 illud
1165 1335 1223 1367 fuit,
1243 1344 1258 1362 a
1275 1344 1329 1371 quo
1346 1341 1419 1362 erant
1437 1336 1581 1363 multorum
1599 1337 1699 1362 civium
1712 1336 1797 1371 capita
1811 1344 1867 1362 ser-

1080 1378 1149 1399 vata.
1183 1373 1276 1408 Neque
1292 1381 1353 1400 vero
1371 1373 1448 1400 lonae
1461 1374 1494 1400 ab
1507 1382 1538 1400 eo
1551 1373 1580 1401 C.
1596 1373 1657 1400 Iulii
1670 1377 1758 1408 caput,
1774 1373 1868 1408 hospi-

1079 1411 1112 1437 tis
1130 1410 1235 1437 Etrusci
1253 1410 1351 1437 scelere
1365 1394 1508 1445 proditum,
1528 1419 1589 1437 cum
1603 1411 1632 1437 L.
1648 1410 1709 1437 Iulii
1723 1409 1811 1437 fratris
1822 1419 1867 1437 03-

1079 1449 1132 1482 pite
1146 1447 1235 1478 iacuit,
1251 1451 1281 1474 ut
1294 1447 1348 1479 ille,
1363 1448 1411 1483 qui
1425 1447 1489 1474 haec
1503 1456 1554 1475 non
1569 1448 1643 1479 vidit.
1659 1453 1684 1474 et
1694 1448 1795 1474 vixisse
1804 1456 1867 1474 cum

1078 1485 1214 1520 republica
1236 1485 1334 1520 pariter
1355 1490 1380 1511 et
1401 1493 1463 1512 cum
1485 1485 1530 1512 illa
1548 1485 1629 1512 simul
1643 1485 1790 1511 exstinctus
1807 1493 1867 1512 0050

1078 1522 1209 1549 videatur.
1243 1522 1335 1556 Neque
1357 1523 1428 1548 enim
1446 1523 1627 1558 propinquum
1645 1531 1736 1553 suum,
1755 1522 1866 1549 maximi

1078 1560 1159 1586 animi
1174 1559 1271 1590 virum,
1287 1559 1316 1585 P.
1332 1559 1467 1589 Crassum.
1488 1564 1582 1595 suapte
1598 1558 1767 1586 interfectum
1784 1567 1865 1586 manu

1078 1605 1164 1631 neque
1181 1595 1298 1631 collegae
1315 1597 1367 1627 sui,
1388 1596 1520 1631 pontificis
1538 1597 1656 1627 maximi,
1681 1596 1811 1632 sanguine
1828 1597 1866 1622 si-

1077 1634 1227 1660 mulacrum
1241 1633 1334 1659 Vestae
1351 1641 1502 1668 respersum
1517 1634 1597 1665 vidit;
1618 1634 1662 1660 cui
1677 1634 1796 1664 maerori,
1812 1641 1866 1668 qua

1077 1675 1164 1697 mente
1183 1669 1227 1696 ille
1241 1670 1268 1696 in
1282 1670 1392 1705 patriam
1407 1670 1466 1701 fuit.
1486 1671 1565 1697 etiam
1579 1671 1608 1698 C.
1623 1670 1759 1701 Carbonis,
1775 1670 1866 1697 inimi-

1076 1707 1177 1734 cissimi
1197 1707 1321 1738 hominis,
1337 1707 1429 1734 eodem
1444 1707 1491 1734 illo
1503 1707 1547 1734 die
1560 1717 1631 1734 mors
1645 1707 1744 1734 nefaria
1758 1706 1863 1734 fuisset.

1079 1747 1118 1771 tt.
1138 1745 1196 1771 Non
1215 1744 1282 1770 vidit
1299 1753 1391 1771 eorum
1409 1745 1538 1780 ipsorum,
1553 1746 1601 1780 qui
1615 1750 1671 1771 tum
1685 1743 1865 1771 adolescente·

1077 1782 1171 1809 Crasso
1184 1790 1212 1808 se
1226 1781 1352 1813 dicarant,
1369 1781 1510 1808 horribiles
1525 1783 1688 1818 miserosque
1701 1790 1789 1808 casus.
1823 1782 1865 1808 Ex

1076 1819 1177 1854 quibus
1191 1818 1220 1845 C.
1236 1818 1317 1850 Cotta,
1330 1827 1411 1854 quem
1426 1818 1471 1846 ille
1484 1818 1619 1846 florentem
1633 1819 1782 1854 reliquerat.
1799 1827 1866 1854 pau-

1076 1857 1114 1883 cis
1128 1856 1224 1882 diebus
1236 1861 1295 1891 post
1309 1861 1418 1882 mortem
1425 1856 1512 1883 Crassi
1525 1856 1664 1892 depulsus,
1676 1865 1724 1891 per
1736 1855 1865 1882 invidiam

1076 1893 1222 1924 tribunatu,
1243 1901 1295 1919 non
1314 1892 1407 1920 multis
1424 1893 1458 1920 ab
1475 1901 1506 1920 eo
1524 1898 1641 1929 tempore
1659 1893 1798 1920 mensibus
1811 1893 1866 1919 ei&

1076 1935 1135 1957 ctus
1157 1935 1198 1957 est
1218 1939 1232 1956 e
1249 1930 1364 1957 civitate.
1398 1930 1535 1965 Sulpicius
1553 1935 1650 1961 autem,
1665 1931 1713 1965 qui
1730 1931 1759 1956 in
1772 1929 1865 1956 eadem

1075 1968 1192 1995 invidiae
1206 1967 1311 1994 flamma
1324 1967 1427 1999 fuisset,
1443 1968 1607 2003 quibuscum
1621 1968 1741 2002 privatus
1753 1967 1865 1994 coniun-

1076 2006 1194 2032 ctissime
1213 2005 1322 2036 vixerat,
1347 2005 1395 2031 hos
1413 2005 1440 2031 in
1463 2005 1599 2031 tribunatu
1617 2004 1731 2040 spoliare
1749 2004 1866 2031 instituit

1076 2042 1148 2069 omni
1172 2042 1314 2077 dignitate;
1345 2042 1389 2068 cui
1410 2041 1519 2076 quidem
1543 2042 1576 2068 ad
1598 2050 1732 2068 summam
1752 2041 1864 2077 gloriam

1076 2079 1242 2114 eloquentiae
1259 2077 1404 2105 florescenti
1423 2078 1492 2105 ferro
1508 2083 1596 2114 erepta
1610 2079 1663 2105 vita
1681 2083 1721 2105 est
1738 2083 1765 2105 et
1780 2086 1865 2113 poena

1076 2117 1230 2143 temeritatis
1249 2124 1299 2142 non
1317 2116 1376 2142 sine
1393 2124 1489 2151 magno
1505 2115 1668 2151 reipublicae
1684 2115 1754 2142 malo
1765 2115 1865 2142 consti-

1075 2158 1141 2180 tuta.
1177 2155 1217 2180 12.
1235 2153 1291 2188 Ego
1304 2161 1366 2179 vero
1378 2157 1412 2183 te,
1429 2153 1530 2184 Crasse,
1550 2161 1636 2188 quum
1649 2153 1719 2179 vitae
1731 2151 1793 2180 flore
1806 2157 1864 2178 tum

1076 2191 1169 2217 mortis
1186 2190 1389 2225 opportunitate,
1409 2190 1502 2216 divino
1517 2189 1629 2217 consilio
1641 2195 1667 2216 et
1679 2194 1766 2216 ortum
1779 2193 1805 2216 et
1816 2197 1864 2216 ex-

1076 2229 1203 2254 stinctum
1216 2235 1275 2253 esse
1288 2227 1407 2253 arbitror.
1434 2227 1501 2253 Nam
1514 2227 1562 2253 tibi
1577 2231 1623 2254 aut
1635 2235 1683 2262 pro
1696 2227 1793 2253 virtute
1806 2227 1864 2253 ani-

1076 2266 1112 2291 mi
1129 2264 1329 2299 constantiaque
1346 2269 1391 2290 tua
1408 2264 1496 2290 civilis
1510 2263 1572 2290 ferri
1585 2264 1725 2290 subeunda
1738 2263 1790 2290 fuit
1802 2271 1865 2290 cru-

1076 2301 1170 2328 delitas
1183 2306 1238 2332 aut,
1253 2301 1276 2327 si
1289 2309 1342 2336 qua
1357 2306 1381 2328 te
1395 2301 1499 2328 fortuna
1512 2301 1546 2328 ab
1558 2301 1690 2328 atrocitate
1701 2300 1793 2328 mortis
1803 2301 1864 2327 vin-

1075 2339 1198 2369 dicasset,
1218 2338 1310 2364 eadem
1329 2347 1387 2364 esse
1401 2343 1426 2365 te
1439 2338 1564 2365 funerum
1577 2338 1676 2373 patriae
1688 2342 1863 2372 spectatorem

1075 2377 1217 2412 coegisset3
1240 2383 1327 2410 neque
1341 2375 1428 2402 solum
1442 2375 1490 2402 tibi
1503 2375 1685 2410 improborum
1699 2374 1860 2405 dominatus,

1075 2413 1122 2440 sed
1135 2413 1215 2439 ctiam
1225 2417 1332 2448 propter
1345 2413 1490 2439 admixtam
1503 2412 1604 2438 civium
1613 2411 1721 2438 caedem
1732 2411 1863 2438 bonorum

1074 2450 1184 2476 victoria
1197 2449 1308 2476 maerori
1323 2449 1427 2476 fuisset.
1441 2449 1485 2476 lv.
1502 2450 1542 2475 ⁴3.
1558 2449 1624 2475 Mihi
1637 2448 1863 2483 quidem,Quinte

1075 2487 1161 2518 frater,
1181 2491 1207 2513 01
1225 2495 1316 2513 eorum
1333 2495 1421 2518 casus,
1445 2486 1478 2513 de
1494 2486 1595 2521 quibus
1613 2490 1672 2512 ante
1689 2486 1755 2516 dixi,
1779 2490 1806 2512 et
1820 2493 1860 2516 ea,

1050 2526 1053 2539 ⁴
1073 2532 1142 2559 quae
1156 2524 1312 2559 nosmetipsi
1325 2524 1360 2550 ob
1373 2531 1488 2550 amorem
1501 2523 1530 2549 in
1543 2522 1737 2558 rempublicam
1745 2522 1862 2549 incredi-

1050 2545 1053 2588 l
1073 2561 1155 2587 bilem
1177 2565 1203 2587 et
1223 2560 1386 2597 singularem
1407 2559 1567 2595 pertulimus
1583 2568 1613 2586 ac
1630 2560 1774 2591 sensimus,
1788 2560 1863 2596 eogi-

1050 2589 1053 2631 i
1073 2599 1138 2624 tanti
1155 2598 1285 2624 sententia
1298 2606 1377 2632 saepe
1390 2602 1434 2624 tua
1448 2605 1510 2623 vera
1523 2605 1552 2623 ac
1565 2597 1672 2632 sapiens
1685 2596 1771 2623 videri
1784 2595 1859 2627 solet,

1051 2635 1052 2648 ³
1073 2636 1120 2670 qui
1138 2639 1244 2670 propter
1261 2639 1306 2665 tot,
1326 2639 1412 2661 tantos
1425 2639 1532 2669 tamque
1545 2634 1702 2669 praecipites
1715 2642 1795 2660 casus
1807 2633 1862 2660 eta-

1050 2668 1053 2688 t
1073 2672 1239 2698 rissimorum
1258 2671 1397 2698 hominum
1415 2675 1494 2706 atque
1511 2671 1672 2705 optimorum
1687 2671 1805 2697 virorum
1818 2679 1861 2697 me
