1941 3052
404 142 450 168 IN
484 142 684 169 VERREM
717 141 817 169 ACT.
839 142 870 168 11.

67 221 127 240 rum
141 212 230 244 libris,
246 213 345 239 Romae
358 213 385 239 in
400 212 546 239 litterarum
561 214 705 239 missarum
719 212 791 247 apud
805 221 862 238 ma-

66 251 181 287 gistrum
192 251 221 276 L.
233 250 362 281 Tullium,
375 250 532 277 familiarem
544 255 630 282 tuum,
642 251 747 277 inveni:
759 250 861 285 quibus

67 296 101 315 ex
115 287 209 314 litteris
223 287 417 322 impudentiam
429 287 623 319 foenerationis‚
639 296 748 323 quaeso,
764 296 862 322 cogno-

66 325 142 352 scite.
182 333 326 351 LlTTI-:RAE
354 334 458 351 MISSAE
485 335 507 351 ι.
532 334 644 356 νΕττιι,
673 335 694 351 1>-
719 333 860 355 ssavuu,

66 371 91 389 c.
111 371 255 393 Λιιτιετιι,
278 371 499 389 ιιΑῡιετιιοκωι.
540 363 646 389 Praesto
664 370 692 388 se
706 362 755 388 tibi
769 362 806 388 ait
819 361 863 388 fu·-

67 404 158 427 turum
172 400 276 426 Vettius
294 404 320 426 et
336 399 553 431 observaturum,
574 399 802 435 quemadmodum
821 407 863 424 ra-

67 437 153 464 tiones
172 437 205 463 ad
223 438 354 463 aerarium
373 437 485 463 referas:
512 441 554 468 ut,
577 438 601 463 si
619 437 688 463 hanc
705 445 739 463 ex
757 436 862 462 foenore

66 475 209 510 pecuniam
235 474 335 509 populo
360 483 412 501 non
438 474 574 505 retuleris,
607 474 702 500 reddas
732 473 860 500 societati.

69 513 126 538 ⁴68.
148 512 296 538 Possumus
315 512 364 538 boc
385 516 465 543 teste,
490 520 635 546 possumus
657 512 686 537 P.
706 510 815 537 Servilii
837 514 863 536 et

67 548 97 576 C.
118 549 239 580 Antistii,
260 550 463 584 magistrorum,
484 549 592 580 litteris,
613 549 761 583 primorum
774 547 863 574 homi-

67 594 134 613 num
152 590 232 621 atque
251 586 514 617 honestissimorum,
541 594 687 620 possumus
709 585 863 611 auctoritate

66 624 214 655 societatis,
230 624 308 650 cuius
324 624 417 650 litteris
433 624 546 654 utimur,
563 622 635 658 quod
649 623 777 653 dicimus,
793 622 863 648 obti-

67 660 148 688 nere‘?
161 670 193 687 an
208 661 298 696 aliqua
310 661 424 688 firmiora
435 665 481 687 aut
489 661 610 696 graviora
620 659 772 695 quaerenda
782 657 863 685 sunt?

67 698 175 725 LXXII.
197 699 309 730 Vettius,
325 703 388 724 tuus
402 698 646 728 familiarissimus,
669 697 782 727 Vettius,
798 701 862 722 tuus

66 735 164 767 affinis,
181 736 259 762 cuius
273 743 389 762 sororem
403 735 486 761 habes
500 735 527 761 in
542 735 719 765 matrimonio,
735 738 796 761 tuae
810 733 863 759 sra-

66 777 106 800 ter
121 774 212 799 uxoris
227 773 344 804 VettiuS‚
361 772 440 799 frater
454 773 493 798 tui
506 772 670 807 quaestoris,
687 775 798 798 testatur
810 771 863 797 im-

66 810 295 846 pudentissimum
310 814 386 836 tuum
401 809 502 836 furtum
532 809 767 844 certissimumque
782 817 862 843 pecu-

67 848 165 874 latum:
187 847 259 883 (nam
273 855 327 882 quo
341 847 393 874 alio
407 847 513 874 nomine
526 847 656 882 pecuniae
670 846 793 881 publicae
808 845 863 872 soe-

66 885 166 912 neratio
179 889 220 911 est
233 884 420 920 appellanda?)
452 893 558 911 unctu
572 893 710 914 asmona.
741 883 861 910 Scribam

65 926 143 949 tuum
161 922 239 953 dicit,
264 922 371 953 Verres,
391 922 474 948 huius
488 922 692 956 perscriptorem
706 921 863 947 foeneratio-

65 960 108 986 nis
128 959 225 986 fuisse:
250 960 274 986 ei
291 967 401 994 quoque
418 960 540 995 magistri
558 960 695 985 minantur
708 959 736 985 in
752 958 860 984 litteris:

65 998 164 1024 etenim
182 1005 246 1023 casu
264 997 366 1023 scribae
384 1001 441 1023 tum
460 997 513 1023 duo
531 997 652 1032 magistri
671 996 779 1023 suerunt
800 1004 862 1022 cum

65 1035 160 1062 Vettio.
185 1035 264 1061 Binas
278 1035 438 1061 centesimas
452 1034 485 1060 ab
499 1042 527 1060 se
541 1034 641 1060 ablatas
656 1033 795 1060 serendum
810 1041 862 1059 non

65 1076 173 1108 putant:
202 1076 228 1098 et
246 1076 315 1098 recte
334 1081 386 1098 non
404 1076 508 1107 putant.
548 1071 615 1104 Quis
637 1071 710 1098 enim
733 1071 783 1099 hoc
801 1070 864 1097 fecit

64 1109 215 1145 umquam?
231 1110 294 1145 quis
307 1109 424 1144 denique
437 1113 547 1136 conatus
562 1113 602 1135 est
616 1108 710 1140 facere,
726 1112 771 1134 aut
784 1116 863 1143 posse

65 1147 122 1174 fieri
140 1148 280 1183 cogitavit,
305 1151 347 1178 ut,
371 1155 457 1182 quum
477 1151 586 1173 senatus
604 1146 763 1181 publicanos
781 1154 862 1172 usura

65 1193 145 1220 saepe
169 1185 295 1216 iuvisset,
319 1185 491 1220 magistratus
513 1193 528 1210 a
546 1184 698 1219 publicanis
720 1183 862 1218 pecuniam

65 1231 114 1258 pro
133 1223 221 1249 usuris
240 1222 350 1249 auderet
366 1221 488 1248 auferre?
513 1221 589 1248 Certe
607 1221 670 1247 huic
683 1221 786 1247 homini
800 1229 862 1255 spes

65 1259 140 1286 nulla
154 1259 249 1286 salutis
263 1264 346 1291 esset,
366 1260 389 1286 si
408 1259 559 1294 publicani,
581 1259 630 1285 hoc
648 1262 700 1290 est,
721 1259 743 1285 si
758 1259 862 1293 equites

64 1297 177 1324 Romani
192 1297 349 1324 iudicarent.
392 1298 448 1323 169.
470 1297 557 1324 Minor
570 1305 628 1323 esse
642 1304 727 1327 nunc,
747 1296 860 1327 iudices,

65 1335 142 1362 vobis
161 1334 374 1369 disceptantibus
391 1334 484 1361 debet:
512 1338 537 1360 et
554 1338 626 1360 tanto
644 1334 743 1365 minor,
763 1337 863 1368 quanto

65 1376 106 1399 est
119 1372 273 1404 honestius,
293 1372 388 1398 alienis
403 1371 523 1403 iniuriis,
544 1379 626 1406 quam
640 1379 668 1397 re
682 1379 731 1397 sua
744 1379 863 1397 commo-

65 1410 132 1437 veri.
154 1409 225 1442 Quid
236 1410 268 1436 ad
279 1409 344 1436 haec
354 1409 514 1444 respondere
523 1408 641 1445 cogitas?
654 1408 747 1434 Utrum
763 1407 861 1434 sactum

65 1446 195 1483 negabis‘?
221 1456 253 1474 an
269 1447 317 1473 tibi
331 1447 381 1473 hoc
395 1447 498 1473 licitum
512 1454 572 1472 esse
590 1444 736 1472 defendes?
762 1446 863 1481 Negare

64 1485 114 1520 qui
128 1484 222 1520 potes?
235 1493 267 1511 an
282 1489 312 1511 ut
323 1488 392 1511 tanta
402 1484 556 1510 auctoritate
569 1483 726 1514 litterarum,
743 1487 779 1509 tot
789 1483 864 1509 testi-

65 1522 118 1549 bus
141 1521 294 1557 publicanis
315 1521 491 1549 convincare?
517 1521 637 1548 Licuisse
659 1529 721 1547 vero
742 1519 809 1555 qui‘?
834 1520 862 1546 Si

65 1559 218 1586 mehercule
232 1564 256 1586 te
271 1560 411 1594 pecuniam
426 1564 499 1586 tuam
514 1563 661 1594 praetorem
680 1558 708 1584 in
727 1558 862 1593 provincia

65 1597 231 1624 foeneratum
245 1596 377 1628 docerem,
394 1601 481 1622 tamen
496 1596 611 1632 effugere
625 1604 677 1622 non
691 1603 800 1630 posses:
815 1594 863 1621 sed

65 1634 216 1670 publicam,
233 1634 280 1660 sed
293 1634 328 1661 ob
342 1634 507 1660 frumentum
521 1633 667 1663 decretam,
683 1632 730 1659 sed
744 1641 758 1658 a
772 1631 864 1667 publi-

64 1673 139 1699 canis
158 1671 263 1699 foenore
281 1676 400 1707 accepto:
425 1671 476 1698 hoc
495 1671 604 1698 licuisse
621 1671 749 1705 cuiquam
768 1669 864 1704 proba-

65 1709 127 1736 bis‘?
144 1718 198 1744 quo
212 1717 264 1736 non
277 1709 356 1736 modo
369 1709 459 1740 ceteri,
475 1709 522 1736 sed
537 1713 565 1735 tu
580 1709 638 1743 ipse
652 1707 719 1734 nihil
735 1707 863 1734 audacius

65 1747 272 1784 improbiusque
299 1747 395 1774 fecisti.
436 1747 493 1774 Non
520 1745 673 1774 mehercule
700 1745 762 1776 hoc,
790 1744 863 1780 quod

66 1786 192 1812 omnibus
215 1784 352 1822 singulare
374 1784 493 1817 videtur,
518 1785 551 1812 de
574 1793 628 1820 quo
650 1783 719 1811 mihi
736 1782 863 1819 deinceps

66 1823 209 1850 dicendum
224 1828 276 1855 est,
293 1832 413 1858 possum,
430 1823 542 1854 iudices,
559 1823 647 1849 dicere
661 1822 789 1849 audacius
804 1830 864 1848 esse

66 1865 112 1887 aut
126 1860 320 1896 impudentius,
336 1861 410 1896 quod
423 1861 565 1896 permultis
579 1860 733 1887 civitatibus
748 1868 796 1895 pro
806 1859 864 1886 fru-

66 1902 156 1925 mento
175 1898 242 1925 nihil
260 1898 341 1925 solvit
358 1900 476 1925 omnino.
519 1899 600 1925 Maior
617 1898 681 1924 haec
700 1897 795 1932 praeda
811 1896 864 1923 sor-

67 1940 137 1962 tasse
151 1940 204 1962 est:
220 1935 267 1962 sed
281 1935 327 1962 illa
340 1936 508 1970 impudentia
521 1940 591 1962 certe
606 1944 657 1962 non
672 1936 767 1961 minor.
804 1935 861 1961 ⁴70.

66 1973 99 2000 Et
108 1973 235 2008 quoniam
245 1973 279 2000 de
293 1973 338 2000 illa
348 1973 527 2000 foeneratione
537 1974 601 1999 satis
611 1973 713 1999 dictum
727 1977 776 2003 est,
793 1980 864 1999 nunc

66 2010 99 2037 de
113 2010 162 2037 hac
175 2014 227 2037 tota
241 2011 354 2045 pecunia
368 2019 470 2042 aversa,
486 2019 594 2045 quaeso,
610 2011 771 2046 cognoscite.

123 2047 242 2074 LXXIII.
265 2047 372 2074 Siciliae
389 2048 511 2074 civitates
530 2047 629 2074 multae
647 2051 724 2078 sunt,
749 2046 860 2078 iudices,

66 2088 172 2112 ornatae
187 2089 266 2120 atque
281 2085 419 2111 honestae:
445 2093 478 2112 ex
496 2085 598 2119 quibus
617 2085 643 2111 in
658 2084 754 2119 primis
768 2093 864 2110 nume-

66 2122 148 2149 randa
166 2126 207 2148 est
224 2122 319 2148 civitas
334 2122 467 2148 llalesina.
508 2121 616 2148 Nullam
635 2122 706 2148 enim
725 2121 864 2156 reperietis

67 2163 112 2186 aut
129 2159 225 2186 officiis
244 2159 404 2189 fideliorem.
429 2165 474 2186 aut
495 2159 580 2194 copiis
601 2158 800 2194 locupletiorem
819 2163 864 2185 aut

67 2197 220 2224 auctoritate
237 2197 397 2232 graviorem.
438 2197 505 2223 Iluic
523 2197 572 2223 iste
591 2197 618 2223 in
637 2205 720 2223 annos
742 2196 863 2231 singulos

66 2242 152 2270 quum
170 2243 302 2270 sexagena
323 2234 400 2260 tritici
420 2233 503 2260 millia
522 2233 641 2260 modmm
665 2234 861 2269 imperavisset,

66 2279 114 2306 pro
133 2272 219 2298 tritico
238 2280 363 2298 nummos
385 2270 510 2302 abstulit,
533 2271 627 2306 quanti
650 2275 705 2297 crat
726 2272 752 2297 iu
772 2270 862 2297 Sicilia

67 2309 199 2342 triticum;
215 2317 283 2344 quos
293 2309 325 2335 (le
336 2308 445 2343 publico
455 2317 580 2334 nummos
594 2313 737 2343 acceperat,
755 2309 863 2334 retinuit

66 2353 169 2372 omnes.
210 2346 354 2381 Obstupui,
372 2346 484 2377 iudices,
500 2354 585 2380 quum
600 2345 649 2371 boc
663 2345 729 2372 mihi
745 2346 861 2380 primum

66 2383 176 2410 Balesae
199 2383 392 2410 demonstravit
413 2383 440 2409 in
464 2387 557 2410 senatu
576 2382 761 2409 Iialesinorum
786 2383 864 2409 homo

67 2429 175 2447 summo
184 2421 301 2457 ingenio,
315 2429 421 2447 summa
432 2420 581 2455 prudentia,
593 2428 699 2446 summu
709 2421 863 2446 auctoritate

67 2457 217 2492 praeditus,
246 2458 388 2485 Halcsinus
410 2458 526 2484 Aeneas:
554 2457 598 2484 cui
625 2461 734 2483 senatus
756 2457 863 2483 dederat

68 2494 176 2530 publice
189 2504 327 2527 caussam,
349 2500 378 2522 ut
390 2495 457 2521 mihi
473 2495 600 2529 fratrique
614 2503 673 2520 meo
690 2495 788 2530 gratias
803 2503 862 2530 age-

67 2536 119 2564 ret,
140 2537 164 2559 et
177 2532 274 2564 simul,
294 2533 341 2568 qui
356 2541 403 2559 nos
418 2541 456 2564 ea,
472 2541 541 2567 quae
555 2532 587 2558 ad
602 2531 732 2558 iudicium
748 2532 864 2566 pertinc-

68 2573 134 2601 rcnt,
150 2569 264 2597 doceret.
306 2571 363 2596 ⁴7⁴.
385 2571 559 2600 Demonstrat,
577 2569 644 2595 banc
658 2569 737 2595 istius
750 2577 863 2595 consue—

68 2606 189 2633 tudinem
208 2615 238 2634 ac
255 2607 383 2634 rationem
403 2607 500 2634 fuisse:
527 2615 612 2642 quum
631 2606 718 2632 omnis
738 2605 863 2632 frumenti

67 2644 143 2678 copia
156 2643 330 2671 decumarum
345 2645 451 2671 nomine
465 2653 547 2679 penes
561 2644 642 2670 istum
660 2647 731 2670 esset
749 2643 861 2674 redacta,

66 2681 177 2708 solitum
201 2689 260 2708 esse
283 2682 366 2709 istum
389 2682 529 2717 pecuniam
554 2689 648 2717 cogere
664 2690 680 2707 a
697 2681 861 2711 civitatibus,

906 141 991 168 LIB.
1013 142 1057 168 111.
1085 141 1139 168 CA
1153 141 1183 167 P.
1214 142 1245 167 69
1266 156 1303 161 --
1322 142 1365 167 75.
1658 143 1707 168 303

913 211 1078 238 frumentum
1097 211 1260 247 improbare,
1283 216 1413 247 quantum
1434 210 1559 238 frumenti
1573 217 1643 238 esset
1656 212 1708 239 Ro-

913 258 983 275 mam
1002 249 1175 280 mittendum,
1196 253 1299 276 tantum
1318 248 1350 275 de
1368 257 1417 275 suo
1435 253 1548 283 quaestu
1567 258 1595 275 ac
1613 249 1646 275 ‹le
1659 258 1707 276 sua

913 286 988 321 copia
1002 285 1129 313 frumenti
1143 287 1256 312 mittere.
1296 287 1378 312 Posco
1392 286 1520 312 rationes:
1536 287 1650 321 inspicio
1665 286 1709 313 lit-

913 328 996 350 teras:
1010 323 1087 350 video
1097 323 1224 350 frumenti
1234 332 1347 359 granum
1358 323 1505 355 HalesinOS,
1519 324 1620 358 quibus
1632 332 1709 350 sexa-

913 369 980 396 gena
994 361 1079 387 millia
1093 361 1213 387 modian]
1227 361 1355 395 imperata
1369 365 1452 392 erant,
1469 360 1575 387 nullum
1586 361 1706 393 dedisse,

914 399 1055 432 pecuniam
1070 398 1198 429 Volcatio,
1215 398 1391 429 Timarchidi,
1407 398 1509 424 scribae
1523 398 1643 424 dedisse:
1668 408 1710 425 re—

914 435 987 469 perio
1000 443 1085 470 genus
1100 435 1264 466 huiusmodi,
1281 435 1396 466 iudices,
1413 435 1535 470 praedae,
1552 440 1581 461 ut
1594 440 1707 470 praetor,

913 473 961 507 qui
976 472 1140 498 frumentum
1155 481 1242 499 emere
1256 473 1358 503 debeat,
1376 481 1427 499 non
1442 477 1520 504 emat,
1537 472 1585 499 sed
1597 472 1707 505 vendat,

914 510 1054 544 pecunias,
1079 518 1146 545 quas
1168 510 1321 536 civitatibus
1344 510 1504 536 distribuere
1530 509 1638 541 debeat,
1665 518 1710 536 eas

913 555 1006 573 omnes
1020 551 1119 573 avertat
1133 551 1211 582 atque
1225 547 1335 573 auferat.
1376 548 1433 574 Non
1448 548 1514 573 mibi
1529 548 1581 574 iani
1596 547 1707 578 furtum⁷

913 583 961 610 sed
983 589 1133 610 monstrum
1156 593 1185 610 ac
1208 584 1361 620 prodigium
1388 584 1541 616 videbatur,
1570 585 1709 611 civitatum

914 621 1079 647 frumentum
1093 621 1256 656 improbare,
1279 630 1359 647 suum
1379 622 1502 656 pr0l›are;
1528 631 1614 656 quum
1628 630 1710 648 suum

914 658 1064 693 probasset,
1094 659 1209 693 pretium
1232 659 1255 684 ei
1280 658 1412 685 frumento
1435 660 1608 691 constituer03
1637 659 1709 694 quod

913 695 1105 726 constituisset,
1121 696 1149 722 id
1163 704 1176 721 a
1190 696 1344 722 civitatibus
1359 696 1475 728 auferre,
1496 696 1568 731 quod
1582 706 1595 722 a
1611 696 1710 731 populo

914 733 1031 759 Romano
1045 733 1199 767 accepisset,
1217 737 1315 759 tenere.
1356 733 1474 759 LXXIV.
1493 735 1549 759 ⁴72.
1572 734 1620 760 Tot
1634 734 1710 760 vide-

914 770 948 796 tis
962 770 974 782 ⁴¹
988 778 1047 796 esse
1061 770 1088 796 in
1103 779 1157 796 uno
1171 769 1241 796 furto
1254 775 1422 804 peccatorum
1436 770 1545 806 gradus,
1562 776 1599 802 ut,
1617 772 1639 797 si
1654 772 1710 797 sin-

913 807 985 843 gulis
999 807 1123 833 insistere
1137 807 1232 838 velim,
1254 807 1379 842 progredi
1393 808 1442 833 iste
1457 816 1508 834 non
1523 809 1616 842 possit.
1657 810 1710 834 Im-

914 844 1010 879 probas
1024 844 1189 871 frumentum
1204 844 1366 871 Siculorum.
1389 844 1477 877 Quid‘?
1490 846 1548 880 ipse
1561 845 1633 880 quod
1649 846 1710 872 mit-

914 881 967 908 tis‘?
979 881 1142 917 peculiarem
1158 882 1240 908 habes
1255 882 1372 917 aliquam
1387 882 1514 913 Siciliam,
1531 891 1600 917 quae
1614 882 1663 908 tibi
1677 891 1710 909 ex

913 919 965 946 alio
987 928 1084 955 genere
1106 919 1272 946 frumentum
1294 919 1466 954 suppeditare
1489 919 1591 954 possit?
1620 919 1710 952 Quum

913 961 1022 983 senatus
1044 957 1175 988 decernit,
1200 961 1229 983 ut
1252 962 1356 983 ematur
1377 958 1406 983 in
1425 956 1515 983 Sicilia
1534 957 1708 988 frumentum,

914 999 959 1021 aut
972 1003 1057 1029 quum
1071 994 1189 1029 populus
1202 994 1290 1026 iubet,
1312 995 1375 1026 hoc,
1397 999 1425 1021 ut
1443 995 1551 1029 opinor,
1574 994 1709 1030 intelligit,

913 1040 947 1058 ex
968 1031 1058 1058 Sicilia
1082 1031 1204 1058 Siculum
1231 1031 1396 1058 frumentum
1423 1032 1555 1066 apportari
1581 1037 1710 1066 oportere.

914 1069 967 1101 Tu,
983 1077 1069 1104 quum
1083 1070 1222 1096 civitatum
1237 1069 1344 1096 Siciliae
1358 1069 1440 1105 vulgo
1454 1078 1532 1096 omne
1546 1068 1711 1096 frumentum

914 1107 1062 1142 improbas,
1084 1116 1149 1133 num
1167 1115 1201 1133 ex
1214 1107 1337 1143 Aegypto
1350 1111 1396 1133 aut
1409 1116 1442 1133 ex
1456 1106 1532 1143 Syria
1547 1106 1712 1133 frumentum

914 1145 1025 1171 Romam
1040 1143 1142 1170 mittis?
1167 1145 1304 1179 Improbas
1318 1144 1487 1175 Halesinum,
1509 1143 1712 1178 Cephaloedita-

914 1190 993 1213 num,
1010 1182 1226 1213 Thermitanum,
1242 1182 1466 1213 Amestratinum‚
1489 1181 1709 1217 Tyndaritanum,

914 1219 1080 1251 Herbitense,
1097 1219 1242 1246 multarum
1257 1224 1390 1254 praeterea
1404 1220 1554 1246 civitatum.
1584 1218 1654 1251 Quid
1669 1227 1712 1245 ac-

913 1256 978 1283 cidit
992 1257 1111 1288 tandem,
1133 1261 1162 1283 ut
1180 1257 1276 1283 horum
1295 1256 1457 1292 populorum
1476 1257 1531 1292 agri
1546 1256 1711 1283 frumentum

914 1294 1047 1320 eiusmodi
1062 1299 1086 1320 te
1100 1298 1219 1329 praetore
1233 1294 1343 1326 ferrent,
1364 1294 1437 1329 quod
1456 1302 1606 1329 numquam
1625 1299 1709 1325 antea,

914 1335 944 1358 ut
961 1340 1048 1366 neque
1067 1332 1115 1358 tibi
1134 1340 1221 1367 neque
1240 1331 1339 1366 populo
1353 1332 1471 1358 Romano
1490 1336 1581 1366 posset
1594 1331 1709 1366 probari,

914 1369 1069 1404 praesertim
1087 1378 1173 1404 quum
1191 1378 1224 1396 ex
1241 1369 1338 1396 iisdem
1356 1369 1427 1405 agris
1442 1369 1563 1395 eiusdem
1579 1370 1639 1395 anni
1656 1369 1712 1394 Iru-

914 1411 1034 1433 mentum
1055 1415 1087 1433 ex
1105 1406 1226 1433 decumis
1241 1407 1351 1433 Romam
1370 1407 1507 1441 mancipes
1521 1405 1712 1432 ads-exissem

913 1443 980 1479 quid
994 1443 1133 1475 acciderat,
1151 1448 1180 1470 ut
1193 1452 1226 1470 ex
1240 1444 1332 1470 eodem
1348 1444 1441 1471 horreo
1455 1444 1635 1470 decumanum
1650 1452 1711 1478 pro-

914 1481 1034 1513 baretur,
1062 1486 1183 1516 emptum
1208 1490 1259 1507 non
1283 1481 1455 1516 probaretur?
1481 1481 1633 1507 Dubiumne
1660 1486 1708 1511 est,

914 1519 980 1553 quin
994 1518 1043 1545 ista
1057 1519 1145 1545 omnis
1159 1519 1318 1553 improbatio
1331 1519 1464 1555 cogendae
1479 1519 1606 1553 pecuniae
1617 1526 1711 1544 caussa

915 1561 973 1583 nata
988 1555 1041 1582 sit?
1074 1557 1130 1582 173.
1150 1556 1227 1582 Esto:
1244 1556 1380 1591 improbes
1395 1556 1563 1582 Ilalcsinum:
1582 1556 1663 1581 habes
1678 1555 1711 1581 ab

914 1593 966 1620 alio
980 1592 1091 1628 populo,
1112 1594 1185 1628 quod
1200 1594 1306 1628 probes.
1347 1594 1411 1620 Eme
1427 1593 1507 1624 illud,
1524 1593 1595 1628 quod
1610 1593 1709 1628 placet,

915 1631 1013 1657 missos
1027 1630 1067 1657 Iac
1081 1639 1135 1662 eos,
1152 1640 1268 1666 quorum
1285 1631 1449 1657 frumentum
1465 1630 1631 1665 improbasti.
1658 1630 1711 1657 Sed

914 1669 947 1695 ab
962 1668 1013 1699 his,
1029 1677 1097 1703 quos
1108 1668 1243 1703 repudias.
1260 1669 1346 1704 exigis
1359 1673 1460 1694 tantum
1472 1668 1609 1704 pecuniae,
1626 1677 1708 1704 quam

915 1710 970 1733 tum
985 1705 1019 1734 ad
1031 1714 1093 1732 eum
1109 1715 1251 1733 numerum
1267 1705 1392 1733 frumenti
1408 1706 1471 1733 satis
1488 1708 1534 1738 sit,
1552 1715 1633 1742 quem
1645 1706 1711 1732 civi-

915 1746 960 1772 tati
974 1746 1100 1781 imperas.
1132 1745 1249 1771 Dubium
1264 1751 1317 1776 est,
1333 1745 1399 1780 quid
1414 1744 1519 1780 egcris‘?
1533 1745 1561 1771 In
1577 1744 1711 1770 medimna

914 1783 1021 1819 singula
1040 1783 1119 1809 video
1137 1791 1171 1809 ex
1191 1782 1284 1809 litteris
1304 1783 1420 1817 publicis
1441 1782 1488 1808 tibi
1503 1782 1641 1807 Ilalcsiuos
1656 1780 1711 1807 II-S

913 1821 1012 1856 quinos
1026 1820 1109 1847 denos
1123 1820 1239 1847 dedisse.
1273 1820 1418 1847 Ostendam
1432 1828 1465 1846 ex
1480 1819 1578 1845 tabulis
1594 1818 1712 1853 locuple-

915 1859 1080 1885 tissimorum
1103 1863 1236 1884 aratorum
1259 1857 1352 1884 eodem
1380 1862 1497 1892 tempore
1524 1857 1658 1882 neminem
1685 1857 1712 1882 in

915 1896 1005 1923 Sicilia
1019 1895 1105 1931 pluris
1120 1895 1286 1922 frumentum
1305 1894 1468 1921 vendidisse.
1510 1893 1616 1920 LXXV.
1639 1894 1712 1926 Quae

915 1939 955 1961 est
969 1942 1031 1969 ergo
1044 1933 1094 1960 ista
1108 1934 1174 1960 ratio
1187 1937 1233 1959 aut
1242 1941 1310 1968 quae
1322 1933 1410 1967 potius
1422 1932 1535 1958 amentia
1547 1931 1711 1957 frumentum

915 1972 1065 2007 improbare
1080 1970 1119 2002 id,
1135 1970 1208 2006 quod
1222 1979 1255 1997 ex
1269 1979 1299 1996 eo
1314 1970 1370 1996 loco
1383 1970 1430 2000 sit,
1451 1978 1483 1995 ex
1497 1978 1551 2004 quo
1565 1973 1673 1995 senatus
1688 1973 1712 1994 et

915 2008 1033 2045 populus
1047 2009 1182 2035 Romanus
1196 2009 1249 2034 emi
1265 2007 1386 2037 voluerit.
1403 2015 1435 2033 cx
1450 2016 1479 2033 eo
1494 2016 1596 2036 acervo,
1613 2015 1645 2032 ex
1659 2014 1712 2040 quo

915 2051 1016 2082 partem
1031 2051 1059 2072 tu
1073 2045 1145 2072 idem
1159 2045 1332 2072 decumarum
1348 2045 1454 2071 nominc
1467 2044 1599 2079 probaris:
1616 2042 1712 2069 deiude

915 2094 929 2110 a
948 2083 1103 2110 civitatibus
1122 2083 1250 2118 pecunias
1268 2082 1301 2109 ad
1320 2081 1462 2108 emendum
1483 2081 1646 2107 frumentum
1669 2089 1712 2106 co-

914 2130 989 2157 gere,
1009 2129 1095 2156 quum
1113 2129 1146 2147 ex
1165 2121 1264 2146 aerario
1282 2118 1434 2154 acceperis?
1460 2119 1552 2145 Utrum
1569 2123 1592 2144 tc
1608 2118 1649 2144 lex
1663 2118 1711 2143 Te-

915 2159 998 2185 rentia
1012 2158 1163 2185 Siculorum
1178 2157 1290 2192 pecunia
1307 2157 1470 2183 frumentum
1490 2164 1590 2186 emere,
1613 2165 1645 2181 an
1667 2164 1711 2189 po—

915 2195 973 2231 puli
985 2196 1094 2222 Romani
1110 2195 1222 2230 pecunia
1238 2194 1402 2221 frumentum
1417 2203 1430 2219 u
1442 2193 1540 2219 Siculis
1555 2201 1641 2219 emero
1656 2193 1712 2218 ius·

915 2233 968 2260 sit‘?
1007 2234 1065 2259 474.
1088 2234 1140 2259 lum
1161 2241 1222 2259 vero
1241 2232 1274 2258 ab
1293 2232 1344 2257 isto
1357 2240 1462 2257 omnem
1479 2230 1550 2256 illam
1566 2239 1598 2256 cx
1612 2229 1712 2255 aerario

915 2270 1067 2306 pecuniam,
1083 2279 1163 2305 quam
1176 2269 1217 2295 liis
1228 2269 1343 2303 oportuit
1355 2268 1509 2294 civilatibus
1522 2276 1568 2302 pro
1580 2266 1712 2293 snum-uto

915 2308 985 2338 duri¹
1008 2307 1170 2333 lucrifactum
1191 2306 1297 2332 videtis.
1339 2306 1445 2340 Accipis
1459 2306 1530 2331 euim
1546 2304 1600 2330 ll-S·
1615 2305 1711 2339 ‹piiuos

915 2345 997 2371 denos
1014 2353 1060 2379 pro
1074 2344 1222 2371 medimno:
1248 2343 1311 2370 tanti
1325 2343 1396 2369 enim
1411 2347 1451 2368 est
1466 2342 1511 2368 illo
1526 2346 1642 2375 tempure
1657 2350 1711 2367 me-

915 2382 1048 2408 dimnum.
1085 2382 1191 2407 lletiues
1206 2381 1260 2407 Il-S
1274 2389 1356 2406 xviii:
1373 2380 1436 2406 tanti
1452 2379 1522 2405 euim
1537 2384 1577 2404 est
1593 2378 1711 2405 frumeu-

916 2424 972 2445 tum
991 2418 1130 2445 Siciliense
1149 2427 1181 2444 ex
1201 2418 1258 2453 lego
1280 2417 1458 2443 aestimatum.
1499 2416 1569 2448 Quid
1593 2416 1709 2445 interest,

916 2461 1005 2483 utrum
1026 2456 1074 2482 buc
1094 2455 1201 2485 seceris,
1226 2464 1258 2481 an
1283 2454 1445 2480 frumentum
1470 2462 1521 2480 nou
1541 2453 1708 2488 improbatis.

915 2493 962 2519 scd
978 2493 1111 2520 frumento
1125 2493 1234 2528 probato
1248 2497 1273 2518 ct
1287 2497 1393 2526 accepto
1413 2491 1552 2526 pecuniam
1575 2490 1710 2526 publicam

916 2531 1033 2557 tenueris
1044 2539 1160 2561 omnem,
1178 2538 1263 2564 neque
1274 2529 1423 2564 quidquam
1439 2528 1487 2554 ulli
1502 2527 1658 2554 dissolveris
1673 2528 1711 2553 ci-

917 2568 1004 2598 vitati,
1021 2576 1105 2602 quum
1120 2567 1268 2594 aestinmtio
1284 2567 1349 2602 legis
1363 2566 1494 2593 eiusmodi
1510 2566 1557 2596 sit,
1575 2570 1602 2591 ut
1616 2565 1710 2592 ceteris

916 2606 1082 2640 temporibus
1097 2604 1242 2631 tolerabilis
1253 2604 1361 2634 Siculis,
1379 2608 1403 2630 te
1415 2608 1532 2638 praetore
1543 2603 1623 2629 etiam
1637 2608 1710 2638 gratu

915 2652 974 2669 esso
987 2642 1128 2669 debuerit?
1151 2643 1197 2669 Est
1210 2642 1282 2668 cniui
1297 2641 1402 2669 modius
1418 2640 1475 2676 lego
1490 2640 1545 2666 li-s‘
1558 2649 1583 2666 ιιι
1599 2640 1616 2666 S
1631 2641 1711 2666 nesti-

892 2696 894 2708 .
916 2685 1016 2706 mutus:
1043 2679 1092 2706 suit
1105 2685 1208 2710 ιιιιιυιιι,
1229 2684 1253 2706 tc
1268 2683 1399 2714 praetore,
1421 2683 1448 2704 ut
1464 2683 1491 2704 tu
1507 2678 1532 2704 in
1548 2676 1640 2704 multis
1654 2677 1710 2711 cpi-
