1941 3052
421 121 473 147 DE
507 118 735 146 ORATORE
770 118 856 144 LIB.

23 196 81 222 220.
96 192 163 225 Quis
185 193 256 218 enim
279 200 408 226 umquam
430 195 515 217 orator
537 198 651 226 magnus
669 194 694 216 et
711 188 810 224 graviS,
834 187 836 191 ’

23 240 108 267 quum
121 231 218 256 iratum
232 229 382 255 adversario
396 228 512 254 iudicem
526 227 611 254 facere
624 227 712 258 vellet,
727 226 814 252 haesi-

24 269 88 296 tavit
101 268 134 295 ob
148 276 206 294 eam
219 275 352 297 caussam,
372 265 445 301 quod
462 266 583 296 nesciret,
600 265 666 300 quid
680 267 749 290 esset
762 264 814 289 ira-

23 305 129 336 cundia,
150 304 270 331 fervorne
288 304 385 330 mentis
404 312 436 329 an
450 303 583 337 cupiditas
598 301 727 337 puniendi
741 300 815 327 dolo-

23 343 78 372 ris‘?
97 342 171 375 Quis,
192 350 276 376 quum
294 345 394 367 ceteros
414 340 563 366 animorum
582 344 670 366 motus
685 343 730 365 aut
743 337 815 364 iudi-

24 381 100 408 cibus
114 383 159 406 aut
173 378 272 413 populo
281 378 393 404 dicendo
403 378 514 404 miscere
525 381 604 412 atque
615 377 712 412 agitare
724 375 811 405 vellet,

25 427 54 446 ea
71 417 147 448 dixit,
167 424 236 451 quae
254 424 267 442 a
282 415 449 450 philosophis
463 415 516 441 dici
530 413 632 440 solent?
656 414 704 448 qui
718 413 813 447 partim

25 455 132 483 omnino
155 458 242 480 motus
265 457 362 488 negant
378 454 406 479 in
425 452 521 478 animis
540 451 609 477 ullos
628 459 685 476 esse
708 450 813 480 debere,

25 493 126 528 quique
139 499 184 517 eos
198 491 225 517 in
240 490 360 516 iudicum
374 490 509 516 mentibus
519 489 658 518 concitent,
672 487 760 513 scelus
771 495 815 513 eos

25 529 155 556 nefarium
167 527 264 560 facere3
281 528 385 562 partim,
394 527 441 562 qui
452 525 640 553 tolerabiliores
651 524 744 551 volunt
758 532 816 550 esse

26 571 50 594 et
63 566 95 593 ad
110 566 245 592 veritatem
264 565 333 591 vitae
346 565 456 599 propius
470 563 601 593 accedere,
622 561 816 596 permediocres

26 612 54 631 ac
68 604 156 638 potius
172 602 243 628 leves
257 607 345 628 motus
359 601 454 627 debere
469 609 527 626 esse
540 600 642 626 dicunt.
677 600 735 626 22⁴.
751 598 817 624 Ora-
836 594 837 604 ¹

25 645 64 668 tor
86 645 174 667 autem
196 639 284 666 omnia
307 639 379 670 haec,
399 646 468 673 quae
491 641 617 672 putantur
634 637 662 662 in
679 636 816 662 communi
836 653 837 671 ;

0 685 3 706 ἵ
26 679 94 704 vitae
107 676 299 704 consuetudine
313 675 381 702 mala
392 684 421 702 ac
432 674 541 701 molesta
552 679 577 700 et
588 673 723 709 fugienda,
732 673 816 699 multo
836 677 837 681 ¹

0 720 1 723 ’
27 715 123 742 maiora
148 719 173 740 et
195 714 327 740 acerbiora
350 712 439 739 verbis
459 711 532 745 facit3
562 712 679 746 itemque
693 719 731 741 ea,
747 719 816 745 quae

26 752 106 788 vulgo
127 751 274 786 expetenda
295 755 374 785 atque
395 749 522 784 optabilia
545 749 677 779 videntur,
703 748 815 774 dicendo

27 827 120 854 stultos
134 826 228 857 videri,
245 826 292 857 uti,
307 825 355 860 qui
366 824 482 855 audiant,
496 828 541 850 aut
551 823 629 850 illum
640 823 761 858 ineptum
773 823 815 849 et*

28 863 187 892 Graeculum
203 867 307 898 putent,
327 867 380 893 aut,
401 862 506 888 etiamsi
524 861 601 887 valde
615 861 727 896 probent
741 861 817 895 inge—

27 902 100 928 nium
114 901 232 932 oratoris,
248 900 405 935 sapientiam
419 899 592 930 admirentur,
608 907 636 925 se
650 907 708 925 esse
720 898 816 924 stultos

27 938 135 966 moleste
150 937 246 968 ferant:
268 939 327 965 22²2.
347 937 394 963 sed
408 938 443 963 ita
457 941 578 972 peragrat
591 945 638 971 per
652 936 754 962 animos
769 935 817 961 ho-

27 976 139 1007 minum,
160 976 195 1002 ita
213 983 309 1002 sensus
327 978 483 1009 mentesque
499 978 644 1008 pertractat,
662 977 755 999 utnon
770 972 817 998 de—

27 1051 149 1082 oratione,
166 1059 303 1076 summum
317 1049 384 1076 illud
398 1049 498 1075 bonum
516 1049 543 1074 in
558 1049 680 1074 animone
693 1049 728 1074 sit
742 1056 774 1074 an
788 1048 816 1073 in

26 1095 142 1123 corpore,
158 1088 255 1114 virtute
269 1096 300 1113 an
310 1087 445 1121 voluptate
454 1085 608 1119 definiatur3
629 1094 662 1111 an
673 1085 737 1111 haec
749 1085 817 1111 inter

27 1133 55 1152 se
69 1126 144 1161 iungi
158 1125 330 1160 copularique
344 1124 459 1159 possint;
476 1132 508 1150 an
523 1132 592 1154 vero,
609 1127 639 1149 ut
652 1122 815 1158 quibusdam

27 1163 115 1189 visum
129 1167 177 1193 est,
194 1162 260 1188 nihil
274 1167 377 1188 certum
391 1161 466 1192 scire,
485 1160 551 1187 nihil
566 1160 644 1195 plane
657 1159 781 1195 cognosci
792 1163 817 1185 et

25 1200 127 1235 percipi
141 1199 232 1234 possit.
256 1199 374 1231 Quarum
388 1207 477 1225 rerum
491 1197 573 1224 fateor
586 1206 709 1233 magnam
724 1196 818 1223 multi-

25 1236 176 1273 plicemque
189 1245 248 1264 esse
262 1236 440 1271 disciplinam,
461 1240 486 1262 et
500 1235 606 1266 multas,
623 1235 753 1269 copiosas,
770 1243 817 1260 va-

25 1275 133 1310 riasque
147 1275 272 1307 rationes;
288 1276 345 1302 223.
354 1273 400 1300 sed
414 1273 486 1299 aliud
497 1272 635 1308 quiddam,
645 1272 721 1307 longe
732 1271 814 1303 aliud,

27 1311 128 1342 Crasse,
144 1311 308 1346 quaerimus.
342 1311 427 1338 Acuto
444 1311 551 1337 homine
567 1310 643 1336 nobis
657 1318 725 1344 opus
740 1313 779 1335 est
793 1313 817 1335 et

26 1353 118 1376 natura
133 1357 238 1384 usuque
252 1348 355 1379 callido,
372 1349 419 1383 qui
433 1348 561 1383 sagaciter
573 1346 817 1382 pervestiget,quid

26 1387 69 1414 sui
83 1387 154 1412 cives
169 1386 241 1420 iique
256 1386 386 1416 homiues,
403 1385 504 1420 quibus
518 1384 620 1419 aliquid
634 1383 747 1410 dicendo
757 1392 818 1418 per-

27 1423 137 1451 suadere
160 1423 232 1454 velit.
257 1423 381 1459 cogitent,
406 1423 530 1454 sentiant,
549 1422 701 1456 opinentur,
722 1429 818 1455 exspe-

27 1465 104 1488 ctent.
138 1461 191 1487 LII.
212 1461 307 1487 Teneat
329 1464 431 1495 oportet
452 1468 534 1486 venas
552 1459 684 1494 cuiusque
701 1459 815 1494 generis,

28 1499 126 1529 aetatis,
137 1498 248 1529 ordinis,
264 1503 290 1524 et
303 1506 404 1529 eorum,
417 1497 488 1532 apud
502 1505 570 1532 quos
584 1496 686 1531 aliquid
701 1500 760 1531 aget
773 1500 818 1522 aut

27 1535 76 1563 erit
92 1540 208 1566 acturus,
228 1539 330 1562 mentes
348 1543 499 1570 sensusque
517 1534 654 1569 degustet;
683 1534 740 1560 224.
757 1533 819 1567 phi-

29 1571 198 1608 losophorum
220 1577 309 1599 autem
333 1572 414 1599 libros
437 1576 554 1598 reservet
572 1571 624 1597 sibi
644 1571 677 1597 ad
692 1571 818 1596 huiusce-

28 1609 98 1638 modi
116 1609 259 1637 Tusculani
278 1610 398 1644 requiem
413 1613 492 1644 atque
505 1609 599 1639 otium,
616 1617 657 1639 ne,
674 1608 696 1634 si
710 1607 818 1642 quando

28 1647 53 1675 ei
69 1647 211 1674 dicendum
229 1648 279 1674 erit
296 1647 329 1674 de
346 1647 447 1673 iustitia
462 1651 487 1673 et
501 1646 562 1677 fide,
578 1650 717 1672 mutuetur
731 1654 744 1671 a
759 1645 818 1670 Pla-

29 1689 99 1718 tone3
127 1685 183 1720 qui,
203 1693 289 1720 quum
308 1685 372 1711 haec
389 1683 562 1719 exprimenda
574 1683 663 1709 verbis
677 1682 819 1709 arbitrare—

29 1726 79 1754 tur,
99 1731 193 1749 novam
211 1721 355 1757 quamdam
374 1721 451 1748 finxit
463 1722 491 1748 in
506 1721 581 1747 libris
595 1721 743 1753 civitatem3
773 1728 819 1746 us-

29 1767 80 1794 que
93 1767 123 1786 eo
136 1759 189 1790 illa,
209 1768 278 1794 quae
295 1759 407 1786 dicenda
424 1759 457 1785 de
470 1759 571 1785 iustitia
587 1758 704 1792 putabat,
721 1766 735 1783 a
750 1757 818 1783 vitae

29 1796 218 1824 consuetudine
239 1801 265 1823 et
286 1805 300 1823 a
321 1797 460 1823 civitatum
484 1795 605 1822 moribus
630 1794 817 1822 abhorrebant.

29 1834 86 1861 225.
97 1833 173 1866 Quod
187 1834 209 1861 si
223 1842 252 1860 ea
267 1834 441 1868 probarentur
454 1834 481 1860 in
495 1832 603 1868 populis
617 1837 697 1867 atque
710 1833 737 1858 in
751 1832 819 1858 civi-

0 1879 1 1886 *
29 1871 135 1902 tatibus,
151 1872 213 1907 quis
227 1871 395 1903 tibi,Crasse,
407 1871 591 1901 concessisset,
599 1869 748 1896 clarissimo
762 1869 818 1896 viro

0 1915 2 1923 *
30 1911 55 1935 et
67 1908 232 1944 amplissimo
245 1909 360 1944 principi
373 1909 497 1939 civitatis,
513 1911 544 1934 ut
553 1907 599 1935 illa
610 1907 712 1934 diceres
724 1907 750 1934 in
761 1915 819 1933 ma-

0 1949 1 1954 *
30 1945 98 1973 xima
117 1946 242 1973 concione
259 1950 367 1972 tuorum
379 1946 490 1976 civium,
506 1953 575 1980 quae
588 1943 699 1971 dixisti?
725 1953 817 1970 naivire

0 1994 1 2008 ἒ
29 1991 70 2010 NOS
88 1992 118 2010 Ex
135 1992 246 2015 Misenus,
267 1992 360 2010 animm
379 1992 421 2010 NOS
439 1991 469 2009 Ex
487 1991 601 2010 rimemus
615 1991 706 2013 EORUM,
722 1990 818 2012 QUORUM

0 2053 1 2059 ἵ
29 2027 173 2047 enuncians
191 2030 278 2047 aosrno
295 2029 410 2047 saxoniae
429 2029 474 2046 aon
492 2029 576 2046 rorrsr
593 2028 707 2052 κινιειιις
735 2027 818 2045 nomi-2

29 2065 116 2084 erucae
135 2066 177 2084 uos
194 2066 299 2088 emonam
317 2066 428 2089 sativum,
448 2066 493 2083 iusr
512 2066 578 2084 vonis
591 2065 722 2088 umvansrs,
735 2065 819 2086 omnus

0 2093 1 2097 ’
30 2103 58 2121 ιτ
75 2102 192 2121 rossanus
210 2103 240 2121 ar
257 2104 375 2121 »annuus-
410 2094 509 2121 Omitto
522 2096 649 2125 miserias,
665 2094 693 2120 in
706 2093 816 2128 quibus,

30 2135 59 2159 ut
70 2131 111 2158 illi
121 2132 204 2163 aiunt,
222 2132 263 2158 vir
277 2131 350 2158 fortis
361 2140 419 2158 esse
434 2140 485 2158 non
499 2135 598 2166 potest;
613 2131 707 2157 omitto
720 2133 816 2164 fauces,

0 2203 1 2207 Ἰ
30 2176 63 2196 ex
74 2169 175 2204 quibus
194 2173 218 2195 to
232 2169 298 2203 eripi
313 2169 363 2200 vis,
384 2177 416 2195 ne
429 2168 529 2195 iudicio
542 2169 635 2203 iniquo
648 2168 820 2194 exsorbeatur

31 2206 140 2242 sanguis
158 2210 230 2238 tuus,
250 2205 323 2241 quod
340 2206 453 2240 sapienti
473 2210 568 2241 negant
586 2205 704 2232 accidere
723 2213 816 2240 posse:

30 2245 125 2270 servire
146 2252 208 2270 vero
226 2252 278 2270 non
296 2243 374 2269 modo
393 2247 426 2274 te,
445 2242 492 2269 scd
510 2243 667 2269 universum
685 2247 817 2273 senatum,

0 2279 3 2287 ”
31 2279 108 2307 cuius
121 2284 178 2308 tum
191 2289 313 2307 caussam
328 2280 434 2316 agebas,
450 2288 533 2306 ausus
547 2288 575 2306 es
584 2279 690 2306 dicere?
703 2281 761 2307 226.
770 2280 820 2306 Po-

32 2321 115 2344 testne
132 2318 226 2349 virtus,
247 2318 349 2349 Crasse,
369 2317 470 2344 servire
487 2317 546 2343 istis
565 2317 731 2348 auctoribus,
751 2325 820 2352 quo-

31 2362 90 2381 rum
115 2358 145 2382 tu
171 2360 308 2390 praecepta
333 2355 443 2381 oratoris
470 2353 592 2380 facultate
617 2353 820 2389 complecteris?

0 2390 1 2411 ἶ
31 2399 99 2426 quae
117 2397 143 2419 et
155 2401 261 2428 semper
282 2397 308 2419 et
325 2392 380 2419 sola
400 2392 481 2418 libera
496 2396 544 2422 cst,
566 2400 698 2426 quaeque,
715 2391 818 2418 etiamsi

0 2435 1 2448 ³
32 2435 137 2464 corpora
150 2434 224 2465 capta
238 2430 292 2456 sint
305 2430 385 2456 armis
395 2434 441 2456 aut
451 2429 590 2456 constricta
598 2428 723 2460 vinculis,
732 2433 819 2454 tamen

0 2481 1 2489 η
32 2473 110 2493 suum
124 2466 167 2493 ius
180 2471 259 2502 atquc
268 2467 389 2494 omnium
401 2475 488 2493 rerum
501 2466 660 2500 impunitam
672 2465 818 2492 libertatem

32 2506 118 2530 tenero
131 2503 233 2531 debeat.
267 2503 339 2537 Quae
357 2513 419 2531 vcro
433 2503 568 2534 addidisti,
586 2512 636 2529 non
651 2503 729 2529 modo
742 2511 820 2528 sena-

33 2543 88 2566 tum
102 2541 201 2568 servire
212 2550 285 2575 posse
299 2541 405 2576 populo,
421 2541 468 2567 sed
483 2541 561 2567 etiam
576 2542 672 2571 debere,
693 2540 755 2575 quis
770 2539 820 2566 hoc

33 2575 207 2612 philosophus
221 2583 274 2605 tam
288 2578 385 2610 mollis,
401 2583 454 2605 tam
470 2577 624 2613 languidus,
641 2582 694 2603 tam
709 2586 820 2603 enerva-

34 2616 85 2645 tus,
104 2618 156 2641 tam
173 2616 261 2642 omnia
279 2615 311 2642 ad
329 2615 491 2650 voluptatem
510 2615 627 2649 corporis
647 2614 819 2648 doloremque

34 2649 155 2683 reserens,
179 2652 289 2687 probare
311 2658 413 2688 posset.-
445 2657 566 2679 senatum
586 2652 686 2678 servire
709 2651 818 2686 populo,

27 789 169 824 amplificat
185 793 265 823 atque
286 792 370 819 ornat,
396 796 483 822 neque
501 786 560 813 vult
576 786 612 812 ita
626 786 733 820 sapiens
747 786 816 811 inter
836 799 837 815 i

27 1013 123 1040 sideret
140 1012 360 1048 philosophorum
377 1012 577 1046 descriptiones,
595 1019 681 1046 neque
695 1011 817 1045 exquirat
837 1032 838 1035 ,

892 118 910 143 Ι.
946 117 964 143 C
979 117 999 143 Α
1015 118 1042 143 Ρ,
1081 119 1109 143 49
1142 132 1177 135 —
1198 118 1239 142 54.
1623 118 1653 142 87

865 188 909 214 cui
931 188 1048 223 populus
1071 188 1128 222 ipse
1150 187 1303 213 moderandi
1324 192 1347 213 et
1363 186 1471 219 regendi
1486 188 1528 212 sui
1544 192 1658 220 potesta-

866 230 918 252 tem
937 226 1016 260 quasi
1034 225 1164 260 quasdam
1182 225 1299 250 habenas
1314 224 1485 250 tradidisset?
1517 224 1581 250 LllI.
1599 225 1656 250 227.

866 265 957 298 Itaque
971 263 1034 289 haec
1048 271 1133 297 quum
1147 271 1161 288 a
1175 267 1199 288 te
1213 262 1343 288 divinitus
1362 271 1410 297 ego
1424 262 1493 287 dicta
1507 261 1656 291 arbitrarer,

865 302 894 327 P.
910 300 1028 327 Rutilius
1041 299 1137 330 Rufus,
1154 299 1233 325 homo
1247 299 1341 325 doctus
1352 304 1376 325 et
1389 299 1574 333 philosophiae
1585 298 1660 324 dedi-

866 343 918 369 tus,
935 346 987 364 non
1001 337 1080 364 modo
1094 346 1188 372 parum
1202 336 1348 367 commode,
1365 336 1411 362 sed
1422 337 1501 362 ctiam
1513 337 1626 370 turpiter
1635 341 1660 362 et

867 375 996 411 flagitiose
1014 375 1083 401 dicta
1097 383 1155 400 esse
1169 374 1282 400 dicebat.
1316 374 1443 408 Idemque
1458 373 1581 400 Servium
1597 373 1661 399 Gal-

867 413 938 444 bam,
954 421 1035 447 quem
1050 412 1185 438 hominem
1200 412 1281 445 probe
1294 412 1510 438 commeminisse
1525 420 1553 436 se
1563 410 1657 436 aiebat.

867 450 1032 485 pergraviter
1044 449 1237 484 reprehendere
1252 448 1362 480 solebat,
1378 448 1451 483 quod
1465 449 1488 474 is
1507 449 1535 474 L.
1554 448 1660 474 Scribo-

868 488 911 514 nio
925 487 1109 521 quaestionem
1122 487 1150 512 in
1165 495 1226 512 eum
1237 485 1336 512 ferente
1347 485 1439 520 populi
1452 486 1660 512 misericordiam

867 525 1033 555 concitasset,
1049 532 1135 558 quum
1149 523 1184 549 M.
1201 523 1271 554 Cato,
1290 523 1390 550 Galbae
1404 523 1494 558 gravis
1509 528 1588 557 atque
1603 532 1661 548 acer

867 562 1003 593 inimicus,
1024 569 1116 595 aspere
1134 560 1205 595 apud
1224 561 1356 595 populum
1376 562 1525 587 Romanum
1541 564 1565 586 et
1579 560 1661 586 vehe-

868 604 970 626 menter
988 603 1058 625 esset
1077 597 1191 628 locutus,
1207 606 1287 632 quam
1303 599 1447 624 orationem
1462 599 1489 623 in
1503 597 1660 633 Originibus

867 637 925 663 suis
943 636 1069 670 exposuit
1087 635 1154 670 ipse.
1190 636 1248 662 228.
1268 635 1486 669 Reprehendebat
1502 636 1583 670 igitur
1598 634 1661 661 Gal-

868 675 928 700 bam
952 673 1078 702 Rutilius,
1104 672 1177 707 quod
1200 673 1224 698 is
1244 672 1272 699 C.
1289 672 1402 706 Sulpicii
1418 672 1497 702 Galli,
1517 672 1660 706 propinqui

867 712 918 742 sui,
940 710 971 743 Q.
991 710 1126 745 pupillum
1146 709 1232 736 filium
1246 709 1304 744 ipse
1318 718 1401 744 paene
1416 710 1441 735 in
1459 710 1583 735 humeros
1598 718 1661 735 suos

867 748 1016 779 extulisset,
1036 748 1084 782 qui
1103 748 1185 781 patris
1203 746 1347 773 clarissimi
1365 746 1544 772 recordatione
1563 751 1587 772 et
1605 755 1661 772 me-

868 786 949 812 moria
964 785 1055 811 fletum
1070 784 1169 819 populo
1187 788 1304 811 moveret
1322 788 1347 810 et
1360 784 1427 810 duos
1442 783 1510 810 filios
1524 792 1587 809 suos
1601 792 1662 818 par-

868 832 916 850 vos
934 822 1031 849 tutelae
1049 822 1142 857 populi
1160 822 1372 848 commendasset
1386 830 1415 847 ac
1429 829 1466 851 se,
1484 825 1619 855 tamquam
1635 822 1661 847 in

868 861 1005 896 procinctu
1020 864 1208 886 testamentum
1223 859 1319 885 faceret
1337 860 1395 885 sine
1410 858 1476 884 libra
1490 863 1570 892 atque
1585 858 1662 884 tabu-

869 898 910 929 lis,
920 897 1051 932 populum
1062 897 1211 923 Romanum
1226 901 1339 923 tutorem
1355 897 1492 922 instituere
1507 896 1619 921 dixisset
1630 895 1663 921 il-

869 936 954 962 lorum
968 935 1083 961 orbitati.
1105 935 1196 969 ltaque
1210 942 1295 969 quum
1310 939 1334 960 et
1348 934 1448 960 invidia
1463 938 1488 959 et
1498 932 1558 959 odio
1569 932 1662 967 populi

844 980 846 989 ¹
869 978 925 999 tum
949 972 1032 999 Galba
1055 976 1229 1006 premeretur,
1250 971 1292 997 his
1311 980 1420 1006 quoque
1439 979 1500 996 eum
1519 970 1662 1005 tragoediis

869 1010 1010 1037 liberatum
1024 1009 1137 1041 serebat,
1153 1008 1225 1043 quod
1238 1009 1302 1034 item
1316 1009 1387 1043 apud
1398 1008 1522 1034 Catonem
1532 1008 1662 1042 scriptum

868 1057 927 1074 esse
941 1047 1027 1078 video,
1044 1047 1097 1073 nisi
1111 1046 1203 1081 pueris
1217 1051 1242 1072 et
1258 1046 1373 1072 lacrimis
1388 1054 1455 1071 usus
1469 1050 1547 1075 esset,
1565 1054 1663 1079 poenas

868 1094 930 1112 eum
944 1084 1071 1111 daturum
1085 1083 1179 1110 fuisse.
1213 1084 1281 1109 Haec
1300 1083 1417 1109 Rutilius
1436 1082 1513 1109 valde
1527 1083 1664 1116 vitupera-

868 1123 922 1154 bat,
938 1126 963 1148 et
976 1122 1040 1148 huic
1053 1121 1199 1147 humilitati
1214 1121 1318 1147 dicebat
1333 1120 1374 1146 vel
1389 1120 1515 1146 exsilium
1528 1119 1610 1145 luisse
1621 1119 1662 1146 vel

869 1164 981 1186 mortem
995 1158 1216 1193 anteponendam.
1251 1160 1309 1185 229.
1330 1159 1422 1192 Neque
1437 1165 1498 1183 vero
1513 1157 1561 1183 hoc
1576 1157 1662 1184 solum

869 1197 946 1228 dixit,
963 1196 1010 1223 sed
1024 1197 1082 1230 ipse
1096 1201 1121 1222 et
1135 1196 1219 1222 sensit
1233 1200 1258 1221 et
1272 1195 1342 1222 fecit.
1358 1196 1425 1222 Nam
1440 1203 1525 1230 quum
1540 1199 1609 1220 esset
1619 1194 1663 1220 ille

870 1235 911 1261 vir
928 1233 1092 1268 exemplum,
1113 1237 1143 1259 ut
1160 1233 1243 1264 scitis,
1264 1233 1438 1264 innocentiae,
1458 1240 1599 1267 quumque
1618 1232 1663 1258 illo

870 1281 947 1298 nemo
962 1280 1049 1306 neque
1062 1271 1192 1306 integrior
1205 1275 1275 1296 esset
1285 1271 1312 1297 in
1323 1271 1429 1296 civitate
1442 1278 1527 1304 neque
1539 1270 1661 1300 sanctior,

870 1318 921 1336 non
940 1309 1018 1336 modo
1037 1307 1154 1343 supplex
1170 1308 1307 1334 iudicibus
1326 1317 1384 1334 esse
1404 1307 1497 1337 noluit,
1514 1307 1562 1333 sed
1577 1316 1608 1333 ne
1622 1316 1665 1333 or-

871 1347 958 1373 natius
971 1346 1081 1381 quidem
1096 1349 1141 1372 aut
1156 1345 1267 1371 liberius
1281 1354 1403 1372 caussam
1418 1345 1470 1371 dici
1486 1354 1572 1375 suam,
1582 1354 1664 1379 quam

869 1383 986 1419 simplex
1004 1383 1069 1410 ratio
1088 1383 1205 1409 veritatis
1220 1382 1329 1409 ferebat.
1358 1382 1483 1409 Paullum
1498 1382 1560 1408 huic
1576 1381 1665 1409 Cottae

870 1421 963 1448 tribuit
977 1421 1101 1455 partium,
1118 1420 1295 1447 disertissimo
1309 1419 1479 1450 adolescenti,
1492 1420 1590 1446 sororis
1601 1428 1664 1446 suae

871 1458 934 1485 lilio.
970 1458 1042 1485 Dixit
1061 1458 1125 1484 item
1143 1465 1265 1483 caussam
1280 1457 1353 1483 illam
1367 1457 1483 1492 quadam
1498 1465 1531 1483 ex
1545 1462 1617 1491 parte
1631 1456 1662 1488 O.

871 1496 984 1526 Mucius,
1001 1503 1074 1521 more
1094 1503 1152 1525 suo,
1172 1494 1247 1520 nullo
1261 1499 1398 1529 apparatu,
1416 1502 1481 1528 pure
1496 1500 1519 1520 et
1534 1494 1662 1520 dilucide.

870 1535 928 1560 230.
943 1532 1020 1565 Quod
1034 1533 1057 1558 si
1072 1536 1101 1558 tu
1116 1536 1188 1563 tunc,
1205 1532 1495 1566 Crasse,dixisses,qui
1511 1531 1664 1558 subsidium

869 1571 965 1597 oratori
988 1579 1022 1596 ex
1043 1569 1098 1596 illis
1120 1569 1357 1603 disputationibus
1382 1569 1484 1604 quibus
1511 1569 1664 1603 philosophi

872 1612 991 1639 utuntur,
1017 1607 1050 1633 ad
1072 1606 1179 1633 dicendi
1199 1607 1312 1641 copiam,
1334 1606 1478 1641 petendum
1497 1615 1556 1632 esse
1575 1606 1665 1640 paullo

870 1650 929 1672 ante
943 1645 1064 1676 dicebas3
1090 1648 1116 1670 et
1138 1644 1161 1669 si
1180 1644 1228 1670 tibi
1248 1653 1295 1678 pro
1312 1644 1341 1670 P.
1361 1643 1460 1670 Rutilio
1479 1652 1530 1669 non
1546 1643 1665 1678 philoso-

871 1683 985 1717 phorum
1001 1691 1082 1713 more,
1098 1681 1146 1707 sed
1160 1685 1205 1707 tuo
1220 1681 1339 1707 licuisset
1352 1681 1450 1711 dicere,
1467 1682 1592 1716 quamvis
1607 1690 1665 1707 see-

871 1720 945 1746 lerati
959 1719 999 1746 illi
1015 1719 1138 1749 luissent,
1155 1719 1235 1745 sicuti
1250 1718 1368 1750 suerunt,
1385 1718 1504 1753 pestiferi
1515 1719 1588 1744 cives
1599 1727 1664 1752 sup-

870 1757 1005 1793 plicioque
1027 1757 1111 1792 digni,
1138 1760 1226 1782 tamen
1244 1764 1352 1782 omnem
1370 1765 1462 1782 eorum
1478 1756 1665 1790 importunita-

870 1800 923 1821 tem
937 1803 971 1821 ex
984 1794 1086 1821 intimis
1101 1793 1236 1820 mentibus
1251 1793 1386 1820 evellisset
1401 1794 1442 1819 vis
1451 1794 1578 1820 orationis
1589 1798 1662 1819 tuae:

870 1841 942 1859 nunc
954 1831 1015 1858 talis
1031 1832 1070 1858 vir
1083 1831 1201 1857 amissus
1215 1835 1263 1862 est,
1279 1830 1345 1857 dum
1358 1839 1452 1857 caussa
1467 1831 1502 1856 ita
1516 1830 1622 1859 dicitur.
1636 1835 1665 1857 ut

869 1870 892 1896 si
910 1870 939 1896 in
957 1869 1002 1896 illa
1021 1868 1202 1895 commentitia
1219 1868 1336 1895 Platonis
1355 1868 1462 1894 civitate
1476 1876 1518 1894 res
1532 1873 1662 1903 ageretur.

870 1908 953 1934 Nemo
970 1906 1110 1942 ingemuit,
1133 1914 1210 1932 nemo
1229 1905 1381 1932 inclamavit
1400 1910 1579 1940 patronorum,
1598 1905 1663 1931 nihil

869 1945 996 1979 cuiquam
1014 1943 1109 1974 doluit,
1129 1952 1207 1969 nemo
1225 1948 1264 1969 cst
1282 1947 1403 1977 questus,
1425 1951 1503 1969 nemo
1516 1943 1665 1977 rempubli-

869 1991 927 2009 cam
941 1981 1102 2016 imploravit.
1119 1989 1198 2007 nenio
1211 1980 1385 2015 supplicavit.
1417 1980 1487 2012 Quid
1503 1980 1604 2006 multa'?
1619 1989 1665 2014 pe-

870 2019 931 2045 dem
946 2027 1024 2045 nenio
1037 2018 1064 2045 in
1080 2017 1124 2045 illo
1138 2017 1238 2044 iudicio
1252 2017 1396 2052 snpplosit,
1411 2018 1499 2048 eredo,
1522 2026 1553 2044 ne
1568 2017 1664 2043 Stoicis

870 2056 1076 2083 renuntiaretur.
1099 2055 1163 2082 LIV.
1178 2057 1237 2082 234.
1254 2056 1373 2081 Inritatus
1388 2060 1427 2080 est
1442 2055 1519 2080 honio
1530 2056 1664 2081 Romanus

869 2098 895 2120 et
916 2093 1064 2120 consularis
1087 2097 1203 2118 veterem
1226 2092 1303 2118 illuni
1326 2092 1473 2123 Socratem,
1497 2093 1553 2126 qui,
1578 2101 1663 2126 quum

869 2131 990 2158 omnium
1013 2130 1230 2164 sapientissimus
1251 2134 1321 2156 esset
1338 2130 1560 2164 sain-tissimeque
1580 2130 1664 2155 vixis-

870 2173 918 2199 sct,
944 2169 978 2194 ita
1000 2169 1027 2194 in
1050 2167 1150 2194 iudicio
1172 2167 1268 2201 capitis
1287 2176 1334 2201 pro
1352 2176 1380 2193 se
1399 2167 1456 2201 ipse
1475 2167 1551 2197 dixit,
1569 2172 1597 2192 ut
1613 2176 1663 2192 nou

870 2205 985 2240 supplex
1005 2209 1050 2231 aut
1068 2213 1140 2235 reus,
1159 2204 1207 2230 sed
1221 2205 1348 2240 magister
1361 2209 1404 2230 aut
1420 2204 1545 2229 dominus
1561 2203 1663 2229 videre-

871 2247 913 2269 tur
926 2250 984 2269 esse
998 2241 1130 2268 iudicum.
1145 2240 1216 2273 Quin
1230 2242 1413 2276 etiani,quurn
1428 2241 1450 2267 ei
1466 2242 1591 2275 scriptam
1605 2250 1663 2266 ora-

871 2281 969 2306 tionem
988 2279 1183 2305 disertissimus
1201 2283 1288 2305 orator
1307 2279 1399 2314 Lysias
1413 2278 1554 2307 attulisset,
1570 2286 1661 2312 «prinu,

870 2318 891 2343 si
907 2317 931 2343 ei
947 2316 1090 2346 videretur,
1106 2315 1244 2346 edisceret,
1261 2321 1289 2342 ut
1303 2325 1332 2341 ca
1348 2325 1394 2350 pro
1408 2325 1436 2340 se
1451 2316 1477 2340 in
1493 2315 1591 2341 iudicio
1607 2321 1664 2341 ute-

871 2358 951 2384 retur,
980 2362 1032 2380 non
1055 2353 1158 2379 invitus
1182 2352 1245 2388 legit
1266 2357 1291 2379 et
1309 2352 1446 2379 commode
1465 2352 1590 2386 scriptum
1605 2361 1665 2378 esse

870 2391 952 2422 dixin
968 2390 1025 2421 scd,
1041 2390 1138 2424 inquit,
1155 2393 1192 2420 ut,
1208 2391 1230 2416 si
1246 2390 1312 2416 mihi
1327 2389 1428 2415 ealeeos
1442 2389 1581 2424 Sicyonios
1594 2394 1664 2416 attu—

872 2428 957 2459 usses,
978 2436 1030 2454 non
1050 2432 1146 2458 uterer,
1165 2427 1290 2460 quamvis
1304 2431 1391 2452 essent
1407 2426 1509 2452 habiles
1523 2432 1547 2452 et
1562 2428 1616 2461 apti
1631 2427 1664 2452 ad

871 2465 976 2500 pedem,
991 2465 1055 2500 quia
1071 2473 1121 2490 nou
1141 2469 1229 2489 essent
1244 2463 1348 2494 viriles,
1377 2464 1414 2489 sic
1431 2463 1502 2489 illuni
1517 2465 1664 2490 orationem

870 2503 996 2529 disertam
1019 2502 1071 2527 sibi
1094 2506 1120 2527 et
1140 2502 1279 2527 oratoriam
1301 2501 1393 2531 videri,
1411 2500 1503 2527 sortem
1518 2506 1543 2527 et
1558 2501 1662 2527 virileni

871 2549 923 2566 non
944 2539 1038 2566 videri.
1073 2539 1141 2574 Ergo
1160 2537 1204 2564 ille
1218 2547 1326 2573 quoque
1340 2538 1481 2564 ‹larun-itus
1495 2543 1547 2570 est;
1577 2547 1663 2573 neque

870 2577 958 2603 solum
981 2577 1076 2611 primis
1099 2576 1247 2606 sententiis,
1271 2575 1372 2610 quilnis
1392 2580 1492 2601 tautum
1512 2576 1662 2601 statuebant

871 2614 983 2644 iudices,
1003 2613 1167 2643 damnarent,
1187 2621 1220 2639 un
1240 2613 1416 2643 absolverent,
1436 2612 1484 2638 sed
1502 2613 1580 2638 etiarn
1597 2612 1659 2639 illis.

870 2660 937 2686 quas
957 2651 1052 2678 iterum
1069 2650 1173 2686 legibus
1189 2650 1254 2676 l'erre
1268 2650 1410 2676 debebant.
1440 2652 1497 2676 2232.
1516 2650 1575 2676 Erat
1591 2651 1661 2676 enini
