1941 3052
230 149 277 174 {wi
798 151 841 175 2¹8.
877 149 910 174 M.
946 149 974 175 T.

229 219 332 245 habitae
348 219 435 245 Larini
450 220 633 254 ‹piat-stiones:
659 219 779 245 eiumlem
795 220 925 245 uiuentine
940 218 1021 245 falsae

227 257 436 291 conat-riptioiwn
449 257 651 291 qmwationum:
680 265 713 282 ex
731 256 824 282 eodem
841 256 928 282 furore
942 257 1020 282 etiam

228 293 272 320 illa
286 295 461 320 cunm-elerum
476 295 591 319 exsectio
607 293 727 327 linguae:
745 294 825 319 totius
839 293 955 328 denique
971 293 1022 319 bu-

228 331 269 356 ins
289 331 322 357 ab
342 331 384 357 illa
404 336 443 356 est
458 336 482 356 et
498 331 602 356 iuventa
618 336 642 356 et
656 330 779 356 adornata
794 331 956 365 comparatio
969 331 1021 357 cri-

227 369 317 394 minis.
343 370 398 394 taz.
416 369 501 402 Atque
517 368 557 393 bis
573 367 652 393 rebus
667 376 751 402 quum
768 368 928 393 instructum
943 376 1021 394 accu-

226 411 339 431 satorem
359 405 414 430 filio
435 414 484 430 suo
503 405 610 430 Romam
636 405 767 431 misisset:
793 405 849 439 ipsa
874 405 1021 440 paullisper

225 442 468 477 conquiremlorum
489 446 513 467 et
536 442 769 469 conducendorum
794 443 902 469 testium
926 451 1019 468 causan

226 480 314 505 Larini
334 484 374 505 est
392 484 565 505 commorata:
590 484 678 514 postea
697 484 800 510 autem,
820 489 905 515 quum
925 489 1021 514 appro-

226 518 354 551 pinquare
370 516 451 542 huius
466 516 596 542 iudicium
611 518 634 543 ei
649 517 801 543 nuntiatum
816 522 864 548 est,
880 517 1020 543 confestim

226 555 277 580 lm(-
291 553 434 584 advolavit.
452 562 484 580 ne
498 558 543 580 aut
557 555 757 580 ucciisatoribns
767 554 905 589 diligentia
917 559 963 581 aut
975 563 1021 589 pc-

224 592 301 617 ‹·unia
322 591 434 617 testibus
453 590 571 621 deesset,
596 596 641 618 aut
660 601 692 618 ne
711 591 776 618 forte
795 597 878 618 mater
897 592 945 619 boc
968 592 1020 618 sibi

224 629 421 662 optatissimum
441 629 624 663 spectaculum
644 629 726 656 buius
745 630 865 656 sordium
884 634 963 664 atque
979 629 1021 656 lu-

223 671 282 692 ctus
302 671 327 692 et
347 666 410 692 tanti
425 666 558 700 squaloris
572 667 712 693 amitteret.
754 667 868 693 vam.
889 668 942 694 Iam
959 676 1021 694 vero

223 703 294 738 quod
314 704 363 729 iter
381 704 490 730 Romam
509 705 567 730 eius
591 704 712 730 mulieris
736 704 820 731 fuisse
843 704 1021 731 existimatis?
1040 713 1041 720 ¹

222 740 304 776 (quod
319 749 381 776 ego,
403 745 509 775 propter
524 742 685 768 vicinitatem
702 743 875 777 Aquinatium
895 747 920 768 et
935 743 1019 769 Vena-

224 778 368 809 franorum,
385 787 418 804 ex
429 778 522 804 multis
532 779 624 805 audivi
636 784 661 805 et
671 780 788 814 comperi
798 780 815 815 :)
829 789 897 815 quos
907 789 1019 806 concur-

223 825 270 842 sus
285 817 310 842 in
327 816 369 842 bis
383 815 509 850 oppidis?
531 821 645 851 quantos
663 822 688 843 et
703 818 820 844 virorum
835 822 860 844 et
875 818 1017 843 mulierum

222 853 339 887 gemitus
354 862 412 879 esse
427 853 527 880 factos‘?
545 854 685 880 mulierem
700 855 844 889 quamdam
860 855 963 885 Larino.
980 859 1019 881 at·

222 899 275 925 que
299 890 371 917 illam
395 899 481 926 usque
505 900 518 918 a
542 892 607 918 inari
627 901 724 926 supero
742 893 852 919 Romam
875 892 1016 927 proficisci,

221 937 283 954 cum
298 937 395 964 magno
408 929 534 955 comitatu
549 933 574 955 et
586 930 707 964 pecunia,
723 938 777 964 quo
788 929 893 956 facilius
904 930 1019 956 circum-

222 966 313 992 venire
332 966 431 992 iudicio
449 967 544 1000 capitis
563 972 642 1002 atquc
655 968 807 1002 opprimere
821 968 907 994 filium
923 968 1016 1002 possit.

223 1004 279 1029 ⁴93.
296 1003 379 1030 Nemo
393 1008 447 1030 erat
461 1003 582 1035 illorum,
604 1013 686 1039 paene
705 1005 806 1036 dicam,
826 1006 892 1040 quin
907 1006 1018 1040 expian-
1039 1030 1041 1038 ,

220 1040 285 1067 dum
300 1040 377 1067 illum
394 1040 480 1068 locum
500 1050 559 1068 esse
577 1042 762 1074 arbitraretur,
783 1051 954 1078 quacumque
973 1043 1017 1069 illa

207 1078 270 1104 'iter
284 1077 403 1111 fecisset;
433 1087 519 1111 nemo,
536 1080 602 1114 quin
617 1084 712 1106 terram
726 1081 814 1114 ipsam
830 1080 932 1111 violari,
949 1089 1018 1115 quae

220 1121 303 1142 mater
317 1120 356 1142 est
370 1116 501 1147 omnium,
518 1117 638 1152 vestigiis
653 1117 846 1144 consceleratae
861 1118 952 1144 matris
968 1127 1018 1152 pu-

221 1158 295 1180 taret.
330 1154 422 1188 Itaque
441 1153 515 1181 nullo
529 1155 556 1180 in
570 1154 670 1189 oppido
683 1155 848 1182 consistendi
863 1160 979 1190 potestas
993 1156 1017 1182 ei

221 1190 284 1217 fuit:
306 1199 383 1217 nemo
401 1200 434 1217 ex
454 1196 489 1218 tot
509 1191 662 1226 hospitibus
681 1192 807 1219 inventus
825 1198 879 1223 est,
898 1193 944 1228 qui
965 1202 1017 1219 non

219 1229 403 1263 contagionem
418 1234 541 1263 aspectus
557 1229 669 1263 fugeret.
695 1231 770 1256 Nocti
785 1239 814 1257 se
827 1231 917 1265 potius
931 1239 960 1257 ac
974 1239 1018 1257 so—

221 1265 338 1296 litudini,
354 1275 436 1301 quam
452 1266 500 1293 ulli
515 1271 560 1293 aut
574 1267 634 1293 urbi
649 1272 695 1293 aut
709 1267 808 1302 hospiti
822 1268 1015 1294 committebat.

221 1304 277 1329 ⁴94.
294 1304 372 1329 Nunc
386 1312 448 1330 vero
462 1304 528 1338 quid
543 1309 611 1339 agat,
627 1304 694 1339 quid
709 1305 843 1336 moliatur,
859 1305 925 1340 quid
939 1305 1017 1332 deni-

219 1349 271 1375 que
285 1341 404 1375 quotidie
418 1342 529 1377 cogitet,
548 1350 629 1376 quem
649 1342 769 1377 ignorare
789 1347 909 1369 nostrum
925 1342 1018 1377 putat?

218 1378 290 1410 Quos
301 1378 450 1413 appellarit,
462 1379 564 1413 quibus
574 1380 716 1414 pecuniam
727 1380 888 1414 promiserit,
900 1388 1016 1415 quorum

219 1415 298 1442 fidem
314 1416 398 1450 pretio
418 1415 575 1443 labefactare
593 1421 684 1444 conata
702 1418 750 1449 sit,
772 1422 904 1444 tenemus.
945 1417 1016 1450 Quin

218 1454 296 1480 etiam
312 1458 440 1480 nocturna
455 1454 598 1486 sacrificia,
614 1463 683 1490 quae
698 1460 773 1490 putat
786 1455 930 1482 occultiora
945 1464 1014 1487 esse,

218 1490 414 1525 sceleratasque
428 1491 486 1517 eius
502 1500 593 1526 preces
604 1497 629 1518 et
641 1492 740 1519 nefaria
752 1498 811 1520 vota
822 1493 1014 1529 cognovimus:

217 1528 319 1563 quibus
338 1528 384 1555 illa
402 1529 481 1555 etiam
495 1529 559 1556 deos
575 1530 739 1557 immortales
752 1530 786 1557 de
800 1539 850 1557 suo
864 1530 964 1557 scelere
978 1535 1017 1557 te-

217 1570 314 1597 statur,
335 1574 423 1601 neque
436 1566 575 1603 intelligit,
597 1568 694 1602 pietate
712 1572 738 1594 et
755 1568 884 1604 religione
898 1573 923 1594 et
936 1569 1016 1595 iustis

216 1603 344 1638 precibus
358 1603 469 1630 deorum
484 1609 601 1636 mentes,
622 1614 674 1632 non
691 1606 870 1632 contaminata
884 1607 1017 1641 supersti-

217 1641 301 1672 tione,
327 1649 414 1676 neque
437 1641 470 1668 ad
492 1642 580 1669 scelus
603 1643 795 1678 perficiendum
814 1643 900 1670 caesis
919 1644 1015 1670 hostiis

217 1687 295 1713 posse
309 1678 419 1713 placari.
445 1679 529 1706 Cuius
544 1688 593 1716 ego
607 1680 723 1707 furorem
737 1685 816 1716 atque
830 1680 1014 1707 crudelitatem

216 1715 281 1742 deos
295 1716 460 1743 immortales
475 1726 488 1743 a
503 1717 561 1744 suis
575 1718 629 1744 aris
643 1722 723 1753 atque
737 1717 845 1753 templis
859 1722 1015 1753 aspernatos

216 1762 275 1780 esse
289 1753 402 1780 confido.

272 1791 369 1817 Lxlx.
387 1792 443 1818 ⁴95.
465 1791 531 1823 Vos,
547 1791 665 1823 iudices,
685 1801 754 1827 quos
768 1792 832 1819 huic
845 1793 877 1820 A.
893 1792 1016 1820 Cluentio

216 1828 347 1863 quosdam
367 1828 432 1855 alios
450 1828 514 1856 deos
534 1829 567 1856 ad
584 1838 663 1856 omne
685 1831 755 1856 vitae
779 1835 886 1865 tempus
910 1830 1015 1857 fortuna

216 1874 276 1892 esse
291 1865 386 1897 voluit,
402 1866 484 1893 buius
498 1867 727 1902 importunitatem
739 1868 831 1894 matris
845 1877 860 1894 a
870 1867 919 1894 filii
929 1869 1015 1903 capite
1037 1872 1039 1904 ξ

216 1903 352 1938 depellite.
386 1903 464 1930 Multi
484 1913 564 1939 saepe
577 1905 605 1931 in
620 1904 764 1932 iudicando
778 1910 884 1940 peccata
899 1905 1014 1933 liberum

217 1945 358 1975 parentum
372 1941 571 1968 misericordiae
584 1947 788 1969 concesserunt:
813 1951 861 1970 vos
880 1952 913 1970 ne
931 1943 1015 1970 huius

216 1978 406 2005 honestissime
419 1983 505 2006 actam
520 1980 602 2006 vitam
617 1981 709 2006 matris
720 1979 871 2007 crudelitati
882 1980 1016 2008 condone-

216 2016 259 2046 tis,
276 2025 410 2051 rogamus,
428 2018 584 2051 praesertim
599 2026 685 2052 quum
699 2026 733 2044 ex
746 2017 827 2044 altera
841 2023 915 2053 parte
930 2023 1014 2045 totum

216 2053 396 2088 municipium
411 2054 501 2081 videre
515 2055 635 2089 possitis.
666 2055 766 2082 Omnes
780 2056 883 2087 scitote,
898 2056 1012 2088 iudices,

215 2091 382 2125 (incredibile
400 2091 474 2118 dictu
493 2096 546 2124 est,
571 2092 619 2119 sed
637 2101 651 2119 a
670 2101 713 2119 me
731 2094 873 2120 verissime
894 2093 1014 2128 dicitur.)

215 2137 308 2155 omnes
322 2129 471 2161 Larinates,
487 2131 536 2165 qui
550 2130 705 2162 valuerunt,
722 2131 830 2157 venisse
844 2131 968 2162 Romam,
985 2136 1014 2158 ut
1036 2147 1037 2154 ,

215 2166 288 2192 hunc
301 2166 390 2193 studio
405 2166 609 2203 frequentiaque
623 2176 685 2199 sua,
701 2173 832 2202 quantum
847 2173 969 2203 possent,
985 2169 1013 2195 in

215 2208 287 2230 tanto
300 2204 359 2230 eius
370 2204 490 2238 periculo
501 2205 682 2232 sublevarent.
704 2206 797 2232 Pueris
807 2205 877 2232 illud
887 2206 936 2232 hoc
947 2210 1014 2232 tem-

215 2249 278 2275 pore
301 2245 327 2267 et
350 2241 510 2268 mulieribus
532 2242 663 2277 oppidum
687 2244 779 2269 scitote
797 2251 857 2270 esse
874 2243 1011 2275 traditum,

214 2278 297 2313 idque
310 2278 338 2305 in
353 2280 515 2313 praeseutia,
535 2281 673 2306 communi
688 2280 777 2307 Italiae
791 2289 869 2315 pace,
884 2280 1014 2307 domesti—

214 2317 253 2342 cis
267 2316 351 2350 copiis
367 2325 426 2342 esse
437 2321 535 2344 tutum.
557 2317 630 2349 Quos
641 2322 729 2344 tamen
740 2318 813 2352 ipsos
824 2327 910 2353 aeque
920 2322 946 2345 et
956 2327 1010 2350 θος,

214 2361 282 2387 quos
305 2358 458 2388 praesentes
481 2354 592 2386 videtis,
623 2355 706 2381 huius
732 2356 896 2390 exspectatio
919 2355 1013 2382 iudicii

214 2390 272 2416 dies
286 2395 430 2426 noctesque
444 2391 578 2419 sollicitat.
621 2394 678 2419 ⁴96.
693 2393 751 2419 Non
766 2393 806 2419 illi
821 2402 868 2420 vos
881 2393 915 2419 de
930 2393 1013 2420 unius

215 2428 361 2463 municipis
376 2428 490 2455 fortunis
504 2429 676 2461 arbitrantur,
691 2430 740 2456 sed
753 2430 787 2456 de
800 2431 882 2457 totius
897 2431 1014 2457 munici-

215 2465 252 2499 pii
267 2469 346 2496 statu,
361 2465 500 2502 dignitate,
516 2467 720 2502 commodisque
729 2468 857 2494 omnibus
868 2468 1013 2494 sententias

214 2510 274 2528 esse
288 2502 397 2530 laturos.
438 2503 550 2530 Summa
564 2509 605 2531 est
618 2505 703 2535 enim,
718 2504 837 2536 iudices,
853 2505 970 2532 hominis
984 2505 1013 2532 in

214 2547 384 2566 communem
399 2542 540 2577 municipii
550 2550 606 2568 rem
616 2542 765 2578 diligentia,
780 2543 808 2569 in
818 2542 942 2578 singulos
952 2551 1014 2569 mu—

215 2576 318 2610 nicipes
332 2577 493 2613 benignitas,
509 2580 538 2606 in
547 2588 641 2606 omnes
652 2579 775 2606 homines
785 2580 889 2606 iustitia
898 2585 924 2606 et
934 2579 1010 2606 fides.

214 2613 351 2640 Praeterea
370 2615 535 2643 nobilitatem
553 2616 628 2643 illam
645 2617 716 2643 inter
732 2626 810 2649 suos,
836 2616 980 2652 locumque
998 2626 1013 2644 a

215 2651 363 2678 maioribus
377 2652 504 2680 traditum
518 2654 558 2680 sic
576 2658 677 2685 tuetur,
698 2658 728 2680 ut
746 2654 878 2681 maiorum
895 2655 1014 2690 gravita-

216 2692 278 2720 tem,
294 2690 483 2720 constantiam,
499 2691 624 2725 gratiam,
642 2691 827 2718 liberalitatem
841 2696 1010 2726 assequatur.

1011 151 1030 174 f.

1045 149 1290 176 tet-:noxis

1042 220 1051 232 '¹
1075 220 1166 254 ltaque
1181 220 1213 246 iis
1227 228 1288 246 eum
1305 220 1393 247 verbis
1408 219 1515 255 publice
1530 220 1651 251 laudant.
1669 226 1697 248 ut
1711 231 1762 249 non
1778 222 1866 250 solum

1075 257 1256 283 testimonium
1276 266 1356 283 auum
1376 257 1560 293 iudiciumque
1583 259 1747 291 significent,
1773 269 1866 287 verum

1048 324 1050 363 l
1074 332 1210 361 recitatur.
1228 340 1273 357 vos
1288 340 1400 366 quaeso,
1421 333 1468 367 qui
1482 340 1540 359 eam
1554 332 1703 364 detulistis.
1723 335 1866 369 assurgite.

1075 369 1227 395 hminum
1245 378 1398 398 ειυυτιι,
1420 378 1453 395 zx
1473 379 1664 397 nzecnoscu
1683 380 1867 398 ιΑιιιιΑιιυιι

1075 415 1216 432 υιιακκτο.

1074 452 1146 469 marc
1161 443 1284 478 potamia.
1304 452 1397 470 omnes
1416 443 1480 470 baec
1493 443 1650 471 decuriones
1663 444 1814 472 decrevisse
1831 445 1869 472 la·
1908 452 1911 454 “

1073 481 1226 507 crirnantes.
1261 480 1315 514 Age
1331 490 1406 511 vero.
1428 482 1576 508 vicinorum
1590 487 1720 516 (quantum
1735 483 1865 514 studium.

1074 556 1111 582 illi
1127 556 1152 582 in
1170 555 1268 582 libelliu
1283 555 1465 582 laudationum
1480 556 1584 582 decreta
1600 557 1743 588 miserunt,
1759 557 1806 584 sed
1820 557 1869 584 ho-

1073 594 1158 619 mines
1171 593 1385 624 honestissimos,
1401 602 1469 629 quos
1481 602 1631 625 nossemus,
1647 603 1740 621 omnes
1752 594 1804 621 huc
1816 594 1869 622 fre·

1040 633 1042 656 ι’
1072 636 1186 666 quentes
1200 630 1293 657 adesse
1306 636 1331 658 et
1346 631 1417 657 hunc
1432 635 1584 666 praesentes
1597 631 1704 658 laudare
1715 631 1866 659 voluerunt.

1073 668 1178 694 Adsunt
1204 668 1341 699 Frentani,
1371 669 1493 695 homines
1520 669 1696 701 nobilissimi;
1724 669 1867 696 Marrucini

1072 706 1134 732 item
1163 706 1218 740 pari
1245 705 1388 741 dignitate:
1417 706 1524 732 Theano
1546 706 1633 741 Apulo
1659 711 1738 742 atque
1757 707 1867 733 Luceria

1071 744 1176 778 equites
1191 743 1332 774 Romanos,
1349 743 1554 770 honestissimos
1569 744 1700 774 homines,
1718 743 1868 771 laudatores

1072 780 1183 807 videtis:
1212 781 1328 807 Boviano
1346 785 1453 816 totoque
1467 790 1499 807 ex
1514 781 1624 808 Samnio
1636 790 1722 816 quum
1737 781 1869 808 laudatio-

1072 827 1119 844 nes
1134 818 1338 844 honestissimae
1353 819 1451 845 missae
1466 823 1537 849 sunt,
1555 823 1612 845 tum
1624 819 1745 845 homines
1756 818 1867 854 amplis-

1071 856 1134 882 simi
1149 855 1364 891 nobilissimique
1380 861 1518 882 venerunt.
1561 857 1618 882 ⁴98.
1634 856 1687 883 lam
1701 857 1749 891 qui
1764 857 1791 883 in
1805 864 1869 892 agro

1071 894 1187 920 Larinati
1202 893 1322 928 praedia.
1343 894 1391 928 qui
1410 894 1529 929 negotia,
1549 894 1596 928 qui
1612 902 1654 920 res
1667 894 1806 928 pecuarias
1820 893 1868 920 ha-

1071 931 1147 962 bent,
1171 931 1276 957 honesti
1291 930 1414 958 homines
1427 936 1453 957 et
1466 939 1574 957 summo
1587 930 1729 965 splendore
1743 930 1866 966 praediti,

1070 968 1181 995 difficile
1195 968 1268 994 dictu
1283 973 1332 999 est,
1347 977 1429 1003 quam
1444 969 1498 994 sint
1509 967 1626 998 solliciti,
1643 977 1724 1004 quam
1737 968 1866 995 laborent.

1071 1007 1128 1033 Non
1143 1005 1220 1032 multi
1236 1006 1302 1032 mihi
1318 1006 1351 1032 ab
1366 1014 1419 1032 uno
1433 1006 1472 1032 sic
1485 1005 1562 1041 diligi
1579 1005 1717 1036 videntur,
1734 1011 1763 1032 ut
1777 1006 1820 1032 hic
1833 1006 1868 1033 ab

1038 1043 1041 1063 Ι
1071 1044 1113 1070 his
1128 1044 1273 1070 universis.
1308 1043 1390 1070 Lxx.
1409 1042 1493 1075 Quam
1509 1052 1561 1069 non
1575 1043 1669 1070 abesse
1682 1043 1716 1070 ab
1730 1043 1812 1070 buius
1825 1044 1868 1070 iu—

1070 1081 1140 1108 dicio
1154 1081 1184 1108 L.
1200 1081 1389 1111 Volusienum,
1409 1089 1516 1107 summo
1531 1080 1673 1115 splendore
1687 1080 1823 1107 hominem
1837 1089 1868 1108 ac

1070 1119 1168 1145 virtute
1184 1118 1344 1153 praeditum,
1362 1117 1473 1144 vellem!
1490 1127 1571 1153 quam
1587 1117 1682 1144 vellem
1698 1123 1867 1153 praesentem

1038 1158 1040 1162 '
1070 1165 1149 1191 posse
1175 1156 1204 1182 P.
1232 1155 1386 1182 Helvidium
1413 1155 1527 1186 Rufum.
1561 1156 1678 1190 equitem
1705 1156 1865 1186 Romanum,

1069 1194 1190 1220 omniurn
1209 1194 1425 1224 ornatissimum,
1446 1193 1595 1220 nominare!
1619 1193 1667 1228 qui
1684 1201 1769 1228 quum
1785 1193 1866 1220 buius

1069 1240 1163 1258 caussa
1182 1231 1239 1257 dies
1258 1235 1403 1266 noctesque
1422 1230 1558 1266 vigilaret,
1585 1235 1611 1257 et
1629 1239 1714 1266 quum
1734 1239 1777 1257 me
1799 1230 1866 1257 hanc

1069 1277 1192 1295 caussam
1207 1268 1321 1299 doceret,
1337 1269 1364 1294 in
1377 1268 1500 1294 morbum
1510 1276 1619 1304 gravem
1631 1267 1866 1303 periculosumque

1070 1306 1177 1333 incidit:
1205 1306 1233 1332 in
1251 1314 1306 1340 quo
1324 1310 1412 1332 tamen
1432 1314 1484 1332 non
1503 1306 1595 1331 minus
1613 1305 1646 1331 de
1663 1305 1749 1340 capite
1773 1305 1864 1336 huius.

1069 1352 1151 1378 quam
1165 1343 1198 1369 de
1212 1351 1261 1369 sua
1276 1343 1328 1369 vita
1345 1342 1455 1369 laborat.
1476 1342 1523 1370 Cn.
1539 1342 1644 1369 Tudicii
1659 1343 1799 1373 senatoris.
1815 1343 1866 1369 'ss‘ri

1069 1381 1163 1416 optimi
1178 1385 1203 1407 et
1217 1380 1415 1411 honestissimi,
1434 1388 1483 1415 par
1500 1379 1622 1406 studium
1636 1384 1662 1406 et
1676 1380 1828 1407 testimonio
1841 1384 1868 1407 et

1070 1418 1221 1445 laudatione
1234 1418 1410 1454 cognoscetis.
1431 1417 1530 1445 Eadem
1545 1426 1602 1453 spe,
1618 1417 1665 1444 sed
1679 1418 1778 1444 maiore
1791 1426 1868 1445 vere-

1068 1456 1180 1484 cundia,
1201 1455 1234 1482 de
1248 1460 1286 1487 te,
1306 1456 1336 1482 P.
1351 1455 1490 1487 Volumni,
1510 1456 1639 1490 quoniam
1653 1455 1736 1482 iudex
1748 1463 1778 1482 es
1791 1455 1818 1482 in
1833 1455 1865 1482 A.

1069 1493 1232 1525 Cluentium,
1248 1493 1373 1520 dicimus.
1400 1493 1441 1524 Et,
1458 1501 1490 1520 ne
1505 1492 1615 1529 longum
1630 1493 1674 1524 sit,
1689 1493 1811 1520 omnium
1826 1493 1868 1519 vi·

1067 1532 1190 1558 cinerum
1204 1539 1338 1558 summam
1353 1539 1412 1557 esse
1426 1531 1453 1557 in
1465 1530 1537 1557 hunc
1545 1530 1760 1557 benevolentiam
1771 1529 1868 1557 confir-

1068 1577 1185 1596 mamus.
1217 1569 1274 1594 ⁴99.
1290 1569 1390 1595 Horum
1404 1568 1526 1595 omnium
1540 1567 1671 1599 studium,
1687 1576 1788 1599 curam,
1803 1567 1868 1594 dili-

1067 1607 1199 1642 gentiam,
1228 1614 1374 1641 meumque
1396 1614 1449 1632 una
1474 1605 1605 1637 laborem,
1632 1607 1680 1640 qui
1699 1610 1780 1632 totam
1798 1605 1867 1632 hanc

1068 1653 1192 1671 caussam
1207 1648 1295 1670 vetere
1309 1643 1432 1670 instituto
1445 1642 1520 1669 solus
1537 1643 1673 1678 peroravi,
1695 1647 1866 1678 vestramque

1068 1681 1164 1712 simul,
1192 1680 1310 1712 iudices,
1334 1681 1496 1715 aequitatem
1515 1685 1541 1706 et
1558 1679 1795 1707 mansuetudinem
1813 1688 1866 1707 una

1068 1724 1152 1745 mater
1165 1723 1311 1754 oppugnat.
1343 1718 1378 1744 At
1390 1726 1459 1753 quae
1473 1717 1575 1744 mater?
1587 1716 1672 1750 Quam
1687 1725 1791 1744 caecam
1805 1726 1867 1744 cru-

1067 1756 1175 1783 delitate
1199 1761 1225 1782 et
1247 1756 1346 1782 scelere
1369 1755 1431 1782 ferri
1456 1755 1566 1782 videtis:
1594 1756 1673 1782 cuius
1691 1754 1864 1790 cupiditatem

1068 1794 1142 1820 nulla
1156 1802 1287 1828 umquam
1302 1793 1440 1828 turpitudo
1450 1792 1602 1823 retardavit,
1618 1801 1688 1827 quae
1698 1793 1773 1819 vitiis
1782 1793 1865 1819 animi

1068 1832 1094 1858 in
1113 1831 1269 1857 deterrimas
1288 1835 1376 1865 partes
1390 1831 1448 1857 iura
1463 1830 1603 1857 hominum
1617 1830 1748 1856 convertit
1759 1830 1863 1857 omnia:

1068 1869 1146 1895 cuius
1161 1877 1190 1895 ea
1205 1868 1319 1894 stultitia
1334 1873 1383 1899 est,
1400 1872 1430 1894 ut
1443 1876 1501 1894 eam
1516 1876 1594 1894 nemo
1604 1867 1755 1900 bominem;
1770 1876 1801 1894 ea
1812 1867 1863 1899 vis,

1067 1911 1097 1933 ut
1115 1915 1194 1933 nemo
1211 1905 1353 1938 feminam3
1382 1914 1412 1932 ea
1429 1905 1588 1936 crudelitas,
1609 1909 1639 1931 ut
1656 1913 1735 1932 nemo
1752 1909 1864 1932 matrem

1067 1943 1200 1979 appellare
1219 1944 1313 1978 possit.
1353 1943 1442 1978 Atque
1459 1943 1540 1969 etiam
1558 1942 1667 1969 nomina
1688 1941 1866 1970 necessitudi-

1067 1990 1146 2012 num,
1175 1990 1228 2008 non
1251 1980 1340 2008 seium
1362 1985 1472 2007 naturae
1494 1988 1593 2007 nomen
1615 1984 1641 2006 et
1657 1980 1716 2006 iura
1734 1980 1862 2007 mutavit:

1067 2027 1134 2046 uxor
1147 2019 1253 2054 generi,
1270 2027 1384 2045 noverca
1398 2018 1456 2049 filii,
1473 2017 1543 2044 filiae
1556 2017 1660 2052 pellex:
1675 2025 1707 2044 eo
1719 2017 1773 2044 iam
1787 2016 1865 2044 deni—

1066 2065 1119 2092 que
1137 2056 1251 2082 adducta
1269 2060 1322 2087 est,
1343 2060 1373 2082 ut
1386 2055 1439 2082 sibi
1453 2059 1558 2090 praeter
1571 2054 1682 2081 formam
1697 2054 1765 2081 nihil
1780 2054 1813 2081 ad
1825 2055 1865 2082 si-

1066 2093 1249 2120 militudinem
1263 2093 1381 2120 hominis
1394 2093 1544 2119 reservarit.
1566 2093 1626 2119 200.
1637 2091 1733 2124 Quare,
1749 2091 1862 2124 iudices,

1065 2132 1089 2158 si
1103 2131 1192 2158 scelus
1206 2131 1316 2162 odistis,
1331 2130 1472 2166 prohibete
1485 2129 1588 2157 aditum
1602 2130 1696 2156 matris
1710 2137 1724 2156 a
1738 2128 1788 2156 filii
1800 2137 1864 2156 san—

1065 2169 1156 2204 guine,
1172 2168 1233 2195 date
1247 2169 1350 2203 parenti
1365 2168 1437 2194 hunc
1450 2166 1636 2194 incredibilem
1647 2166 1766 2194 dolorem
1776 2175 1811 2193 ex
1819 2175 1864 2193 sa-

1066 2206 1134 2237 lute,
1154 2215 1189 2233 ex
1201 2206 1313 2233 victoria
1327 2205 1457 2232 liberum:
1477 2205 1615 2240 patimini.
1631 2209 1758 2235 matrem,
1773 2212 1808 2230 ne
1820 2212 1864 2231 or-

1064 2244 1125 2270 bata
1139 2243 1195 2270 filio
1208 2243 1328 2274 laetetur,
1344 2243 1443 2269 w'ctam
1456 2243 1546 2277 potius
1560 2246 1646 2268 vestra
1660 2241 1794 2276 aequitate
1805 2240 1864 2268 dis-

1064 2281 1168 2308 cedere.
1202 2280 1250 2307 Sin
1268 2285 1372 2311 autem,
1392 2279 1420 2306 id
1439 2279 1514 2315 quod
1527 2283 1614 2306 vestra
1627 2283 1722 2305 natura
1734 2277 1861 2314 postulat,

1064 2318 1210 2353 pudorem.
1238 2318 1377 2345 veritatem
1404 2318 1586 2352 virtutemque
1612 2315 1742 2351 diligitis:
1777 2315 1863 2343 levate

1064 2356 1137 2382 hunc
1151 2355 1296 2391 aliquando
1309 2354 1460 2390 supplicem
1474 2358 1608 2384 vestrum,
1627 2353 1744 2385 iudices,
1764 2357 1802 2380 tot
1814 2361 1864 2380 an-

1064 2402 1113 2420 nos
1127 2393 1155 2420 in
1169 2393 1235 2420 falsa
1249 2392 1351 2419 invidia
1365 2391 1546 2427 periculisque
1559 2395 1709 2422 versatum,
1727 2391 1778 2426 qui
1789 2398 1863 2418 nune

1064 2431 1183 2465 primum
1197 2435 1258 2465 post
1271 2429 1347 2457 illam
1364 2429 1513 2460 flammam,
1533 2427 1648 2455 aliorum
1662 2427 1731 2455 facto
1744 2431 1771 2455 et
1782 2428 1863 2463 cupi-

1063 2468 1146 2495 ditate
1164 2468 1318 2499 excitatam,
1337 2475 1386 2502 spe
1403 2471 1507 2493 vestrae
1523 2466 1666 2500 aequitatis
1683 2465 1787 2501 erigere
1802 2465 1862 2492 ani-

1064 2514 1139 2532 mum
1154 2509 1180 2532 et
1193 2504 1315 2540 paullum
1329 2505 1460 2539 respirare
1473 2512 1488 2530 a
1502 2507 1575 2530 metu
1588 2503 1689 2537 coepit:
1711 2503 1757 2530 cui
1774 2502 1863 2540 posita

1063 2547 1128 2570 sunt
1145 2543 1174 2569 in
1191 2542 1269 2569 vobis
1286 2542 1389 2569 omnia:
1417 2549 1500 2576 quem
1517 2545 1653 2566 servatum
1671 2548 1731 2566 esse
1748 2539 1859 2575 plurimi

1063 2580 1186 2615 cupiunt,
1201 2588 1308 2606 servare
1321 2578 1372 2606 soli
1386 2587 1434 2605 vos
1447 2578 1569 2613 potestiS.
1590 2579 1650 2605 20⁴.
1661 2576 1725 2604 Orat
1737 2585 1785 2604 vos
1794 2576 1860 2603 Avi-

1063 2622 1116 2648 tus,
1132 2617 1246 2648 iudices,
1262 2621 1288 2643 et
1300 2616 1367 2643 flens
1379 2615 1508 2646 obsecrat,
1524 2623 1559 2641 ne
1568 2624 1598 2641 se
1607 2614 1734 2646 invidiae,
1749 2621 1821 2649 quae
1830 2613 1858 2640 in

1063 2655 1172 2681 iudiciis
1191 2654 1280 2681 valere
1297 2662 1351 2681 non
1367 2653 1460 2685 debet;
1488 2661 1521 2679 ne
1539 2653 1631 2683 matri,
1654 2652 1734 2678 cuius
1751 2655 1812 2678 vota
1832 2654 1860 2677 et

1033 2697 1036 2717 ι
1063 2700 1157 2726 preces
1170 2701 1185 2718 a
1199 2692 1296 2719 vestris
1309 2690 1447 2718 mentibus
1460 2689 1600 2725 repudiare
1613 2689 1732 2721 debetis,
1755 2696 1790 2716 ne
1802 2687 1858 2723 Op-

1048 307 1051 319 ·
1073 296 1152 320 etiam
1171 303 1262 320 curam
1278 295 1359 320 animi
1373 303 1403 320 ac
1416 294 1544 322 dolorem.
1583 296 1656 328 Onia(-
1670 296 1734 323 dum
1751 296 1867 325 laudatio
1908 328 1910 331 ,

1260 407 1315 432 19Ἱ.
1332 406 1371 433 Ex
1386 406 1502 433 lacrimis
1517 406 1625 437 horum,
1642 407 1757 439 iudices.
1773 409 1867 436 existi·
1908 414 1911 419 '

1072 527 1152 553 quam
1169 518 1334 545 incredibilis
1349 518 1543 549 benevolentia.
1558 524 1656 554 quanta
1669 528 1732 546 cura
1740 521 1794 547 eati
1810 521 1866 548 Non
1908 542 1913 546 .
