1941 3052
205 112 267 137 tato
762 110 816 135 ⁴3¹4.
852 108 887 135 M.

200 181 232 201 tiu
241 180 316 200 uthin-
327 183 346 199 τί
358 178 457 202 lium-nn,
469 182 519 205 apta
529 178 553 198 ml
565 178 678 198 utentium
691 181 709 196 rt
722 177 846 198 intonatum.
857 185 875 198 e.
887 180 906 198 1.
926 177 993 198 Dein-

200 216 226 236 tln
239 215 306 242 lpum
320 214 420 242 propa-nit
433 214 510 237 trum..
531 221 541 231 ι·
557 213 642 236 tum-n-
655 214 738 233 Numm·
748 216 767 232 σί
780 213 877 232 mus-itu·-
889 212 993 232 §tum-ni-

200 251 285 271 duct-m
296 258 313 270 r.
326 254 336 269 tt
355 253 366 270 0
384 249 503 276 praemla-u
515 248 626 274 'innovatio
637 248 663 267 ι1ι·
675 247 729 270 lexin
741 247 851 270 ΙιιιιΙΞῐιιιι,
861 247 932 273 iisque
943 254 993 273 pro-

200 285 256 312 prii·
268 284 353 307 irc-uiuri-
365 284 398 303 nui
417 291 434 303 r.
447 286 464 303 7.
489 282 581 309 tutiqu-
597 286 667 302 nutem
680 289 729 308 pan
741 281 792 301 tit-ri
806 286 906 301 ter-ntur
917 281 938 301 ln
950 281 994 301 int·

201 320 248 342 lusu·
259 319 388 346 aptit-mt-
399 322 418 337 Ν
431 322 536 343 tanlquam
549 316 916 343 mutuata,nt.quibu-‹tonnul-
928 323 993 343 ιμιιε-

199 363 241 382 qu·-
252 355 306 377 luri-
318 361 367 380 pan
379 353 469 379 plan-nt,
482 352 626 373 {nn-uiuunt.
656 352 680 371 ln
691 359 733 378 qno
744 359 786 371 nun
796 351 866 371 nulum
879 351 993 372 Platonem

199 387 562 416 alin-qm·(tr-eeu-1·t·it.›.·›1·t·u·
578 387 688 410 imitatur.
704 386 740 412 qui
751 388 777 406 de
788 386 874 409 leitil-m
885 387 994 413 arripuere

198 428 230 450 (v.
244 429 279 445 ΙΙΙ.
292 428 302 445 5
322 428 332 444 t]
346 428 364 447 l·-
381 424 417 443 ml
433 422 498 442 etiam
514 421 694 442 ron-uetinlinem
707 421 872 445 niani-tranium
886 422 993 441 tta-mano-

198 468 252 484 rum,
264 460 299 486 qui
312 459 333 479 iu
345 458 442 479 ren-mli·
453 457 600 483 rmminlinque
609 456 707 480 leitilmn.
724 456 816 483 primum
827 457 853 476 tle
864 456 934 479 lcitum
946 456 993 477 lau-

197 496 224 515 ‹lu
234 499 253 514 ot
266 493 398 514 imru-itm«-
409 493 430 512 ln
442 493 566 512 uniter-um
578 491 696 515 :lineri-rc,
704 492 783 511 stein-te
794 498 806 511 ι
816 498 930 518 praecone.
939 491 993 511 urri—

198 531 224 549 lm
235 528 375 552 nubili-inrue.
388 527 476 548 ferituri
488 527 564 551 lencm.
573 527 646 551 emim
656 527 761 550 «incendio.
772 526 912 554 explicando,
925 526 993 547 utiu-

197 564 304 590 nilunque
316 563 434 583 afferendi-
445 569 490 582 eain
501 569 598 585 annuere.
610 561 713 589 pupulum
724 561 839 582 «li-tedere
849 566 878 586 et,
888 562 949 582 «tatis
961 566 992 582 ιι-

197 599 274 622 betti..
290 598 312 618 in
328 605 368 618 ιιιι
382 604 487 624 quemquo
501 597 560 617 tribu
575 597 633 617 ferre
647 596 777 622 suffragium
787 596 863 617 iubere
874 603 993 618 connume-

197 634 369 655 ηιιιι.111.4.ἰῐι
381 634 416 653 sm.

251 744 271 770 1.
295 745 317 769 1.
340 738 487 769 Ari-icus.
522 741 574 768 Sed
587 743 672 772 visne,
686 742 814 776 quoniam
829 741 928 767 etsatis
939 741 991 766 iam

194 780 362 807 ambulatum
374 785 427 811 est,
445 785 470 806 ct
486 780 534 806 tibi
551 779 623 806 aliud
636 779 744 805 dicendi
759 779 866 805 initium
881 787 992 804 sumen-

193 819 258 845 dum
271 823 319 848 est,
330 817 416 844 locum
430 822 574 847 mutemus.
587 822 613 843 et
626 818 651 843 in
665 816 762 846 insula.
776 825 845 851 quae
856 816 934 842 estin
948 816 992 841 Fi-

194 856 290 885 breno,
308 855 378 889 (nam
395 854 525 890 opinor'‘
538 854 576 880 illi
593 854 668 880 alteri
685 853 790 880 flumini
810 862 905 880 nomen
922 853 991 887 csse)

193 893 311 920 sermoni
328 892 431 927 reliquo
446 892 541 918 demus
557 900 664 926 operam
703 890 845 917 sedentes?
866 891 901 916 M.
921 890 990 916 Sane

192 930 314 966 quidem.
356 931 422 956 Nam
440 929 485 956 illo
502 929 557 955 loco
575 929 752 955 libentissime
768 928 840 954 soleo
857 929 909 954 uti.
932 928 990 953 sive

192 967 259 1003 quid
272 976 377 993 mecum
390 968 447 1001 ipse
457 967 553 1002 cogito,
562 967 620 992 sive
631 965 697 1001 quid
709 971 754 992 aut
764 966 852 992 scribo
863 970 909 992 aut
921 964 988 1000 lego.

192 1007 217 1032 2.
240 1006 307 1031 Αττ.
333 1004 479 1039 Equidem,
502 1005 550 1039 qui
566 1012 637 1030 nunc
653 1004 824 1038 potissimum
842 1003 894 1029 huc
909 1011 991 1028 vene-

192 1043 257 1073 rim,
275 1043 365 1068 satiari
383 1050 434 1068 non
450 1050 532 1077 queo:
557 1042 767 1076 magnificasque
784 1040 862 1067 villas
876 1044 901 1066 et
913 1040 991 1074 pavi-

192 1085 280 1106 menta
293 1088 438 1105 marmorea
450 1084 475 1105 et
487 1078 607 1114 laqueata
620 1084 685 1105 tecta
697 1083 847 1105 contemno.
889 1078 989 1103 Ductus

193 1126 255 1143 vero
267 1125 411 1151 aquarum,
428 1125 495 1151 quos
509 1117 552 1142 isti
566 1116 635 1142 nilos
646 1121 671 1142 et
682 1116 790 1151 euripos
802 1120 910 1145 vocant,
926 1115 989 1150 quis

192 1163 255 1185 non,
269 1163 353 1189 quum
366 1154 430 1179 baec
443 1153 540 1183 videat,
555 1153 684 1180 irriserit‘?
705 1154 805 1188 ltaque,
818 1157 848 1179 ut
859 1157 886 1179 tu
898 1151 989 1187 paullo

191 1196 265 1221 ante,
283 1191 316 1217 de
330 1191 386 1226 lege
398 1196 423 1217 et
435 1191 491 1217 iure
507 1190 657 1221 disserens.
675 1191 708 1217 ad
721 1196 843 1217 naturam
855 1189 989 1216 referebas

190 1230 293 1260 omnia;
311 1229 389 1254 sicin
402 1228 444 1254 his
457 1229 524 1262 ipsis
537 1228 631 1259 rebus,
645 1237 714 1263 quae
726 1228 758 1254 ad
770 1228 918 1263 requietem
931 1227 989 1253 ani-

190 1267 227 1292 mi
240 1265 498 1300 delectationemque
509 1270 690 1300 quaeruntur,
714 1270 806 1292 natura
823 1265 987 1291 dominatur.

189 1303 276 1335 Quare
290 1308 365 1330 antea
378 1303 503 1334 mirabar,
517 1303 595 1338 (niliil
608 1304 680 1330 enim
693 1303 735 1329 bis
749 1304 775 1329 in
789 1302 867 1333 locis,
882 1303 933 1328 nisi
946 1310 989 1327 sa—

189 1349 222 1367 xa
234 1345 259 1366 et
270 1345 385 1370 montes,
397 1340 562 1376 cogitabam:
581 1340 663 1375 idque
675 1345 703 1367 ut
715 1340 838 1369 facerem.
856 1345 880 1366 et
890 1340 989 1365 oratio-

189 1378 270 1404 nibus
283 1377 431 1404 inducebar
442 1378 505 1408 tuis,
518 1383 544 1404 et
555 1378 690 1412 versibus)
702 1378 749 1404 sed
762 1378 891 1407 mirabar,
906 1382 934 1403 ut
946 1376 988 1402 di-

189 1417 226 1446 xi,
236 1420 259 1442 te
272 1421 323 1442 tam
337 1415 415 1442 valde
427 1415 544 1442 hocloco
555 1415 694 1442 delectari:
710 1424 780 1441 nunc
792 1420 882 1441 contra
895 1416 985 1444 miror.

188 1458 221 1483 te,
235 1461 319 1487 quum
332 1453 413 1479 Roma
425 1452 508 1484 absis,
523 1461 638 1488 usquam
649 1453 739 1488 potius
751 1461 819 1478 esse.
842 1454 866 1478 3.
883 1452 918 1478 Μ.
931 1452 988 1487 Ego

188 1499 264 1520 vero,
282 1499 367 1525 quum
385 1490 447 1517 licet
462 1490 553 1525 plures
569 1491 628 1517 dies
642 1490 750 1521 abesse,
768 1490 925 1525 praesertim
938 1489 987 1515 hoc

187 1531 305 1562 tempore
325 1529 402 1556 anni.
425 1533 451 1554 et
471 1529 659 1555 amoenitatem
677 1528 745 1554 hanc
760 1533 785 1554 et
800 1527 986 1554 salubritatem

186 1574 297 1600 sequor:
315 1574 373 1591 raro
384 1570 473 1591 autem
486 1565 556 1592 licet.
596 1566 648 1592 Sed
661 1567 789 1592 nimirum
802 1574 844 1591 me
855 1565 906 1592 alia
918 1573 987 1600 quo-

186 1611 239 1637 que
255 1611 349 1629 caussa
367 1602 493 1633 delectat,
514 1611 583 1638 quae
599 1608 623 1630 te
639 1612 690 1630 non
707 1604 814 1638 attingit
830 1604 874 1629 ita.

185 1640 259 1672 Quae
272 1639 379 1666 tandem
390 1641 440 1666 ista
451 1649 546 1667 caussa
557 1640 614 1667 est‘?
633 1641 669 1667 M.
683 1640 761 1672 Quia,
775 1641 798 1666 si
810 1649 904 1667 verum
916 1640 986 1666 dici-

185 1686 261 1708 mus,
285 1677 350 1703 liacc
365 1682 405 1704 est
421 1686 479 1704 mea
495 1683 521 1704 et
536 1678 618 1704 huius
634 1678 722 1704 fratris
735 1682 787 1704 mei
799 1686 925 1714 germana
937 1686 986 1712 pa-

184 1715 248 1741 tria:
273 1714 335 1741 liinc
350 1715 422 1741 enim
437 1716 488 1742 orti
503 1716 586 1750 stirpe
602 1716 791 1750 antiquissima
807 1724 918 1741 sumus:
941 1715 985 1741 hic

184 1760 268 1782 sacra.
283 1752 327 1778 hic
337 1761 437 1787 genus,
452 1752 496 1779 hic
508 1754 639 1779 maiorum
652 1753 735 1779 multa
749 1753 873 1788 vestigia.
913 1751 984 1784 Quid

184 1788 280 1824 plura?
296 1789 364 1815 lianc
377 1789 452 1816 vides
465 1789 571 1821 villam,
590 1795 618 1816 ut
630 1799 701 1817 nunc
712 1791 824 1825 quidem
834 1795 887 1817 est.
905 1789 984 1816 latius

185 1826 350 1853 aedificatam
363 1828 445 1861 patris
458 1828 540 1854 nostri
552 1828 655 1854 studio:
669 1829 717 1863 qui
729 1836 815 1863 quum
827 1832 898 1854 esset
908 1826 985 1854 infir-

185 1872 227 1889 ma
241 1864 407 1895 valetudine,
430 1865 475 1891 hic
489 1864 544 1891 sere
555 1870 667 1892 aetatem
679 1866 734 1901 egit
746 1866 772 1891 in
785 1865 890 1892 litteris.
930 1864 982 1891 Sed

185 1901 235 1927 hoc
248 1902 305 1936 ipso
317 1903 343 1928 in
356 1902 421 1933 loco,
434 1911 519 1937 quum
531 1911 598 1928 avus
610 1904 726 1932 viveret,
750 1907 775 1928 et
786 1903 897 1938 antiquo
910 1910 983 1928 more

184 1947 266 1973 parva
281 1944 350 1966 esset
362 1939 435 1970 villa,
453 1944 482 1966 ut
493 1940 538 1966 illa
553 1940 667 1966 Curiana
680 1941 707 1966 in
719 1940 843 1971 Sabinis,
861 1948 903 1966 me
915 1940 982 1966 scito

185 1984 244 2002 esse
255 1981 356 2002 natum.
396 1976 483 2009 Quare
495 1978 565 2003 inest
576 1979 666 2004 nescio
677 1977 743 2012 quid
752 1998 758 2007 ‚
774 1982 800 2004 et
812 1977 874 2004 latet
885 1978 911 2003 in
924 1977 983 2003 ani-

185 2021 229 2039 mo
240 2022 269 2039 ac
283 2022 362 2040 sensu
375 2023 447 2045 meo,
464 2023 518 2049 quo
534 2023 575 2040 me
592 2015 654 2049 plus
669 2015 713 2040 hic
725 2014 799 2041 locus
811 2014 922 2041 fortasse
933 2015 982 2040 de-

184 2049 274 2077 lectet:
298 2051 434 2086 siquidem
449 2053 529 2078 etiam
547 2052 592 2078 ille
606 2053 825 2087 sapientissimus
838 2053 893 2082 vir,
911 2052 983 2078 Itha-

184 2096 242 2114 cam
255 2093 283 2114 ut
295 2089 410 2120 videret,
429 2089 654 2116 immortalitatem
672 2090 801 2116 scribitur
811 2089 980 2124 repudiasse.

184 2125 213 2151 11.
234 2127 257 2152 4.
277 2126 344 2152 Αττ.
364 2127 420 2162 Ego
432 2135 494 2153 vero
506 2128 584 2153 istam
596 2127 645 2154 tibi
658 2128 755 2154 iustam
767 2136 890 2154 caussam
906 2131 978 2162 puto,

184 2171 231 2189 cur
251 2163 304 2189 liuc
325 2163 453 2190 libentius
473 2166 566 2190 venias
582 2169 661 2199 atque
679 2165 750 2191 hunc
767 2164 854 2191 locum
870 2164 978 2199 diligas.

183 2200 253 2232 Quin
266 2201 336 2235 ipse,
355 2210 416 2227 vere
432 2201 533 2232 dicam,
550 2211 611 2228 sum
628 2202 667 2228 illi
683 2202 764 2228 villae
780 2203 891 2228 amicior
901 2201 980 2228 modo

185 2236 283 2267 factus,
302 2243 381 2273 atque
393 2238 456 2264 huic
467 2240 541 2265 omni
557 2239 627 2270 solo,
645 2240 672 2266 in
688 2248 741 2274 quo
757 2245 785 2266 tu
796 2245 870 2266 ortus
882 2244 907 2266 et
918 2247 981 2274 pro-

184 2280 287 2301 creatus
307 2284 345 2301 es.
386 2276 525 2302 Movemur
544 2278 616 2303 enim
638 2278 728 2303 nescio
748 2285 802 2311 quo
821 2282 898 2311 pacto
915 2277 979 2303 loeis

184 2312 264 2345 ipsis,
286 2313 312 2338 in
328 2313 429 2347 quibus
445 2321 550 2344 eorum,
574 2322 642 2349 quos
653 2313 795 2350 diligimus
808 2314 980 2341 autadmira-

184 2356 252 2379 mur,
267 2349 364 2375 adsunt
376 2351 499 2386 vestigia.
540 2351 580 2377 Me
592 2351 703 2386 quidem
716 2352 789 2386 ipsae
802 2351 863 2378 illae
875 2357 978 2378 nostrae

184 2386 301 2412 Athenae
318 2395 368 2413 non
386 2392 438 2413 tam
458 2388 586 2422 operibus
608 2388 760 2423 magnificis
778 2390 978 2423 exquisitisque

185 2423 353 2457 antiquorum
366 2424 468 2450 artibus
475 2425 616 2456 delectant,
625 2434 706 2460 quam
714 2426 895 2452 recordatione
902 2435 978 2452 sum-

186 2467 287 2485 morum
304 2461 435 2492 virorum,
459 2462 507 2488 ubi
522 2464 639 2497 quisque
657 2463 790 2494 habitare,
811 2463 859 2489 ubi
872 2463 975 2494 sedere,

184 2495 232 2521 ubi
252 2496 386 2531 disputare
402 2499 437 2524 sit
455 2499 564 2526 solitus:
588 2500 763 2535 studioseque
783 2509 875 2527 eorum
896 2501 976 2527 etiam

183 2532 305 2567 sepulcra
316 2536 487 2570 contemplor.
536 2537 623 2569 Quare
635 2538 730 2568 istum,
748 2537 796 2564 ubi
808 2543 834 2564 tu
847 2547 875 2564 es
887 2543 974 2569 natus,

183 2569 246 2603 plus
261 2570 355 2597 amabo
369 2573 478 2605 posthac
496 2573 593 2601 locum.
634 2575 669 2601 M.
688 2575 798 2601 Gaudeo
814 2576 910 2610 igitur,
934 2584 975 2602 me

183 2607 345 2633 incunabula
358 2617 438 2642 paene
451 2619 508 2637 mea
520 2612 737 2638 tibiostendisse.
765 2613 790 2638 5.
805 2613 872 2639 Αττ.
890 2613 976 2648 Equi-

183 2643 245 2670 dem
256 2653 298 2671 me
309 2653 436 2680 cognosse
447 2647 591 2676 admodum
601 2649 716 2685 gaudeo.
742 2649 795 2676 Sed
807 2649 874 2676 illud
886 2656 974 2678 tamen

915 1603 984 1629 Αττ.
1015 1605 1016 1610 ’

921 108 951 134 Τ.
986 108 1263 136 (ΣΗΣΕΠΟΝΙΞ

1022 179 1025 207 J
1046 179 1125 215 quale
1137 184 1185 209 est,
1199 180 1270 215 qnod
1283 179 1373 215 paullo
1385 186 1444 207 ante
1455 180 1562 213 dixisti,
1578 182 1649 209 bunc
1662 182 1748 210 locum
1760 182 1841 217 (idem

1047 226 1096 251 ego
1107 222 1131 243 te
1143 218 1246 252 accipio
1257 218 1346 244 dicere
1358 219 1498 253 Arpinum)
1509 228 1662 254 germanam
1676 223 1786 255 patriam
1799 230 1843 248 es-

1046 264 1074 280 se
1088 259 1201 280 vestram
1209 256 1221 280 ¹!
1232 255 1366 290 numquid
1378 255 1445 281 duas
1458 256 1561 283 habetis
1573 258 1690 292 patrias?
1700 268 1731 284 an
1744 265 1841 286 estuna

1049 292 1092 318 illa
1110 293 1193 326 patria
1209 293 1380 319 communis?
1400 294 1456 319 Nisi
1479 293 1543 320 sorte
1562 296 1677 329 sapienti
1695 296 1733 322 illi
1749 297 1842 322 Catoni

1048 329 1097 355 suit
1114 330 1197 364 patria
1214 338 1265 356 non
1287 330 1366 356 ltorna
1376 351 1382 360 ,
1404 330 1451 356 sed
1472 331 1630 358 Tusculum.
1672 333 1706 359 M.
1729 334 1784 366 Εμο
1801 342 1843 360 mc

1047 366 1156 392 hercule
1168 372 1193 393 et
1206 367 1244 393 illi
1256 367 1419 393 «nomnibus
1431 368 1617 403 municipibus
1628 369 1695 395 duas
1707 379 1765 396 csse
1777 380 1842 397 cen—

1046 413 1091 429 seo
1103 405 1216 438 patrias:
1239 413 1317 430 unam
1331 410 1453 434 naturae.
1476 405 1584 432 alteram
1603 407 1734 433 civitatis:
1759 413 1786 434 ut
1799 408 1844 434 ille

1045 442 1117 470 Cato,
1130 450 1215 476 quum
1227 447 1297 468 esset
1309 442 1418 468 Tusculi
1431 447 1522 473 natus.
1539 443 1566 469 in
1578 444 1670 478 populi
1683 445 1792 471 {tomani
1804 446 1844 471 ci·-

1047 480 1154 505 vitatcm
1171 484 1313 514 susceptus
1329 484 1378 506 cst.
1419 480 1468 509 lta.
1493 488 1578 514 quum
1599 486 1657 507 ortu
1673 482 1843 509 Tusculanus

1045 522 1128 546 essct,
1145 517 1252 543 civitate
1266 517 1413 547 Romanus.
1429 517 1524 543 habuit
1535 517 1644 544 alteram
1658 518 1706 545 loci
1718 520 1841 554 patriam.

1045 554 1154 580 alteram
1168 555 1248 586 iuris;
1263 560 1291 580 ut
1303 555 1382 581 vestri
1392 555 1481 585 Attici,
1495 556 1653 590 priusquam
1666 556 1787 582 Theseus
1797 565 1843 583 eoa

1014 599 1015 604 ¹
1044 591 1195 626 demigrare
1207 600 1239 618 ex
1251 592 1323 626 agris
1337 597 1362 618 ct
1374 593 1400 618 in
1412 597 1480 622 astu.
1493 592 1566 627 quod
1577 593 1736 628 appellatur.
1749 602 1843 620 omnes

1044 638 1072 654 sc
1084 628 1204 655 conferre
1216 630 1308 659 iussit,
1324 634 1350 656 et
1361 630 1443 655 simul
1455 628 1603 665 qum‘roqeff
1617 630 1698 657 iidem
1711 636 1736 657 et
1747 632 1840 658 Attici:

1044 668 1083 692 sic
1095 676 1143 693 nos
1155 672 1180 693 et
1191 675 1248 693 earn
1262 667 1374 701 patriam
1386 667 1513 697 dicimus.
1527 667 1574 694 ubi
1586 669 1650 697 nati,
1659 674 1684 694 et
1697 668 1779 699 illam,
1789 677 1842 704 qua

1044 705 1149 739 excepti
1161 713 1267 730 sumus.
1307 704 1359 730 Sed
1376 713 1485 731 necesse
1496 710 1549 735 est.
1567 707 1675 732 caritate
1691 714 1749 732 eam
1765 714 1842 741 prae-

1044 747 1126 771 stare,
1149 751 1201 776 qua
1219 741 1311 776 populi
1324 742 1435 768 Romani
1451 750 1548 768 nomen
1565 743 1707 769 universae
1723 744 1842 770 civitatis

1043 784 1096 805 est:
1120 787 1167 813 pro
1181 788 1234 814 qua
1252 780 1333 809 niori,
1355 784 1381 806 ct
1391 779 1435 805 cui
1447 788 1494 805 nos
1506 784 1572 806 totos
1583 779 1695 811 dedere,
1713 785 1737 807 et
1750 782 1776 807 in
1788 789 1841 816 qua

1044 821 1131 842 nostru
1152 817 1240 843 omnia
1261 825 1359 851 ponere
1379 821 1403 843 ct
1423 818 1501 851 quasi
1522 825 1678 844 consecrare
1697 818 1840 844 debemus.

1044 853 1132 880 Dulcis
1153 859 1241 880 autem
1264 863 1314 880 non
1333 854 1416 880 multo
1432 862 1510 880 secus
1525 859 1566 880 est
1581 863 1624 885 ea,
1647 863 1716 890 quae
1736 856 1839 891 genuit,

1043 900 1124 926 quam
1137 891 1191 921 illa,
1205 900 1274 926 quae
1286 892 1401 926 excepit.
1439 892 1530 926 ltaque
1541 900 1591 927 ego
1603 892 1671 918 hanc
1683 901 1769 919 meam
1781 901 1842 919 esse

1043 929 1155 963 patriam
1171 938 1280 963 prorsus
1298 938 1444 963 numquam
1458 929 1561 964 negabo
1574 928 1590 965 [,
1604 929 1670 956 dum
1681 930 1716 956 sit
1728 930 1772 956 illa
1784 939 1842 956 ma-

1044 968 1090 995 ior.
1106 966 1170 992 baec
1183 967 1209 992 in
1224 975 1253 992 ea
1265 965 1454 1002 contineatur].
1495 967 1538 993 111,
1560 968 1585 993 6.
1607 967 1675 994 An.
1698 968 1775 994 Recte
1789 968 1842 1003 igi·

1043 1008 1085 1029 tur
1096 1004 1209 1039 Magnus
1221 1004 1264 1029 ille
1277 1009 1374 1034 noster,
1384 1012 1425 1030 mc
1437 1003 1573 1034 audiente,
1586 1005 1675 1038 posuit
1687 1006 1713 1031 in
1727 1005 1838 1035 iudicio.

1042 1049 1126 1075 quum
1144 1050 1191 1075 pro
1207 1041 1286 1067 Balbo
1303 1046 1390 1067 tecum
1405 1041 1487 1067 simul
1504 1041 1618 1071 diceret.
1643 1042 1840 1077 rempublicam

1019 1099 1020 1102 ,
1043 1083 1159 1104 nostram
1174 1079 1338 1105 iustissimas
1350 1078 1413 1104 huic
1424 1079 1574 1113 municipio
1583 1080 1682 1114 gratias
1689 1088 1766 1115 agere
1778 1088 1841 1115 pos-

1008 1529 1010 1536 '
1038 1529 1194 1560 obscurius,
1222 1530 1365 1564 Liremque
1386 1528 1470 1555 multo
1490 1529 1649 1565 gelidiorem
1671 1529 1743 1556 facit.

1042 1124 1084 1146 se,
1107 1115 1179 1150 quod
1191 1125 1223 1142 ex
1235 1124 1265 1142 eo
1276 1115 1330 1142 duo
1341 1117 1385 1142 sui
1396 1121 1596 1142 conservatores
1608 1118 1788 1143 exstitissent:
1812 1122 1842 1144 ut

1042 1154 1094 1179 iam
1107 1153 1199 1179 videar
1210 1153 1323 1184 adduci,
1342 1153 1410 1179 lianc
1426 1162 1550 1188 quoque,
1567 1162 1636 1188 quae
1648 1159 1672 1180 te
1685 1155 1838 1188 procrearit.

1041 1199 1099 1216 esse
1112 1191 1225 1225 patriam
1238 1195 1321 1217 tuam.
1366 1190 1397 1222 Q.
1420 1190 1473 1217 Sed
1491 1196 1601 1218 ventum
1618 1192 1645 1217 in
1660 1192 1777 1218 insulam
1789 1196 1838 1218 est.

1042 1228 1094 1253 Hac
1106 1236 1168 1254 vero
1183 1228 1249 1254 niliil
1263 1233 1302 1254 est
1313 1229 1463 1254 amoenius.
1511 1228 1542 1254 Ut
1557 1229 1630 1254 enim
1647 1229 1696 1255 hoc
1707 1230 1786 1264 quasi
1798 1238 1841 1256 ro—

1040 1270 1094 1292 stro
1107 1265 1218 1292 finditur
1232 1265 1379 1295 Fibrenus,
1402 1271 1428 1292 et
1443 1265 1550 1292 divisus
1566 1266 1715 1300 aequaliter
1730 1267 1756 1293 in
1771 1267 1840 1294 duas

1041 1308 1129 1337 partes
1146 1303 1225 1329 latera
1242 1303 1307 1329 haec
1323 1303 1413 1333 alluit,
1437 1303 1584 1338 rapideque
1600 1303 1723 1338 dilapsus
1744 1305 1796 1331 cito
1811 1305 1839 1331 in

1041 1349 1126 1367 unum
1138 1340 1261 1371 conssuit,
1278 1345 1303 1367 et
1315 1345 1417 1367 tantum
1429 1340 1630 1375 complectitur,
1646 1341 1718 1376 quod
1729 1343 1795 1368 satis
1805 1343 1841 1369 sit

1040 1378 1160 1405 modicae
1172 1378 1329 1413 palaestrae.
1345 1378 1404 1409 loci,
1417 1387 1471 1413 quo
1483 1378 1588 1409 effecto,
1602 1383 1739 1414 tamquam
1752 1379 1779 1406 id
1792 1379 1840 1406 ba-

1040 1415 1128 1442 buerit
1139 1416 1228 1450 operis
1239 1424 1269 1441 ac
1284 1416 1418 1445 muneris,
1441 1421 1470 1442 ut
1486 1415 1555 1442 hanc
1570 1416 1648 1442 nobis
1664 1416 1781 1444 efficeret
1796 1425 1841 1444 se-

1039 1452 1100 1479 dem
1113 1453 1146 1479 ad
1157 1452 1363 1488 disputandum,
1385 1453 1474 1479 statim
1489 1454 1648 1488 praecipitat
1658 1455 1686 1481 in
1699 1455 1788 1481 Lirem
1802 1459 1837 1486 et,

1038 1491 1116 1526 quasi
1139 1491 1165 1517 in
1183 1490 1313 1517 familiam
1329 1491 1468 1526 patriciam
1486 1492 1602 1522 venerit,
1625 1493 1722 1518 amittit
1741 1500 1838 1519 nomen

1784 1530 1839 1556 Nec

1038 1567 1110 1592 enim
1121 1566 1208 1593 ullum
1220 1566 1270 1593 hoc
1282 1566 1410 1602 frigidius
1421 1565 1520 1592 flumen
1533 1567 1710 1602 attigi‚quum
1722 1567 1755 1593 ad
1767 1567 1840 1594 mul-

1038 1609 1062 1630 ta
1074 1605 1244 1634 accesserim,
1258 1609 1288 1630 ut
1298 1605 1345 1630 vix
1356 1603 1424 1638 pede
1435 1609 1535 1630 tentare
1547 1604 1574 1630 id
1586 1605 1703 1639 possim:
1725 1604 1797 1640 quod
1809 1605 1837 1631 in

1038 1641 1280 1668 PhaedroPlatonis
1295 1641 1495 1668 facitSocrates.
1513 1642 1538 1668 7.
1552 1642 1587 1668 M.
1601 1642 1647 1668 Est
1655 1651 1716 1668 vero
1727 1643 1776 1668 ita:
1789 1641 1838 1668 sed

1038 1684 1125 1705 tamen
1138 1679 1202 1705 huic
1213 1679 1380 1709 amoenitati,
1403 1687 1485 1713 quam
1500 1687 1534 1705 ex
1545 1678 1644 1710 Quinto
1654 1687 1734 1714 saepe
1745 1679 1835 1710 audio,

1037 1717 1166 1752 Thyamis
1178 1717 1300 1751 Epirotes
1311 1721 1374 1742 tuus
1386 1715 1431 1742 ille
1443 1715 1510 1742 nihil
1519 1737 1525 1747 ,
1538 1717 1646 1750 opinor,
1664 1717 1835 1743 concesserit.

1037 1754 1068 1786 Q.
1090 1755 1137 1780 Est
1148 1755 1197 1784 ita,
1211 1759 1239 1780 ut
1251 1753 1330 1779 dicis.
1371 1753 1441 1780 Cave
1457 1754 1529 1779 enim
1546 1758 1638 1788 putes,
1660 1755 1741 1780 Attici
1753 1755 1836 1781 nostri

1036 1791 1177 1818 Amaltheo
1189 1790 1358 1826 platanisque
1370 1790 1426 1816 illis
1436 1790 1587 1826 quidquam
1594 1799 1653 1817 esse
1660 1791 1834 1826 praeclarius.

1037 1828 1104 1859 Sed,
1117 1829 1140 1854 si
1153 1829 1273 1859 videtur.
1291 1828 1466 1854 considamus
1482 1828 1526 1854 hic
1542 1829 1569 1854 in
1581 1828 1692 1859 umbra,
1710 1834 1790 1864 atque
1802 1829 1835 1855 ad

1036 1875 1094 1892 eam
1107 1871 1209 1900 partem
1220 1866 1366 1895 sermonis,
1386 1874 1420 1892 ex
1435 1874 1487 1900 qua
1503 1866 1607 1901 egressi
1617 1875 1727 1897 sumus,
1745 1875 1837 1893 rever-

1036 1908 1133 1930 tamur.
1168 1904 1203 1929 M.
1218 1902 1355 1929 Praeclare
1365 1903 1463 1938 exigis.
1475 1902 1588 1935 Quinte:
1602 1903 1637 1937 (at
1648 1912 1697 1939 ego
1707 1903 1836 1940 effugisse

1035 1941 1209 1975 arbitrabam)
1221 1946 1246 1967 et
1257 1941 1306 1967 tibi
1319 1940 1414 1966 horum
1428 1940 1496 1966 nihil
1508 1940 1601 1966 deberi
1615 1946 1711 1975 potest.
1741 1941 1772 1974 Q.
1785 1941 1836 1968 Or-

1035 1979 1092 2005 dirc
1105 1979 1202 2013 igitur:
1216 1987 1278 2004 nam
1290 1978 1362 2004 hunc
1374 1978 1424 2004 tibi
1436 1983 1520 2004 totum
1531 1977 1655 2004 dicamus
1666 1978 1750 2005 diem.

1108 2016 1143 2042 M.
1156 2017 1176 2042 Α
1189 2016 1247 2041 Iove
1257 2016 1391 2042 Musarum
1400 2018 1554 2048 primordia,
1570 2031 1607 2035 —

1034 2053 1104 2079 sicut
1125 2054 1152 2079 in
1173 2053 1262 2079 Aratio
1281 2053 1400 2079 carmine
1421 2053 1475 2079 orsi
1495 2061 1602 2079 sumus,
1642 2052 1674 2085 Q.
1699 2053 1832 2085 Quorsum

1035 2090 1125 2117 istud‘.>
1143 2091 1179 2117 M.
1195 2090 1263 2122 Quia
1275 2098 1346 2116 nunc
1358 2089 1452 2116 itidem
1464 2090 1497 2116 ab
1508 2089 1601 2116 eodem
1614 2094 1640 2116 et
1649 2099 1663 2116 a
1674 2091 1770 2117 ceteris
1779 2090 1834 2117 diis

1034 2128 1232 2154 immortalibus
1245 2132 1309 2154 sunt
1324 2128 1402 2153 nobis
1417 2127 1515 2163 agendi
1530 2127 1660 2162 capienda
1674 2127 1832 2162 primordia.

1033 2166 1064 2197 Q.
1077 2166 1183 2200 Optime
1196 2173 1271 2197 vero,
1291 2164 1384 2191 frater:
1402 2170 1429 2191 et
1440 2165 1496 2191 fieri
1507 2166 1547 2191 sic
1558 2165 1643 2191 decet.
1683 2165 1726 2191 1v.
1749 2167 1774 2192 8.
1795 2165 1830 2191 M.

1033 2202 1179 2229 Videamus
1191 2203 1274 2237 igitur
1285 2210 1394 2233 rursus,
1417 2203 1577 2237 priusquam
1593 2202 1784 2238 aggrediamur
1798 2201 1832 2228 ad

1033 2239 1106 2275 leges
1117 2240 1250 2275 singulas,
1264 2240 1320 2265 vim
1332 2245 1509 2274 naturamque
1521 2239 1597 2275 legis,
1610 2248 1652 2270 ne,
1665 2249 1751 2275 quum
1762 2239 1832 2266 refe-

1032 2277 1113 2304 renda
1124 2278 1179 2303 sint
1189 2277 1223 2303 ad
1234 2285 1292 2303 eam
1304 2277 1384 2303 nobis
1394 2277 1494 2308 onmia⁷
1508 2276 1631 2303 labamur
1641 2277 1778 2303 interdum
1788 2285 1832 2303 er-

1031 2323 1089 2341 rore
1104 2315 1251 2345 sermonis,
1275 2315 1486 2349 ignoremusque
1506 2315 1563 2340 vim
1585 2313 1738 2351 [sermonis]
1759 2315 1828 2345 eius,

1030 2360 1084 2386 quo
1096 2353 1154 2378 iura
1165 2352 1244 2378 nobis
1255 2351 1407 2378 definienda
1419 2353 1483 2378 sint.
1509 2351 1541 2384 Q.
1554 2351 1623 2378 Sane
1634 2351 1755 2386 quidem,
1767 2351 1831 2378 her-

1029 2389 1084 2415 cle:
1106 2395 1132 2415 et
1147 2394 1187 2415 est
1207 2390 1258 2415 ista
1278 2394 1348 2415 recta
1369 2389 1483 2415 docendi
1502 2390 1556 2415 via.
1596 2389 1632 2415 M.
1657 2389 1730 2415 Hanc
1746 2389 1830 2424 igitur

1030 2427 1109 2453 video
1121 2427 1384 2461 sapientissimorum
1395 2426 1480 2452 fuisse
1491 2426 1665 2456 sententiam,
1684 2426 1771 2461 legem
1781 2435 1830 2452 ne-

1029 2472 1082 2498 que
1099 2464 1240 2490 hominum
1256 2464 1374 2499 ingeniis
1389 2465 1580 2499 excogitatam,
1603 2471 1652 2489 nec
1667 2463 1767 2489 scitum
1777 2463 1829 2490 ali-

1029 2501 1101 2535 quod
1117 2510 1176 2527 esse
1193 2501 1370 2536 populorum,
1392 2501 1440 2527 sed
1451 2506 1589 2527 aeternum
1600 2500 1740 2535 quiddam,
1754 2500 1827 2535 quod

1029 2539 1188 2565 universum
1204 2538 1337 2565 mundum
1348 2543 1464 2574 regeret,
1487 2537 1637 2572 imperandi
1649 2538 1828 2572 prohibendi-

1027 2584 1080 2610 que
1092 2577 1233 2610 sapientia.
1267 2577 1303 2602 Ita
1320 2576 1470 2610 principem
1482 2575 1569 2610 legem
1580 2574 1655 2600 illam
1666 2580 1691 2601 et
1702 2575 1826 2602 ultimam
1854 2600 1857 2603 .

1028 2618 1145 2639 mentem
1157 2622 1216 2639 esse
1227 2613 1353 2640 dicebant
1379 2614 1469 2639 omnia
1480 2613 1581 2638 ratione
1593 2617 1639 2638 aut
1649 2614 1770 2648 cogentis
1781 2617 1827 2639 aut

1027 2651 1142 2678 vetantis
1153 2651 1211 2678 dei:
1228 2659 1263 2677 ex
1273 2659 1327 2686 qua
1338 2650 1384 2676 illa
1396 2649 1448 2682 lex,
1461 2658 1544 2685 quam
1555 2649 1594 2676 dii
1606 2649 1724 2677 humano
1731 2650 1825 2686 generi
