1941 3052
529 136 824 165 PHILIPPICA
857 136 1201 164 11.CAP.32—38.

47 212 81 239 de
102 211 235 239 ementitis
250 209 391 245 auspiciis,
408 208 509 244 quibus
524 213 612 236 tamen
628 216 719 243 parere
735 215 842 234 necesse

48 253 111 281 erat,
124 253 231 284 putares
242 256 302 274 esse
312 247 458 274 dicturum.
490 246 607 273 Sustulit
617 245 696 272 illum
707 245 778 272 diem
789 245 840 272 for-

48 292 112 314 tuna
127 285 221 321 populi
236 285 357 312 Romani.
397 285 470 311 Num
486 285 565 310 etiarn
581 287 658 310 tuum
669 283 702 309 de
713 283 842 318 auspiciis

47 324 180 351 iudicium
194 323 318 350 interitus
334 322 453 349 Caesaris
469 320 597 348 sustulit?
616 320 668 347 Sed
682 320 765 347 incidi
776 321 803 346 in
815 319 846 346 id

48 366 170 396 tempus,
187 360 259 396 quod
275 360 309 387 iis
325 359 420 391 rebus,
432 360 460 386 in
471 368 539 394 quas
550 359 673 394 ingressa
683 362 739 384 erat
749 358 840 388 oratio,

47 398 271 435 praevertendum
291 401 341 424 est.
381 397 454 429 Quae
475 401 519 423 tua
541 395 621 432 fuga?
639 404 709 430 quae
729 394 843 421 formido

46 435 181 472 praeclaro
192 435 239 462 illo
245 434 306 461 die?
318 443 388 470 quae
393 438 501 469 propter
510 434 699 460 conscientiam
711 432 842 458 scelerum

47 473 197 509 desperatio
212 472 300 499 vitae‘?
318 481 404 507 quum
420 480 453 498 ex
464 471 509 498 illa
521 470 583 506 fuga
599 469 728 497 beneflcio
739 478 840 500 eorum,

46 511 95 547 qui
115 515 154 542 te,
171 511 195 537 si
210 519 292 537 sanus
308 518 395 541 esses,
412 509 519 536 salvum
535 516 594 534 esse
605 507 760 538 voluerunt,
774 506 842 533 clam

46 552 73 576 te
87 548 199 575 domum
211 547 354 582 recepisti?
376 548 419 573 89.
431 546 453 573 O
463 554 521 572 mea
533 545 631 572 frustra
642 553 747 579 semper
758 544 844 570 veris-

47 586 116 613 sima
132 586 243 621 auguria
260 593 350 611 rerum
366 583 531 611 futurarum!
553 582 678 609 Dicebam
690 581 744 608 illis
755 581 783 608 in
795 580 844 607 Ca-

47 623 141 659 pitolio
153 622 338 649 liberatoribus
345 622 450 653 nostris,
459 629 544 656 quum
556 628 599 646 me
609 619 673 646 adte
683 621 722 645 ire
733 618 841 648 vellent,

46 665 78 688 ut
89 660 122 687 ad
134 660 329 687 defendendam
340 658 534 694 rempublicam
547 661 571 684 te
581 656 742 687 adhortarer,
755 655 843 690 quoad

46 703 194 729 metueres.
216 698 306 724 omnia
326 701 351 724 te
371 696 582 731 promissurum:
605 693 688 720 simul
706 701 735 719 ac
751 694 844 719 timere

47 736 186 767 desiisses,
199 734 316 762 similem
327 739 352 760 te
364 734 486 760 futurum
497 733 547 759 tui.
587 732 687 766 Itaque,
703 739 789 765 quum
800 739 844 756 ce-

47 774 97 800 teri
115 772 269 800 consulares
291 772 371 802 irent,
394 770 523 801 redirent,
546 770 573 796 in
594 768 725 795 sententia
741 767 840 794 mansi:

48 819 136 846 neque
149 815 175 837 te
189 809 236 837 illo
251 809 295 836 die
310 817 397 843 neque
407 812 513 843 postero
525 806 594 837 vidi,
608 814 694 841 neque
707 804 788 831 ullam
800 813 844 831 so-

46 849 169 875 cietatem
187 847 296 882 optimis
316 846 422 873 civibus
442 853 504 872 cum
520 843 752 879 importunissimo
767 842 843 868 hoste

47 885 153 912 foedere
164 884 220 911 ullo
229 883 380 911 confirmari
391 891 470 918 posse
480 881 592 909 credidi.
632 881 694 907 Post
708 880 779 906 diem
791 884 844 906 ter-

46 923 114 949 tium
130 922 191 948 veni
203 922 230 948 in
241 921 333 948 aedem
347 920 462 947 Telluris
475 924 500 946 et
510 919 620 954 quidem
632 918 744 948 invitus,
757 926 842 952 quum

46 968 139 987 omnes
150 959 238 986 aditus
249 959 343 985 armati
355 957 517 985 obsiderent.
540 958 581 983 90.
594 955 646 988 Qui
658 955 706 982 tibi
717 955 775 981 dies
786 954 841 985 ille,

46 998 83 1024 M.
105 997 211 1028 Antoni,
235 995 304 1023 fuit?
327 995 496 1031 Quamquam
517 994 584 1020 mihi
605 993 695 1020 subito
715 993 843 1019 inimicus

46 1035 186 1061 exstitisti:
209 1039 297 1060 tamen
312 1042 355 1060 me
371 1033 410 1059 tui
424 1033 545 1062 miseret,
558 1030 630 1066 quod
641 1031 690 1057 tibi
701 1030 841 1056 invideris.

46 1072 170 1099 XXXVI.
187 1071 239 1104 Qui
255 1076 285 1098 tu
296 1071 350 1102 vir,
364 1070 401 1097 dii
412 1068 589 1096 immortales!
611 1073 637 1095 et
646 1072 763 1103 quantus
775 1067 844 1093 fuis-

46 1118 103 1141 ses,
127 1109 150 1135 si
165 1109 239 1135 illius
255 1109 308 1135 diei
324 1112 441 1135 mentem
456 1115 562 1134 servare
578 1106 726 1141 potuisses!
748 1105 843 1131 Pacem

46 1147 207 1173 haberemus
215 1167 221 1178 ‚
238 1154 307 1181 quae
318 1149 374 1172 erat
385 1144 451 1172 facta
462 1153 510 1180 per
520 1143 642 1171 obsidem
650 1164 656 1174 ‚
670 1151 784 1178 puerum
797 1151 844 1169 no-

46 1184 138 1215 bilem,
152 1184 188 1211 M.
201 1183 381 1210 Bambalionis
392 1187 525 1217 nepotem.
560 1180 730 1216 Quamquam
742 1180 843 1207 bonum

46 1226 71 1248 te
88 1223 167 1248 timor
183 1221 303 1252 faciebat,
317 1229 370 1247 non
380 1220 526 1247 diuturnus
537 1219 663 1254 magister
674 1217 769 1245 officii:
792 1218 844 1243 im-

46 1259 161 1295 probum
174 1258 236 1285 fecit
246 1267 285 1290 ea,
297 1267 379 1293 quae,
393 1257 459 1284 dum
470 1257 549 1284 timor
559 1256 647 1287 abest,
661 1264 675 1282 a
686 1260 711 1282 te
722 1263 774 1282 non
786 1254 844 1281 dis-

46 1297 130 1327 cedit,
153 1296 273 1323 audacia.
314 1296 371 1322 Etsi
387 1299 459 1326 tum,
476 1302 561 1330 quum
577 1294 709 1328 optimum
726 1297 750 1319 te
766 1297 844 1327 puta-

46 1334 118 1365 bant,
132 1342 175 1360 me
186 1333 295 1369 quidem
307 1333 490 1363 dissentiente,
505 1331 592 1358 funeri
603 1331 717 1366 tyranni,
726 1331 749 1356 si
761 1330 843 1356 sunus

45 1371 115 1398 illud
128 1371 186 1403 fuit,
200 1371 405 1397 sceleratissime
416 1368 565 1404 praefuisti.
606 1368 662 1394 Tua
673 1367 719 1394 illa
731 1367 843 1402 pulchra

48 1408 178 1440 laudatio,
203 1413 246 1435 tua
262 1408 410 1438 miseratio,
428 1411 472 1433 tua
490 1406 644 1432 cohortatio.
677 1407 718 1431 9¹.
736 1405 789 1436 Tu,
804 1409 841 1435 tu,

45 1447 171 1481 inquam,
185 1446 245 1472 illas
261 1445 331 1472 faces
346 1444 502 1475 incendisti,
519 1447 546 1470 et
559 1452 616 1475 eas,
630 1442 731 1477 quibus
742 1443 844 1468 semiu-

46 1479 843 1518 stulatusilleest,eteas,quibusincensaL.Bellienidomus

46 1520 211 1557 deflagravit.
237 1521 277 1547 Tu
288 1520 347 1547 illos
359 1521 477 1555 impetus
489 1518 653 1554 perditorum
666 1517 806 1544 hominum
818 1521 844 1544 et

45 1567 80 1585 ex
95 1559 211 1585 maxima
226 1562 299 1593 parte
315 1565 467 1588 servorum,
480 1564 548 1591 quos
560 1564 607 1582 nos
620 1556 645 1582 vi
656 1563 792 1590 manuque
802 1563 844 1581 re—

45 1595 181 1631 pulimus,
198 1596 225 1622 in
241 1600 345 1622 nostras
360 1595 454 1621 domos
471 1593 618 1620 immisisti.
658 1592 730 1619 Idem
744 1597 840 1623 tamen,

0 1649 1 1654 =
45 1634 124 1669 quasi
144 1633 257 1669 fuligine
277 1633 409 1663 abstersa,
431 1631 542 1666 reliquis
557 1630 654 1657 diebus
670 1630 695 1656 in
713 1629 843 1665 Capitolio

45 1670 179 1706 praeclara
199 1675 307 1697 senatus
327 1668 449 1697 consulta
469 1668 569 1699 fecisti,
588 1676 620 1694 ne
635 1676 688 1703 qua
705 1672 765 1702 post
780 1667 842 1693 Idus

45 1708 152 1735 Martias
163 1708 342 1735 immunitatis
355 1706 453 1738 tabula,
468 1714 535 1732 neve
545 1705 708 1740 cuiusquam
720 1704 842 1731 beneficii

46 1745 181 1782 figeretur.
222 1745 369 1772 Meministi
381 1745 448 1780 ipse,
462 1743 495 1770 de
507 1742 658 1774 exsulibus,
672 1743 734 1774 scis,
748 1742 780 1769 de
791 1743 843 1768 im-

45 1784 176 1810 munitate
190 1783 257 1818 quid
272 1782 382 1809 dixeris.
422 1781 561 1816 Optimum
579 1789 654 1812 vero,
671 1779 743 1815 quod
759 1779 843 1806 dicta-

45 1825 120 1847 turae
140 1829 235 1847 nomen
256 1821 283 1846 in
305 1823 465 1855 perpetuum
485 1818 519 1845 de
540 1817 678 1853 republica
696 1817 841 1844 sustulisti.

45 1857 104 1891 Quo
119 1857 229 1893 quidem
245 1857 313 1884 facto
329 1861 432 1884 tantum
450 1861 474 1883 te
489 1855 593 1890 cepisse
607 1855 699 1882 odium
715 1855 791 1891 regni
803 1855 844 1881 vi-

45 1895 171 1926 debatur.
188 1899 218 1922 ut
232 1896 291 1922 eius
307 1903 428 1925 omnem,
446 1898 554 1929 propter
568 1893 721 1928 proximum
732 1892 844 1919 dictato-

45 1940 112 1963 rem.
125 1932 230 1959 tolleres
245 1936 357 1959 metum.
388 1933 429 1958 92.
443 1931 592 1958 Constituta
604 1929 756 1965 respublica
768 1929 844 1956 vide-

45 1970 124 1997 batur
140 1969 214 2001 aliis,
231 1969 299 1996 mihi
315 1977 378 1996 vero
394 1968 468 1995 nullo
483 1967 576 1999 modo,
593 1968 641 2003 qui
656 1968 746 1994 omnia
757 1971 782 1993 te
812 1975 844 1993 u-

44 2007 174 2034 bernante
190 2006 327 2042 naufragia
340 2006 502 2032 metuebam.
534 2005 604 2031 Num
621 2012 663 2031 me
674 2005 757 2040 igitur
767 2004 792 2031 fe
805 2004 844 2031 el-

46 2044 96 2072 lit‘?
114 2048 160 2070 aut
181 2052 245 2070 num
266 2043 370 2070 diutius
386 2043 429 2069 sui
446 2043 533 2078 potuit
547 2050 606 2068 esse
620 2041 781 2068 dissimilis?
801 2043 844 2068 ln—

45 2081 230 2117 spectantibus
246 2080 336 2112 vobis,
355 2084 408 2107 toto
419 2079 549 2115 Capitolio
561 2078 666 2106 tabulae
679 2079 841 2115 figebantur:

46 2127 134 2154 neque
145 2118 233 2145 solum
245 2117 361 2154 singulis
368 2117 496 2144 venibant
506 2117 697 2147 immunitates,
705 2116 752 2142 sed
764 2116 843 2142 etiam

46 2155 155 2192 populis
171 2155 317 2182 universis.
358 2155 459 2182 Civitas
475 2162 527 2181 non
543 2154 595 2180 iam
611 2153 783 2190 singillatim,
796 2153 844 2180 sed

47 2194 192 2229 provinciis
204 2193 265 2220 totis
275 2192 398 2219 dabatur.
433 2192 526 2227 Itaque
536 2191 559 2218 si
571 2191 635 2218 haec
646 2195 762 2222 manent,
775 2199 844 2226 quae

46 2235 131 2258 stante
146 2231 283 2266 republica
298 2238 405 2256 manere
417 2238 468 2256 non
480 2233 606 2264 possunt.
619 2229 770 2264 provincias
783 2229 845 2255 uni-

46 2276 151 2300 versas,
168 2273 257 2304 patres
266 2267 420 2302 conscripti.
434 2266 604 2301 perdidistis:
627 2274 715 2301 neque
726 2267 845 2301 vectiga-

46 2304 82 2332 lia
96 2305 199 2337 solum,
215 2305 263 2332 sed
279 2306 358 2331 etiam
375 2304 519 2339 imperium
532 2303 623 2338 populi
635 2304 746 2330 Romani
762 2303 844 2330 huius

46 2342 200 2370 domesticis
211 2342 340 2370 nundinis
347 2341 517 2368 deminutum
529 2345 578 2367 est.
594 2340 729 2367 XXXVII.
742 2342 784 2367 93.
793 2341 843 2367 Ubi

47 2384 88 2407 est
103 2381 202 2415 septies
217 2380 318 2407 millies
333 2379 500 2410 sestertium,
516 2377 589 2413 quod
605 2378 632 2404 in
649 2377 762 2408 tabulis.
774 2386 844 2413 quae

47 2421 111 2444 sunt
124 2417 158 2444 ad
174 2417 254 2453 Opis,
268 2416 394 2452 patebat?
414 2416 535 2443 funestae
550 2415 625 2442 illius
639 2415 750 2450 quidem
763 2423 844 2450 pecu-

47 2455 120 2486 niae,
137 2454 184 2482 sed
195 2459 297 2486 tamen,
310 2455 333 2481 si
346 2455 393 2486 iis,
406 2462 522 2489 quorum
534 2457 601 2484 erat.
615 2461 667 2479 non
678 2452 841 2483 redderetur,

47 2499 116 2556 guae
131 2500 178 2519 nos
193 2501 207 2519 a
218 2492 326 2519 tributis
338 2496 429 2527 posset
440 2491 586 2518 vindicare.
626 2490 665 2516 Tu
676 2494 765 2516 autem
776 2498 844 2524 qua-

67 2529 211 2565 ringenties
222 2530 278 2557 u-s
289 2529 362 2565 quod
372 2529 466 2556 Idibus
478 2528 579 2555 Martiis
590 2527 717 2558 (lebuisti,
725 2535 843 2562 quonam

47 2565 127 2593 modo
147 2571 206 2594 ante
221 2567 355 2594 Kalendas
370 2566 471 2602 Aprilis
486 2565 583 2592 debere
598 2564 711 2592 desisti?
731 2564 800 2591 Sunt
813 2572 844 2591 ea

47 2602 159 2638 quidem
178 2604 395 2636 innumerabilia,
415 2612 485 2639 quae
505 2612 519 2629 a
535 2603 588 2629 tuis
603 2602 774 2633 emebantur,
792 2610 844 2628 non

48 2639 178 2667 insciente
197 2645 235 2668 te:
257 2641 305 2669 sed
325 2650 411 2669 unum
431 2641 569 2677 egregium
589 2639 623 2666 de
638 2648 699 2675 rege
714 2640 841 2670 Deiotaro.

48 2676 142 2713 populi
167 2678 278 2707 Romani
301 2679 480 2710 amicissimo.
506 2678 643 2705 decretum
667 2677 695 2704 in
715 2676 845 2713 Capitolio

1639 139 1688 164 6⁴3

894 207 991 234 fixum:
1013 216 1068 243 quo
1088 209 1223 243 proposito
1243 215 1321 234 nemo
1335 211 1402 238 erat,
1420 207 1467 242 qui
1483 207 1510 234 in
1524 207 1584 242 ipso
1599 207 1690 234 dolore

894 246 977 272 risum
993 249 1084 280 posset
1098 246 1242 272 continere.
1273 246 1314 271 94.
1331 244 1397 276 Quis
1411 245 1483 271 enim
1499 245 1624 280 cuiquam
1637 246 1691 271 ini-

894 284 999 314 micior,
1013 291 1095 318 quam
1110 283 1230 309 Deiotaro
1246 281 1358 309 Caesar‘?
1378 290 1463 317 aeque
1478 286 1558 317 atque
1573 282 1636 308 huic
1647 291 1690 308 or-

894 320 960 351 dini,
974 324 1004 346 ut
1014 321 1141 355 equestri,
1155 325 1184 346 ut
1195 319 1425 350 Massiliensibus,
1438 323 1467 345 ut
1477 320 1612 350 omnibus,
1627 320 1690 354 qui-

894 357 946 384 bus
957 357 1151 392 rempublicam
1158 357 1368 392 populiRomani
1379 365 1466 383 caram
1478 365 1536 383 esse
1548 357 1689 383 sentiebat.

894 395 919 421 Is
931 395 1021 430 igitur,
1029 404 1103 430 aquo
1115 395 1177 421 vivo
1188 402 1368 430 necpraesens
1380 402 1427 420 nec
1438 394 1533 420 absens
1540 394 1690 429 quidquam

895 433 973 467 aequi
989 432 1052 458 boni
1068 433 1235 467 impetravit,
1253 431 1323 466 apud
1336 436 1472 458 mortuum
1484 431 1569 458 factus
1580 436 1620 457 est
1630 440 1692 467 gra·

895 470 989 496 tiosus.
1030 469 1207 504 Compellarat
1221 469 1353 504 hospitem
1365 477 1501 504 praesens,
1515 473 1689 504 computarat,

894 507 1035 542 pecuniam
1048 507 1197 542 imperarat,
1206 507 1234 533 in
1246 507 1304 533 eius
1317 507 1456 533 tetrarchia
1467 515 1553 533 unum
1564 515 1597 532 ex
1609 506 1692 533 Grae-

894 545 932 571 cis
947 544 1092 570 comitibus
1108 545 1165 571 suis
1181 544 1334 570 collocarat:
1356 544 1509 570 Armeniam
1522 543 1666 570 abstulerat
1677 552 1691 569 a

895 586 989 608 senatu
1004 582 1102 608 datam.
1132 582 1201 608 Haec
1217 582 1296 607 vivus
1311 581 1417 616 eripuit,
1432 581 1547 607 reddidit
1558 586 1690 608 mortuus.

895 621 936 645 95.
949 620 982 645 At
992 619 1093 654 quibus
1105 618 1212 645 verbis?
1232 619 1309 645 Modo
1320 627 1435 653 aequum
1447 619 1498 644 sibi
1511 618 1604 649 videri,
1614 618 1692 645 modo

895 665 946 683 non
967 657 1103 691 iniquum.
1144 657 1210 683 Mira
1232 656 1375 682 verborum
1395 656 1554 690 complexio.
1595 657 1628 682 At
1645 656 1691 682 ille

895 702 1043 728 numquam
1059 694 1175 729 (semper
1189 694 1261 719 enim
1273 693 1375 719 absenti
1388 693 1460 719 adfui
1471 693 1600 728 Deiotaro)
1611 693 1692 728 quid-

894 740 975 766 quam
991 731 1057 762 sibi,
1075 731 1147 766 quod
1162 739 1210 757 nos
1227 739 1274 765 pro
1290 730 1336 757 illo
1348 730 1558 764 postularemus,
1575 738 1692 765 aequum

894 769 963 795 dixit
986 768 1081 794 videri.
1123 768 1281 804 Syngrapha
1306 767 1361 794 H-S
1388 769 1487 794 centies
1513 776 1560 802 per
1581 767 1690 803 legatos,

895 807 966 832 viros
979 806 1072 837 bonos,
1085 805 1132 832 sed
1144 805 1252 832 timidos
1263 809 1288 831 et
1298 805 1444 840 imperitos.
1460 806 1518 831 sine
1529 810 1625 835 nostra,
1634 806 1692 831 siue

895 843 1061 878 reliquorum
1077 843 1214 878 hospitum
1230 843 1300 879 regis
1315 843 1458 873 sententia,
1473 842 1539 868 facta
1551 843 1578 868 in
1592 850 1693 878 gynae-

894 889 954 907 ceo:
971 889 1025 916 quo
1038 881 1066 907 in
1079 880 1134 907 loco
1146 880 1278 915 plurimae
1290 888 1331 906 res
1338 881 1444 906 veniere
1455 885 1481 906 et
1492 887 1618 906 veneunt.
1635 879 1692 911 Qua

895 927 929 945 ex
939 918 1091 954 syngrapha
1102 918 1169 953 quid
1180 918 1217 944 sis
1232 922 1348 949 acturus,
1362 917 1490 943 meditere
1501 925 1605 943 censeo.
1637 917 1693 944 Rex

895 957 967 982 enim
985 957 1045 990 ipse
1065 964 1114 982 sua
1129 960 1236 990 sponte,
1249 955 1332 982 nullis
1347 955 1545 981 commentariis
1561 954 1691 985 Caesaris,

895 993 976 1019 simul
992 998 1071 1028 atque
1082 993 1185 1020 audivit
1196 994 1254 1019 eius
1266 993 1413 1023 interitum,
1422 1001 1471 1018 suo
1482 993 1563 1018 Marte
1577 1000 1619 1018 res
1630 1000 1693 1018 suas

895 1031 1072 1066 recuperavit.
1104 1032 1146 1057 96.
1164 1030 1272 1057 Sciebat
1291 1030 1371 1057 homo
1391 1031 1498 1065 sapiens
1524 1030 1567 1056 ius
1587 1038 1694 1064 semper

895 1068 945 1095 hoc
961 1068 1059 1100 fuisse,
1077 1073 1119 1100 ut,
1132 1077 1201 1103 quae
1216 1068 1321 1104 tyranni
1333 1068 1504 1102 eripuissent,
1519 1075 1558 1098 ea,
1572 1068 1693 1102 tyrannis

894 1105 1056 1138 intersectis,
1083 1106 1116 1137 ii,
1138 1106 1239 1141 quibus
1261 1110 1350 1140 erepta
1370 1109 1472 1136 essent,
1496 1109 1692 1140 recuperarent.

895 1144 979 1170 Nemo
994 1144 1078 1179 igitur
1093 1142 1305 1174 iureconsultus,
1324 1151 1357 1169 ne
1373 1143 1423 1169 iste
1438 1142 1562 1177 quidem,
1580 1143 1628 1177 qui
1644 1142 1693 1168 tibi

895 1182 943 1208 uni
954 1185 994 1208 est
1004 1180 1211 1212 iureconsultus,
1220 1189 1268 1215 per
1278 1189 1359 1215 quem
1367 1180 1431 1206 haec
1442 1181 1510 1216 agis,
1523 1188 1557 1206 ex
1567 1180 1616 1206 ista
1628 1188 1694 1215 syn-

895 1219 996 1255 grapha
1007 1218 1099 1245 deberi
1110 1218 1175 1245 dicit
1186 1227 1233 1253 pro
1244 1219 1278 1244 iis
1289 1218 1379 1249 rebus,
1392 1226 1461 1252 quae
1473 1222 1548 1244 erant
1558 1222 1617 1244 ante
1629 1225 1694 1252 syn-

895 1256 1025 1292 grapham
1036 1261 1215 1291 recuperatae.
1238 1256 1296 1282 Non
1306 1256 1377 1282 enim
1389 1264 1403 1281 a
1418 1259 1442 1282 te
1455 1256 1534 1281 emit:
1547 1254 1594 1281 sed
1607 1255 1690 1289 prius,

894 1303 976 1328 quam
992 1298 1021 1320 tu
1037 1302 1118 1320 suum
1133 1294 1185 1320 sibi
1202 1293 1341 1324 venderes,
1354 1293 1413 1327 ipse
1424 1292 1554 1328 possedit.
1595 1291 1641 1318 Ille
1654 1292 1694 1318 vir

896 1331 960 1358 fuit:
982 1340 1030 1358 nos
1044 1331 1156 1366 quidem
1171 1329 1422 1365 contemnendi‚qui
1433 1334 1567 1356 auctorem
1574 1329 1692 1359 odimus,

896 1373 951 1395 acta
963 1368 1146 1395 defendimus.
1167 1368 1314 1395 XXXVIII.
1327 1367 1448 1399 97.Quid
1455 1375 1504 1402 ego
1514 1366 1547 1393 de
1558 1375 1695 1393 commen-

896 1406 970 1432 tariis
980 1406 1106 1438 infinitis,
1124 1405 1191 1441 quid
1207 1405 1240 1432 de
1251 1404 1496 1432 innumerabilibus
1507 1404 1693 1440 chirographis

896 1443 1008 1478 loquar?
1028 1452 1144 1478 quorum
1158 1443 1238 1469 etiam
1250 1443 1396 1469 imitatores
1408 1446 1483 1473 sunt,
1501 1442 1549 1476 qui
1562 1450 1604 1471 ea,
1625 1446 1694 1467 tam-

895 1489 977 1516 quam
993 1480 1172 1517 gladiatorum
1190 1480 1308 1511 libellos,
1327 1479 1414 1514 palam
1431 1478 1579 1505 venditent.
1602 1479 1694 1513 Itaque

896 1519 961 1545 tanti
972 1518 1059 1545 acervi
1076 1526 1249 1544 nummorum
1265 1518 1337 1552 apud
1352 1518 1434 1544 istum
1446 1520 1651 1546 construuntur,
1666 1520 1695 1542 ut

894 1557 948 1582 iam
959 1555 1152 1591 expendantur,
1162 1564 1213 1582 non
1225 1555 1543 1589 numerenturpecuniae.
1565 1554 1599 1580 At
1612 1561 1693 1588 quam

895 1602 971 1620 caeca
983 1594 1092 1619 avaritia
1103 1593 1157 1619 est!
1181 1593 1272 1628 Nuper
1283 1592 1334 1619 lixa
1346 1592 1435 1618 tabula
1447 1595 1496 1623 est,
1508 1599 1561 1626 qua
1572 1592 1694 1617 civitates

896 1630 1123 1666 locupletissimae
1143 1630 1310 1657 Cretensium
1337 1629 1514 1665 vectigalibus
1536 1628 1692 1658 liberantur.

895 1669 1091 1703 statuiturque,
1118 1675 1151 1694 nc
1176 1672 1237 1702 post
1261 1667 1296 1694 M.
1319 1667 1430 1694 Brutum
1452 1666 1638 1701 proconsulem
1660 1666 1695 1692 sit

895 1706 970 1733 Creta
987 1706 1133 1741 provincia.
1174 1706 1214 1732 Tu
1231 1705 1328 1731 mentis
1343 1713 1371 1731 es
1382 1703 1509 1739 compos?
1529 1708 1557 1730 tu
1569 1712 1619 1730 non
1632 1711 1695 1729 con-

894 1742 1087 1779 stringendus?
1106 1743 1146 1770 An
1162 1742 1283 1770 Caesaris
1299 1742 1403 1769 decreto
1415 1742 1489 1769 Creta
1502 1745 1562 1776 post
1572 1741 1607 1767 M.
1621 1741 1694 1767 Bruti

894 1781 1034 1808 decessum
1047 1781 1134 1816 potuit
1145 1780 1354 1815 liberari‚quum
1366 1779 1441 1807 Creta
1454 1778 1519 1805 nihil
1532 1778 1564 1805 ad
1571 1779 1692 1809 Brutum,

895 1819 1006 1846 Caesare
1025 1819 1100 1850 vivo,
1115 1817 1275 1853 pertineret?
1295 1817 1328 1844 At
1339 1817 1420 1843 huius
1433 1816 1585 1843 venditione
1596 1816 1694 1842 decreti

894 1856 937 1892 (ne
953 1856 1020 1883 nihil
1037 1860 1125 1882 actum
1141 1855 1250 1891 putetis)
1270 1855 1435 1890 provinciam
1455 1854 1559 1881 Cretam
1576 1853 1695 1888 perdidi-

895 1895 954 1920 stis.
976 1893 1093 1920 Omnino
1104 1902 1182 1920 nemo
1193 1893 1277 1919 ullius
1289 1893 1325 1919 rei
1339 1892 1388 1918 fuit
1400 1896 1511 1926 emptor,
1525 1892 1568 1917 cui
1579 1890 1696 1917 defuerit

895 1931 939 1958 hic
950 1931 1083 1958 venditor.
1105 1932 1147 1957 98.
1160 1931 1193 1957 Et
1203 1930 1237 1957 de
1248 1930 1390 1957 exsulibus
1403 1929 1587 1965 legem,quam
1600 1928 1692 1956 fixisti.

896 1968 990 1995 Caesar
1012 1968 1091 1996 tulit?
1110 1968 1219 1995 Nullius
1240 1969 1356 1995 insector
1376 1966 1567 1993 calamitatem:
1591 1970 1693 1992 tantum

895 2014 1005 2041 queror,
1028 2006 1146 2041 primum
1167 2014 1260 2032 eorum
1278 2005 1380 2031 reditus
1395 2004 1561 2039 inquinatOS.
1578 2012 1693 2038 quorum

895 2051 1019 2070 caussam
1036 2044 1132 2070 Caesar
1147 2042 1309 2070 dissimilem
1325 2042 1463 2074 iudicarit,
1485 2040 1583 2068 deinde
1595 2041 1692 2072 nescio,

895 2089 944 2108 cur
955 2089 1007 2108 non
1019 2081 1131 2116 reliquis
1143 2080 1214 2107 idem
1227 2081 1340 2107 tribuas.
1362 2080 1455 2114 Neque
1465 2079 1536 2105 enini
1545 2078 1693 2113 plusquam

896 2123 949 2145 tres
964 2122 1010 2145 aut
1023 2122 1150 2154 quattuor
1165 2118 1262 2153 reliqui
1274 2122 1347 2144 sunt.
1387 2116 1439 2149 Qui
1451 2116 1534 2142 simili
1547 2117 1573 2142 in
1585 2116 1694 2141 calami-

895 2160 947 2182 tate
969 2160 1046 2186 sunt.
1063 2164 1111 2182 cur
1126 2161 1170 2182 tua
1187 2154 1368 2181 misericordia
1384 2154 1467 2180 simili
1483 2162 1535 2180 non
1551 2152 1696 2179 fruuntur?

895 2201 943 2219 cur
958 2201 1002 2219 eos
1019 2192 1101 2219 habes
1117 2193 1144 2219 in
1161 2192 1217 2219 loco
1232 2192 1339 2227 patrui?
1358 2191 1391 2218 de
1406 2199 1461 2226 quo
1473 2190 1552 2220 ferre,
1564 2199 1649 2225 quum
1662 2190 1695 2215 de

896 2230 1008 2264 reliquis
1020 2229 1111 2260 serres.
1126 2229 1249 2256 uoluisti.-
1271 2238 1353 2264 quem
1365 2229 1444 2255 etiam
1456 2228 1635 2254 adcensuram
1649 2235 1695 2261 pe-

896 2267 1002 2294 tendam
1032 2267 1180 2302 impulisti,
1207 2274 1320 2301 eamque
1346 2266 1500 2300 petitionem
1523 2266 1693 2299 comparasti.

895 2312 964 2339 quae
979 2308 1005 2330 et
1019 2304 1090 2330 risus
1107 2304 1246 2330 bominum
1262 2308 1287 2329 et
1297 2302 1422 2338 querelas
1436 2307 1562 2328 moveret.
1586 2304 1628 2327 99.
1642 2302 1695 2327 Cur

896 2345 984 2368 autem
997 2349 1026 2367 ea
1037 2341 1144 2367 comitia
1158 2349 1210 2367 non
1223 2340 1362 2366 habuisti?
1379 2349 1411 2366 an
1423 2341 1486 2374 quia
1499 2339 1624 2365 tribunus
1638 2338 1695 2372 ple-

896 2379 938 2405 bis
953 2379 1094 2405 sinistrum
1111 2377 1212 2404 fulmen
1230 2376 1387 2404 nuntiabat?
1406 2377 1495 2409 Quum
1513 2381 1555 2402 tun
1571 2376 1637 2411 quid
1653 2376 1695 2402 in-

896 2420 984 2446 terest,
999 2415 1071 2442 nulla
1082 2416 1201 2449 auspicia
1213 2420 1289 2441 sunt:
1312 2423 1398 2450 quum
1411 2419 1526 2443 tuorum,
1541 2418 1597 2440 tuni
1611 2413 1641 2439 lis
1653 2421 1695 2439 re·

897 2453 1019 2487 ligiosus.
1059 2452 1150 2485 Quid?
1168 2452 1294 2479 cumdem
1306 2453 1332 2478 in
1344 2453 1536 2486 septemviram
1549 2459 1636 2477 nonne
1647 2450 1694 2477 de-

895 2489 1026 2517 stituisti?
1054 2490 1196 2517 intervenit
1216 2490 1298 2516 enim.
1339 2489 1388 2516 Cui
1405 2488 1538 2518 metuisti.
1551 2488 1643 2518 credo,
1661 2495 1694 2514 ne

895 2527 970 2554 salvo
984 2528 1070 2562 capite
1087 2535 1182 2563 negare
1198 2536 1249 2553 non
1266 2535 1368 2561 posses.
1409 2525 1542 2553 Omnibus
1554 2533 1615 2552 eum
1630 2534 1694 2552 con-

896 2564 1016 2592 tumeliis
1026 2565 1151 2595 onerasti.
1164 2573 1246 2600 quem
1258 2564 1340 2599 patris
1353 2564 1417 2593 loco.
1431 2564 1454 2590 si
1467 2562 1520 2589 ulla
1532 2563 1559 2589 in
1572 2568 1596 2589 te
1608 2563 1693 2598 pietas

895 2606 975 2633 esset.
997 2601 1082 2629 colere
1102 2602 1228 2629 debebas.
1271 2601 1364 2628 Filiam
1382 2602 1450 2631 eius.
1473 2609 1590 2627 sororem
1608 2606 1691 2630 tuam.

895 2639 1007 2671 eiecisti,
1029 2639 1080 2665 alia
1100 2639 1253 2667 conditione
1273 2639 1395 2674 quaesita
1416 2643 1441 2665 et
1461 2642 1521 2664 ante
1541 2642 1690 2673 prospecta.

896 2678 954 2705 Non
965 2681 1005 2704 est
1015 2677 1094 2704 satis:
1117 2677 1208 2713 probri
1219 2676 1383 2704 insimulasti
1399 2675 1602 2712 pudicissimam
1616 2675 1691 2703 semi-
