1941 3052
240 131 287 155 ⁸20

239 209 291 234 que
313 200 416 225 nntium.

239 238 310 266 sius,
344 236 420 262 multi
450 241 582 270 praeterea
609 235 684 261 lioni:

240 275 348 300 Favonii
369 273 426 299 fuit.

239 313 392 337 mittuntur:
407 315 514 335 senatus
526 314 642 335 vocatur.

723 236 837 268 insignis
864 244 925 261 vero
949 243 1028 270 opera

679 310 767 340 Quum
779 309 965 335 decerneretur
977 309 1029 335 tn·-

238 348 330 383 queuti
353 351 459 374 senatu,
487 351 576 372 contra
599 351 733 380 pugnante
756 347 863 376 Pisone,
892 346 923 372 ad
946 346 1028 381 peiles
1048 344 1050 359 ⁵

237 385 358 410 oninium
370 382 528 415 singillatim
540 383 675 408 accidente
687 382 790 413 Clodio,
807 382 969 409 utconsulcs
981 393 1028 418 po·
1048 418 1049 422 Ἰ

239 421 332 456 pulum
344 420 544 445 cohortari-ntur
554 420 586 445 ad
599 421 760 453 rogationem
769 420 966 454 accipiendum
982 421 1028 446 lio-

239 459 324 484 niincs
339 457 372 483 ad
385 465 422 482 ,xv
434 457 557 487 Curioni,
577 457 680 483 nullum
697 462 805 484 senatus
821 457 973 484 consultum
991 457 1029 483 fa-

237 496 331 525 cienti,
351 499 537 520 assenserunt:
569 503 601 520 ex
617 494 697 520 altera
717 500 789 529 parte
806 494 958 521 fat-ilecccc
971 494 1029 521 fue·
1048 526 1057 532 Ἣ

570 532 661 557 Fufius
678 532 802 558 tribunus
819 536 874 558 tum
886 533 1027 558 concessit.
1048 549 1049 558 ι

238 537 308 558 runt.
347 531 409 558 Acta
426 540 466 557 res
481 536 531 558 est.

237 569 347 595 Clodius
362 569 504 595 conciones
519 569 630 595 misci-as
642 569 765 599 babebat,
780 570 805 595 in
817 569 917 604 quibus
930 569 1029 596 Lucul-

239 607 306 636 lum,
325 606 508 635 llortensium,
526 607 555 633 C.
572 607 709 637 Pisonem,
727 606 878 632 Messallam
889 606 1027 633 consulem

236 643 428 670 contumelioso
441 643 575 670 laedebat:
598 652 640 670 me
652 648 753 670 tantum
765 645 928 678 comperisse
939 645 1027 670 omnia

236 680 438 707 criminabatur.
482 680 596 707 Senatus
616 686 641 707 ct
661 681 693 707 de
714 682 861 716 provinciis
877 687 1027 716 praetorum

236 723 261 744 et
276 718 309 744 de
327 718 505 753 legationibus
521 723 546 744 et
561 718 594 744 dc
610 719 705 745 ceteris
717 718 797 744 rebus
808 718 981 749 decernebat,
1000 724 1029 745 ut

236 760 310 785 ante,
327 764 409 791 quam
427 756 527 791 rogatio
544 755 593 782 lata
610 760 693 786 osset,
712 764 744 782 ne
759 756 825 790 quid
837 761 969 789 ageretur.
1000 758 1025 782 6.

237 792 324 819 llabes
345 801 385 819 res
407 793 552 819 Romanas:
584 793 631 819 sed
653 798 739 819 tamen
761 794 839 819 ctiam
856 793 937 824 illud,
955 793 1026 828 quod

237 838 288 856 non
305 838 454 864 speraram,
477 830 551 856 audi.
589 830 712 856 Messalla
727 830 820 857 consul
836 836 876 857 est
890 832 1025 866 egregius,

237 867 325 897 fortis,
347 872 484 898 constans,
506 867 636 903 diligens,
659 868 742 894 nostri
759 867 891 899 laudator,
917 873 1026 899 amator,

236 905 362 931 imitator.
400 904 446 931 Ille
462 904 527 931 alter
541 913 595 931 uno
613 905 678 931 vitio
694 906 785 931 minus
801 906 927 938 vitiosus3
955 914 1027 940 quon

208 964 213 970 .
236 942 321 973 iners,
348 942 420 977 quod
441 943 528 968 somni
549 942 659 977 plenus,
681 942 754 977 quod
777 943 932 978 imperitus,
954 942 1027 978 quod
1048 949 1049 954 ¹

235 979 444 1014 ἀπρακτότατος,
461 979 507 1005 scd
522 979 658 1006 voluntate
674 980 709 1006 ita
724 981 859 1013 καχὲκτηε,
875 985 904 1006 ut
916 981 1028 1014 Pompe-

236 1017 292 1042 ium
309 1021 367 1051 post
383 1016 456 1042 illam
470 1017 638 1047 concionem,
657 1017 684 1043 in
695 1026 747 1052 qua
760 1017 793 1043 ab
804 1026 835 1044 eo
849 1022 957 1044 senatus
970 1017 1028 1043 lau-

235 1053 314 1080 datus
329 1058 382 1084 est,
398 1054 488 1080 odisse
503 1055 630 1089 coeperit.
661 1055 751 1089 ltaque
764 1055 862 1081 mirum
877 1055 904 1081 in
917 1055 1026 1081 niodum

234 1099 328 1118 omnes
343 1099 357 1117 a
373 1099 401 1117 sc
417 1091 500 1118 bonos
515 1091 652 1118 alienavit.
687 1092 779 1126 Neque
796 1092 823 1118 id
835 1093 921 1127 magis
933 1093 1028 1119 amici-

235 1129 269 1155 tia
281 1128 367 1155 Clodii
379 1128 511 1155 adductus
523 1128 597 1159 facit,
615 1137 696 1163 quam
707 1129 798 1155 studio
808 1129 973 1164 perditarum
986 1138 1028 1156 re-

235 1174 295 1192 rum
307 1171 385 1200 atque
398 1167 524 1200 partium.
559 1166 612 1192 Sed
627 1166 707 1193 habet
717 1167 760 1192 sui
772 1166 890 1193 similem
902 1167 929 1193 in
941 1168 1028 1203 magi-

233 1203 362 1234 stratibus
388 1208 490 1238 praeter
511 1203 616 1229 Fufium
637 1205 783 1230 neminem.
826 1204 906 1230 Bonis
925 1205 1028 1231 utimur

234 1240 351 1266 tribunis
368 1240 469 1275 plebis,
495 1240 610 1267 Cornuto
625 1250 687 1267 vero
703 1241 912 1269 Pseudocatone.
955 1241 1027 1274 Quid

233 1276 360 1312 quaeris?
378 1279 403 1303 7.
420 1278 496 1304 Nunc
511 1282 538 1304 ut
549 1277 582 1304 ad
593 1279 695 1312 privata
708 1278 829 1305 redeam:
850 1281 955 1315 Τεῦκρις
965 1288 1028 1314 pro—

234 1315 316 1341 missa
337 1315 461 1349 patravit.
495 1315 534 1341 Tu
554 1315 677 1342 mandata
693 1315 783 1346 effice,
806 1324 875 1351 quae
890 1317 1025 1352 recepisti.

233 1352 349 1384 Quintus
368 1351 460 1383 frater,
478 1353 526 1387 qui
540 1352 688 1388 Argiletani
704 1352 820 1379 aedificii
831 1353 966 1389 reliquum
979 1354 1027 1380 do-

233 1389 354 1416 drantem
375 1390 441 1416 emit
459 1389 522 1416 H-S
543 1398 667 1422 cccxxv,
690 1390 874 1417 Tusculanum
896 1391 1024 1423 venditat,

233 1432 275 1457 ut.
293 1427 316 1453 si
332 1427 431 1461 possit,
448 1432 519 1453 emat
534 1427 697 1454 Pacilianam
712 1427 834 1454 domum.
872 1428 940 1455 Cum
957 1429 1027 1455 Luc-

232 1464 290 1490 ceio
305 1465 332 1490 in
347 1465 461 1499 gratiam
477 1464 545 1490 redi.
581 1465 664 1492 Video
680 1465 817 1492 bominem
833 1465 911 1492 valde
926 1467 1027 1501 petitu-

233 1501 294 1527 rire.
328 1501 438 1528 Navabo
448 1510 566 1536 operam.
588 1502 637 1533 Tu,
650 1502 717 1537 quid
728 1511 800 1538 agas,
814 1502 862 1529 ubi
873 1504 921 1534 sis,
933 1504 1027 1530 cuius-

232 1538 305 1565 modi
321 1539 386 1565 istae
402 1547 444 1565 res
459 1539 526 1570 sint,
545 1538 586 1566 fac
600 1548 643 1566 me
653 1548 736 1575 quam
747 1539 956 1576 diligentissime
967 1549 1027 1568 cer-

233 1577 336 1603 tiorem.
371 1576 464 1603 Idibus
476 1576 554 1603 Febr.

286 1654 335 1675 XV.
364 1656 451 1678 (Romae,
460 1657 555 1677 Meu-lla,
565 1656 632 1674 Pisone
642 1663 689 1674 coss.
699 1658 756 1680 693.)

412 1698 580 1726 CICERO
610 1699 782 1727 ATTICO
811 1700 840 1727 S.

289 1745 312 1769 t.
334 1740 432 1770 Asiam
443 1743 550 1776 Quinto,
563 1746 728 1772 suavissimo
739 1745 822 1777 fratri,
835 1745 965 1781 obtigisse
976 1754 1026 1773 au-

231 1781 309 1808 disti:
332 1789 384 1807 non
395 1782 467 1807 enim
478 1781 582 1813 dubito,
595 1783 662 1817 quin
673 1782 788 1809 celerius
799 1783 849 1810 tibi
860 1783 910 1809 hoc
922 1792 1022 1814 rumor,

230 1827 312 1853 quam
328 1817 412 1844 ullius
424 1823 544 1845 nostrum
556 1818 658 1846 litterae
672 1821 828 1847 nuntiarint.
868 1821 946 1847 Nunc
956 1829 1025 1855 quo-

231 1855 303 1882 niam
323 1860 349 1882 et
364 1855 451 1882 laudis
467 1855 620 1882 avidissimi
635 1865 742 1892 semper
757 1857 868 1888 fuimus,
885 1862 911 1884 et
920 1862 1025 1892 praeter

230 1897 331 1919 ceteros
346 1893 491 1926 φιλέλληνες
506 1897 531 1919 et
541 1901 637 1919 sumus
651 1898 677 1920 et
688 1894 828 1925 habemur,
841 1899 868 1921 et
877 1895 1024 1921 multorum

230 1929 291 1956 odia
303 1934 382 1964 atque
394 1930 551 1956 inimicitias
561 1930 728 1965 reipublicae
739 1940 833 1958 caussa
840 1933 1021 1967 suscepimus,

230 1967 354 2001 παντοίης
373 1965 389 1992 ἀ
408 1968 465 2000 ετῆς
478 1966 633 2002 μιμνήσκεο,
653 1976 772 2003 curaque
795 1974 820 1995 et
835 1968 924 2000 effice,
945 1974 975 1996 ut
990 1969 1024 1996 ab

229 2003 390 2030 omnibuset
406 2003 538 2030 audemur
548 2009 573 2031 et
583 2013 716 2032 amemur.
728 2008 753 2032 Ξ.
766 2006 813 2032 His
824 2006 857 2032 de
869 2006 950 2032 rebus
962 2006 1025 2041 plu-

230 2050 258 2067 ra
274 2040 307 2067 ad
323 2046 347 2067 te
363 2041 390 2067 in
401 2049 430 2067 ea
442 2040 554 2075 epistola
565 2041 691 2074 scribam,
705 2051 786 2077 quam
801 2044 853 2078 ipsi
866 2043 965 2076 Quinto
976 2043 1025 2070 da-
1045 2061 1046 2064 =

230 2078 274 2104 bo.
315 2078 354 2104 Tu
375 2086 427 2108 me,
444 2077 536 2110 velim,
553 2079 694 2106 certiorem
710 2079 805 2111 facias,
822 2080 889 2116 quid
906 2081 939 2107 de
955 2081 1024 2107 meis

230 2115 363 2142 mandatis
383 2116 484 2151 egeris,
507 2120 588 2151 atque
602 2117 695 2148 etiam,
713 2117 781 2152 quid
796 2118 828 2144 de
845 2123 889 2144 tuo
905 2119 1021 2154 negotio.

229 2153 296 2179 Nam
317 2157 347 2179 ut
366 2152 510 2179 Brundisio
529 2153 665 2188 profectus
680 2163 722 2186 es,
745 2155 835 2182 nullae
851 2155 919 2182 mihi
935 2155 983 2182 abs
998 2160 1023 2182 te

228 2195 292 2253 ιειιὶιιίξ
307 2189 426 2254 Ἑάἀίῐιιο
442 2189 554 2217 litterae.
594 2191 678 2218 Valde
693 2200 760 2220 aveo
774 2194 853 2224 scire,
869 2192 937 2228 quid
947 2201 1021 2229 agas.

260 2235 269 2253 ι
293 2248 297 2253 .
338 2231 387 2254 art.

281 2303 343 2324 XVI,
373 2305 460 2327 (Romae,
470 2306 567 2327 Messalla,
576 2307 642 2325 Pisone
652 2315 698 2325 con.
707 2310 763 2330 ⁶93.)

414 2348 580 2376 CICERO
609 2350 778 2378 ATTICO
807 2352 836 2379 S.

286 2395 308 2419 l.
331 2388 450 2426 Quaeris
461 2403 495 2422 ex
504 2404 557 2426 me,
565 2396 632 2430 quid
643 2396 770 2423 acciderit
780 2397 814 2423 de
825 2397 935 2429 iudicio,
948 2397 1021 2433 quod

228 2435 281 2456 tam
297 2436 400 2465 praeter
413 2432 568 2467 opinionem
583 2434 705 2460 omnium
720 2433 820 2460 factum
831 2435 879 2461 sit:
902 2440 928 2462 et
937 2434 1020 2461 simul

228 2467 270 2508 v-is
286 2468 363 2499 scire,
385 2477 438 2503 quo
453 2469 532 2496 modo
547 2478 596 2506 ego
609 2471 710 2502 minus,
727 2479 809 2505 quam
820 2471 930 2503 soleam,
943 2481 1021 2507 prae-

229 2502 309 2530 liatus
319 2505 384 2530 sim:
413 2507 580 2541 respondebo
591 2507 641 2534 tibi
650 2508 760 2543 ϋσ-τερον
770 2508 908 2544 πρότερον,
916 2509 1022 2545 Ὁμηρι-

228 2542 287 2569 κῶς.
308 2541 364 2575 Ego
375 2543 456 2573 enim,
469 2552 551 2577 quam
562 2544 610 2570 diu
621 2549 730 2571 senatus
740 2546 882 2572 auctoritas
893 2546 962 2572 mihi
972 2547 1021 2573 de-

229 2575 362 2603 fendenda
381 2577 444 2609 fuit,
466 2581 506 2606 sic
526 2582 622 2608 acriter
642 2586 668 2608 et
687 2581 860 2609 vehementer
873 2583 1019 2617 praeliatus

229 2621 300 2644 sum,
308 2619 337 2640 ut
347 2613 447 2641 clamor
456 2624 657 2653 concursusque
669 2619 786 2646 maxima
797 2628 860 2646 cum
871 2629 930 2647 mea
941 2620 1020 2647 laude

230 2649 330 2677 fierent.
355 2651 433 2684 Quod
443 2653 467 2679 si
477 2654 527 2680 tibi
538 2663 668 2691 umquam
679 2664 740 2683 sum
752 2657 829 2684 visus
840 2657 868 2684 in
879 2657 1019 2693 republica

467 198 575 224 Accedit
598 198 691 224 codem
716 199 795 224 ctiam
818 198 1029 224 nostcrllorten-
1048 198 1051 234 j

469 274 519 298 lloc
534 280 665 298 concursu
686 273 844 306 optimatum
859 273 966 298 comitia
987 272 1029 298 di-
1049 280 1050 285 ¹

813 129 855 155 90.
886 128 921 155 M.
952 128 983 155 Τ.
1013 128 1287 156 CICERONIS

1082 199 1164 229 fortis,
1178 205 1248 226 certe
1259 208 1300 226 me
1314 200 1339 226 in
1352 199 1396 226 illa
1406 208 1500 226 caussa
1512 200 1659 227 admiratus
1670 210 1753 228 essee.
1778 202 1867 234 Quum

1080 237 1152 262 enim
1169 236 1213 262 illc
1228 236 1261 262 ad
1273 237 1414 263 conciones
1424 236 1597 270 confugisset,
1613 239 1638 264 in
1652 239 1739 274 iisque
1751 248 1810 265 meo
1821 248 1869 266 no-

1081 274 1152 300 mine
1166 273 1198 299 ad
1211 273 1341 300 invidiam
1354 279 1484 305 utere-tun
1502 274 1540 300 dii
1553 276 1727 301 immortales!
1741 285 1809 311 quas
1819 284 1870 310 ego

1080 319 1185 345 pugnas
1200 316 1226 337 et
1236 316 1349 345 quantas
1360 316 1461 346 strages
1472 311 1558 337 edidi!
1580 321 1648 346 quos
1660 314 1775 348 impetus
1788 314 1813 339 in
1826 314 1869 340 Pi-

1079 356 1182 378 sonem,
1196 349 1382 377 intzurionem.
1397 349 1422 374 in
1435 353 1514 374 totam
1527 348 1599 375 illam
1611 358 1718 376 manuni
1732 350 1795 376 feci!
1815 359 1870 385 quo

1081 385 1158 411 modo
1175 394 1235 411 sum
1251 386 1395 411 insectatus
1407 385 1540 411 levitatem
1552 394 1657 416 aenum,
1674 386 1814 414 libidinem
1828 389 1870 414 iu—

1081 423 1211 448 ventutis!
1243 422 1342 456 Saepe,
1366 423 1400 448 ita
1425 431 1467 448 me
1487 422 1525 448 dii
1547 423 1651 449 iuvent!
1675 429 1699 449 te
1715 432 1765 450 non
1781 424 1868 450 solum

1080 464 1213 485 auctorem
1228 459 1402 485 consiliorum
1419 468 1548 489 meorum,
1567 469 1659 486 verum
1675 461 1754 487 etiam
1766 466 1870 496 specta-

1081 502 1162 522 torem
1179 505 1330 531 pugnarum
1343 496 1516 522 mirificarum
1527 497 1690 523 desideravi.
1731 500 1756 524 2.
1778 498 1869 525 Postea

1081 542 1143 560 vcro
1163 543 1244 569 quam
1261 534 1417 560 Hortensius
1431 535 1602 567 excogitavit,
1621 539 1650 561 ut
1665 534 1750 570 legem
1762 534 1796 561 de
1807 535 1870 562 reli-

1080 572 1158 603 gione
1179 571 1271 598 Fufius
1297 571 1422 597 tribunus
1443 571 1531 606 plebis
1552 571 1644 603 fcrret;
1676 573 1702 598 in
1723 580 1776 607 qua
1800 572 1869 599 nihil

1079 608 1152 634 aliud
1173 617 1187 634 a
1207 608 1341 635 consulari
1357 609 1492 643 rogatione
1507 608 1658 639 differebat,
1680 609 1732 635 nisi
1749 609 1869 636 iudicum

1079 654 1178 679 gcnus;
1210 647 1247 680 (in
1264 654 1295 672 eo
1309 651 1397 672 autem
1413 651 1487 672 erant
1497 647 1611 679 omnia3)
1631 647 1825 681 pugnavitque,
1841 651 1881 673 ut.

1080 684 1114 709 ita
1127 683 1213 709 ficret:
1236 683 1308 718 quod
1320 688 1345 709 et
1355 683 1440 709 sibiet
1451 683 1693 718 aliispersuaserat,
1702 683 1870 710 nullisillum

1081 720 1218 746 iudicibus
1237 720 1353 756 effugere
1369 729 1460 756 posse:
1483 721 1602 747 contraxi
1619 720 1686 750 vela,
1704 721 1870 756 perspiciens

1080 758 1196 792 inopiam
1220 758 1354 788 iudicum.
1377 766 1464 792 neque
1485 757 1542 784 dixi
1563 757 1712 793 quidquam
1732 766 1779 793 pro
1794 758 1870 784 teati-

1080 796 1182 826 monio,
1204 796 1255 821 nisi
1276 795 1348 830 quod
1364 800 1419 821 crat
1435 796 1470 821 ita
1486 800 1576 821 notum
1592 800 1672 830 atque
1688 800 1825 826 testatum.
1840 800 1871 821 ut

1080 841 1131 859 non
1152 841 1258 867 possem
1276 833 1428 867 praeterire.
1468 833 1568 867 ltaque,
1586 833 1609 858 si
1624 841 1747 859 caussam
1761 832 1870 867 quaeris

1079 869 1265 900 absolutionis,
1283 870 1323 903 (ut
1337 870 1389 896 iam
1402 869 1468 904 πρὸς
1479 870 1508 896 τὸ
1519 869 1647 905 πρότερον
1659 871 1796 904 revertar.)
1806 877 1870 932 ege-

1079 912 1133 933 stas
1149 907 1269 933 iudicum
1287 906 1337 933 fuit
1351 912 1377 933 et
1392 906 1539 941 turpitudo.
1579 906 1607 933 ld
1623 912 1711 933 autem
1726 907 1821 933 utacci
1841 914 1870 933 e-

1079 949 1126 974 ret,
1144 945 1320 971 commissum
1334 949 1375 970 est
1385 944 1517 970 Hortensii
1528 943 1649 974 consilio,
1663 944 1787 979 quidum
1799 944 1870 970 veri-

1079 987 1122 1008 tus
1133 986 1182 1011 est,
1196 990 1228 1008 ne
1240 982 1332 1008 Fufius
1343 982 1368 1008 ei
1381 981 1433 1017 legi
1446 981 1706 1016 intercederet,quae
1716 989 1750 1008 ex
1760 986 1870 1008 senatus

1078 1018 1200 1045 consulto
1221 1018 1364 1049 ferebatur,
1383 1027 1434 1045 non
1447 1018 1515 1045 vidit
1529 1018 1597 1045 illud
1609 1019 1694 1044 satius
1704 1027 1773 1048 esse,
1791 1018 1869 1044 illum

1079 1057 1106 1082 in
1119 1055 1229 1083 infamia
1241 1056 1358 1091 relinqui
1369 1064 1399 1082 ac
1410 1055 1545 1086 sordibus,
1558 1064 1640 1090 quam
1653 1055 1758 1082 infirmo
1769 1055 1871 1082 iudicio

1079 1094 1220 1120 committi.
1260 1093 1313 1120 Sed
1329 1093 1426 1120 ductus
1436 1092 1498 1119 odio
1508 1093 1660 1127 properavit
1671 1101 1726 1119 rein
1737 1092 1871 1119 deducere

1080 1132 1107 1157 in
1127 1131 1270 1161 iudicium,
1287 1139 1373 1165 quum
1384 1130 1462 1157 illum
1474 1130 1602 1164 plumbeo
1617 1129 1707 1165 gladio
1717 1129 1869 1166 iugulatum

1079 1169 1112 1194 iri
1123 1173 1211 1195 tamen
1222 1168 1332 1194 diceret.
1378 1169 1403 1194 3.
1425 1167 1478 1194 Sed
1490 1167 1622 1193 iudicium
1637 1168 1660 1193 si
1671 1168 1779 1202 quaeris
1789 1166 1870 1202 quale

1080 1205 1173 1232 fuerit:
1196 1204 1349 1232 incredibili
1360 1205 1448 1237 exitu;
1471 1205 1524 1235 sic,
1537 1205 1576 1231 uti
1591 1213 1663 1231 nunc
1677 1213 1712 1231 ex
1722 1209 1820 1231 eventu
1835 1204 1870 1230 ab

1079 1243 1149 1274 aliis,
1170 1251 1184 1269 a
1200 1251 1243 1269 me
1263 1248 1351 1269 tamen
1367 1250 1401 1269 ex
1415 1243 1475 1277 ipso
1489 1242 1567 1268 initio
1581 1241 1725 1268 consilium
1736 1242 1869 1269 Hortensii

1079 1280 1300 1315 reprehendatur.
1339 1280 1407 1306 Nam
1420 1284 1449 1306 ut
1458 1280 1566 1306 reiectio
1577 1278 1644 1306 facta
1655 1284 1696 1306 est
1705 1278 1870 1306 clamoribus

1079 1318 1215 1349 maximis,
1237 1325 1322 1353 quum
1338 1321 1488 1347 accusator,
1511 1321 1647 1352 tamquam
1662 1325 1756 1343 censor
1770 1316 1868 1348 bonus,

1078 1355 1202 1382 homines
1221 1355 1405 1390 nequissimos
1423 1355 1557 1385 reiiceret,
1583 1362 1646 1381 reus
1660 1359 1797 1389 tamquam
1814 1352 1870 1380 cle-

1078 1401 1155 1419 mens
1169 1392 1264 1419 lanista
1281 1391 1496 1428 frugalissimum
1509 1399 1646 1427 quemque
1656 1396 1817 1423 secerneret;
1839 1395 1871 1417 ut

1078 1431 1196 1465 primum
1222 1429 1326 1456 iudices
1347 1428 1539 1460 consederunt,
1565 1428 1643 1455 valde
1662 1428 1785 1455 diffidere
1805 1427 1869 1454 boni

1077 1472 1232 1502 coeperunt.
1272 1467 1331 1494 Non
1345 1467 1418 1493 enim
1429 1474 1560 1501 umquam
1574 1466 1678 1501 turpior
1691 1466 1718 1492 in
1730 1465 1794 1492 ludo
1803 1464 1870 1492 tala-

1078 1505 1117 1531 rio
1128 1513 1272 1531 consessus
1283 1503 1344 1531 fuit.
1378 1503 1508 1530 Maculosi
1518 1508 1662 1533 senatores,
1675 1503 1742 1529 nudi
1752 1503 1867 1538 equites.

1077 1542 1180 1568 tribuni
1191 1550 1244 1568 non
1255 1547 1308 1568 tam
1319 1541 1410 1572 aerati,
1427 1549 1519 1576 quam,
1530 1545 1561 1567 ut
1571 1539 1748 1575 appellantur,
1761 1539 1867 1566 aerarii.

1076 1579 1158 1605 Pauci
1173 1583 1263 1606 tamen
1278 1579 1342 1606 boni
1358 1579 1470 1609 inerant,
1486 1586 1554 1613 quos
1565 1578 1708 1604 reiectione
1719 1577 1812 1613 fugare
1823 1576 1869 1603 ille

1077 1625 1130 1643 non
1143 1621 1278 1651 potuerat,
1295 1617 1344 1651 qui
1357 1616 1452 1642 maesti
1463 1616 1532 1642 inter
1544 1615 1588 1641 sui
1598 1614 1746 1641 dissimiles
1759 1619 1786 1642 et
1795 1622 1869 1641 mae-

1077 1658 1165 1680 rentes
1180 1653 1310 1680 sedebant
1323 1658 1349 1679 et
1361 1653 1518 1688 contagione
1532 1651 1711 1687 turpitudinis
1721 1651 1869 1678 vehemen-

1078 1695 1117 1717 ter
1131 1691 1366 1725 permovebantur.
1407 1690 1431 1716 4.
1454 1690 1509 1720 llic,
1526 1694 1557 1716 ut
1570 1697 1694 1724 quaeque
1708 1697 1750 1715 res
1761 1688 1794 1715 ad
1803 1696 1869 1715 con-

1076 1727 1170 1754 silium
1190 1728 1286 1762 primis
1304 1726 1531 1762 postulationibus
1551 1725 1728 1757 referebatur,
1750 1725 1869 1752 incredi-

1076 1765 1141 1791 bilis
1151 1769 1207 1791 erat
1217 1765 1347 1791 severitas
1358 1763 1431 1790 nulla
1442 1764 1568 1790 varietate
1575 1764 1781 1795 sententiarum;
1797 1761 1867 1789 nibil

1052 1810 1055 1839 ς
1077 1803 1231 1837 impetrarat
1246 1810 1322 1833 reus3
1344 1800 1407 1836 plus
1422 1801 1569 1827 accusatori
1584 1800 1706 1830 dabatur,
1723 1808 1806 1835 quam
1818 1808 1868 1835 po—

1076 1839 1205 1871 stulabat;
1228 1838 1413 1874 triumphabat
1423 1837 1500 1873 (quid
1510 1837 1646 1873 quaeris⁴?)
1659 1837 1826 1868 Hortensius,
1838 1845 1868 1864 se

1076 1876 1178 1903 vidisse
1199 1881 1316 1903 tantum:
1347 1884 1425 1902 nemo
1441 1880 1505 1906 erat,
1522 1875 1570 1910 qui
1586 1874 1664 1901 illum
1683 1883 1759 1901 reum
1773 1882 1868 1901 acuon

1075 1913 1175 1940 millies
1186 1913 1393 1940 condemnatum
1404 1912 1587 1939 arbitraretur.
1608 1912 1650 1938 Me
1661 1920 1724 1938 vero
1734 1916 1869 1946 testepro—

1075 1951 1164 1981 ducto,
1183 1951 1262 1977 credo
1273 1956 1307 1982 te.
1319 1959 1354 1977 ex
1364 1949 1554 1976 acclamatione
1563 1948 1652 1976 Clodii
1665 1948 1866 1979 advocatorum,

1075 1988 1193 2019 audisse,
1215 1996 1284 2023 quae
1299 1987 1480 2014 consurrectio
1494 1986 1616 2013 iudicum
1632 1985 1700 2013 facta
1714 1987 1763 2015 sit,
1780 1990 1810 2012 ut
1823 1993 1868 2012 me

1074 2026 1309 2056 circumsteterint,
1327 2030 1357 2051 ut
1371 2029 1460 2060 aperte
1478 2023 1573 2059 iugula
1587 2032 1636 2050 sua
1649 2032 1698 2058 pro
1711 2031 1770 2050 meo
1780 2023 1868 2058 capite

1074 2063 1103 2089 P.
1115 2063 1209 2090 Clodio
1219 2063 1385 2089 ostentarint.

1074 2101 1177 2127 centior
1191 2101 1249 2126 visa
1260 2105 1309 2130 est,
1326 2107 1408 2134 quam
1421 2103 1468 2125 aut
1477 2098 1534 2129 illa,
1546 2106 1632 2133 quum
1643 2098 1731 2124 iurare
1741 2097 1782 2124 tui
1791 2097 1867 2124 cives

1074 2137 1251 2164 Xenocratem
1280 2137 1465 2163 testimonium
1494 2135 1628 2162 dicentem
1652 2134 1864 2170 prohibuerunt;

1074 2179 1120 2201 aut
1142 2183 1228 2210 quum
1249 2173 1356 2201 tabulas
1375 2173 1475 2200 Metelli
1490 2172 1643 2203 Numidici,
1654 2180 1740 2207 quum
1756 2171 1819 2202 hae,
1835 2175 1868 2198 ut

1074 2220 1132 2238 mos
1147 2217 1196 2243 est,
1216 2211 1462 2241 circumferrentur,
1478 2210 1563 2237 nostri
1573 2209 1678 2236 iudices
1688 2209 1808 2243 aspicere
1817 2216 1867 2235 no-

1075 2249 1195 2282 luerunt;
1236 2248 1322 2275 multo
1344 2248 1424 2279 haec,
1445 2248 1570 2282 inquam,
1595 2251 1684 2273 nostra
1706 2254 1749 2272 res
1769 2246 1864 2272 maior.

1073 2288 1099 2313 5.
1120 2287 1212 2321 Itaque
1232 2286 1355 2312 iudicum
1371 2285 1494 2315 vocibus,
1516 2292 1602 2319 quum
1619 2291 1669 2319 ego
1678 2283 1719 2309 sic
1729 2282 1818 2314 abiis,
1835 2287 1867 2309 ut

1073 2323 1147 2350 salus
1162 2324 1272 2358 patriae,
1289 2322 1457 2353 defenderer,
1474 2321 1573 2348 fractus
1587 2329 1650 2347 reus
1660 2325 1687 2346 et
1696 2328 1749 2346 una
1760 2319 1866 2355 patruni

1072 2369 1166 2388 omnes
1176 2361 1360 2387 conciderunt.
1399 2359 1441 2386 Ad
1451 2367 1494 2385 me
1506 2363 1595 2385 autem
1605 2357 1699 2384 eadem
1713 2356 1864 2392 frequentia

1073 2398 1202 2433 postridie
1228 2398 1367 2428 convenit,
1389 2404 1507 2432 quacum
1525 2395 1619 2422 abiens
1641 2393 1782 2421 consulatu
1801 2401 1865 2420 sum

1072 2435 1183 2462 domum
1203 2435 1341 2462 reductus.
1389 2433 1509 2461 Clamare
1528 2431 1658 2467 praeclari
1677 2431 1862 2467 Areopagitae,

1072 2481 1101 2499 se
1116 2481 1169 2499 non
1183 2481 1242 2499 esse
1254 2476 1390 2502 venturos,
1409 2471 1463 2497 nisi
1473 2469 1608 2505 praesidio
1618 2469 1772 2495 constituto.
1811 2468 1865 2494 Re-

1072 2509 1156 2536 fertur
1174 2509 1208 2536 ad
1221 2508 1379 2540 consilium;
1414 2515 1468 2534 una
1481 2506 1537 2533 sola
1551 2506 1682 2533 sententia
1697 2504 1864 2540 praesidium

1072 2555 1124 2573 non
1144 2546 1319 2573 desideravit.
1357 2544 1480 2572 Defertur
1493 2552 1536 2570 res
1553 2543 1586 2570 ad
1597 2548 1734 2575 senatum,
1755 2542 1864 2578 gravis-

1071 2585 1140 2610 sime
1154 2584 1380 2617 ornatissimeque
1394 2581 1559 2613 decernitur3
1583 2579 1726 2607 laudantur
1739 2578 1859 2611 iudices,

1071 2620 1151 2647 datur
1168 2621 1307 2657 negotium
1321 2618 1536 2655 magistmtibus;
1559 2625 1754 2653 responsurum
1772 2615 1862 2643 homi-

1071 2666 1132 2685 nem
1143 2667 1224 2685 nemo
1234 2657 1423 2684 arbitrabatur.

1425 2060 1499 2094 Quae
1508 2061 1576 2087 mihi
1590 2069 1633 2087 res
1643 2059 1728 2087 multo
1738 2059 1868 2087 honoriae
1904 2062 1906 2066 ’
