1941 3052
719 133 1047 161 FRAGMENTA.

65 204 215 233 sationibus
226 203 384 238 permeabit,
397 211 479 238 quam
491 203 523 234 is,
537 204 584 238 qui
595 212 679 238 quum
692 204 727 230 sit
737 212 789 230 una
802 212 863 238 pro-

66 241 168 273 fectus,
186 241 296 267 umbras
312 240 438 266 arborum
454 240 698 276 sonticulorumque
717 242 864 268 amoenita-

66 285 135 310 tem,
157 278 200 305 vel
213 282 293 304 aurae
304 276 534 313 refrigerationem
545 279 675 312 captavit:
697 279 736 304 sic
748 279 775 305 in
787 286 863 314 agre—

66 317 101 343 sti
113 316 219 352 negotio
230 315 285 342 dici
297 316 344 341 vix
355 318 450 349 potest,
459 315 526 349 quid
538 324 624 341 navus
635 317 774 349 operarius
786 316 864 351 igna—

66 363 101 380 vo
112 358 138 380 et
147 357 278 379 cessatore
290 356 414 387 praestet.
455 359 546 383 (Cotum.
556 360 570 378 1.
581 360 617 379 m.
628 366 646 378 c.
657 361 674 379 ι.
686 361 703 384 §-
714 361 744 379 15.
756 361 796 383 16.)

121 392 164 418 23.
187 398 260 417 Cicero
271 398 292 416 in
302 397 449 416 Oeconomicis
459 388 568 423 praedia
580 389 731 416 latifundia.
754 397 822 422 (Serv.
837 397 864 416 ad

67 427 125 451 Virg.
137 427 214 450 Georg.
224 427 238 447 l.
249 427 275 446 Π.
287 432 304 445 c.
315 427 370 448 412.)

121 462 164 489 24.
185 460 275 493 Quum
291 459 361 487 alius
376 458 473 494 alleget
488 459 680 494 agriculturam
700 460 864 487 laudabilem

67 498 140 534 apud
151 506 245 525 omnes
256 497 349 524 haberi
357 518 363 528 ‚
385 496 488 522 fructus
501 501 584 523 terrae
595 497 733 531 simplices
745 506 803 523 esse
817 498 865 524 tri-

66 536 140 571 plos:
162 535 225 570 plus
245 535 293 570 qui
308 534 496 564 seminaverit,
519 542 581 560 eum
597 535 776 568 probatiorem
793 534 860 566 fore3

67 573 205 600 uberiores
225 572 327 598 reditus
348 571 497 597 industriae
514 570 645 602 fraudari,
671 571 863 607 negligentiam

68 612 154 646 magis
166 615 192 636 et
202 610 333 636 incuriam
346 609 417 634 ruris
428 607 522 634 inculti
535 608 706 643 reprehendi.
737 617 802 639 (Haec
812 617 863 635 Am-

67 648 123 666 bros.
135 648 160 665 de
171 647 251 666 Officiis
261 646 297 664 111.
306 646 324 664 6.
335 646 353 664 ⁴2.
365 644 481 664 editoribus
491 645 633 664 Benedict'mis
642 645 739 664 Tulliana
747 647 793 664 visa
804 646 864 665 Orel-

67 673 107 692 lius
117 677 244 696 quamquam
253 676 296 690 non
306 671 422 690 assentieris
431 670 530 692 addidit.)

118 753 177 778 ⁵237.
199 752 235 778 11.
257 749 522 777 PROTAGORAS
542 749 596 776 EX
616 749 809 777 PLATONE.

123 805 203 831 (Hunc
214 804 331 831 dialogum
347 810 391 831 qno
406 807 504 831 tempore
520 802 597 823 Cicero
607 802 689 822 Latine
699 803 864 830 interpretatus

69 840 108 864 sit,
119 846 163 859 uon
175 839 248 866 magis
260 842 363 863 constal,
382 846 451 866 quam
468 839 559 866 quando
568 837 687 858 Aeschinis
697 838 721 858 in
734 838 864 865 Ctesiphon-

70 879 122 899 tem,
133 878 153 895 ee
160 873 315 895 Demosthenis
323 880 366 901 pro
374 872 518 901 Ctesiphonte
528 873 641 893 orationes
651 874 747 900 et,q11nd
755 873 789 893 hir
798 881 865 900 prue-

69 909 145 934 misit,
159 909 301 937 prooemium
316 909 347 929 De
357 909 444 936 optimo
457 915 536 935 genere
555 911 680 929 oratorum.
713 908 864 935 Protagoram

69 952 127 969 vero,
139 949 161 966 ει
169 945 227 965 alins
237 944 311 964 nescio
321 950 376 971 qnos
385 943 492 964 Platonis
502 943 580 968 libros,
592 950 663 970 quum
673 943 725 968 alii,
733 946 780 964 tum
793 943 865 964 8εῇὶί-

70 981 130 1001 nius
140 988 155 1001 a
167 980 272 1000 Cicerone
285 979 309 999 in
324 979 444 1000 inventute
457 978 481 999 in
496 978 607 999 Latinum
622 985 668 998 esse
683 984 800 999 conversos
812 985 866 1006 pro-

66 1019 146 1043 pterea
157 1018 257 1036 statuere
265 1014 387 1039 videntur,
399 1015 458 1041 quod
468 1012 626 1040 Xenophontis
637 1013 810 1034 Oeconomicnm
819 1014 867 1041 ipae

71 1051 148 1071 Cicero
158 1058 172 1070 a
183 1057 204 1070 se
214 1050 354 1070 adolescente
364 1048 440 1069 adhuc
455 1049 479 1069 in
495 1048 607 1069 Latinum
621 1055 667 1069 ene
684 1049 797 1069 tralatum
811 1049 866 1069 scri-

69 1086 103 1106 bit
114 1085 161 1113 Off.
173 1085 188 1106 I.
199 1084 233 1106 Π.
245 1091 264 1105 c.
276 1087 308 1105 24.
320 1086 340 1111 §.
353 1087 385 1106 8¹1.
417 1084 520 1105 Ceteram
534 1085 591 1104 adde
600 1084 676 1104 Iocum
686 1084 842 1108 Quintiliani
850 1085 866 1104 I.

70 1121 100 1142 X.
113 1128 132 1141 c.
144 1124 164 1142 5.
180 1122 199 1147 §.
213 1123 234 1141 2.
250 1119 384 1140 Ruhnken&
398 1119 488 1146 quidem
502 1119 590 1140 iudicio
604 1119 668 1140 haud
682 1119 806 1146 integrum.
836 1120 868 1140 De

73 1156 166 1177 Timaeo
176 1155 221 1177 vid.
233 1155 330 1182 Arfflnn.
345 1154 417 1180 Tim.)

128 1264 150 1288 l.
173 1269 234 1293 (Ptat.
245 1268 367 1291 Prot.init.)
387 1260 459 1293 Quid
474 1259 522 1287 tu‘l
536 1259 608 1286 unde
624 1260 733 1287 tandem
743 1269 866 1296 appares,

68 1308 84 1326 o
95 1298 218 1326 Socrate?
241 1307 273 1325 an
285 1297 352 1334 [id*]
365 1298 476 1333 quidem
488 1306 540 1324 non
551 1297 668 1324 dubium
680 1303 732 1329 est,
755 1299 822 1334 quin
834 1298 867 1325 ab

69 1335 228 1364 Alcibiade?
266 1344 340 1367 (Prisc.
351 1344 364 1362 1.
374 1343 410 1362 VI.
422 1348 439 1362 c.
451 1344 481 1362 11.
493 1344 509 1367 ς,
521 1343 562 1366 63.)

125 1384 151 1410 2.
165 1390 227 1414 (piat.
238 1390 295 1409 Prot.
306 1396 326 1414 p.
337 1390 381 1408 356.
391 1390 418 1408 A.
429 1390 462 1408 ed.
474 1381 727 1417 steph.)Quaeigitur
733 1386 868 1416 potestes-

69 1429 98 1446 se
109 1419 258 1456 indignitas
268 1418 688 1454 voluntatis(voluptatis*al.)ad
705 1418 865 1449 molestiam,

69 1457 123 1484 nisi
139 1458 167 1484 in
183 1456 370 1493 magnitudine
393 1461 439 1483 aut
459 1456 629 1492 longitudine
649 1456 760 1483 alterius
780 1457 868 1483 utrius

69 1494 175 1530 posita?
213 1503 287 1527 (Prisc.
297 1503 311 1521 1.
321 1502 347 1521 v.
359 1507 376 1521 c.
387 1503 418 1521 12.
429 1502 447 1526 §-
458 1502 499 1524 64.)

127 1543 151 1567 3.
174 1549 237 1573 (Piae.
246 1549 358 1572 Protag.p.
367 1540 537 1570 ³57.13.)Nunc
548 1548 562 1566 a
575 1539 832 1575 vobis‚a1³rotagora
844 1543 870 1566 et

69 1578 189 1610 Socrate,
207 1577 326 1613 postulo,
342 1582 372 1604 ut
382 1577 415 1604 de
427 1578 478 1604 isto
491 1577 644 1604 concedatis
655 1576 721 1603 alter
731 1576 821 1608 alteri,
843 1581 870 1603 et

68 1616 138 1642 inter
150 1624 197 1642 vos
208 1615 241 1641 de
252 1614 442 1642 huiuscemodi
456 1614 537 1641 rebus
552 1615 802 1645 controversemini‚
815 1622 868 1641 non

69 1653 237 1680 concertetis.
279 1660 352 1684 (Prisc.
363 1660 377 1679 1.
388 1660 433 1679 vn.
446 1665 463 1678 c.
474 1660 493 1678 τ.
504 1660 521 1683 §—
533 1660 574 1682 ³5.)

125 1691 149 1717 4.
172 1690 354 1717 Confirmandi
365 1698 464 1726 genera
474 1689 635 1724 compluria.
661 1696 867 1720 (nonnarum-nt.

69 1727 154 1747 Pnorm.
169 1727 218 1746 Act.
229 1727 265 1746 lv.
276 1732 305 1746 sc.
316 1728 335 1746 3.
346 1732 366 1746 v.
377 1726 406 1750 6.)

221 1929 280 1955 238.
321 1928 372 1954 111.
412 1926 718 1956 TIMAEUS

433 1992 506 2010 ssu

270 2037 328 2064 DE
368 2035 664 2063 UNIVERSO.

257 2154 414 2176 NOTITIA
438 2154 677 2175 Lt'rTERARm.

123 2198 191 2219 Ham
202 2197 307 2219 Platoni:
321 2198 405 2219 tihi-nm
418 2198 496 2219 Cicero
510 2201 586 2220 aetuee
596 2198 643 2219 iam
652 2201 776 2226 provectus
788 2197 870 2218 Iustina

69 2236 101 2253 ut
116 2233 290 2261 ineerpntatuae.
319 2233 401 2261 Ipsum
415 2233 476 2254 enim
483 2233 625 2261 prooemium
636 2233 740 2254 declarat
749 2239 801 2253 eiam
812 2232 869 2253 uri-

66 2271 136 2296 plam
147 2275 193 2289 ene
200 2271 254 2295 quint
264 2268 415 2293 Academica,
431 2276 489 2296 quae
500 2269 594 2290 Caum-e
604 2268 645 2290 11'.
657 2275 701 2289 rm.
718 2275 735 2288 ι.
753 2268 804 2288 coll.
817 2274 834 2287 ι.
846 2276 868 2287 a.

73 2304 98 2324 U.
109 2306 156 2325 710.
169 2303 278 2331 confuta
287 2310 332 2324 ene
342 2307 440 2324 cumtal.
471 2304 575 2325 Ceterum
588 2304 636 2332 ipre
652 2303 741 2332 quidem
754 2302 831 2323 Cicero
841 2302 869 2322 Ii-

68 2339 135 2359 hrum
145 2338 251 2359 Platonin
262 2339 363 2366 exmnplo
380 2338 414 2359 Ti
420 2346 441 2359 m
448 2346 528 2360 ιιειιηι
536 2354 543 2364 ,
557 2339 650 2360 aea-iore:
663 2341 742 2359 antem
751 2344 868 2365 gramma-

69 2374 112 2395 tici
130 2375 160 2394 de
182 2373 381 2395 universitate
401 2373 435 2394 ve!
453 2375 483 2395 de
506 2374 644 2396 Universa
667 2373 812 2402 imcripuim
834 2373 868 2393 di-

69 2413 164 2430 ciuntur.

125 2446 144 2472 l.
166 2445 249 2472 Multa
265 2449 330 2472 sunt
344 2453 358 2471 a
373 2445 451 2472 nobis
462 2445 526 2472 etin
538 2444 707 2473 Academicis
718 2445 868 2479 conscripta

67 2487 157 2510 contra
169 2482 312 2518 PhysicoS.
336 2487 362 2509 et
377 2490 456 2517 saepe
471 2491 534 2510 cum
549 2483 578 2509 P.
591 2483 702 2519 Nigidio
715 2482 869 2509 Carneadeo

69 2528 142 2547 more
151 2524 178 2547 et
190 2519 270 2547 modo
281 2519 427 2554 disputata.
461 2519 524 2547 Fuit
533 2520 606 2546 enim
618 2520 660 2547 vir
671 2519 716 2547 ille
728 2528 813 2555 quum
824 2528 869 2545 cc-

68 2557 133 2584 teris
147 2556 260 2588 artibus,
274 2565 343 2592 quae
353 2556 466 2592 quidem
477 2557 576 2593 dignae
588 2556 672 2584 libero
683 2561 782 2587 essent.
790 2565 869 2583 orua-

68 2599 112 2621 tus
122 2594 264 2625 omnibus,
281 2599 338 2621 tum
353 2602 413 2621 acer
425 2595 600 2630 investigator
611 2599 637 2621 et
646 2594 764 2630 diligens
776 2602 868 2620 earum

68 2640 172 2663 rerum,
194 2639 264 2667 quae
279 2640 292 2658 a
310 2636 403 2658 natura
420 2631 556 2658 involutae
571 2631 707 2659 videntur.
747 2631 868 2666 Denique

67 2669 108 2696 sio
119 2668 218 2700 iudico,
231 2668 364 2704 pastillos
376 2668 480 2697 nobiles
492 2668 682 2705 Pythagoreos,
697 2677 814 2705 quorum
825 2667 868 2695 di-

1642 142 1703 167 ⁴3⁸3

914 205 1028 240 sciplina
1049 207 1178 232 exstincta
1199 211 1239 233 est
1258 206 1468 242 quodammodo,
1499 217 1584 244 quum
1605 210 1707 245 aliquot

915 243 1019 269 saecula
1032 244 1059 269 in
1071 243 1144 269 Italia
1156 243 1302 279 Siciliaque
1314 245 1459 280 viguisset,
1477 245 1549 272 hunc
1560 249 1704 278 exstitisse,

915 280 963 313 qui
980 280 1052 306 illam
1070 286 1214 307 renovaret.
1254 281 1306 313 Qui
1320 290 1404 316 quum
1420 283 1501 309 mein
1513 283 1634 310 Ciliciam
1646 294 1707 319 pro-

916 317 1077 343 ficiscentem
1084 317 1184 351 Ephesi
1195 320 1414 353 exspectat-isset,
1427 320 1538 346 Romam
1550 329 1584 347 ex
1596 321 1706 357 legatio—

916 363 948 380 ne
963 355 1021 388 ipse
1038 354 1183 381 decedens:
1206 357 1377 391 venissetque
1393 357 1487 383 eodem
1502 358 1638 393 Mytilenis
1655 360 1706 385 mei

916 391 1049 417 salutandi
1065 396 1090 418 et
1112 392 1218 418 visendi
1236 401 1329 419 caussa
1346 394 1501 428 Cratippus,
1519 395 1707 430 Peripatetico-

916 437 975 455 rum
987 429 1117 458 omnium‚
1131 437 1199 463 quos
1209 430 1321 464 quidem
1331 439 1379 466 ego
1391 431 1551 462 audiverim,
1566 441 1624 459 meo
1636 433 1708 459 iudi-

892 475 893 478 *
915 467 957 491 cio
974 465 1049 491 facile
1065 466 1204 500 princeps:
1221 466 1383 501 perlibenter
1399 473 1423 495 et
1439 468 1578 504 Nigidium
1595 470 1665 501 vidi,
1683 476 1709 496 et

915 503 1072 537 Cratippum
1083 504 1207 538 cognovi.
1247 504 1284 530 Ac
1295 505 1412 538 primum
1424 506 1534 540 quidem
1547 511 1653 541 tempus
1665 516 1708 533 sa-

916 540 1104 570 lutationibus,
1121 540 1255 575 reliquum
1267 543 1463 576 percontatione
1477 545 1705 579 consumpsimus.

1216 600 1227 609 ⁸
1304 600 1316 612 t
1393 602 1403 612 ι

931 668 935 671 ¹
951 667 955 671 .
965 642 1059 671 (Praeter
1072 645 1151 665 partem
1165 643 1244 662 exordii
1256 644 1385 663 Cieeronisni
1397 645 1541 664 desiderantur
1550 646 1628 664 Timar-i
1639 646 1707 665 Plato<

915 672 956 686 mci
970 667 1066 685 undecim
1081 668 1168 690 paginae
1182 673 1194 685 n
1207 675 1226 691 p.
1244 670 1272 687 Π.
1288 675 1351 693 usquc
1366 670 1391 688 nd
1405 671 1435 689 21.
1450 671 1483 689 cd.
1495 672 1566 694 steph.
1583 673 1611 694 ζμ.
1625 672 1656 690 ⁴.¹·.'.
1673 672 1706 690 ed.

915 692 1014 715 Bekker.)
1025 698 1065 716 qua
1075 696 1164 711 exeunte
1174 693 1271 716 leguntur
1281 695 1354 713 verba:
1370 696 1414 715 Ἄκη
1428 705 1435 714 v
1451 695 1485 715 osv
1501 699 1523 720 3¹.
1533 696 1575 716 χω·
1586 697 1637 718 list-y
1647 698 1707 720 δόξα,

916 721 992 742 πρῶτον
1002 720 1111 742 διαιρετέον
1122 720 1174 738 τάδε.
1202 719 1256 737 Hiuc
1267 720 1339 743 incipit
1348 721 1443 739 Tulliana
1452 721 1546 740 Platonis
1557 722 1641 743 oratic.)

972 761 1002 786 ll.
1015 760 1086 792 Quid
1097 765 1145 791 est,
1159 761 1230 795 quod
1242 770 1348 797 semper
1359 764 1401 793 sit,
1415 772 1502 798 neque
1515 763 1599 789 ullum
1613 763 1708 790 habeat

915 802 1016 828 ortum,
1033 802 1057 824 et
1068 798 1140 832 quod
1151 799 1288 833 gignatur,
1311 809 1359 826 nec
1375 809 1503 835 umquam
1518 800 1569 826 sit'?
1589 800 1708 832 Quorum

916 835 1028 861 alterum
1040 835 1216 870 intelligentia
1227 842 1252 862 et
1263 837 1362 863 ratione
1375 837 1621 872 comprehenditur.
1636 837 1707 871 quod

917 880 1002 898 unum
1014 880 1120 906 semper
1131 877 1210 907 atque
1223 873 1293 900 idem
1309 879 1361 900 est:
1375 874 1578 909 alterum,quod
1589 875 1708 908 opinioni

916 918 1013 935 sensus
1034 910 1143 936 rationis
1164 919 1259 945 expers
1275 911 1361 944 affert:
1384 911 1456 946 quod
1474 917 1557 938 totum
1573 911 1709 946 opinabile

916 952 970 978 est,
988 947 1015 974 id
1030 947 1151 982 gignitur
1165 952 1190 973 et
1204 948 1307 979 interit,
1321 957 1369 974 nec
1380 957 1508 983 umquam
1520 957 1578 975 esse
1590 957 1651 974 vere
1663 957 1710 983 po-

918 989 977 1011 test.
1018 984 1103 1011 Omne
1115 989 1216 1015 autem,
1234 985 1306 1019 quod
1317 987 1451 1021 gignitur,
1468 995 1501 1012 ex
1517 986 1605 1021 aliqua
1616 994 1710 1012 caussa

917 1022 995 1058 gigni
1006 1030 1114 1048 necesse
1125 1026 1174 1048 est.
1215 1022 1323 1049 Nullius
1334 1024 1406 1049 enim
1418 1024 1469 1054 rei,
1492 1032 1585 1049 caussa
1601 1028 1708 1053 remota,

918 1060 1029 1094 reperiri
1044 1060 1119 1094 origo
1130 1064 1225 1093 potest.
1247 1060 1376 1091 Quocirca
1391 1061 1414 1086 si
1426 1061 1457 1091 is,
1473 1061 1521 1095 qui
1531 1060 1639 1095 aliquod
1652 1069 1712 1086 mu-

919 1106 970 1123 nus
982 1096 1087 1123 efficere
1099 1096 1223 1127 molitur,
1246 1105 1304 1123 eam
1319 1098 1452 1132 speciem,
1469 1106 1537 1132 quae
1553 1106 1658 1132 semper
1673 1103 1712 1122 est

919 1134 1022 1165 eadem,
1031 1133 1189 1164 intuebitur,
1198 1139 1277 1169 atque
1288 1143 1347 1160 eam
1358 1135 1411 1161 sibi
1424 1140 1553 1170 proponet
1563 1134 1709 1169 exemplar.

919 1171 1085 1207 praeclarum
1097 1179 1165 1206 opus
1177 1171 1275 1198 efficiat
1287 1180 1396 1198 necesse
1407 1177 1456 1198 est.
1483 1172 1530 1198 Sin
1542 1177 1630 1198 autem
1642 1180 1710 1199 eam,

919 1218 987 1244 quae
998 1209 1133 1244 gignitur:
1154 1217 1302 1244 numquam
1316 1209 1403 1240 illam,
1421 1218 1502 1244 quam
1515 1214 1634 1244 expetet,
1653 1209 1713 1243 pul—

919 1246 1100 1273 chritudinem
1112 1251 1301 1281 consequetur.
1335 1246 1420 1273 Omne
1432 1248 1515 1282 igitur
1525 1246 1639 1276 caetum,
1656 1247 1713 1272 sive

919 1283 1038 1310 mundus
1049 1284 1107 1310 sive
1123 1292 1176 1318 quo
1192 1283 1244 1310 alio
1261 1284 1391 1310 vocabulo
1406 1284 1518 1319 gaudet,
1542 1284 1591 1310 lioc
1606 1292 1619 1309 a
1636 1283 1713 1309 nobis

919 1326 1091 1356 nuncupatus
1111 1322 1153 1347 sit.
1193 1322 1229 1347 De
1249 1329 1303 1355 quo
1319 1322 1345 1348 id
1362 1322 1479 1356 primum
1500 1320 1711 1349 consideremus.

919 1359 991 1394 quod
1013 1359 1146 1393 principio
1164 1363 1204 1384 est
1224 1359 1251 1384 in
1271 1360 1345 1385 omni
1365 1360 1521 1393 quaestione
1542 1357 1715 1384 consideran-

919 1396 994 1427 dum,
1008 1404 1149 1430 semperne
1161 1395 1249 1426 suerit,
1266 1396 1341 1423 nullo
1352 1401 1494 1431 generatus
1505 1400 1578 1422 ortu:
1596 1404 1628 1421 an
1640 1400 1714 1421 ortus

919 1435 954 1460 sit
965 1433 998 1460 ab
1009 1433 1100 1468 aliquo
1112 1434 1238 1468 temporis
1250 1434 1412 1468 principatu.
1439 1433 1518 1459 Ortus
1530 1438 1578 1460 est.
1592 1432 1714 1467 quando-

919 1471 1030 1506 quidem
1042 1471 1160 1497 cernitur
1170 1475 1196 1497 et
1207 1471 1338 1505 tangitur,
1359 1476 1384 1497 et
1399 1476 1438 1497 est
1454 1470 1575 1505 undique
1591 1478 1714 1504 corpora-

920 1513 973 1535 tus,
1014 1508 1110 1535 Omnia
1123 1513 1210 1534 autem
1223 1509 1284 1535 talia
1296 1517 1406 1534 sensum
1419 1513 1540 1534 movent:
1563 1514 1714 1541 sensusque

921 1546 1054 1572 moventia
1071 1554 1139 1580 quae
1155 1551 1231 1577 sunt,
1253 1546 1346 1572 eadem
1360 1547 1386 1572 in
1396 1546 1522 1580 opinione
1533 1543 1712 1573 consistunt‘,

919 1592 988 1618 quae
1009 1587 1097 1609 ortum
1119 1583 1216 1609 habere
1236 1584 1366 1619 gignique
1387 1583 1522 1609 diximus:
1544 1581 1610 1608 nihil
1626 1586 1714 1606 nutem

919 1621 995 1657 gigni
1007 1629 1084 1655 posse
1096 1621 1154 1646 sine
1166 1621 1277 1647 caussis.
1318 1622 1403 1655 Atque
1421 1620 1497 1646 illum
1511 1619 1622 1654 quidem
1636 1618 1714 1653 quasi

920 1663 1057 1693 parentem
1079 1658 1160 1684 huius
1182 1658 1366 1685 universitatis
1392 1658 1513 1684 invenire
1537 1655 1662 1682 diflicile:
1690 1660 1715 1680 et

920 1704 1006 1731 quum
1018 1696 1070 1722 iam
1083 1696 1227 1726 inveneris,
1245 1695 1362 1722 indicare
1375 1695 1401 1721 in
1414 1694 1522 1730 vulgus,
1537 1693 1621 1720 nefus.
1649 1693 1716 1719 Rur-

920 1742 967 1759 sus
978 1733 1060 1769 igitur
1072 1732 1230 1763 videndum,
1240 1733 1284 1759 ille
1297 1733 1437 1759 fabricator
1449 1732 1513 1758 tanti
1524 1732 1613 1766 operis
1626 1735 1714 1756 utrum

920 1771 955 1797 sit
970 1771 1090 1797 imitatus
1111 1770 1262 1805 exemplar,
1284 1770 1361 1801 idne,
1381 1769 1453 1804 quod
1469 1777 1575 1803 semper
1591 1776 1674 1794 unum
1691 1772 1715 1792 et

920 1808 992 1834 idem
1003 1812 1028 1834 et
1038 1808 1081 1834 sui
1093 1807 1196 1838 simile,
1214 1817 1247 1834 an
1260 1807 1300 1838 id,
1322 1807 1394 1842 quod
1405 1812 1561 1842 generatum
1573 1811 1715 1839 ortumque

920 1845 1048 1872 dicimus.
1080 1845 1161 1880 Atqui
1176 1846 1198 1871 si
1210 1845 1323 1880 pulcher
1333 1850 1373 1871 est
1384 1844 1426 1870 liic
1439 1844 1566 1871 mundus.
1580 1843 1603 1868 si
1615 1841 1715 1876 probus

921 1884 980 1909 cius
992 1882 1101 1910 artifex:
1115 1882 1232 1917 proiecto
1243 1883 1361 1917 speciem
1373 1882 1535 1908 aeternitatis
1549 1880 1646 1906 imitari
1659 1888 1715 1905 mn-

922 1921 984 1947 luit:
998 1922 1041 1948 sin
1051 1928 1138 1950 secuS,
1152 1920 1224 1955 quod
1237 1929 1269 1946 ne
1280 1920 1354 1946 dictu
1365 1918 1476 1954 quidem
1488 1918 1526 1944 ins
1538 1923 1590 1947 est:
1603 1925 1716 1952 genera-

921 1963 978 1985 tum
993 1957 1149 1993 exemplum
1164 1962 1205 1984 est
1220 1966 1267 1992 pro
1281 1962 1387 1984 aeterno
1402 1961 1521 1982 secutus.
1563 1955 1618 1981 Non
1635 1955 1716 1989 igitur

920 1995 1051 2027 dubium,
1072 1996 1140 2030 quin
1152 1996 1332 2022 aeternitatem
1346 1993 1469 2020 maluerit
1480 1993 1607 2027 exsequi,
1630 2000 1716 2026 quan·

921 2033 1069 2069 doquidem
1080 2041 1167 2068 neque
1180 2032 1281 2059 mundo
1295 2031 1445 2067 quidquam
1458 2030 1611 2065 pulchrius,
1631 2037 1716 2063 neque

922 2072 981 2098 eius
992 2070 1160 2097 aedificatore
1171 2070 1359 2105 praestantius.
1391 2069 1436 2095 Sic
1447 2078 1509 2102 ergo
1520 2073 1671 2103 generatus.
1684 2065 1715 2091 nd

922 2108 948 2135 id
961 2113 1001 2134 est
1012 2107 1131 2139 effectus
1147 2106 1219 2142 quod
1231 2107 1331 2133 ratione
1342 2106 1527 2141 sapientiaque
1541 2103 1716 2139 compi-elien—

921 2146 994 2172 ditur
1014 2150 1093 2180 atque
1115 2143 1279 2171 immutabili
1301 2144 1454 2170 aeternitate
1477 2143 1635 2168 vonum-nir.
1677 2140 1714 2165 Ex

921 2192 975 2218 quo
988 2182 1118 2212 eflicitur,
1138 2187 1166 2208 ut
1180 2182 1215 2208 sit
1231 2190 1354 2211 necesse,
1374 2181 1458 2210 hunc,
1476 2188 1556 2215 quem
1569 2179 1713 2204 cernimus.

922 2219 1054 2246 mundum
1069 2219 1245 2245 simulacrum
1261 2223 1398 2245 ueternum
1409 2227 1467 2243 esse
1479 2217 1592 2242 alicuius
1604 2215 1712 2241 neu-rui.

922 2257 1117 2284 Difficillimum
1130 2261 1218 2283 nutem
1230 2261 1270 2282 cst
1285 2258 1311 2282 in
1326 2256 1399 2281 omni
1418 2254 1590 2289 inquisitione
1607 2251 1715 2278 rationis

921 2294 1073 2321 exordium.
1114 2294 1149 2320 De
1162 2294 1195 2319 iis
1207 2294 1298 2327 igitur,
1311 2301 1379 2327 quim
1391 2292 1525 2319 diximus,
1540 2290 1602 2316 Ιιιιυι-
1615 2290 1647 2314 sit
1660 2288 1715 2323 pri·

922 2331 1123 2358 mndistinctio.
1165 2331 1207 2357 ΙΙΙ.
1229 2330 1504 2356 oinniorntionicum
1517 2329 1549 2353 iis
1567 2327 1660 2354 rebus,
1682 2325 1715 2350 de

921 2369 1022 2405 quibus
1044 2368 1193 2402 explicav.
1221 2367 1328 2393 videtur
1352 2375 1411 2392 esse
1433 2365 1583 2399 cognatio'.
1625 2364 1715 2397 ltaque

920 2415 1005 2442 quum
1023 2405 1055 2431 de
1071 2414 1098 2431 re
1114 2404 1204 2431 stnbili
1220 2409 1246 2430 et
1262 2403 1424 2430 immutabili
1445 2402 1611 2436 disputatur:
1632 2400 1716 2426 oratio

922 2443 982 2470 talis
993 2443 1041 2473 sit,
1057 2442 1146 2477 quulis
1159 2441 1216 2470 illu.
1238 2450 1307 2476 qune
1319 2448 1406 2475 nequo
1419 2439 1541 2473 redargui
1554 2446 1640 2472 neque
1651 2445 1715 2463 con-

922 2481 993 2507 vinci
1014 2484 1108 2514 potest.
1149 2480 1238 2511 Quum
1253 2484 1341 2504 nutem
1364 2478 1482 2511 ingresse
1497 2481 1536 2502 est
1553 2476 1654 2501 iinitntn
1691 2479 1715 2500 et

920 2517 1007 2544 efficta
1019 2517 1173 2546 simulurrn,
1187 2516 1253 2542 bene
1265 2515 1307 2550 agi
1323 2515 1437 2549 putnt.si
1449 2512 1657 2539 similitudinem
1670 2520 1715 2537 ve-

921 2555 942 2581 ri
957 2559 1146 2589 consequntur.
1187 2554 1321 2585 Qunntuni
1338 2552 1409 2577 enim
1427 2550 1459 2576 nd
1477 2550 1517 2579 id.
1539 2549 1611 2585 quod
1627 2555 1714 2576 ortum

920 2597 969 2622 est.
983 2592 1124 2618 aeternitas
1137 2590 1217 2617 valet:
1241 2594 1341 2616 tuntum
1357 2588 1389 2614 nd
1402 2587 1481 2614 tidem
1495 2588 1602 2613 veritas.
1643 2587 1714 2618 Quo—

920 2630 989 2655 circa
1001 2629 1024 2655 si
1037 2627 1110 2659 forto,
1126 2628 1158 2654 de
1169 2627 1279 2654 ‹leot-uin
1292 2631 1384 2652 nnturn
1395 2630 1509 2659 ortuque
1522 2624 1616 2650 mundi
1628 2623 1714 2649 disse-

921 2671 1023 2697 rentes,
1045 2667 1136 2693 minus
1151 2665 1190 2694 id.
1211 2663 1283 2700 quod
1298 2671 1421 2693 aremus.
1442 2662 1552 2689 omnino
1567 2669 1714 2697 conseque-

1507 2711 1552 2736 ¹⁶5
