1941 3052
522 118 572 144 DE
603 117 808 144 OFFlCllS
837 118 916 144 LIB.
947 118 966 144 Ι.
998 118 1090 145 CAP.
1122 120 1236 145 2—8.

52 188 242 218 auimiexcelsi
252 194 332 224 atque
344 189 437 215 invicti
450 189 636 224 magnitudine
647 198 676 216 ac
688 189 790 220 robore,
803 194 848 216 aut

53 230 80 255 in
95 227 230 258 omnium,
252 235 320 261 quae
337 226 404 252 fiunt
419 235 543 261 quaeque
558 226 699 258 dicuntur,
716 227 809 254 ordine
823 231 848 253 et

52 265 140 295 modo,
153 265 181 291 in
193 273 247 299 quo
257 265 327 290 inest
338 264 469 290 modestia
480 268 506 290 et
516 266 700 299 temperantia.
722 266 762 291 45.
775 264 847 296 Quae

51 307 177 338 quattuor
190 310 355 337 quamquam
370 301 438 327 inter
448 310 476 327 se
487 301 609 336 colligata
621 307 699 336 atque
712 302 847 336 implicata

52 345 128 371 sunt,
146 344 235 366 tamen
252 347 286 365 ex
301 338 418 374 singulis
433 343 502 365 certa
518 338 668 365 officiorum
684 348 782 374 genera
801 348 848 366 na-

52 382 177 404 scuntur:
196 376 271 402 velut
284 385 318 402 ex
329 385 359 402 ea
371 380 457 411 parte,
475 384 543 410 quae
556 377 641 411 prima
653 376 785 411 descripta
797 381 845 407 est,

53 416 80 442 in
92 423 144 449 qua
156 414 316 448 sapientiam
327 418 352 440 et
362 413 533 448 prudentiam
545 414 681 448 ponimuS,
690 415 760 440 inest
771 414 848 440 inda·
876 416 877 423 ¹

51 453 123 488 gatio
135 456 214 486 atque
226 451 346 477 inventio
359 451 428 482 veri3
443 451 556 485 eiusque
568 452 675 477 virtutis
688 452 737 477 hoc
748 460 848 478 munus

52 495 92 516 est
103 490 252 524 proprium.
295 490 334 514 16.
360 488 392 514 Ut
403 488 475 514 enim
486 488 602 522 quisque
614 489 731 515 maxime
743 490 849 524 perspi—
868 498 877 522 ῃ

51 529 97 558 cit,
110 526 177 562 quid
190 527 217 553 in
228 534 256 552 re
267 534 375 560 quaque
390 525 562 551 verissimum
574 526 621 556 sit,
635 527 737 560 quique
749 527 848 553 acutis-

52 566 121 591 sime
136 569 162 590 et
176 563 315 590 celerrime
331 567 418 597 potest
432 567 458 589 et
474 562 565 588 videre
581 568 606 589 et
622 563 756 598 explicare
769 564 849 590 ratio-

52 611 127 633 nem,
150 602 174 627 is
190 600 419 636 prudentissimus
431 605 456 626 et
465 601 684 635 sapientissimus
696 602 744 627 rite
755 601 849 627 haberi

51 640 126 666 solet.
166 638 295 671 Quocirca
307 638 384 668 huic,
398 638 477 672 quasi
490 638 612 669 materia,
628 647 709 673 quam
722 643 814 665 tractet
824 643 850 664 et

52 678 80 704 in
96 685 149 712 qua
164 680 298 706 versetur,
321 675 442 701 subiecta
458 680 498 701 est
514 676 622 702 veritas.
665 677 704 702 Π.
726 676 849 710 Reliquis

52 719 142 741 autem
162 713 249 740 tribus
270 712 417 739 virtutibus
434 713 604 739 necessitates
622 714 771 748 propositae
787 718 850 739 sunt

52 752 85 778 ad
101 761 145 778 eas
161 760 203 777 res
219 750 352 786 parandas
368 750 549 785 tuendasque.
571 751 673 785 quibus
691 751 758 777 actio
780 751 849 776 vitae

52 790 217 816 continetur:
246 793 274 814 ut
298 792 324 814 et
348 789 461 814 societas
482 787 623 814 hominum
642 788 849 822 coniunctioque

52 831 188 857 servetur,
201 830 227 852 et
237 826 321 852 animi
332 824 490 851 excellentia
503 825 713 860 magnitudoque
724 834 810 860 quum
822 826 849 851 in

52 864 184 900 augendis
196 863 294 898 opibus
307 862 524 897 utilitatibusque
536 867 560 888 et
571 863 625 888 sibi
637 867 662 888 et
673 863 730 888 suis
741 871 850 897 compa—

53 901 152 931 randis,
162 906 218 927 tum
232 899 315 926 multo
327 900 413 935 magis
425 901 452 925 in
464 899 507 926 his
519 900 586 934 ipsis
597 899 780 934 despiciendis
792 899 850 926 elu-

52 944 118 966 ceat.
159 938 231 964 Ordo
246 942 336 964 autem
352 941 378 963 et
392 938 539 963 constantia
556 942 581 964 et
597 937 742 964 moderatio
763 942 789 964 et
809 946 847 968 ea,

52 985 121 1012 quae
133 980 196 1002 sunt
207 975 250 1001 his
261 974 371 1005 similia,
380 979 522 1001 versantur
533 975 559 1000 in
572 983 602 1001 eo
612 983 720 1010 genere,
733 975 766 1001 ad
777 974 850 1010 quod

52 1012 206 1041 adhibenda
217 1017 257 1039 est
268 1012 335 1038 actio
347 1011 494 1047 quaedam,
517 1020 570 1038 non
584 1012 671 1039 solum
685 1013 782 1039 mentis
793 1013 851 1048 agi-

52 1052 126 1079 tatio.
141 1051 188 1076 His
200 1051 272 1076 enim
284 1049 375 1080 rebus,
389 1058 458 1084 quae
470 1054 616 1076 tractantur
627 1051 654 1076 in
666 1051 730 1081 vita,
740 1050 850 1076 modum

52 1088 198 1124 quemdam
210 1092 236 1114 et
246 1087 367 1114 ordinem
380 1087 549 1118 adhibentes,
560 1087 725 1114 honestatem
732 1092 758 1114 et
767 1087 851 1114 decus

52 1125 286 1154 conservabimus.

108 1164 151 1190 VI.
176 1164 213 1189 48.
236 1163 277 1188 Ex
287 1166 413 1197 quattuor
423 1166 513 1188 autem
525 1161 604 1193 locis,
628 1163 655 1188 in
666 1171 734 1198 quos
746 1162 850 1189 honesti

54 1206 176 1228 naturam
191 1200 302 1234 vimque
314 1199 475 1231 divisimuS,
493 1200 598 1234 primus
614 1199 674 1231 ille,
692 1201 740 1235 qni
755 1201 782 1226 in
799 1203 853 1226 veri

54 1241 196 1273 cognitione
210 1238 346 1268 consistit,
364 1237 481 1263 maxime
497 1242 618 1264 naturam
636 1239 743 1273 attingit
757 1238 853 1264 huma-

54 1285 126 1303 nam.
163 1275 263 1302 Omnes
274 1275 347 1301 enim
360 1274 493 1301 trahimur
503 1279 529 1302 et
539 1275 665 1302 ducimur
676 1276 709 1301 ad
720 1276 854 1311 cognitio-

54 1315 97 1341 nis
117 1318 143 1340 et
163 1313 290 1339 scientiae
310 1312 499 1346 cupiditatem:
524 1313 552 1338 in
573 1321 626 1348 qua
645 1313 776 1340 excellere
791 1313 854 1348 pul-

53 1351 149 1378 chrum
162 1354 304 1385 putamus:
321 1349 376 1376 labi
387 1354 491 1381 autem,
505 1358 606 1381 errare,
620 1351 737 1382 nescire,
751 1350 851 1385 decipi.

54 1393 79 1416 et
91 1388 192 1415 malum
204 1392 230 1414 et
240 1392 317 1422 turpe
329 1386 466 1413 ducimus.
507 1388 535 1414 In
549 1387 598 1414 hoc
609 1396 720 1424 genere,
737 1392 763 1415 et
775 1393 854 1414 natu-

55 1426 104 1453 rali
118 1431 144 1453 et
155 1425 279 1456 honesto,
296 1425 350 1451 duo
362 1425 426 1451 vitia
438 1425 546 1451 vitanda
560 1430 636 1452 sunt:
655 1434 753 1457 unum,
767 1434 800 1452 ne
812 1426 855 1452 in-

54 1464 160 1500 cognita
171 1471 218 1498 pro
229 1463 345 1498 cognitis
357 1462 519 1494 habeamus,
542 1462 639 1498 hisque
651 1468 750 1490 temere
761 1472 855 1490 assen-

56 1502 168 1528 tiamur:
182 1500 255 1536 quod
266 1500 363 1526 vitium
376 1499 492 1535 effugere
504 1501 551 1534 qui
563 1500 642 1532 volet,
650 1500 752 1536 (omnes
764 1505 853 1527 autem

55 1538 125 1565 velle
132 1537 437 1572 debent,)adhibebitad
444 1537 652 1565 considerandas
659 1547 701 1565 res
711 1543 736 1566 et
748 1543 854 1573 tempus

55 1581 81 1603 et
92 1576 272 1611 diligentiam.
316 1576 356 1601 49.
377 1574 499 1602 Alterum
513 1580 554 1602 est
569 1576 681 1608 vitium,
704 1576 776 1611 quod
792 1577 855 1611 qui-

55 1614 117 1640 dam
139 1613 221 1640 nimis
238 1621 366 1648 magnum
383 1612 504 1639 studium
521 1613 688 1648 multamque
703 1622 811 1649 operam
827 1615 854 1640 in

56 1660 98 1678 res
118 1650 248 1677 obscuras
269 1654 350 1685 atque
369 1649 495 1676 difficiles
515 1650 665 1682 conferunt,
691 1651 854 1687 easdemque

56 1697 108 1715 non
125 1688 300 1714 necessarias.
340 1687 447 1720 Quibus
465 1688 537 1714 vitiis
555 1688 711 1720 declinatis,
733 1689 805 1724 quod
827 1690 854 1715 in

56 1726 137 1753 rebus
153 1725 273 1752 honestis
289 1729 315 1751 et
328 1725 481 1761 cognitione
495 1725 586 1761 dignis
604 1735 700 1761 operae
720 1735 854 1762 curaeque

56 1767 179 1799 ponetur,
194 1762 221 1789 id
233 1763 291 1789 iure
304 1762 472 1789 laudabitur:
488 1764 555 1790 utin
567 1763 709 1799 astrologia
721 1764 750 1791 C.
763 1764 856 1799 Sulpi-

55 1802 129 1828 cium
140 1800 281 1828 audimus:
304 1800 331 1826 in
345 1801 491 1836 geometria
502 1800 563 1828 Sex.
577 1801 736 1836 Pompeium
748 1802 800 1837 ipsi
811 1811 856 1829 co-

55 1839 216 1875 gnovimus:
230 1837 329 1864 multos
341 1838 368 1864 in
379 1837 538 1869 dialecticis,
551 1838 643 1874 plures
655 1839 682 1865 in
694 1840 752 1866 iure
764 1840 853 1871 civili;

56 1884 127 1912 quae
137 1883 231 1902 omnes
242 1879 310 1901 artes
323 1875 350 1901 in
363 1876 419 1901 veri
430 1876 637 1912 investigatione
649 1882 857 1908 versantur,cu-

57 1915 101 1940 ius
107 1912 197 1940 studio
208 1921 221 1938 a
233 1912 314 1938 rebus
324 1912 451 1948 gerendis
462 1913 561 1940 abduci
572 1918 662 1940 contra
673 1913 793 1941 osticium
805 1920 854 1941 est.

56 1950 171 1978 Virtutis
186 1951 260 1976 enim
277 1949 335 1976 laus
350 1950 440 1976 omnis
455 1951 482 1976 in
498 1951 601 1977 actione
616 1952 751 1978 consistit:
774 1961 788 1978 a
803 1961 856 1987 qna

57 1994 145 2016 tamen
158 1987 186 2014 fit
198 1987 362 2014 intermissio
373 1995 461 2022 saepe,
470 1987 604 2023 multique
614 1988 712 2015 dantur
722 1989 755 2015 ad
767 1989 856 2016 studia

57 2025 174 2058 reditus3
188 2029 244 2051 tum
256 2025 366 2060 agitatio
377 2025 488 2054 mentis.
506 2033 575 2060 quae
587 2034 736 2060 numquam
747 2027 858 2061 acquie-

57 2063 117 2095 scit,
129 2066 216 2098 potest
227 2071 275 2089 nos
288 2062 315 2088 in
325 2061 425 2089 studiis
436 2062 605 2098 cogitationis
617 2064 696 2090 etiam
708 2064 767 2090 sine
776 2072 857 2098 opera

58 2105 147 2128 nostra
167 2100 313 2127 continere.
353 2099 448 2126 Omnis
463 2104 552 2126 autem
567 2101 694 2136 cogitatio
714 2105 857 2136 motusque

58 2137 143 2165 animi
158 2141 204 2164 aut
220 2137 247 2164 in
262 2136 385 2164 consiliis
400 2136 540 2171 capiendis
553 2137 586 2164 de
602 2138 683 2164 rebus
700 2137 820 2165 honestis
832 2143 858 2165 et

59 2174 258 2211 pertinentibus
269 2173 303 2200 ad
314 2174 383 2201 bene
394 2173 525 2209 beateque
538 2175 695 2206 vivendum,
703 2180 749 2202 aut
760 2176 787 2202 in
799 2180 858 2202 stu-

58 2213 113 2239 diis
124 2212 252 2239 scientiae
267 2212 484 2248 cognitionisque
501 2217 631 2240 versatur.
672 2214 709 2239 Ac
722 2212 755 2239 de
769 2213 858 2248 primo

59 2249 171 2286 quidem
183 2248 266 2276 officii
279 2248 349 2276 fonte
360 2248 492 2275 diximus.

114 2287 170 2314 V11.
192 2288 234 2313 20.
256 2287 293 2313 De
309 2286 396 2314 tribus
411 2291 500 2313 autem
517 2286 630 2322 reliquis
646 2286 775 2314 latissime
787 2292 858 2322 patet

59 2334 88 2352 ea
114 2325 193 2355 ratio,
216 2332 269 2359 qua
284 2324 397 2350 societas
413 2324 554 2351 hominum
571 2325 640 2351 inter
654 2325 727 2360 ipsos
747 2330 772 2351 et
788 2325 857 2351 vitae

59 2363 139 2398 quasi
161 2361 341 2389 communitas
366 2362 526 2388 continetur.
567 2361 651 2389 Cuius
675 2367 763 2397 partes
788 2362 857 2388 dnae

60 2404 136 2427 sunt:
159 2402 272 2430 iusticia,
290 2399 317 2425 in
332 2407 387 2434 qua
399 2399 506 2426 virtutis
517 2398 644 2434 splendor
654 2404 694 2426 est
706 2400 854 2426 maximus:

60 2446 95 2464 ex
105 2445 158 2472 qua
170 2436 234 2464 boni
247 2437 297 2463 viri
309 2436 495 2468 nominantur;
518 2440 544 2463 et
559 2436 623 2463 huic
633 2437 774 2463 coniuncta
785 2439 858 2463 bena-

60 2476 270 2510 ficientia‚quam
282 2473 404 2501 eamdem
417 2473 459 2500 vel
471 2475 648 2507 buzaiqnitacem
660 2473 702 2500 vel
715 2475 858 2500 liberalita-

61 2517 110 2538 tem
120 2511 250 2546 appellari
263 2511 333 2538 licet.
369 2511 422 2538 Sed
435 2511 552 2538 iustitiae
564 2511 682 2546 primum
696 2519 795 2537 munus
806 2515 856 2541 est.

61 2553 91 2576 ut
102 2549 190 2576 necui
201 2550 264 2584 quis
276 2553 381 2581 noceat,
401 2549 452 2576 nisi
470 2548 610 2575 lacessitus
627 2549 737 2575 iniuria:
760 2548 858 2574 deindo

63 2590 92 2612 ut
105 2587 297 2614 communibus
313 2591 402 2614 utatur
416 2595 465 2621 pro
479 2585 684 2616 communibus,
702 2585 816 2620 privatis
830 2590 859 2612 ut

61 2623 130 2650 suis.
170 2624 212 2650 2⁴.
234 2623 304 2652 Sunt
317 2629 407 2652 autem
424 2624 526 2659 privata
542 2622 614 2650 nulla
627 2626 732 2653 natura,
754 2622 802 2649 scd
813 2627 859 2650 aut

63 2665 152 2688 vetere
166 2663 356 2697 occupatione,
378 2666 408 2690 ut
420 2663 470 2698 qui
484 2660 621 2698 quondam
637 2661 663 2688 in
680 2669 763 2688 vacua
775 2668 859 2688 vene·
878 2638 889 2684 ll

1633 123 1695 147 ⁴223

900 193 973 220 runt,
997 194 1043 216 aut
1055 190 1178 220 victoria¹
1202 195 1231 216 ut
1242 190 1289 224 qui
1301 189 1372 216 bello
1382 190 1458 224 potiti
1470 194 1545 222 sunt:
1569 196 1614 217 aut
1627 191 1693 224 lege,

899 228 1030 262 pactione,
1044 227 1205 258 conditione,
1218 232 1297 253 sorte.
1336 227 1376 253 Ex
1386 236 1440 262 quo
1451 226 1488 258 fit,
1502 232 1531 254 ut
1542 236 1605 263 ager
1617 224 1697 263 Arpi·

900 274 947 290 nas
958 264 1128 298 Arpinatium
1143 264 1262 295 dicatur,
1280 264 1449 291 Tusculanus
1466 265 1691 294 Tusculanorum:

899 301 1053 336 similisque
1073 306 1113 328 est
1133 302 1298 336 privatarum
1318 299 1521 336 possessionum
1539 302 1693 337 descriptio.

899 339 939 365 Ex
950 347 1016 373 quo,
1030 339 1092 373 quia
1105 348 1185 365 suum
1196 340 1329 374 cuiusque
1340 339 1381 369 fit,
1399 348 1505 370 eorum,
1521 347 1591 375 quae
1603 346 1695 367 natura

900 376 1005 402 fuerant
1019 377 1186 406 communia,
1207 376 1279 411 quod
1293 377 1393 411 cuique
1407 376 1516 411 obtigit,
1535 377 1562 403 id
1578 378 1695 413 quisque

900 418 999 440 teneat:
1013 421 1052 444 eo,
1066 414 1089 439 si
1101 414 1148 448 qui
1159 413 1213 439 sibi
1225 413 1286 448 plus
1297 418 1412 448 appetet,
1421 414 1534 441 violabit
1545 415 1588 441 ius
1600 415 1696 442 hunia-

900 459 948 477 nae
960 451 1103 477 societatis.
1145 452 1186 476 22.
1206 450 1258 477 Sed
1270 452 1411 485 quoniam,
1429 452 1469 485 (ut
1483 451 1617 486 praeclare
1628 454 1696 479 scri-

900 493 976 523 ptum
989 492 1028 513 est
1039 496 1052 513 a
1064 488 1192 522 Platone,)
1207 497 1258 514 non
1270 488 1348 514 nobis
1359 488 1446 515 solum
1460 490 1513 515 nati
1525 498 1634 520 sumus,
1653 499 1696 516 or-

900 530 997 560 tusque
1009 525 1091 551 nostri
1103 530 1204 560 partem
1216 526 1299 560 patria
1313 526 1439 556 vindicat,
1448 532 1549 560 partem
1562 533 1693 561 parentes,

900 567 1002 597 partem
1014 563 1106 595 amici:
1130 567 1222 596 atque,
1241 568 1268 589 ut
1279 563 1364 597 placet
1375 564 1483 594 Stoicis
1499 573 1567 598 quae
1581 566 1696 591 interris

900 601 1054 636 gignantur,
1068 599 1101 626 ad
1117 608 1196 625 usum
1208 600 1349 626 hominum
1360 601 1449 627 omnia
1461 602 1558 631 creari,
1573 602 1696 629 homines

901 643 988 663 autem
1001 637 1142 663 hominum
1153 646 1247 663 caussa
1259 646 1317 664 esse
1329 643 1477 673 generatos,
1486 644 1514 664 ut
1526 639 1577 673 ipsi
1590 641 1657 666 inter
1667 648 1696 666 se

901 675 961 701 aliis
972 674 1018 701 alii
1030 675 1156 709 prodesse
1170 680 1291 709 possent:
1316 676 1342 701 in
1362 676 1411 702 hoc
1428 681 1549 702 naturam
1565 676 1696 703 debemus

877 723 879 739 ;
900 712 997 738 ducem
1009 713 1095 747 sequi,
1112 720 1269 738 communes
1281 712 1410 739 utilitates
1423 713 1449 739 in
1460 713 1580 740 medium
1592 714 1693 740 all‘erre.

902 751 1047 776 mutatione
1058 749 1217 779 officiorum,
1226 749 1323 780 dando,
1332 750 1497 784 accipiendo,
1514 755 1569 777 tum
1582 752 1693 781 artibus,

902 792 959 814 tum
970 796 1059 821 opera,
1073 792 1129 813 tum
1142 786 1315 814 facultatibus
1326 787 1463 814 devinmre
1476 788 1616 814 hominum
1629 789 1697 815 inter

903 825 1025 851 homines
1047 825 1210 850 societatem.
1251 826 1293 850 23.
1317 824 1531 851 Fundamentum
1551 830 1638 852 autem
1655 827 1696 852 iu—

902 863 989 888 stitiae
1001 866 1040 888 est
1050 864 1123 895 fides,
1140 861 1167 887 id
1178 866 1219 888 est
1232 861 1364 888 dictorum
1376 867 1623 897 conventorumque
1634 872 1697 889 con-

902 899 998 926 stantia
1010 904 1036 925 et
1047 900 1155 925 veritas.
1195 899 1237 925 Ex
1247 908 1310 934 quo,
1323 908 1487 934 quamquam
1501 899 1550 926 hoc
1562 900 1698 926 videbitur

904 937 1013 963 fortasse
1033 937 1152 971 cuipiam
1174 936 1283 967 durius,
1316 941 1403 963 tamen
1425 937 1571 964 audeamus
1599 938 1697 964 imitari

903 974 1019 1005 Stoicos,
1037 974 1085 1008 qui
1097 974 1216 1000 studiose
1228 975 1387 1008 exquirunt,
1406 974 1476 1000 unde
1492 975 1571 1001 verba
1583 976 1637 1001 sint
1647 975 1698 1001 du—

903 1016 956 1043 cta,
975 1011 1185 1046 credamusque,
1198 1012 1262 1046 quia
1273 1013 1330 1044 fiat,
1343 1011 1415 1046 quod
1427 1011 1529 1038 dictum
1540 1017 1592 1042 est.
1605 1012 1698 1048 appel-

904 1049 983 1076 latam
994 1051 1077 1083 fidem.

959 1087 1010 1113 Sed
1022 1087 1171 1113 iniustitiae
1181 1094 1278 1122 genera
1290 1086 1344 1113 duo
1355 1091 1430 1113 sunt:
1445 1095 1529 1113 unum
1540 1095 1642 1117 eorum,
1651 1088 1699 1122 qui

904 1124 1037 1156 inferunt3
1052 1123 1165 1150 alterum
1177 1132 1283 1155 eorum,
1297 1124 1346 1159 qui
1357 1124 1390 1150 ab
1402 1124 1450 1155 iis,
1462 1124 1564 1159 quibus
1576 1124 1698 1155 infertur,

904 1163 927 1188 si
939 1166 1060 1197 possunt,
1078 1170 1129 1188 non
1141 1161 1299 1196 propulsant
1309 1162 1446 1187 iniuriam.
1488 1162 1554 1188 Nam
1569 1162 1616 1196 qui
1629 1162 1701 1188 iniu-

905 1205 943 1226 ste
956 1200 1085 1234 impetum
1099 1200 1124 1225 in
1137 1199 1293 1234 quempiam
1306 1198 1377 1229 facit,
1386 1199 1474 1225 autira
1482 1204 1527 1225 aut
1538 1198 1627 1234 aliqua
1640 1207 1701 1233 per-

905 1237 1055 1264 turbatione
1072 1237 1210 1267 incitatus,
1234 1237 1257 1262 is
1271 1237 1350 1271 quasi
1365 1244 1461 1262 manus
1482 1236 1573 1262 afferre
1594 1236 1701 1263 videtur

905 1275 989 1302 socio:
1012 1275 1060 1309 qui
1072 1279 1159 1300 autem
1172 1283 1223 1300 non
1234 1273 1355 1300 defendit
1365 1282 1414 1300 nec
1424 1273 1544 1304 obsistit,
1567 1274 1589 1300 si
1604 1279 1698 1308 potest,

905 1313 1031 1342 iniuriae,
1045 1317 1098 1338 tam
1109 1316 1149 1338 est
1160 1312 1186 1337 in
1200 1311 1273 1341 vitio,
1282 1320 1363 1346 quam
1375 1312 1398 1337 si
1411 1316 1533 1346 parentes
1545 1317 1590 1337 aut
1600 1312 1700 1338 amicos

905 1355 951 1377 aut
965 1350 1077 1385 patriam
1094 1349 1208 1375 deserat.
1253 1349 1294 1375 24.
1321 1349 1408 1382 Atque
1424 1348 1484 1375 illae
1500 1348 1611 1383 quidem
1628 1349 1701 1375 iniu—

906 1389 1047 1422 riae,quae
1059 1386 1273 1413 nocendicaussa
1284 1385 1317 1412 de
1329 1386 1461 1412 industria
1473 1385 1632 1417 inferuntur,
1642 1394 1702 1412 sae—

906 1434 939 1460 pe
951 1434 964 1451 a
978 1429 1048 1451 metu
1062 1424 1281 1459 proficiscuntur;
1304 1431 1389 1458 quum
1407 1424 1443 1454 is,
1460 1424 1507 1458 qui
1521 1432 1613 1450 nocere
1625 1423 1700 1449 alteri

905 1463 1013 1499 cogitat,
1027 1462 1111 1493 timet,
1124 1470 1166 1492 nc,
1180 1462 1232 1487 nisi
1245 1461 1272 1487 id
1284 1460 1384 1491 fecerit,
1399 1462 1456 1495 ipse
1467 1461 1558 1495 aliquo
1569 1460 1702 1487 afficiatur

908 1499 1086 1527 incommodo.
1127 1499 1271 1525 Maximam
1288 1503 1376 1524 autem
1398 1503 1498 1533 partem
1520 1498 1552 1524 ad
1574 1499 1700 1525 iniuriam

908 1537 1057 1564 faciendam
1069 1536 1272 1573 aggrediuntur,
1283 1540 1310 1562 ut
1321 1536 1549 1570 adipiscanturea,
1558 1544 1627 1570 quae
1638 1544 1701 1562 con-

906 1576 1081 1610 cupiverunt:
1098 1575 1123 1600 in
1135 1583 1188 1609 quo
1202 1575 1266 1600 vitio
1278 1573 1407 1600 latissime
1420 1578 1490 1608 patet
1501 1574 1621 1599 avaritia*

963 1613 1028 1640 VIll.
1041 1613 1082 1639 25.
1096 1612 1264 1646 Expetuntur
1275 1615 1363 1637 autem
1375 1610 1485 1637 divitiae
1496 1619 1581 1645 quum
1592 1610 1625 1636 ad
1636 1619 1702 1637 usus

908 1652 977 1677 vitae
989 1650 1161 1680 necessarios,
1176 1654 1232 1676 tuni
1244 1648 1277 1675 ad
1289 1647 1464 1683 perfruendas
1478 1648 1637 1682 voluptates.
1674 1648 1701 1674 ln

906 1688 1008 1723 quibus
1020 1692 1108 1714 autem
1121 1688 1205 1714 maior
1215 1692 1255 1713 cst
1265 1687 1381 1716 animus.
1396 1687 1422 1712 in
1435 1687 1468 1712 iis
1481 1686 1610 1720 pecuniae
1624 1686 1702 1720 cupi-

906 1726 976 1752 ditas
991 1730 1093 1761 spectat
1103 1725 1135 1752 ad
1146 1734 1211 1760 opes
1222 1724 1290 1751 etad
1305 1723 1473 1759 gratificandi
1491 1722 1657 1749 facultatem:
1675 1727 1702 1749 ut

908 1772 993 1798 nuper
1004 1764 1038 1790 M.
1051 1763 1164 1790 Crassus
1176 1762 1290 1797 negabat
1306 1761 1387 1788 ullam
1404 1762 1468 1787 satis
1485 1769 1608 1795 magnam
1621 1768 1702 1794 pecu-

909 1802 979 1827 niam
992 1810 1050 1827 essc
1062 1801 1096 1831 ei,
1106 1801 1153 1835 qui
1165 1801 1191 1827 in
1204 1799 1340 1835 republica
1354 1799 1478 1834 princeps
1490 1798 1569 1824 vellet
1579 1806 1703 1827 essesu·

908 1840 950 1866 ius
968 1838 1100 1866 fructibus
1116 1838 1264 1864 exercitum
1280 1836 1349 1863 alere
1366 1845 1417 1862 non
1430 1840 1528 1870 posset.
1569 1834 1704 1861 Delectant

907 1878 987 1904 etiam
1010 1876 1147 1911 magnifici
1167 1880 1309 1910 apparatus
1329 1875 1452 1908 vitaeque
1468 1872 1556 1899 cultus
1571 1881 1633 1899 cuni
1649 1871 1703 1898 ele-

907 1916 998 1951 gantia
1009 1919 1035 1940 et
1044 1914 1134 1948 copia:
1151 1913 1253 1947 quibus
1266 1912 1346 1938 rebus
1356 1911 1478 1938 ellectum
1489 1915 1542 1940 est,
1560 1915 1589 1936 ut
1601 1910 1703 1936 infinita

909 1953 1039 1987 pecuniae
1049 1950 1184 1986 cupiditas
1195 1955 1275 1976 esset.
1307 1950 1360 1975 Nec
1374 1957 1435 1975 vero
1446 1949 1483 1974 rei
1497 1947 1636 1973 familiaris
1647 1955 1703 1972 aiii-

909 1990 1046 2025 plificafio,
1056 1989 1157 2015 nemini
1168 1985 1460 2021 noeens.vi2uperamla
1472 1990 1524 2011 est:
1538 1984 1584 2011 sed
1598 1984 1702 2019 fugit-n.

908 2027 941 2053 da
956 2035 1063 2061 semper
1075 2026 1173 2052 iniuria
1185 2030 1233 2051 est.
1274 2026 1316 2051 26.
1338 2024 1452 2050 Maxime
1465 2027 1552 2049 autem
1565 2021 1704 2048 adducun-

909 2069 952 2091 tur
963 2063 1099 2098 plerique,
1118 2068 1147 2089 ut
1161 2071 1206 2089 eos
1222 2062 1338 2088 iustitiae
1349 2062 1436 2096 capiat
1446 2060 1561 2089 oblivio,
1580 2068 1665 2094 quum
1678 2059 1704 2085 in

911 2102 1100 2135 imperiorum,
1124 2100 1268 2130 honorum,
1290 2098 1391 2134 gloriae
1411 2097 1586 2132 cupiditatem
1603 2095 1703 2122 incide-

909 2143 980 2165 runt.
1020 2137 1097 2170 Quod
1108 2138 1181 2163 enim
1193 2141 1233 2162 est
1243 2135 1315 2171 apud
1326 2136 1455 2166 Ennium,

1169 2189 1205 2193 —
1215 2188 1251 2192 -—
1267 2173 1346 2200 Noua
1359 2177 1449 2199 sancta
1458 2174 1574 2199 sociatas.

984 2216 1028 2238 nec
1037 2213 1098 2244 [idas
1111 2214 1182 2244 reym'
1191 2214 1241 2237 e'st:

910 2249 937 2276 id
950 2249 1029 2275 latius
1041 2252 1121 2283 patet.
1163 2248 1239 2277 Nam.
1252 2245 1388 2282 quidquid
1399 2245 1531 2272 eiusmodi
1545 2250 1596 2273 est.
1614 2245 1640 2270 in
1651 2252 1705 2278 quo

911 2296 961 2313 non
975 2287 1078 2321 possint
1089 2285 1180 2320 plures
1191 2284 1331 2312 excellere.
1346 2285 1372 2310 iu
1383 2291 1414 2310 eo
1426 2284 1453 2309 tit
1465 2282 1623 2317 plerumque
1635 2285 1705 2307 tanta

910 2324 1056 2353 contentio,
1071 2328 1100 2349 ut
1112 2321 1305 2348 difficillimum
1322 2321 1358 2347 sit
1372 2325 1491 2346 sanctam
1503 2328 1608 2345 servan·
1620 2318 1705 2344 socie-

911 2366 1001 2388 tatem.
1042 2359 1192 2387 Declaravit
1203 2358 1229 2385 id
1242 2358 1320 2385 ruodo
1331 2358 1465 2384 temeritas
1476 2357 1505 2382 C.
1514 2356 1644 2385 Caesaris,
1657 2356 1705 2390 qui

909 2399 999 2424 oninia
1021 2398 1077 2424 iura
1099 2397 1191 2423 divina
1212 2401 1292 2431 atquo
1316 2395 1432 2422 humana
1455 2394 1582 2428 pervertit
1599 2398 1706 2427 propter

910 2445 983 2466 euin,
996 2443 1077 2470 quom
1091 2434 1145 2461 sibi
1159 2436 1215 2468 ipse
1226 2433 1361 2468 opinionis
1372 2440 1458 2458 erroro
1471 2431 1591 2459 tinxerat.
1605 2430 1705 2464 princi·

911 2478 1013 2507 patum.
1054 2473 1102 2499 Est
1113 2476 1202 2498 autem
1216 2472 1241 2497 in
1255 2471 1304 2497 hoc
1315 2478 1411 2505 genero
1425 2468 1580 2496 molestum.
1593 2466 1666 2530 (prod
1679 2467 1705 2493 in

911 2510 1038 2536 maximis
1049 2510 1148 2536 animis
1159 2507 1444 2543 splendidissiniisquc
1458 2505 1574 2539 ingeniis
1585 2513 1602 2539 p
1615 2513 1705 2531 eruni-

909 2556 964 2582 quo
975 2548 1109 2574 exsistunt
1120 2546 1241 2575 honoris.
1256 2545 1377 2580 imperii,
1391 2543 1532 2578 potentiae,
1545 2541 1646 2577 gloriae
1657 2550 1705 2568 cu·

911 2584 1046 2619 piditates.
1066 2585 1124 2616 Quo
1135 2584 1221 2619 magis
1233 2581 1382 2609 cnvcmlum
1394 2586 1442 2610 est,
1457 2589 1488 2606 no
1499 2579 1566 2615 quid
1579 2580 1605 2606 in
1617 2588 1648 2605 eo
1658 2588 1705 2614 go-

911 2631 972 2648 nere
984 2626 1118 2656 peccetur.
1149 2622 1190 2648 27.
1213 2620 1264 2646 Sed
1277 2620 1303 2646 in
1314 2619 1387 2646 ouini
1400 2618 1530 2644 iniustitia
1541 2615 1704 2652 permultum

911 2660 1030 2691 interest,
1044 2664 1134 2687 utrum
1146 2657 1344 2693 perturbatione
1355 2656 1446 2691 aliqua
1458 2655 1552 2686 animi.
1568 2663 1636 2689 quae
1649 2653 1705 2688 ple-

1490 2704 1533 2727 152
