1941 3052
216 139 261 163 ,868
679 138 718 161 Η.
755 136 788 161 Μ.

213 208 309 242 [insuit.
325 211 393 236 orat.
413 215 444 232 ne
460 215 539 231 suuni
558 206 658 231 lut-tuni
675 206 757 239 patriti
774 205 904 235 inci-imin,
923 205 1005 239 patris

213 253 355 270 maerorem
368 243 488 269 κιιυΠι-ιιι
505 244 635 275 nugi—ntis:
658 243 704 277 qui
722 243 800 268 etiam
818 251 859 268 nie
877 243 1002 272 intui-tur,

213 291 254 307 me
275 281 350 307 vultu
372 281 498 315 appellnt,
523 289 606 305 menni
628 280 826 314 quodammodo
845 278 909 305 flens
925 279 1004 305 fidem

212 318 343 353 implorat,
357 327 385 343 ac
397 318 490 352 repetit
500 326 566 346 catii,
579 325 660 350 (luam
671 325 720 350 ego
731 317 797 350 putri
809 325 857 341 sito
869 316 1003 351 quondam

213 365 259 390 pro
269 355 354 381 salute
367 356 464 389 patriae
474 354 673 388 spoponderim,
686 354 853 388 dignitati-ni.
896 354 1005 379 Misere-

919 459 922 461 .
953 453 1019 464 ..Ἃ

1010 624 1049 648 41.

823 135 853 161 Τ.
889 134 1164 161 (ΣΙΙΣΙΞΙΗ,).Ν”13
1197 134 1384 161 ORATIO

1057 205 1122 231 mini
1138 204 1267 234 familiae,
1289 204 1404 234 iudices.
1428 205 1590 231 miseremini
1604 205 1743 233 tortissimi
1755 207 1846 241 petrin.

1057 242 1220 268 miseremini
1237 241 1298 267 lilii:
1323 250 1418 268 nornen
1435 241 1615 269 clarissimum
1631 248 1656 269 et
1671 243 1847 271 fortiuimum

1058 279 1098 304 vel
1114 279 1220 314 generis
1237 278 1277 304 vel
1295 278 1434 305 vetustatis
1450 278 1490 306 vel
1507 279 1624 307 bominis
1643 289 1737 307 cautu
1759 282 1849 316 reipu-

1057 316 1142 342 blicae
1153 320 1295 342 reservate.

1023 452 1140 465 401³—-

740 700 772 727 M.
809 700 987 728 'slTLLll
1023 698 1316 728 CICERONIS

446 783 652 833 POST
707 784 1096 839 REDITUM,
1151 783 1222 832 IN
1277 781 1605 832 SENATU

837 891 1013 929 ORA

1058 891 1084 927 'l'
1129 891 1139 927 l
1180 889 1212 924 ()

746 1041 956 1069 NOTITIA
990 1040 1312 1067 Ll'rTEttAntA.

317 1111 377 1131 Haec
387 1111 461 1131 mutin
471 1111 653 1138 wecioaiorilnu,
664 1119 732 1138 quum
745 1112 868 1132 veri-nilum
879 1110 1032 1137 argumentis,
1043 1118 1056 1129 a
1067 1109 1175 1130 dictionis
1185 1114 1207 1131 et
1216 1109 1305 1136 ingenii
1314 1109 1437 1130 inolentm
1447 1109 1546 1136 quadum
1557 1107 1689 1136 “petiliani
1700 1107 1849 1133 Murum-Ao,

213 1145 308 1173 ll'olfiau
323 1147 376 1166 aliia
394 1146 496 1166 Ciremm·
510 1146 659 1171 ammarum,
674 1146 744 1166 cidem
761 1153 812 1167 vcro
827 1147 931 1167 aulicum
943 1145 1192 1166 „nasimanctoritate
1211 1144 1327 1165 vindicari
1338 1144 1417 1172 snt-'le
1436 1143 1521 1170 putuit.
1552 1143 1614 1164 sune
1634 1150 1684 1164 cem
1702 1143 1772 1163 etiam
1790 1143 1848 1168 alia,

209 1189 267 1208 qum·
280 1181 396 1209 finiunt,
416 1185 442 1202 ue
462 1181 549 1206 (Σὺ-(νυ,
573 1181 664 1202 eliranni
676 1181 766 1210 panim
782 1182 820 1202 sui
832 1181 951 1202 dissimilis
966 1187 1010 1201 cue
1027 1181 1147 1205 videnmr,
1162 1184 1238 1201 tumen
1252 1179 1322 1201 huius
1337 1179 1400 1200 lumel
1414 1179 1506 1207 ineptae
1514 1179 1646 1205 graciarum
1657 1178 1756 1199 aetionis
1766 1182 1850 1200 aanor

209 1216 320 1237 crailinc
329 1216 479 1237 existimrlur.

262 1327 306 1347 AR
313 1326 339 1347 G.
364 1325 442 1346 Cicero
457 1325 566 1353 postridie
580 1325 629 1346 eiu·
643 1326 701 1351 diei,
716 1333 758 1353 quo
773 1326 800 1346 ab
815 1325 898 1346 exsilio
913 1325 1003 1346 Romam

208 1369 309 1382 reversus
320 1364 365 1381 ertit
373 1377 378 1385 ‚
394 1361 417 1381 in
429 1364 518 1386 senatu,
534 1361 637 1388 exposita
647 1361 749 1382 beneficii
760 1360 918 1386 magnitudine.
938 1367 1001 1386 quum

207 1397 288 1418 ceteris
304 1396 456 1421 nriiflrnrihun„
477 1399 520 1416 turn
537 1396 632 1417 maxime
646 1396 740 1417 Lentulo
758 1399 780 1417 et
794 1395 885 1417 Metello
901 1402 959 1416 coss.
970 1396 1002 1419 (a.

207 1436 253 1454 697.
266 1433 304 1458 V.)
319 1439 344 1452 ae
358 1435 473 1458 praeterea
484 1431 600 1458 l’nmpein,
617 1432 698 1452 Miloni
713 1436 733 1452 et
744 1433 770 1453 P.
781 1431 860 1452 Sextio
872 1430 1002 1451 nominatim

207 1467 290 1493 gratias
301 1467 353 1491 ugit,
370 1466 491 1491 exagitatis
502 1466 558 1486 sulis
568 1467 691 1493 superioris
702 1467 753 1487 anui
764 1466 902 1491 consulibus,
919 1465 1003 1487 Pisone

207 1506 228 1523 et
244 1502 349 1522 Gabinia.
379 1502 432 1522 lten·
448 1501 559 1521 collau-lat
574 1505 656 1528 septeni
672 1506 797 1528 praetores,
812 1501 850 1529 qui
865 1502 892 1522 de
903 1508 926 1522 se
936 1501 1002 1521 resti-

207 1537 287 1558 tuendo
303 1539 473 1561 consenserant,
488 1544 532 1557 unu
546 1536 694 1558 dissentiente
709 1540 799 1562 octavo,
815 1537 888 1564 Appio
899 1536 1001 1561 Clnmlio,

207 1573 275 1592 fratre
286 1573 311 1593 Ρ.
323 1571 406 1593 Clodii.
439 1572 472 1592 Ad
482 1575 601 1592 extremum
609 1587 614 1597 ,
626 1579 668 1598 quo
677 1571 774 1593 consiliu
785 1572 865 1593 Urbem
876 1571 1001 1598 reliquerit,

206 1607 297 1634 exponit
308 1610 429 1634 purgatque
439 1614 464 1627 se
473 1607 602 1627 timiditatis
611 1606 713 1628 crimine.

261 1661 281 1687 1.
296 1663 319 1687 ⁴.
333 1656 380 1691 Si,
397 1664 484 1695 patres
495 1661 651 1695 conscripti,
669 1669 716 1695 pro
731 1660 828 1687 vestris
843 1660 1002 1687 immortali-

206 1699 257 1725 bus
272 1698 299 1724 in
316 1706 358 1724 me
370 1697 531 1732 fratremque
542 1706 631 1724 meum
645 1697 795 1732 liberosque
807 1701 910 1724 nostros
922 1698 1003 1724 meri-

206 1737 240 1762 tis
254 1743 347 1770 parum
360 1735 435 1761 vobis
447 1734 581 1761 cumulate
591 1735 689 1770 gratias
703 1743 793 1771 egero,
811 1743 911 1770 quaeso
926 1735 1002 1761 obte—

205 1777 327 1807 storque,
350 1780 382 1798 ne
394 1781 466 1797 meae
478 1777 585 1798 naturae
597 1773 700 1806 potius,
722 1781 804 1806 quam
820 1772 1001 1807 magnitudini

206 1814 354 1835 vestrorum
367 1809 554 1835 beneficiorum
567 1809 593 1835 id
606 1809 778 1835 tribuendum
790 1810 899 1844 putetis.
927 1809 1000 1841 Quae

206 1847 277 1873 enim
290 1851 359 1872 tanta
371 1851 457 1880 potest
467 1847 595 1872 exsistere
607 1846 714 1872 ubertas
725 1847 836 1881 ingenii,
849 1855 918 1881 quae
930 1851 999 1873 tanta

205 1883 310 1910 dicendi
323 1884 405 1918 copia,
415 1883 486 1918 quod
499 1888 551 1909 tam
563 1883 686 1909 divinum
697 1888 777 1918 atque
788 1883 944 1910 incredibile
953 1893 1001 1919 ge-

206 1930 257 1948 nus
268 1921 408 1950 orationis,
425 1929 479 1955 quo
489 1921 634 1955 quisquam
647 1921 732 1955 possit
743 1925 829 1947 vestra
840 1921 867 1947 in
880 1929 927 1947 nos
939 1922 1001 1947 uni-

205 1967 280 1984 versa
297 1958 438 1992 promerita
460 1966 510 1983 non
531 1957 617 1984 dicam
638 1957 779 1992 complecti
799 1958 929 1989 ornando,
952 1958 999 1984 sed

205 2003 360 2030 percensere
377 1994 576 2021 enumerando?
595 1995 642 2029 qui
659 1995 725 2021 mibi
742 1995 847 2021 fratrem
863 1995 1000 2030 optatissi-

205 2041 290 2063 mum,
304 2041 346 2058 me
359 2031 430 2058 fratri
441 2033 637 2064 amantissimo,
653 2031 745 2058 liberis
756 2033 854 2059 nostris
865 2038 996 2067 parentes,

205 2070 282 2096 nobis
295 2069 405 2101 liberos3
418 2070 465 2104 qui
476 2069 641 2105 dignitatem.
655 2070 702 2104 qui
713 2069 844 2100 ordinem,
857 2070 904 2105 qui
916 2070 1000 2097 fortu-

205 2116 262 2138 naS,
275 2107 321 2142 qui
333 2106 527 2141 amplissimam
540 2107 742 2141 rempublicam.
756 2108 803 2142 qui
815 2108 999 2142 patriam‚qua

205 2144 272 2171 nihil
295 2148 380 2179 potest
394 2152 453 2169 esse
468 2144 627 2174 iucundius,
649 2145 697 2179 qui
712 2144 828 2179 denique
843 2145 920 2171 nobis
937 2154 1000 2171 nos—

204 2182 334 2216 metipsos
350 2181 515 2207 reddidistis.
545 2183 570 2208 2.
587 2181 663 2213 Quod
677 2182 700 2207 si
712 2187 835 2216 parentes
846 2183 999 2209 carissimos

204 2219 301 2245 habere
312 2218 451 2249 debemus,
459 2218 531 2253 quod
542 2219 574 2244 ab
586 2219 619 2244 iis
631 2219 707 2245 nobis
719 2220 781 2250 vita,
795 2219 996 2254 patrimonium,

205 2255 325 2287 libertas,
342 2256 437 2282 civitas
448 2256 541 2282 tradita
554 2260 606 2287 est,
630 2256 654 2282 si
665 2255 729 2282 deos
740 2256 918 2288 immortales,
931 2266 1000 2292 quo-

203 2302 263 2320 rum
279 2293 407 2319 beneficio
421 2297 446 2319 et
461 2293 524 2319 baec
541 2294 677 2320 tenuimus
692 2298 718 2320 et
731 2294 826 2320 ceteris
837 2294 918 2320 rebus
929 2295 999 2321 aucti

203 2339 313 2363 sumus3
335 2331 358 2356 si
374 2329 504 2365 populum
520 2331 682 2361 Romanum,
705 2331 784 2357 cuius
804 2331 951 2358 honoribus
971 2332 999 2358 in

204 2367 371 2402 amplissimo
389 2367 501 2394 consilio
522 2372 547 2394 et
567 2368 594 2394 in
616 2368 746 2395 altissimo
760 2368 845 2404 gradu
860 2368 999 2404 dignitatis

204 2409 283 2439 atque
298 2405 325 2431 in
341 2405 389 2431 hac
405 2405 525 2431 omnium
541 2409 671 2431 terrarum
687 2414 745 2431 arce
755 2405 875 2432 collocati
885 2415 996 2439 sumus;

203 2441 227 2467 si
244 2441 315 2467 bunc
329 2442 420 2476 ipsum
431 2442 551 2468 ordinem
560 2463 566 2473 ,
584 2451 598 2468 a
609 2451 663 2477 quo
673 2451 753 2477 saepe
764 2443 999 2478 magnificentissi—

205 2478 256 2503 mis
267 2478 379 2504 decretis
390 2488 485 2506 sumus
497 2479 642 2506 honestati:
656 2480 819 2506 immensum
831 2480 960 2515 quiddam
973 2485 999 2507 et

204 2514 338 2541 inlinitum
351 2520 402 2546 est,
415 2516 487 2551 quod
498 2517 574 2543 vobis
584 2516 728 2548 debemus,
744 2517 792 2552 qui
804 2522 892 2544 vestro
902 2518 998 2554 singu-

206 2550 252 2577 lari
268 2552 358 2578 studio
372 2557 451 2587 atque
465 2562 598 2580 consensu
614 2558 755 2589 parentum
770 2554 912 2586 beneficia,
934 2555 999 2582 deo-

204 2596 264 2614 rum
280 2589 470 2616 immortalium
487 2599 609 2622 munera,
631 2590 724 2626 populi
739 2591 851 2618 Romani
872 2591 995 2624 bonores,

204 2630 290 2651 vestra
305 2626 338 2651 de
354 2634 396 2651 me
411 2626 494 2652 multa
511 2627 608 2654 iudicia
623 2628 700 2654 nobis
712 2628 800 2654 omnia
815 2637 869 2655 uno
880 2633 998 2664 tempore

204 2661 373 2689 reddidistis:
386 2667 424 2694 ut,
437 2672 522 2698 quum
533 2664 617 2692 multa
629 2665 714 2697 vobis,
727 2674 824 2702 magna
834 2666 935 2701 populo
945 2667 998 2693 Ro-

1055 1335 1146 1358 mano,
1168 1325 1375 1353 innumerabilia
1387 1325 1557 1361 parentibus,
1577 1325 1667 1351 omnia
1676 1324 1728 1352 diis
1738 1325 1851 1352 immor-

1055 1364 1154 1390 talibus
1165 1363 1324 1395 debeamus.
1341 1363 1406 1390 haec
1416 1368 1490 1390 antea
1502 1361 1608 1398 singula
1620 1370 1667 1397 per
1677 1362 1737 1389 illos
1747 1362 1849 1390 babue-

1055 1402 1149 1432 rimus,
1167 1409 1238 1428 nunc
1250 1401 1375 1428 universa
1387 1409 1434 1435 per
1444 1409 1491 1426 vos
1503 1400 1761 1434 recuperaverimus.

1109 1439 1140 1465 11.
1153 1440 1178 1465 3.
1200 1439 1300 1473 ltaque¹
1313 1443 1401 1473 patres
1411 1437 1564 1472 conscripti,
1577 1437 1650 1472 quod
1660 1446 1693 1463 ne
1701 1436 1849 1472 optandum

1053 1475 1164 1511 quidem
1176 1481 1217 1502 est
1227 1476 1339 1507 bomini,
1352 1474 1577 1502 immortalitatem
1587 1474 1732 1509 quamdam
1743 1483 1791 1509 per
1802 1482 1849 1502 vos

1053 1513 1141 1548 adepti
1162 1513 1295 1540 videmur.
1335 1512 1412 1545 Quod
1431 1512 1503 1539 enim
1522 1516 1629 1547 tempus
1643 1512 1693 1538 erit
1707 1520 1847 1547 umquam,

1053 1559 1108 1586 quo
1122 1555 1271 1577 vestrorum
1287 1551 1315 1576 in
1330 1558 1378 1576 nos
1394 1549 1585 1576 beneficiorum
1601 1549 1726 1576 memoria
1738 1557 1768 1576 ac
1779 1548 1848 1575 fama

1054 1587 1200 1614 moriatur?
1209 1588 1257 1622 qui
1268 1587 1314 1614 illo
1325 1588 1385 1622 ipso
1395 1591 1522 1622 tempore,
1535 1595 1621 1621 quum
1633 1587 1668 1617 vi.
1678 1586 1755 1617 ferro,
1763 1591 1847 1616 metu.

1054 1625 1135 1651 minis
1149 1625 1253 1652 obsessi
1269 1624 1439 1655 teneremini,
1456 1632 1508 1650 non
1524 1623 1609 1650 multo
1624 1628 1683 1658 post
1696 1624 1848 1650 discessum

1054 1671 1144 1688 meum
1152 1682 1158 1692 .
1172 1662 1293 1688 universi
1304 1670 1346 1688 me
1357 1661 1543 1691 revocavistis,
1555 1660 1685 1687 referente
1695 1661 1726 1687 L.
1738 1660 1846 1691 Ninnio.

1054 1699 1200 1726 fortissimo
1212 1703 1292 1734 atque
1303 1699 1404 1733 optimo
1415 1699 1486 1730 viro;
1507 1706 1588 1732 quem
1604 1697 1699 1724 habuit
1709 1697 1754 1724 ille
1763 1698 1848 1732 pesti-

1053 1736 1092 1763 fer
1101 1745 1188 1762 annus
1199 1741 1224 1762 et
1235 1736 1352 1762 maxime
1363 1735 1482 1766 fidelem.
1499 1739 1526 1761 et
1540 1735 1651 1761 minime
1666 1734 1806 1765 timidum,
1823 1735 1848 1761 si

1052 1773 1180 1800 dimicare
1191 1773 1351 1808 placuisset,
1362 1772 1530 1799 defensorem
1541 1771 1637 1798 salutis
1647 1780 1731 1798 meae.
1772 1772 1849 1799 Post-

1052 1819 1164 1846 eaquam
1184 1811 1262 1837 vobis
1282 1814 1398 1845 potestas
1413 1809 1573 1836 decernendi
1589 1817 1641 1835 non
1657 1813 1697 1836 est
1717 1809 1847 1844 permissa

1051 1857 1099 1883 per
1109 1856 1171 1874 eum
1185 1848 1324 1874 tribunum
1336 1847 1437 1882 piebis.
1453 1847 1515 1882 qui,
1531 1855 1618 1881 quum
1634 1855 1682 1881 per
1695 1855 1724 1873 se
1738 1854 1848 1881 rempu-

1051 1885 1148 1912 blicam
1162 1884 1274 1912 lacerare
1286 1893 1337 1911 non
1349 1889 1452 1919 posset,
1464 1884 1516 1910 sub
1528 1884 1614 1910 alieno
1624 1883 1723 1910 scelere
1731 1883 1845 1910 delevit:

1052 1931 1201 1957 numquam
1217 1922 1250 1948 de
1265 1931 1308 1948 me
1323 1922 1452 1952 siluistis,
1471 1929 1619 1956 numquam
1634 1929 1721 1947 meam
1732 1920 1847 1947 salutem

1052 1969 1103 1987 non
1115 1960 1148 1986 ab
1160 1960 1203 1986 his
1212 1959 1384 1990 consulibus,
1401 1959 1448 1994 qui
1461 1958 1648 1988 vendiderant.
1667 1957 1846 1993 flagitavistis.

1052 1998 1076 2024 h.
1083 1998 1175 2032 ltaque
1186 2001 1274 2023 vestro
1283 1996 1373 2023 studio
1383 2001 1463 2031 atque
1473 1996 1627 2022 auctoritate
1638 1995 1785 2030 perfectum
1794 1999 1845 2027 est,

1051 2039 1080 2061 ut
1091 2034 1136 2061 ille
1147 2034 1206 2069 ipse
1215 2043 1316 2064 annus,
1329 2042 1410 2068 quem
1422 2041 1471 2069 ego
1482 2033 1562 2064 mihi,
1574 2041 1657 2067 quam
1669 2033 1777 2067 patriae,
1790 2040 1848 2059 ma—

1052 2071 1153 2098 lueram
1163 2080 1223 2098 esse
1234 2071 1340 2098 fatalem
1348 2092 1354 2102 ,
1368 2071 1416 2097 hos
1428 2071 1550 2097 tribunos
1562 2070 1679 2101 baberet,
1691 2070 1738 2105 qui
1749 2074 1776 2096 et
1784 2077 1848 2104 pro-

1051 2109 1203 2144 mulgarent
1212 2108 1246 2135 de
1256 2108 1343 2135 salute
1358 2116 1429 2139 mea.
1447 2112 1474 2134 et
1487 2107 1520 2134 ad
1535 2115 1583 2133 vos
1597 2115 1790 2142 saepenumero
1804 2114 1848 2133 re-

1051 2146 1159 2173 ferrent.
1199 2146 1267 2172 Nam
1281 2145 1406 2172 consules
1417 2144 1530 2172 modesti
1543 2144 1687 2180 legumque
1697 2148 1846 2171 metuentes

1050 2183 1267 2218 impediebantur
1278 2183 1349 2219 lege,
1362 2191 1416 2209 non
1427 2191 1470 2213 ea,
1482 2190 1551 2217 quae
1562 2182 1596 2208 de
1607 2190 1662 2213 me.
1675 2181 1722 2208 sed
1733 2189 1802 2216 quae
1811 2180 1847 2208 de

1051 2221 1118 2255 ipsis
1130 2220 1180 2246 lata
1191 2224 1259 2251 erat,
1272 2229 1358 2255 quum
1370 2228 1447 2246 meus
1457 2220 1585 2246 inimicus
1595 2218 1788 2254 promulgavit,
1804 2222 1844 2250 ut,

1050 2259 1073 2284 si
1085 2258 1246 2284 revixissent
1256 2257 1274 2283 ii
1282 2278 1288 2289 ,
1303 2257 1351 2292 qui
1363 2257 1427 2283 haec
1437 2265 1521 2292 paene
1531 2255 1663 2287 delerunt,
1676 2260 1733 2282 tum
1743 2263 1794 2291 ego
1804 2263 1846 2282 re-

1050 2295 1149 2321 direm:
1163 2303 1218 2330 quo
1227 2294 1295 2321 facto
1306 2299 1452 2329 utrumque
1461 2293 1601 2320 confessus
1610 2297 1659 2323 est,
1667 2297 1694 2318 et
1702 2292 1845 2319 seillorum

1050 2332 1133 2358 vitam
1145 2331 1309 2363 desiderare,
1326 2336 1353 2358 et
1367 2339 1464 2367 magno
1478 2332 1506 2358 in
1521 2329 1640 2365 periculo
1650 2329 1845 2364 rempublicam

1050 2368 1168 2395 futuram
1177 2390 1183 2400 ,
1200 2370 1224 2395 si
1239 2373 1286 2395 aut
1296 2369 1387 2395 hostes
1397 2373 1477 2404 atque
1488 2367 1669 2394 interfectores
1680 2366 1845 2401 reipublicae

1049 2406 1220 2437 revixissent,
1233 2411 1279 2432 aut
1288 2415 1338 2441 ego
1348 2414 1400 2432 non
1411 2405 1590 2432 revertissem.
1625 2404 1717 2439 ltaque
1727 2403 1775 2430 illo
1784 2404 1845 2439 ipso

1049 2448 1138 2470 tamen
1149 2452 1232 2474 anno,
1244 2452 1331 2478 quum
1342 2451 1392 2479 ego
1401 2442 1557 2473 cessissem,
1569 2441 1694 2476 princeps
1705 2445 1795 2467 autem
1804 2441 1845 2467 ci-

1048 2481 1138 2507 vitatis
1150 2489 1202 2507 non
1214 2480 1304 2516 legum
1316 2478 1512 2515 praesidio,sed
1524 2479 1664 2513 parietum,
1673 2478 1755 2505 vitam
1765 2486 1843 2504 suam

1049 2522 1180 2550 tueretur;
1202 2517 1353 2552 respublica
1363 2517 1423 2543 sine
1433 2515 1590 2542 oonsulibus
1601 2520 1684 2547 esset.
1701 2523 1789 2550 neque
1798 2523 1845 2542 so-

1049 2555 1105 2581 lum
1116 2555 1273 2590 parentibus
1283 2554 1433 2589 perpetuis,
1450 2561 1544 2579 verum
1560 2553 1639 2579 etiam
1651 2552 1784 2579 tutoribus
1795 2560 1844 2578 an-

1048 2592 1110 2618 nuis
1130 2596 1202 2619 esset
1219 2591 1324 2618 orbata:
1345 2590 1490 2617 sententias
1509 2589 1598 2616 dicere
1617 2588 1840 2625 probiberemini:

1047 2633 1127 2663 caput
1142 2637 1217 2655 meae
1230 2628 1431 2664 proscriptionis
1441 2627 1608 2654 recitaretur:
1631 2634 1780 2661 numquam
1789 2625 1843 2652 du-

1047 2666 1154 2693 bitastis
1169 2674 1257 2693 meam
1270 2665 1385 2693 salutem
1399 2673 1462 2692 cum
1477 2665 1614 2692 communi
1628 2663 1716 2691 salute
1729 2663 1842 2690 coniun-
