1941 3052
228 109 289 131 tum
792 106 844 129 iil.
881 103 914 128 Μ,
950 103 978 128 Τ.

225 177 291 202 [νη-υ
303 185 396 202 censen
408 177 519 208 tigni-un·
532 173 614 199 sunc‘?
628 172 697 204 Quid
712 174 792 205 igitur
804 174 916 201 mirum.
931 183 953 198 ηι
967 173 1015 198 hnc
1036 173 1045 179 '¹

224 213 316 239 endem
330 213 407 238 modu
420 212 520 237 lanuini
532 215 623 236 natura
636 210 819 244 praescripsit,
835 215 863 236 ut
875 209 941 236 nihil
955 210 1015 244 pul-

224 251 329 279 etti-ine«,
348 259 428 283 quain
447 249 581 273 hominem
599 252 715 280 putaret.
732 255 789 272 catu
807 256 865 272 esse
879 256 1013 277 caussari»,

224 297 271 313 cur
283 287 345 312 tlt-w·
359 286 495 311 tunnnnnn
508 284 611 309 similes
623 284 797 317 putaremus?

282 324 397 349 XXVlll.
420 323 461 347 7⁸.
484 321 553 352 Quid
574 330 680 350 censes.
702 321 725 346 si
747 321 812 346 ratio
827 326 897 347 esset
917 321 942 347 in
959 321 1016 347 bet-

226 362 295 387 tuis?
315 369 365 386 uon
387 368 434 384 suo
450 367 571 393 quasque
591 358 683 390 generi
705 357 853 392 plurimum
869 358 1016 384 tributuras

225 398 325 424 [tiis-«12⁵3
345 397 377 422 At
398 395 549 421 tut-hercule
565 405 627 429 ego,
646 395 742 429 (dicam
758 396 844 425 enim,
867 401 895 422 ut
910 396 1016 429 sentio.)

223 435 347 469 quamvis
359 442 444 458 aunem
459 433 514 467 ipse
527 437 674 461 mmmmm}
687 441 737 458 non
751 433 836 458 audeo
847 432 945 460 (licere.
956 433 1017 467 pul-

222 472 490 500 .vt·r11›remes.-em‹.·‚
509 478 589 504 quum
607 469 651 495 illc
667 469 746 495 fuerit
759 474 864 499 taurus,
883 471 930 504 qui
945 472 1017 496 vexit

223 509 364 542 Europam.
405 508 460 533 Non
473 508 544 533 enim
557 507 605 532 hoe
619 506 674 533 loeo
685 506 717 533 de
731 507 847 542 ingeniis
859 513 903 533 aut
914 507 946 533 «le
957 516 1016 533 oru-

223 545 340 572 tionihus
359 545 469 574 nostris,
490 544 537 570 sed
552 543 585 569 ‹le
601 545 690 578 specie
707 544 846 579 figuraque
867 546 1014 579 quaeritur,

221 582 296 615 Quod
308 583 330 607 si
343 582 442 616 lingere
455 581 532 607 nohis
543 586 568 608 et
580 582 689 615 iungere
702 581 799 607 formas
808 582 936 608 velimus:
949 590 1016 617 quu-

223 620 253 645 lis
267 619 310 645 ille
323 619 570 645 marititnusTriton
586 619 715 654 pingitur,
725 619 1016 646 natantibusinvchens

221 656 332 687 belluis,
346 656 480 682 adiunctis
493 656 609 683 humano
619 657 737 691 corpori,
752 657 820 683 nolis
831 666 900 683 csse.
942 657 1015 683 Disti-

220 694 264 720 eili
278 695 303 720 in
319 693 374 720 loco
387 703 486 720 versor.
518 694 564 721 Est
575 694 647 720 enim
660 695 701 720 vis
713 699 782 721 tanta
795 700 913 724 naturae,
928 699 955 721 ut
968 694 1016 720 ho-

221 740 263 758 uto
275 740 353 758 nemo
365 730 429 757 velit
441 732 492 758 nisi
506 731 622 758 hominis
633 731 733 757 similis
743 740 812 758 csse.
846 733 888 758 79.
911 732 942 758 Et
953 732 1016 766 qui-

220 769 282 795 ‹lem
299 769 408 795 formica
431 768 566 795 formicae.
607 769 659 795 sed
677 774 763 795 tamen
780 769 859 795 cuius
881 769 1016 795 hominis?

219 806 321 839 Quotus
341 807 415 832 enim
435 807 552 842 quisquc
573 805 706 833 formosus
722 805 779 832 est?
798 807 911 833 Athenis
929 815 1013 841 quum

219 852 315 873 essem.
332 852 346 869 e
357 844 488 880 gregibus
499 843 665 878 epheborum
679 844 831 879 vixsinguli
845 844 1015 878 reperieban-

221 886 271 907 tur.

219 918 273 944 bet.
314 918 414 945 Deinde
431 918 521 946 nobis.
539 919 600 953 qui.
619 918 830 945 concedentibus
846 918 1016 953 philosophis

219 955 347 990 antiquis,
362 955 568 982 adolescentulis
580 956 754 986 delectamur,
767 956 846 982 etiam
860 957 923 982 vitia
935 965 1014 990 saepe
1036 963 1037 970 ¹

221 992 336 1019 iucunda
348 998 420 1020 sunt.
462 993 569 1019 Naevus
586 994 612 1019 in
629 992 740 1019 articulo
756 994 832 1027 pueri
845 993 957 1019 delectat
969 993 1015 1019 ΛΙ-

218 1038 323 1056 caeum.
363 1031 396 1056 At
411 1035 450 1056 est
463 1031 582 1065 corporis
599 1030 702 1056 macula
717 1039 828 1057 naevus.
869 1030 909 1056 Illi
927 1036 1013 1057 tamen

220 1067 268 1093 hoc
282 1067 371 1094 lumen
385 1067 536 1094 videbatur.
576 1067 608 1099 Q.
625 1067 750 1098 Catulus,
769 1067 850 1093 huius
861 1067 978 1103 collegae
989 1073 1015 1094 et

219 1103 360 1131 familiaris
376 1105 459 1131 nostri
474 1110 560 1139 pater,
579 1104 675 1131 dilexit
691 1105 856 1139 municipem
872 1110 947 1132 tuum
964 1106 1014 1132 tto—

218 1143 319 1168 scium:
334 1143 360 1168 in
373 1151 453 1177 quem
466 1143 545 1168 etiam
560 1142 627 1168 illud
639 1147 678 1168 est
692 1143 764 1168 eius:

257 1179 433 1209 Constiterant,
447 1182 601 1205 exorientem
613 1181 739 1205 :lut-orum
750 1182 815 1212 sorte
825 1181 951 1210 salutans,

293 1225 369 1250 quum
380 1219 462 1243 subito
472 1226 487 1242 ιι
500 1218 573 1242 taem
585 1217 690 1242 Roscius
699 1219 826 1242 exoritur.

255 1253 319 1280 Pace
330 1255 391 1279 mihi
402 1255 484 1283 licent,
499 1255 624 1283 caelestes,
639 1256 723 1279 (licere
738 1259 828 1283 restra,

292 1292 408 1316 mortalis
421 1293 489 1316 risus
498 1292 632 1323 pulchrior
642 1300 694 1316 esse
704 1293 757 1316 (leo.

217 1328 284 1354 lluic
297 1327 341 1353 ille
352 1327 402 1354 deo
413 1327 563 1362 pulchrior:
583 1332 608 1354 at
619 1332 686 1358 crat,
704 1329 774 1354 sicut
790 1327 869 1354 hodie
885 1333 938 1357 est.
950 1337 1013 1364 per-

218 1365 382 1391 versissimis
392 1365 489 1391 oculis.
523 1364 593 1397 Quid
607 1364 698 1398 refert,
713 1366 736 1392 si
749 1365 797 1392 hoc
807 1365 898 1400 ipsum
910 1365 1012 1393 salsum

217 1402 256 1429 illi
268 1407 293 1428 et
303 1406 448 1428 venustum
461 1402 661 1429 videbatur?—
673 1403 761 1429 Redeo
771 1403 804 1429 ad
816 1403 890 1430 deos.

271 1439 372 1465 XXIX.
395 1441 436 1465 80.
459 1440 574 1474 Ecquos,
587 1441 610 1466 si
623 1448 674 1466 non
687 1445 740 1466 tam
752 1441 899 1472 strabones,
913 1446 938 1468 at
950 1450 1014 1476 pae-

217 1476 285 1503 tulos
301 1485 361 1502 esse
379 1476 559 1503 arbitramur?
577 1486 677 1512 ecquos
694 1486 810 1504 naevum
831 1478 948 1505 babere?
968 1488 1013 1505 ec-

216 1522 283 1548 quos
295 1513 373 1545 silos,
386 1513 494 1545 flaccos,
509 1513 657 1546 frontones,
671 1515 817 1549 capitones,
830 1524 899 1551 quae
911 1522 973 1543 sunt
986 1518 1011 1543 in

216 1550 311 1577 nobis?
331 1551 371 1577 An
387 1552 477 1578 omnia
493 1551 633 1579 emendata
650 1552 677 1578 in
694 1552 767 1578 illis‘?
786 1553 867 1580 Detur
883 1553 910 1580 id
922 1554 1010 1580 vobis.

216 1589 286 1614 Num
301 1589 382 1615 etiam
398 1593 438 1615 est
453 1597 505 1615 una
521 1590 643 1615 omnium
660 1589 759 1616 facies‘?
778 1590 846 1616 Nam
865 1591 888 1617 si
904 1591 1009 1625 plures:

215 1624 296 1652 aliam
311 1634 370 1652 esse
386 1625 437 1652 alia
453 1626 635 1661 pulchriorem
652 1635 761 1653 necesse
777 1632 826 1654 est.
866 1629 951 1664 Igitur
962 1629 1012 1655 ali-

215 1663 277 1697 quis
291 1671 343 1689 non
359 1663 560 1698 pulcherrimus
573 1664 651 1690 deus.
692 1664 720 1691 Si
732 1673 784 1691 una
795 1666 918 1692 omnium
930 1665 1012 1693 facies

215 1704 263 1730 est,
276 1699 368 1726 florere
380 1701 407 1726 in
419 1700 492 1727 caelo
506 1701 678 1727 Academiam
689 1710 798 1728 necesse
807 1708 858 1729 est.
898 1703 928 1730 Si
939 1705 1011 1730 enim

216 1737 283 1763 nihil
296 1738 365 1764 inter
375 1737 457 1764 deum
468 1743 493 1765 et
504 1738 586 1765 deum
597 1738 699 1766 differt:
725 1739 799 1766 nulla
810 1744 851 1766 est
860 1741 932 1775 apud
947 1741 1012 1768 deos

214 1775 340 1810 cognitio,
354 1774 427 1801 nulla
438 1777 585 1810 perceptio.
620 1778 661 1803 84.
677 1776 767 1809 Quid?
777 1778 801 1803 si
812 1778 902 1808 etiam,
915 1778 1009 1809 Vellei,

215 1810 312 1838 salsum
329 1812 397 1838 illud
412 1813 522 1840 omnino
537 1818 590 1844 est,
613 1813 715 1840 nullam
730 1814 810 1841 aliam
826 1815 905 1842 nobis
917 1815 950 1842 de
962 1815 1011 1843 deo

214 1849 395 1884 cogitantibus
406 1850 535 1885 speciem,
544 1851 597 1877 nisi
608 1850 727 1878 hominis
738 1860 891 1885 occurrere3
908 1857 1012 1880 tamen-

216 1894 247 1912 ne
263 1887 312 1912 ista
328 1891 380 1913 tam
396 1887 513 1914 absurda
528 1887 675 1914 defendes?
695 1889 779 1915 Nobis
794 1888 904 1916 fortasse
915 1891 955 1916 sic
965 1899 1012 1917 oc-
1034 1902 1042 1915 ιι

214 1924 306 1954 currit,
320 1929 349 1950 ut
359 1924 441 1951 dicis:
464 1925 568 1956 Iovem,
584 1926 722 1956 Iunonem,
736 1927 895 1958 Minervam,
908 1928 1011 1962 Neptu-

214 1969 293 1991 num,
310 1961 474 1993 Vulcanum,
491 1962 657 1997 Apollinem,
683 1963 802 1998 reliquos
817 1963 882 1990 deos
897 1973 927 1991 ea
943 1965 1010 1991 facie

215 1998 353 2029 novimus,
374 2008 427 2034 qua
443 2000 558 2034 pictores
574 2000 732 2035 fictoresque
749 2001 904 2033 votuerunt,
923 2011 1010 2038 neque

215 2034 301 2061 solum
314 2035 393 2067 facie,
406 2037 453 2063 sed
465 2037 546 2063 etiam
557 2042 664 2068 ornatu.
679 2042 776 2069 aetate,
790 2039 904 2065 vestitu:
922 2045 948 2066 at
958 2050 1009 2067 non

215 2072 349 2108 Aegyptii,
358 2083 406 2100 nec
416 2073 486 2110 Syri,
495 2083 544 2101 nec
556 2074 610 2101 fere
621 2080 716 2101 cuncta
727 2075 864 2108 barbaria;
879 2075 1010 2105 firmiores

215 2110 286 2135 enim
302 2110 394 2137 videas
410 2111 482 2146 apud
498 2120 543 2138 eos
558 2112 699 2147 opiniones
713 2121 773 2139 esse
788 2113 821 2139 de
837 2113 932 2140 bestiis
947 2117 1011 2151 qui-

214 2146 337 2178 busdam,
351 2157 432 2182 quam
439 2149 511 2183 apud
522 2158 570 2175 nos
581 2149 614 2175 de
625 2150 805 2176 sanctissimis
816 2150 924 2185 templis
936 2158 962 2179 et
971 2153 1011 2179 si-

214 2183 340 2211 mulacris
351 2185 473 2212 deorum.
513 2188 555 2213 82.
576 2187 683 2213 Etenim
695 2188 754 2214 sana
768 2187 851 2214 multa
862 2189 1010 2223 exspoliata

213 2225 238 2246 ct
249 2221 393 2248 simulacra
404 2223 515 2249 deorum
526 2223 560 2249 de
571 2223 636 2250 locis
648 2225 827 2251 sanctissimis
837 2225 1009 2254 ablatavide-

213 2265 274 2283 mus
285 2267 299 2284 a
315 2260 425 2291 nostris;
444 2265 469 2286 at
484 2269 547 2287 vero
560 2269 593 2287 ne
608 2261 688 2288 fando
698 2262 811 2296 quidem
822 2262 945 2291 auditum
957 2269 1006 2296 est,
1032 2271 1033 2288 ÷

213 2295 377 2322 crocodilum
394 2302 439 2323 aut
451 2297 517 2323 ibim
529 2303 574 2324 aut
585 2298 665 2325 felem
678 2299 807 2326 violatum
819 2299 852 2326 ab
864 2300 1007 2337 Aegyptio.

214 2330 284 2362 Quid
296 2333 379 2368 igitur
389 2334 502 2360 censes?
521 2335 602 2369 Apim
618 2335 710 2367 illum,
727 2341 852 2363 sanctum
862 2337 1010 2374 Aegyptio-

214 2376 272 2394 rum
285 2369 390 2401 bovem,
404 2379 491 2397 nonne
501 2371 582 2398 deum
594 2372 681 2400 videri
692 2373 851 2410 Aegyptiis?
871 2375 935 2402 Tam
948 2376 1010 2402 her-

214 2403 262 2434 cle,
278 2414 358 2440 quam
369 2407 418 2434 tibi
430 2408 502 2434 illam
515 2414 632 2436 nostram
643 2410 786 2445 Sospitam,
794 2419 876 2446 quam
887 2418 916 2440 tu
928 2422 1009 2440 num-

215 2448 294 2482 quam
310 2452 341 2469 ne
353 2445 380 2470 in
391 2446 493 2472 somnis
504 2446 614 2481 quidem
626 2447 716 2478 vides,
734 2449 788 2474 nisi
803 2457 865 2474 cum
881 2450 952 2485 pelle
963 2459 1008 2476 ca-

215 2485 303 2518 prina,
316 2488 376 2507 cum
389 2481 477 2513 hasta,
490 2492 552 2509 cum
564 2484 683 2515 scutulo,
701 2494 763 2511 cum
774 2485 899 2513 calceolis
911 2496 1008 2522 repan-

215 2513 267 2555 d¹.⁵'
298 2516 330 2542 At
340 2526 391 2544 non
402 2524 441 2545 cst
452 2520 512 2546 talis
524 2521 632 2556 Argiva,
647 2530 695 2548 nec
706 2523 823 2549 Romana
835 2525 910 2551 Iuno.
937 2525 1008 2560 Ergo

215 2549 265 2591 aha
275 2554 378 2585 speeies
389 2555 497 2583 Iunonis
511 2558 632 2593 Argivis,
651 2558 702 2585 alia
714 2560 876 2592 Lanuvinis,
892 2561 944 2588 alia
958 2570 1007 2588 uo-

215 2585 267 2612 bis.
280 2625 284 2629 ,
307 2589 339 2615 Et
348 2591 457 2631 quidem
468 2593 519 2620 alia
531 2595 609 2621 nobis
620 2595 778 2630 Capitolini,
795 2597 846 2624 alia
857 2598 929 2625 Afris
941 2599 1007 2625 Am-

215 2631 301 2650 monis
312 2626 391 2653 Iovis
431 2629 519 2657 XXX.
535 2633 575 2658 83.
591 2632 648 2659 Non
660 2633 743 2667 pudet
754 2635 838 2670 igitur
847 2635 1004 2671 physicum,

313 881 409 912 Video,
427 881 493 916 quid
510 881 644 913 arriseris;
663 880 710 907 scd
727 886 814 907 tamen
828 882 861 907 ita
874 890 915 907 res
927 890 954 906 sc
968 881 1015 907 ha-
1036 885 1037 892 ¹

1014 103 1289 129 ‹Jttjtittt›xts

1069 172 1094 198 id
1107 178 1146 198 est
1160 173 1354 207 „peculatorem
1369 181 1574 211 venatoremque
1586 182 1705 206 naturae.
1719 177 1753 204 ab
1763 179 1862 205 animis

1067 210 1261 237 ‹ouant-tudine
1284 211 1396 237 imbuti-t
1417 218 1505 246 petere
1525 215 1708 240 testinnonium
1727 215 1863 241 »ei-itatis?

1068 248 1119 273 tur,
1130 248 1201 273 enim
1218 248 1296 273 modo
1311 248 1400 275 dicere
1418 249 1522 280 licebit,
1539 252 1627 277 lovem
1644 261 1749 287 >emper
1766 253 1862 278 barba-

1069 289 1133 311 tum.
1148 284 1300 319 Apollinem
1312 294 1418 320 semper
1431 287 1588 317 imberbem,
1601 290 1703 314 caesios
1713 290 1805 315 «wolon
1813 290 1862 316 Mt-

1069 330 1179 350 ncrvne,
1195 322 1332 347 caeruleos
1343 332 1403 349 esne
1416 324 1542 359 Neptuni.
1584 326 1615 352 tit
1625 326 1736 360 quidem
1751 327 1862 353 ,tit-unis

1070 358 1210 384 laudamus·
1223 359 1370 386 Vulcanum
1383 370 1458 389 eum.
1477 371 1557 396 quem
1573 362 1635 389 tecit
1646 363 1815 390 Alcatnenvs.
1836 365 1862 391 in

1067 405 1121 430 quo
1140 401 1225 422 stann-
1246 402 1325 432 atque
1346 400 1441 423 vestitu
1462 399 1556 425 testu-r
1571 406 1681 435 apparet
1702 402 1863 427 claudicatio

1069 443 1119 459 nun
1141 434 1280 460 deformis.
1324 435 1456 461 Claudum
1484 437 1565 468 igitur
1586 437 1746 464 habebimus
1769 439 1860 468 deum.

1068 471 1196 504 quoniam
1208 471 1241 496 tle
1250 471 1368 499 Vulcano
1380 474 1418 499 sir·
1430 475 1593 508 acet-pimus,
1615 476 1679 509 Age,
1693 481 1718 501 ct
1730 476 1772 501 his
1785 485 1863 502 wma-

1070 508 1141 534 lmlis
1152 509 1216 534 deos
1227 518 1286 534 esse
1299 508 1437 539 faciamus.
1451 511 1553 545 quihus
1565 521 1577 537 a
1591 512 1668 538 nohis
1680 514 1860 539 nominantur.

1069 546 1109 571 ³5.
1133 547 1164 571 ,tt
1181 547 1314 580 primum,
1331 553 1395 582 quot
1407 548 1546 575 hominum
1565 549 1686 585 linguae.
1705 555 1740 576 tot
1756 552 1862 576 nentina

1068 582 1188 609 deorum⁴
1214 584 1269 610 Non
1281 585 1363 615 enim,
1379 590 1406 611 ut
1417 590 1444 611 tu
1457 586 1584 616 Velleius,
1598 596 1770 622 quocumque
1782 596 1863 614 vene·

1069 620 1114 648 ris,
1128 622 1166 646 si(-
1180 620 1250 646 idem
1264 622 1289 647 in
1302 622 1375 648 ltalia
1389 622 1536 653 Vulcanus.
1553 624 1623 650 idem
1637 625 1662 650 in
1676 624 1773 654 Africa.
1791 624 1861 651 idem

1069 658 1094 683 in
1108 658 1244 692 llispnnia,
1268 660 1367 685 Deinde
1380 661 1520 687 nominum
1533 670 1582 688 non
1597 671 1710 697 magnus
1722 670 1861 691 numerus,

1069 704 1100 720 ne
1115 695 1139 721 in
1153 696 1297 729 pontilieiis
1309 697 1419 731 quidem
1433 699 1543 728 nostris,
1559 699 1669 725 diorum
1681 704 1769 725 autem
1783 699 1862 725 innu-

1068 733 1215 758 merabilis.
1239 734 1277 760 An
1290 735 1348 760 sinc
1360 735 1516 761 nominibus
1528 736 1608 762 ειιηιῗ7
1619 736 1692 762 lstud
1703 736 1815 771 quidem
1829 737 1862 762 ita

1069 769 1145 795 vohis
1161 770 1250 796 dicere
1265 780 1374 798 necesse
1385 778 1434 798 est.
1474 773 1544 804 Quid
1561 774 1633 799 enim
1649 774 1755 804 attinet,
1776 782 1861 808 quum

1068 815 1119 832 una
1131 806 1212 833 sancies
1223 808 1266 834 sit.
1281 809 1356 843 plura
1369 818 1427 835 esse
1439 810 1566 836 nomina?
1582 812 1667 842 Quam
1684 810 1784 837 bellum
1796 816 1860 842 erat,

1067 844 1160 873 t'ettei.
1173 845 1291 871 confiteri
1303 848 1392 880 potius
1402 868 1407 876 ,
1421 848 1538 877 nescire,
1551 848 1623 883 quod
1636 849 1767 878 nescires,
1780 856 1861 883 quam

1068 882 1115 907 ista
1127 881 1292 908 effutientem
1305 893 1443 915 nauseare,
1457 890 1536 920 atque
1549 886 1638 920 ipsum
1650 885 1721 911 sibi‘
1733 885 1863 919 displice-

1067 920 1112 944 re'!
1130 919 1169 945 An
1182 924 1208 945 tu
1222 921 1273 946 mei
1286 921 1402 947 similem
1415 927 1493 956 putas
1504 931 1562 948 esse
1574 927 1619 948 aut
1631 923 1669 949 tui
1685 922 1785 949 deum‘?
1800 923 1862 948 Pro-

1068 955 1134 981 fecto
1146 965 1197 982 non
1210 962 1298 991 putas.
1321 958 1411 989 Quid?
1421 968 1484 993 crgo
1495 959 1578 985 solem
1590 960 1687 986 (licam.
1701 965 1746 985 aut
1759 960 1860 990 lunam,

1036 987 1037 1012 l
1066 998 1110 1019 aut
1121 993 1224 1019 caelum
1236 994 1336 1020 deum?
1349 996 1418 1031 Ergo
1429 998 1508 1022 etiam
1522 996 1648 1023 beatum?
1658 997 1759 1032 quibus
1771 996 1862 1023 fruen-

1036 1031 1044 1070 μ
1067 1035 1118 1056 tem
1136 1031 1338 1066 voluptatibus?
1359 1033 1390 1059 Et
1405 1034 1572 1068 sapientem?
1592 1037 1639 1069 qul
1661 1039 1746 1068 potest
1761 1042 1820 1060 esse
1835 1035 1861 1060 in

1042 1068 1044 1074 '
1065 1068 1199 1094 eiusmodi
1213 1074 1305 1095 trunco
1316 1071 1465 1104 sapientia?
1486 1072 1554 1097 llaec
1566 1076 1652 1098 vestra
1664 1076 1736 1097 sunt.
1769 1073 1811 1098 85.
1833 1071 1861 1097 Si

1035 1128 1037 1148 1
1067 1105 1149 1140 igitur
1159 1114 1206 1131 nec
1218 1106 1335 1134 humano
1347 1108 1422 1138 visu,
1438 1108 1510 1143 quod
1522 1108 1615 1139 docui;
1635 1117 1683 1134 nec
1697 1108 1749 1135 alio
1759 1108 1859 1143 aliquo.

1035 1166 1037 1171 ,
1065 1142 1138 1176 quod
1151 1143 1198 1168 tibi
1214 1152 1374 1177 persuasum
1389 1149 1442 1171 est:
1460 1145 1526 1180 quid
1543 1145 1651 1171 dubitas
1669 1154 1779 1181 negare,
1797 1145 1862 1172 deos

1036 1181 1037 1189 ¹
1065 1179 1142 1205 esse?
1164 1180 1220 1206 Non
1242 1181 1335 1207 audes.
1376 1182 1515 1216 Sapienter
1530 1182 1557 1208 id
1573 1182 1696 1217 quidem.
1736 1183 1793 1209 Etsi
1812 1183 1861 1209 boc

1035 1219 1037 1249 j
1066 1216 1123 1243 loco
1135 1226 1185 1243 non
1198 1218 1328 1252 populum
1340 1220 1452 1249 metuis.
1475 1219 1522 1246 sed
1535 1220 1608 1254 ipsos
1618 1219 1692 1246 deos.
1733 1220 1802 1247 Novi
1813 1229 1863 1256 ego

1035 1263 1043 1294 >¹
1065 1254 1212 1288 Epicureos
1222 1257 1311 1282 onmia
1323 1256 1412 1291 sigilla
1425 1262 1597 1283 venerantes:
1610 1265 1775 1292 quamquam
1783 1257 1862 1284 video

1035 1279 1044 1307 l
1066 1291 1204 1318 nonnullis
1218 1293 1318 1324 videri,
1331 1294 1494 1328 Epicurum,
1508 1303 1540 1320 ne
1553 1295 1580 1321 in
1591 1294 1765 1321 offensionem
1780 1295 1862 1321 Athe—

1065 1329 1202 1356 niensium
1214 1330 1332 1360 caderet,
1347 1331 1437 1357 verbis
1449 1332 1592 1366 reliquisse
1603 1331 1681 1362 deos,
1695 1340 1722 1359 re
1733 1332 1863 1358 sustulis-

1042 1371 1043 1375 ’
1065 1376 1104 1393 se.
1136 1368 1227 1402 ltaque
1243 1368 1270 1394 in
1287 1367 1341 1394 illis
1356 1368 1463 1395 selectis
1479 1370 1538 1395 eius
1554 1369 1739 1404 brevibusque
1754 1374 1862 1396 senten—

1035 1414 1043 1430 υ
1065 1405 1119 1435 tiis,
1133 1414 1201 1440 quas
1212 1404 1354 1440 appellatis
1364 1407 1454 1441 κυρίας
1465 1406 1634 1438 ῦόξαςὼεεε,
1648 1411 1678 1434 ιιι
1687 1407 1791 1442 opinor,
1804 1407 1862 1442 pri-

1034 1457 1043 1494 1
1065 1451 1107 1468 ma
1119 1444 1250 1469 sententia
1261 1448 1314 1470 est:
1339 1444 1412 1476 Quod
1423 1446 1522 1471 beatum
1532 1449 1555 1470 et
1567 1446 1709 1471 immortale
1719 1449 1768 1475 est,
1779 1446 1807 1470 id
1816 1453 1862 1470 nec

1034 1474 1043 1516 ¹,
1065 1481 1150 1510 habet,
1167 1489 1212 1507 nec
1227 1482 1327 1507 exhibet
1341 1484 1461 1515 cuiquam
1476 1484 1609 1515 neyotium.
1649 1481 1751 1508 XXXI.
1773 1482 1802 1508 lu
1812 1481 1862 1508 hac

1041 1518 1043 1555 l
1064 1517 1101 1543 ita
1111 1518 1233 1552 exposita
1244 1519 1389 1549 sententia,
1407 1523 1470 1545 sunt
1485 1520 1533 1554 qui
1546 1519 1714 1549 existiment.
1732 1518 1805 1554 quod
1816 1518 1862 1545 ille

1041 1558 1043 1595 Λ
1065 1554 1172 1580 inscitia
1192 1555 1271 1590 plane
1288 1555 1416 1590 loquendi
1432 1556 1537 1587 fecerit,
1560 1555 1656 1583 fecisse
1671 1555 1807 1583 consulto:
1827 1555 1861 1582 de

1041 1600 1043 1612 1
1065 1591 1173 1618 homine
1185 1593 1298 1619 minime
1310 1592 1385 1620 vafro
1396 1593 1465 1620 male
1476 1594 1642 1620 existimant.
1682 1595 1724 1620 86.
1741 1593 1861 1620 Dubium

1041 1648 1043 1657 .
1064 1634 1104 1656 est
1113 1630 1186 1656 enim
1195 1650 1201 1661 ,
1219 1635 1311 1656 utrum
1325 1630 1429 1665 aliquid
1441 1631 1513 1657 dicat
1523 1639 1582 1657 esse
1594 1631 1702 1657 beatum
1713 1636 1739 1658 et
1750 1631 1861 1657 immor-

1041 1659 1043 1691 ἰ
1064 1666 1128 1697 tale,
1146 1676 1194 1699 an,
1210 1668 1234 1693 si
1249 1667 1323 1702 quod
1333 1668 1382 1699 sit,
1401 1667 1429 1694 id
1439 1676 1498 1694 esse
1511 1666 1693 1705 [immor]tale.
1733 1668 1792 1694 Non
1802 1668 1862 1694 ani-

1040 1702 1042 1706 ‘
1064 1703 1245 1735 madvertunt,
1253 1704 1298 1731 hic
1309 1713 1371 1731 eum
1382 1705 1510 1741 ambigue
1523 1704 1642 1732 locutum
1652 1704 1778 1735 esse‚sed
1789 1704 1862 1731 mul—

1041 1762 1042 1766 ,
1064 1742 1098 1768 tis
1110 1741 1171 1768 aliis
1183 1741 1248 1768 locis
1259 1747 1286 1768 et
1296 1741 1375 1768 illum
1385 1747 1410 1768 et
1416 1742 1595 1769 Metrodorum
1607 1747 1660 1769 tam
1670 1747 1861 1778 aperte,quam

1041 1783 1042 1792 ³
1064 1778 1154 1813 paullo
1165 1783 1225 1805 ante
1237 1784 1271 1805 te.
1310 1779 1358 1806 llle
1369 1787 1433 1806 vero
1443 1779 1508 1806 deos
1519 1788 1579 1806 esse
1593 1784 1682 1815 putat.
1700 1788 1748 1806 nec
1764 1788 1862 1815 quem-

1034 1817 1042 1840 l,
1063 1824 1145 1850 quam
1157 1815 1223 1846 vidi,
1240 1817 1288 1851 qui
1299 1817 1386 1852 magis
1397 1825 1440 1847 ea,
1457 1825 1526 1852 quae
1538 1817 1657 1844 timenda
1670 1825 1729 1843 esse
1741 1822 1858 1852 negaret,

1063 1854 1177 1884 timeret,
1195 1859 1306 1880 mortem
1319 1854 1379 1880 dico
1389 1859 1415 1880 et
1425 1853 1500 1881 deos.
1533 1854 1639 1887 Quibus
1651 1854 1801 1881 medioeres
1812 1854 1862 1880 ho-

1063 1891 1150 1917 mines
1162 1899 1213 1917 uon
1224 1891 1259 1917 ita
1271 1891 1349 1917 valde
1356 1891 1558 1922 moventur,bis
1573 1891 1618 1918 ille
1627 1891 1725 1918 clamat
1737 1892 1860 1918 omnium

1032 1931 1035 1956 l
1062 1928 1216 1955 mortalium
1232 1933 1335 1955 mentes
1349 1937 1408 1955 esse
1419 1929 1584 1964 perterritas.
1625 1929 1673 1956 Tot
1683 1928 1769 1956 millia
1781 1928 1861 1956 latro-

1061 1966 1187 1992 cinantur
1197 1971 1280 1992 morte
1291 1966 1438 2001 proposita.
1477 1965 1531 1993 Alii
1542 1967 1642 1997 omnia,
1655 1974 1724 2002 quae
1736 1971 1858 2001 possunt,

1040 2009 1042 2020 ι
1062 2002 1123 2030 fana
1134 2003 1289 2038 compilant.
1330 2003 1428 2034 Credo,
1446 2008 1492 2030 aut
1503 2003 1563 2031 illos
1575 2004 1668 2031 mortis
1679 2004 1758 2031 timor
1769 2008 1858 2033 terret.

1032 2041 1034 2067 l,
1062 2045 1108 2067 aut
1119 2040 1168 2066 bos
1179 2040 1329 2076 religionis.

1118 2078 1160 2104 87.
1181 2077 1247 2109 Sed,
1265 2078 1395 2112 quoniam
1408 2086 1461 2105 non
1472 2077 1556 2105 audes
1567 2078 1631 2113 (iam
1642 2079 1715 2104 enim
1725 2086 1789 2104 cum
1800 2078 1860 2112 ipso

1061 2115 1178 2149 Epicuro
1195 2114 1297 2150 loquar)
1312 2123 1409 2151 negare
1423 2123 1482 2142 esse
1497 2114 1575 2142 deos:
1593 2115 1660 2150 quid
1675 2120 1729 2146 est,
1746 2114 1819 2150 quod
1834 2120 1859 2141 te

1062 2151 1192 2187 impediat
1207 2156 1253 2178 aut
1267 2151 1352 2178 solem
1366 2157 1412 2179 aut
1423 2151 1514 2179 lunam
1525 2157 1571 2179 aut
1581 2151 1715 2179 mundum
1726 2157 1772 2178 aut
1781 2159 1859 2178 men-

1039 2186 1041 2211 ι’
1061 2194 1115 2216 tem
1130 2189 1250 2224 aliquam
1265 2190 1457 2224 sempiternam
1471 2190 1500 2216 in
1512 2189 1624 2216 deorum
1639 2194 1732 2216 natura
1743 2188 1860 2224 ponere?

1039 2238 1040 2249 ι
1061 2227 1217 2262 Numquam
1228 2226 1300 2258 vidi,
1318 2227 1425 2262 inquis,
1442 2227 1560 2254 animam
1576 2227 1687 2253 rationis
1696 2225 1858 2260 consiliique

1060 2264 1221 2299 participem
1236 2264 1264 2290 in
1280 2263 1336 2290 ulla
1351 2263 1416 2295 alia,
1433 2265 1487 2290 nisi
1500 2264 1618 2291 humana
1633 2263 1729 2300 figura.
1768 2261 1859 2295 Quid?

1060 2300 1126 2327 solis
1141 2301 1341 2336 numquidnam
1356 2306 1402 2328 aut
1418 2301 1497 2328 lunae
1512 2306 1558 2328 aut
1572 2302 1694 2337 quinque
1709 2300 1857 2326 errantium

1060 2338 1181 2365 siderum
1197 2338 1287 2364 simile
1303 2337 1415 2365 vidisti?
1434 2338 1479 2365 Sol
1495 2338 1602 2365 duabus
1615 2338 1697 2364 unius
1707 2336 1781 2363 orbis
1792 2336 1858 2363 ulti-

1060 2376 1112 2401 mis
1124 2375 1246 2410 partibus
1257 2375 1390 2402 definiens
1401 2380 1505 2402 motum
1515 2384 1612 2402 cursus
1622 2382 1727 2401 annuos
1737 2375 1855 2400 conficit.

1059 2413 1146 2439 Huius
1158 2413 1226 2439 hanc
1238 2412 1424 2439 lustrationem
1435 2412 1557 2439 eiusdem
1569 2413 1678 2438 incensa
1689 2410 1773 2437 radiis
1780 2419 1857 2438 men-

1059 2455 1133 2476 struo
1153 2450 1240 2485 spatio
1261 2449 1325 2476 luna
1344 2449 1470 2485 complet.
1509 2449 1635 2484 Quinque
1655 2453 1744 2474 autem
1762 2447 1856 2475 stellae

1058 2486 1186 2513 eumdem
1196 2487 1289 2514 orbem
1301 2492 1434 2518 tenentes,
1451 2486 1519 2513 aliae
1530 2486 1642 2521 propius
1653 2494 1667 2511 a
1679 2485 1756 2511 terris
1764 2506 1770 2516 ,
1787 2485 1856 2512 aliae

1058 2525 1196 2556 remotius,
1205 2524 1238 2551 ab
1249 2524 1353 2551 eisdem
1363 2524 1507 2559 principiis
1520 2522 1676 2557 disparibus
1687 2523 1855 2557 temporibus

1057 2561 1152 2588 eadem
1162 2562 1249 2596 spatia
1259 2561 1414 2588 conficiunt.
1449 2559 1590 2594 Numquid
1601 2559 1661 2590 tale,
1674 2559 1799 2594 Epicure,
1811 2560 1856 2586 vi-

1057 2598 1140 2625 disti?
1166 2600 1208 2625 88.
1225 2599 1264 2625 Ne
1274 2599 1310 2625 sit
1320 2598 1405 2634 igitur
1414 2596 1467 2628 sol,
1481 2606 1514 2624 ne
1526 2596 1603 2627 luna,
1616 2605 1649 2623 ne
1660 2596 1767 2623 stellae:
1785 2605 1854 2631 quo—

1056 2636 1130 2662 niam
1140 2635 1211 2663 nihil
1219 2644 1280 2663 esse
1292 2639 1393 2671 potest,
1409 2635 1464 2662 nisi
1478 2634 1552 2670 quod
1565 2634 1706 2670 attigimus
1721 2638 1768 2661 aut
1782 2633 1854 2660 vidi-
