1941 3052
314 117 491 144 EPISTOL.
513 118 561 144 AD
581 117 756 144 ATTICUM
778 118 848 144 LIB.
870 117 906 145 X.

79 190 208 225 cogitare;
226 187 335 224 (etenim
347 188 499 220 audieram,
517 189 619 215 nemini
635 189 712 215 aliter
723 188 828 223 licere3)
845 197 875 215 eo
894 188 896 205 l

80 232 104 254 te
116 227 213 253 babere
224 225 381 257 censebam,
400 230 426 252 et
440 226 505 268 quia
516 226 608 268 pueris
620 226 739 261 diploma
750 234 876 260 sumpse-

80 273 132 290 ras.
172 263 259 289 Habes
271 271 394 289 caussam
405 264 541 305 opinionis
553 272 641 290 meae:
655 268 681 290 et
691 268 780 290 tamen
792 263 875 289 velim

79 302 161 331 scire,
175 300 242 335 quid
253 300 364 335 cogites,
378 301 405 326 in
417 301 581 335 primisque,
598 301 622 327 si
633 300 700 339 quid
711 301 791 328 etiam
803 309 876 327 nunc

80 338 142 365 novi
153 342 203 364 est.
241 346 310 363 xvu.
322 337 381 364 Kal
394 338 453 364 Iun

130 406 216 428 XVIII.
240 408 270 431 (In
279 408 402 431 Pompeiano,
412 408 512 429 Marcello,
521 408 604 426 Lentulo
613 415 660 427 coss.
672 409 720 430 70⁵)

266 451 434 479 CICERO
463 450 632 478 ATTICO
663 451 692 478 S.

136 490 160 515 I.
172 483 269 515 Tullia
281 497 339 515 mea
350 490 455 524 peperit
464 488 657 515 x1v.Kal.1un.
669 497 785 524 puerum
796 489 876 515 ἑπτα-

75 528 207 562 μηνιαῖον.
247 526 325 558 Quod
339 526 493 560 ηὐτόκησεν,
516 525 630 562 gaudeo.
671 526 748 558 Quod
764 526 875 561 quidem

78 568 119 590 est
129 568 231 594 natum,
247 563 464 598 perimbecillum
476 568 525 590 est.
566 564 607 589 Me
619 563 732 590 mirifice
744 564 876 599 tranquil-

79 600 166 627 litates
182 601 271 627 adhuc
286 605 443 632 tenuerunt,
467 605 547 635 atque
563 601 662 627 maiore
681 601 876 636 impedimento
895 592 897 621 l

78 637 196 668 fuerunt,
210 647 291 673 quam
303 638 450 669 custodiae,
465 638 567 672 quibus
578 646 709 664 asservor.
750 639 817 664 Nam
830 638 875 664 illa
895 641 897 665 ζ

77 675 253 702 Hortensiana
268 676 358 702 omnia
374 675 448 701 fuere
464 674 586 701 infantia.
627 676 663 701 Ita
679 675 723 701 fiet
737 675 817 702 homo
828 684 876 702 ne-
895 684 897 689 ’

78 713 240 747 quissimus.
280 713 302 739 Α
313 712 403 739 Salvio
415 712 510 738 liberto
521 712 682 746 depravatus
693 717 743 738 est.
784 714 874 747 Itaque
895 708 897 736 l

78 750 190 784 posthac
209 759 262 776 non
278 750 395 776 scribam
410 749 444 775 ad
460 754 497 780 te,
519 749 587 784 quid
604 749 722 776 facturus
737 750 803 781 sim,
827 750 875 776 sed
895 756 897 771 '1

78 787 146 822 quid
156 786 276 814 fecerim.
316 787 415 813 Omnes
427 787 500 812 enim
510 789 662 821 Κωρυκαῖοι
673 786 799 813 videntur
809 787 876 813 sub-
896 802 897 815 l

78 824 241 855 auscultare,
265 833 333 859 quae
350 824 453 858 loquor.
494 825 519 850 ⁶2.
542 824 581 849 Tu
598 828 699 855 tamen,
720 825 744 850 si
760 824 829 859 quid
842 824 875 851 de

78 862 225 896 Hispaniis,
234 862 292 888 sive
303 861 371 896 quid
382 860 466 891 aliud,
475 869 557 896 perge
568 869 668 895 quaeso
679 861 811 895 scribere3
826 870 875 888 nec

78 907 151 925 meas
164 898 264 924 litteras
274 898 448 933 exspectariS,
461 898 514 924 nisi
525 907 621 932 quum,
634 907 688 933 quo
699 903 769 933 opto,
779 908 876 934 perve-

77 937 207 966 nerimuS,
217 941 262 962 aut
272 936 295 961 si
306 935 373 970 quid
385 944 419 962 ex
429 944 524 968 cursu;
541 935 589 961 sed
600 935 649 962 hoc
661 944 769 971 quoque
781 937 875 963 timide

77 973 177 1000 scribo.
201 974 238 999 Ita
250 974 340 999 omnia
351 973 440 999 adhuc
451 972 524 998 tarda
536 977 561 998 et
572 974 670 1007 spissa.
702 973 735 1000 Ut
746 974 815 1000 male
827 983 876 1009 po-

77 1011 183 1037 suimus
200 1010 289 1041 initia,
307 1011 347 1036 sic
362 1015 448 1036 cetera
466 1015 624 1045 sequentur.
664 1011 785 1038 Formias
803 1020 875 1038 nunc

77 1048 231 1082 sequimur;
258 1047 352 1074 eadem
369 1056 417 1074 nos
433 1046 544 1074 fortasse
565 1047 650 1074 furiae
666 1054 873 1084 persequentur.

76 1085 118 1111 Ex
132 1084 209 1111 Balbi
224 1089 312 1111 autem
329 1093 465 1115 sermone,
488 1093 570 1119 quem
586 1089 674 1111 tecum
691 1085 798 1118 habuit,
822 1095 875 1113 non

76 1122 223 1157 probamus
234 1122 267 1148 de
280 1122 380 1149 Melita.
420 1122 532 1148 Dubitas
544 1123 634 1158 igitur,
648 1123 715 1157 quin
727 1132 776 1150 nos
788 1124 815 1150 in
827 1124 876 1150 ho-

77 1160 160 1186 stium
172 1168 284 1186 numero
298 1158 413 1186 habeat?
433 1159 537 1194 Scripsi
547 1159 675 1194 equidem
686 1161 782 1193 Balbo,
801 1165 826 1188 te
842 1161 875 1188 ad

77 1206 120 1223 me
135 1197 169 1223 de
184 1197 373 1224 benevolentia
384 1197 528 1231 scripsisse
539 1197 608 1223 etde
618 1198 784 1232 suspicione.
824 1199 875 1234 Egi

77 1235 187 1270 gratias.
227 1235 263 1260 De
275 1234 357 1261 altero
368 1235 393 1260 ei
405 1243 447 1260 me
459 1234 584 1269 purgavi.
615 1234 735 1270 Ecquem
747 1240 775 1262 tu
787 1236 876 1262 homi-

77 1280 138 1298 nem
151 1270 347 1298 infeliciorem‘?
358 1273 415 1298 Non
429 1271 523 1306 loquor
533 1271 619 1306 plura,
629 1280 662 1298 ne
673 1277 697 1298 te
708 1282 816 1308 quoque
828 1282 876 1300 ex-

77 1309 306 1344 cruciem.1pse
316 1309 456 1340 conficior,
470 1309 578 1335 venisse
590 1314 710 1344 tempus,
724 1319 810 1353 quum
821 1312 875 1337 iam

77 1354 126 1372 nec
138 1345 240 1374 fortiter
250 1355 299 1374 nec
310 1346 458 1382 prudenter
468 1346 619 1381 quidquam
631 1346 717 1374 faeere
728 1349 841 1384 possim.

374 1432 577 1448 dom——

450 1600 507 1626 ⁴00.

220 1662 375 1692 LIBER
413 1663 732 1694 UNDECIMUS.

132 1787 209 1808 ΛΚΒ.
238 1787 358 1809 Silentium
373 1794 450 1808 novem
461 1788 508 1809 fere
518 1789 632 1810 mensium.
662 1790 799 1811 Conscendit
809 1790 875 1815 enim,

77 1825 102 1842 ut
116 1822 143 1843 ad
158 1822 288 1850 Pompeium
303 1823 428 1848 navigaret,
448 1826 493 1844 VII.
508 1824 540 1844 Id.
557 1824 623 1849 Iunii.
635 1825 728 1846 Lentulo
739 1829 760 1846 et
770 1825 875 1847 Marcello

77 1864 144 1881 coss..
155 1861 180 1878 ut
190 1864 217 1878 ex
229 1857 325 1885 epi-tola
336 1861 380 1879 VII.
392 1858 418 1878 ad
430 1858 558 1879 Terentiam
570 1859 673 1883 cognosci
684 1864 770 1888 potest,
780 1865 801 1881 et
812 1869 840 1882 ex
850 1868 875 1882 eu

79 1896 176 1918 tempore
190 1893 287 1920 scriptae
297 1892 387 1913 litterae
397 1893 423 1913 ad
435 1899 530 1913 mensem
541 1894 684 1914 Februarium
696 1898 783 1921 praeter
793 1894 876 1921 primas

79 1926 144 1946 huius
160 1926 212 1946 libri
228 1927 302 1948 nullae
312 1927 464 1948 inveniuntur.
495 1929 550 1949 Nam
561 1936 625 1955 quum
636 1930 726 1953 Caesar,
742 1936 754 1949 a
764 1929 876 1955 colloquio

78 1961 118 1981 illo
138 1961 266 1986 Ciceronis.
282 1969 323 1988 quo
339 1963 366 1983 de
381 1962 504 1989 peruiltimn
518 1963 614 1990 epistula
642 1963 696 1984 libri
719 1964 773 1984 noni
796 1964 876 1989 agitur.

78 1997 167 2017 Rumam
187 2003 211 2017 se
226 1997 370 2021 contulisset,
387 1997 545 2024 pecuniamque
560 2005 588 2018 ex
603 1998 715 2019 sanctiore
725 1999 824 2023 aerario.
839 2006 876 2019 ne-

78 2031 195 2059 quidquam
203 2035 338 2059 repugnante
346 2033 369 2052 I..
376 2032 468 2053 Metello
475 2033 564 2053 tribuno
571 2033 651 2060 plebis,
658 2033 800 2054 abstulisset:
812 2035 877 2054 rebus

78 2066 193 2087 nonnullis
204 2067 229 2087 ad
246 2074 308 2087 suum
324 2067 439 2088 arbitrium
451 2067 589 2093 conutitutis.
604 2068 713 2095 Italiaque
723 2068 821 2089 Antonio
833 2072 876 2089 tra-

77 2101 125 2122 dita
140 2105 162 2123 et
175 2102 333 2125 commendata.
354 2101 403 2129 ipse
417 2101 441 2122 in
451 2102 582 2130 Hispaniam
593 2106 670 2124 contra
680 2103 781 2130 Pompeii
792 2103 877 2128 legatos

78 2137 200 2157 exereitum
219 2137 294 2157 duxit:
313 2144 356 2163 quo
374 2140 472 2163 tempore
486 2137 564 2158 Cicero
581 2137 604 2158 in
615 2139 766 2160 Macedoniam
784 2143 828 2159 VII.
845 2139 876 2159 Id.

78 2171 138 2192 Iunii
146 2187 151 2196 ,
170 2175 193 2192 ut
205 2171 303 2192 diximus
311 2184 316 2193 ,
335 2171 472 2195 transmisit.
491 2173 548 2192 uude
558 2172 644 2199 priores
655 2177 759 2200 quattuor
769 2173 877 2201 epi-tulna

78 2207 143 2227 datae
153 2212 215 2227 suut:
231 2207 268 2227 sed
280 2208 304 2227 Γ.
319 2208 413 2228 ιἰιουιιο
424 2211 447 2228 II.
460 2210 479 2227 et
492 2207 589 2228 Servilio
601 2207 698 2229 Isaurico
709 2216 766 2229 τιν-ιι.
778 2212 828 2229 aute
838 2217 877 2236 pu-

79 2248 141 2266 gnum
161 2241 320 2265 Phar-alivum.
337 2242 416 2269 purtim
432 2249 459 2262 ex
471 2242 551 2263 castris
563 2243 672 2270 Pompeii,
687 2244 767 2271 purtim
779 2244 876 2270 Dyrrha-

79 2276 137 2297 chio.
166 2277 222 2298 Nam
237 2278 330 2301 Cacsar,
350 2277 444 2299 ‹Invictin
461 2277 542 2302 legatis
557 2277 618 2302 illis,
635 2277 801 2306 {Iispaninequo
812 2280 876 2299 rebus

78 2311 221 2338 compositis,
241 2312 329 2333 Rumam
345 2320 446 2333 reversus
461 2311 582 2339 corisulque
596 2320 643 2334 rum
654 2313 752 2334 Isaurico
763 2314 877 2334 renuntia-

80 2349 124 2370 tus.
137 2353 193 2366 anno
204 2352 306 2371 exeunte.
314 2352 336 2368 ut
349 2348 379 2368 uit
388 2347 430 2368 Dio
438 2349 504 2373 (XLI.
513 2350 545 2368 39.
552 2350 566 2371 )‚
573 2350 594 2367 ut
603 2347 735 2369 Plutarchus
742 2350 817 2375 (Caes.
825 2352 877 2373 ³7³.

80 2380 137 2408 prid.
158 2381 216 2402 Nou.
233 2382 279 2403 Ian.
296 2383 338 2403 iam
353 2383 474 2403 exercitum
490 2383 512 2402 iu
525 2382 613 2409 Epirum
629 2383 790 2410 deportas-erut.
816 2384 877 2404 Reli-

80 2451 199 2479 I'ompeio.
215 2452 294 2473 Cicero
305 2460 329 2472 ue
343 2452 479 2477 comulcrnt,
496 2453 560 2473 datur·
571 2456 633 2477 nunt,
650 2453 707 2473 ΙιιιιιιΙ
722 2453 788 2474 dubi«-
804 2461 878 2474 menso

81 2487 168 2507 Octobr.
192 2487 248 2508 Nam
264 2488 290 2508 ad
300 2487 430 2508 Terentiam
442 2487 550 2511 scribens.
566 2487 623 2508 libro
634 2487 778 2514 epistolarum
789 2489 815 2508 nd
826 2489 877 2509 niv.

82 2524 138 2546 XIV,
154 2523 195 2546 12..
210 2521 284 2549 pridie
297 2523 354 2544 Nou.
368 2523 484 2543 Novembr.
493 2538 498 2546 ,
510 2523 588 2549 „quod
601 2530 640 2543 nus
650 2523 745 2549 (iuquit)
756 2523 778 2543 iu
791 2523 878 2544 Italiam

81 2555 155 2577 salvor
165 2556 255 2577 veni-n
264 2558 366 2582 gaudes·
377 2557 458 2578 emita
468 2560 491 2578 ut
501 2561 552 2577 ante
563 2564 600 2578 eas
617 2557 735 2578 Brundisio
746 2558 804 2578 aliae
814 2559 878 2579 datan

81 2590 173 2612 fuerim.
206 2591 258 2612 Fuit
272 2595 344 2613 autem
360 2592 474 2613 Brundisii
489 2600 575 2613 nien-es
590 2593 702 2613 minimum
716 2593 827 2614 undecim:
851 2594 878 2614 ab

79 2423 135 2443 quae
145 2420 216 2437 autem
227 2417 336 2444 epistolae
349 2418 479 2441 Brundisio,
499 2425 541 2443 quo
553 2417 603 2441 ium,
615 2417 662 2438 urie
672 2418 758 2438 devicto
770 2422 790 2438 vt
802 2419 877 2443 fugent»
899 2412 907 2438 il
930 2392 1001 2426 pius.

82 2625 153 2650 exitu.
172 2625 273 2653 inquam,
289 2627 399 2652 Octobris.
416 2627 442 2648 ad
454 2631 487 2648 VI.
500 2627 551 2648 KnI.
563 2628 665 2648 Ortobris
689 2628 742 2648 ιιιιιιὶ
752 2628 877 2655 sequentis:

81 2664 106 2681 ut
125 2663 184 2682 nete
199 2661 330 2683 subducent-i
344 2668 431 2683 meuses
442 2662 548 2683 fluxerint
563 2662 613 2690 plus
623 2663 696 2684 minu·
708 2666 767 2684 XXI.
777 2670 819 2690 quo
831 2666 877 2683 toto

927 117 984 144 ΕΡ.
1008 119 1038 144 15
1057 133 1094 138 -
1116 120 1155 145 18.
1186 119 1257 145 Ι..ΙΒ.
1280 119 1331 146 XI.
1353 119 1410 146 ΕΡ.
1429 121 1450 146 I.
1466 121 1491 146 2.
1672 122 1718 146 901

927 190 1024 215 tempore
1041 188 1123 208 Caesar
1141 191 1163 208 et
1178 195 1224 208 cum
1235 187 1342 215 Pompeio
1358 188 1471 216 pugnavit,
1487 188 1602 215 ipsumque
1617 188 1639 208 iu
1650 189 1722 214 Aegy-

927 226 986 249 ptum
1002 226 1131 250 persecutus
1142 226 1186 243 est:
1210 226 1231 243 et
1241 223 1322 243 ibidem
1333 226 1408 243 contra
1419 223 1569 244 Ptolemaeum
1581 223 1661 244 bellum
1672 231 1720 248 ges-

927 258 964 282 sit,
976 258 1000 278 in
1010 265 1052 284 quo
1062 265 1148 278 menses
1159 265 1234 278 novem
1246 258 1389 285 consumpsit,
1403 261 1429 278 ut
1439 258 1554 285 Appianus
1565 259 1596 278 ait
1607 259 1645 285 (de
1654 258 1721 279 bellis

927 293 969 313 civ.
990 297 1021 317 Il,
1036 294 1093 319 90.):
1112 296 1133 313 et
1142 293 1231 313 Romam
1248 293 1334 313 rediens
1349 293 1371 313 in
1387 293 1468 313 itinere
1478 293 1613 314 Pharnacem
1628 294 1719 321 recepit.

928 330 990 352 Quae
1003 335 1055 348 vero
1065 328 1130 348 datae
1139 332 1190 348 sunt
1201 335 1228 347 ex
1239 327 1289 347 Kal.
1301 328 1347 349 Ian.
1358 335 1428 355 usque
1438 328 1489 348 Kal.
1501 329 1620 355 Septemb.,
1631 329 1655 349 C.
1667 330 1721 349 Cae-

928 370 977 383 sare
991 363 1100 383 dictatore
1114 367 1149 383 111.
1161 366 1182 383 et
1193 364 1222 383 M.
1234 363 1331 383 Antonin
1342 370 1397 388 mag.
1416 370 1448 390 eq.
1460 363 1556 390 scriptae
1566 367 1624 384 sunt.
1656 365 1720 387 Nam,

926 401 950 418 ut
961 398 1003 418 Dio
1015 398 1093 418 scribit
1104 400 1181 424 (XLII.
1197 400 1250 423 ¹30).
1261 398 1357 425 populus
1368 399 1438 422 Rom,
1451 399 1526 418 audita
1536 399 1602 419 caede
1611 399 1721 426 Pompeii,

926 433 1064 453 consulatum
1081 433 1168 453 absenti
1179 433 1270 453 Caesari
1280 433 1303 453 in
1314 440 1383 453 annos
1393 433 1496 460 quinque.
1507 434 1639 454 dictaturam
1649 434 1673 454 in
1683 441 1720 454 an-

927 474 985 491 num,
996 467 1138 487 tribuniciam
1150 471 1280 494 potestatem
1292 468 1315 488 in
1326 471 1437 489 aeternum
1449 469 1567 489 mandavit.
1598 469 1642 493 Qui
1651 469 1720 489 dicta—

927 506 997 522 turam
1008 502 1083 522 statim
1093 502 1159 526 iuiit3
1175 510 1302 529 quamquam
1313 503 1365 523 unni
1377 504 1439 524 exitu
1449 504 1555 525 Calenum
1566 508 1587 525 et
1596 504 1720 528 Vatinium,

927 538 1002 558 eodem
1022 541 1123 561 auctore,
1143 538 1271 562 subrogavit
1285 538 1308 558 in
1324 542 1398 559 ternos
1408 546 1494 560 menses
1504 539 1644 559 novissimos.
1673 539 1721 559 Lit-

927 576 987 592 terae
1001 576 1052 592 ante
1066 579 1159 599 pugnam
1176 573 1327 593 Pharsalicam
1338 574 1402 594 datae
1413 578 1436 594 I-
1444 578 1477 594 Iv.
1489 581 1524 595 res
1535 575 1581 595 fere
1589 574 1722 595 domesticas

927 607 1049 632 continent,
1060 610 1212 634 praeterquam
1223 608 1279 634 quod
1291 608 1374 628 nullum
1386 615 1409 629 se
1420 610 1476 636 apud
1488 609 1635 636 Pompeianus
1644 616 1722 629 munus

928 642 1013 663 obiisse
1031 642 1119 663 nuntiat
1138 646 1171 662 IV.
1191 642 1215 662 In
1226 642 1310 663 litteris
1321 647 1371 670 past
1381 651 1474 671 pugnam
1485 644 1545 665 illam
1557 644 1632 665 missis
1643 644 1722 665 scribit

928 678 1005 698 Cicero
1020 678 1046 698 de
1057 678 1130 698 reditu
1140 677 1163 697 in
1173 677 1261 698 Italiam
1272 678 1363 705 eiusque
1373 680 1459 700 caussis
1471 683 1493 699 v.
1504 680 1531 699 de
1541 680 1674 703 rationibus.
1685 687 1723 700 cur

928 712 958 732 sit
969 712 1084 733 Brundisii
1100 716 1144 733 VII.
1160 713 1187 733 cf⁴
1200 716 1234 733 VI.
1250 713 1276 733 de
1291 713 1403 740 propioris
1414 715 1440 734 ad
1451 715 1531 735 [rbem
1542 722 1644 735 accessus
1654 715 1723 742 impe-

927 746 1032 767 dimentis
1048 750 1082 767 VI.
1098 751 1168 768 XXII.
1182 748 1209 768 de
1219 748 1290 768 Attici
1300 755 1325 768 ea
1335 748 1358 768 in
1370 756 1392 768 re
1402 749 1498 769 consilio
1508 753 1583 770 XXIV.
1617 749 1724 774 Quen-itur

927 782 953 802 de
964 782 1016 807 fuga
1026 789 1066 802 sua
1075 782 1099 802 in
1110 782 1195 803 Italiam
1207 783 1273 803 nimis
1284 783 1390 803 festinata
1400 788 1436 804 IX.
1451 784 1478 804 de
1488 784 1598 805 molestiis
1608 784 1723 805 Brundisii

927 817 1066 844 perferendis
1076 821 1155 838 XVIII.
1167 818 1193 838 de
1204 819 1269 838 rebus
1281 818 1396 839 Africanis
1406 823 1433 839 X.
1445 822 1494 839 XII.
1506 820 1532 839 de
1538 819 1722 846 Pompeianorum

927 852 1022 873 maxime
1041 852 1065 872 in
1080 852 1158 873 Africa
1172 853 1270 873 miseriis
1285 857 1345 873 XIII.
1378 854 1455 874 Refert
1470 854 1497 874 de
1514 857 1573 874 statu
1583 854 1686 874 Caesaris
1696 858 1722 875 X.

927 891 995 908 XVII.
1017 888 1044 907 de
1058 887 1139 908 salutis
1155 895 1208 908 sune
1217 888 1316 915 periculo
1328 892 1382 909 XIV.
1394 893 1438 910 XV.
1449 893 1525 910 XXIV.
1536 892 1602 910 XXV
1614 889 1641 909 de
1651 896 1689 916 spe
1699 889 1723 909 in

928 922 1000 942 Attici
1010 922 1084 943 officio
1095 922 1195 949 reposita
1205 926 1239 943 VI.
1252 927 1297 943 VII.
1309 924 1335 943 de
1346 923 1450 950 epistolis
1461 924 1487 943 ab
1498 924 1572 944 Attico
1585 931 1624 944 suo
1635 924 1724 944 nornine

928 957 1052 978 scribendis
1070 961 1095 977 V.
1116 961 1161 978 VII.
1181 961 1231 978 XII.
1246 962 1305 979 XIII.
1320 958 1346 978 de
1357 958 1482 978 rationibus
1493 959 1529 979 sui
1539 960 1596 986 apud
1606 960 1723 980 Caesarem

928 993 1049 1013 excusandi
1058 992 1162 1013 ineundis
1174 996 1208 1013 VI.
1220 997 1276 1014 VI11.
1292 994 1318 1014 de
1328 993 1370 1013 filii
1381 993 1415 1014 sui
1427 1000 1493 1020 opera
1503 993 1576 1014 hocin
1587 1001 1666 1020 genere
1674 994 1723 1015 nul-

927 1027 972 1048 lius
992 1027 1096 1048 momenti
1111 1028 1186 1048 futura
1195 1031 1274 1049 XVIII.
1286 1029 1312 1049 de
1322 1029 1369 1049 suis
1380 1029 1406 1048 ad
1418 1030 1534 1049 Caesarem
1544 1029 1628 1050 litteris
1637 1033 1686 1050 XII.
1698 1030 1724 1050 de

928 1063 1032 1083 Caesaris
1052 1063 1078 1083 ad
1097 1070 1121 1083 se
1136 1063 1233 1090 epistola
1246 1067 1302 1084 XVI.
1317 1067 1397 1084 XXIII.
1414 1068 1491 1085 XXIV.
1506 1065 1533 1084 de
1547 1071 1601 1091 pace
1616 1065 1725 1091 speranda

927 1102 987 1119 XIX.
999 1099 1026 1118 de
1041 1099 1137 1118 adventu
1147 1098 1251 1119 Caesaris
1262 1099 1411 1126 exspectando
1422 1103 1483 1120 XXI.
1493 1103 1565 1120 XXII.
1576 1103 1642 1120 XXV.
1653 1100 1680 1120 de
1690 1099 1724 1119 in-

928 1133 980 1160 opia
999 1140 1039 1153 sua
1052 1133 1124 1154 Attici
1144 1134 1245 1161 pecuniis
1263 1134 1398 1154 sublevanda
1412 1138 1450 1155 XI.
1465 1138 1526 1155 XIII.
1541 1138 1599 1155 XIV.
1616 1135 1643 1155 de
1657 1135 1724 1154 fundu

927 1168 1047 1189 Frusinate
1058 1169 1148 1189 emendo
1158 1173 1218 1189 XIII.
1230 1169 1256 1189 de
1267 1169 1390 1189 hereditate
1396 1169 1512 1189 Fufidiana
1522 1173 1582 1190 XIII.
1590 1173 1635 1190 XV.
1646 1170 1673 1190 de
1680 1169 1723 1190 Ga-

927 1203 1000 1224 leonis
1015 1203 1088 1229 legato
1102 1207 1152 1224 XII.
1181 1205 1292 1228 Quaedam
1304 1204 1380 1224 insunt
1391 1205 1456 1224 etiam
1468 1205 1495 1225 de
1505 1207 1635 1225 testamento
1646 1204 1725 1225 uxoris

927 1238 1049 1259 Terentiae
1067 1241 1089 1258 et
1106 1239 1148 1258 lide
1166 1238 1234 1259 dubia
1253 1239 1429 1266 remittendaque
1448 1240 1468 1260 ei
1488 1239 1565 1260 nuntio
1585 1243 1642 1260 XVI.
1663 1243 1724 1260 XXI.

927 1278 1006 1295 XXIV.
1026 1277 1094 1295 XXV.
1115 1274 1141 1294 de
1156 1273 1239 1294 scelere
1253 1274 1397 1299 Dolabellae,
1417 1274 1455 1301 qui
1475 1274 1576 1295 tribunus
1591 1274 1649 1302 pleb.
1666 1274 1725 1300 leges

926 1308 1132 1336 perniciosissimas
1156 1309 1182 1329 de
1207 1310 1269 1329 noris
1289 1309 1372 1330 tabulis
1391 1310 1468 1333 ferret,
1488 1309 1604 1336 omniaque
1622 1309 1725 1330 misceret

926 1348 1010 1366 xxm.
1020 1345 1047 1365 de
1062 1343 1155 1365 Tulliae
1165 1344 1301 1369 valetudine,
1313 1345 1397 1372 inopia,
1408 1344 1504 1365 :II-onio
1517 1348 1554 1364 III.
1567 1348 1601 1364 vr.
1610 1347 1647 1365 rx.
1656 1347 1723 1364 XVII.

928 1384 1011 1401 XXIII.
1031 1383 1100 1400 xxv.
1121 1380 1225 1406 quaedam
1245 1380 1310 1401 etiam
1330 1381 1356 1401 de
1374 1384 1450 1401 contra
1469 1386 1493 1400 se
1511 1378 1619 1399 scelerate
1633 1378 1724 1405 quuen-

926 1416 987 1436 tibus
1004 1419 1068 1436 v-X.
1083 1415 1110 1435 de
1125 1416 1150 1438 Q.
1163 1415 1240 1435 fratris
1256 1415 1282 1435 ad
1298 1423 1322 1435 se
1332 1415 1415 1435 litteris
1427 1419 1486 1435 XIII.
1502 1414 1595 1440 eiusque
1604 1413 1676 1434 animo
1687 1415 1724 1434 ad-

927 1450 968 1471 huc
978 1450 1001 1470 in
1012 1457 1036 1470 ne
1046 1450 1120 1470 alieno
1130 1454 1187 1470 XIV.
1199 1451 1225 1470 de
1236 1450 1332 1477 epistola
1342 1451 1367 1471 ad
1379 1458 1425 1470 eun·
1437 1450 1552 1470 scribenda
1560 1449 1648 1470 XVLde
1654 1449 1726 1474 gratia

927 1486 975 1506 eius
994 1485 1051 1512 apud
1070 1486 1187 1506 Caesarem
1206 1486 1311 1506 restituta
1330 1489 1379 1507 XX.
1400 1486 1426 1506 de
1445 1485 1523 1505 fratris
1542 1485 1568 1505 ad
1583 1491 1607 1505 se
1622 1483 1725 1511 epistolis

926 1525 987 1542 XXI.
1000 1524 1071 1542 XXII.

981 1602 997 1623 I.
1026 1604 1056 1626 (In
1070 1603 1136 1628 Epiro,
1152 1604 1229 1621 sni-insse
1244 1603 1261 1621 in
1272 1604 1355 1627 Pomprii
1371 1605 1441 1624 rastris,
1452 1604 1530 1622 cnrsm-
1545 1602 1568 1619 II.
1580 1602 1633 1620 serv.
1644 1601 1725 1619 Isaurico

1268 1646 1314 1656 coss.
1326 1641 1381 1660 706.)

1110 1681 1279 1710 CICERO
1310 1682 1477 1708 ATTICO
1513 1681 1541 1708 S.

986 1721 1008 1747 ⁴.
1030 1715 1135 1755 Accepi
1150 1729 1163 1746 a
1179 1724 1203 1746 te
1220 1720 1356 1755 signatum
1374 1719 1506 1749 libellum,
1520 1727 1600 1753 quem
1614 1719 1724 1744 Anteros

928 1757 1064 1789 attulerat3
1088 1766 1122 1784 ex
1133 1765 1187 1792 quo
1201 1757 1268 1783 nihil
1281 1759 1350 1783 scire
1365 1757 1439 1791 potui
1451 1756 1484 1782 de
1492 1755 1725 1782 nostrisdomesti-

928 1796 967 1821 cis
979 1795 1074 1821 rebus:
1098 1795 1131 1821 de
1145 1795 1246 1830 quibus
1261 1794 1435 1820 acerbissime
1447 1793 1567 1823 afflictor.
1581 1792 1662 1827 quod,
1676 1793 1725 1827 qui

928 1842 973 1859 eas
983 1832 1165 1867 dispensavit,
1189 1840 1276 1867 neque
1291 1831 1365 1858 adest
1378 1832 1446 1861 istic,
1466 1839 1562 1865 noque.
1581 1830 1628 1856 ubi
1643 1835 1726 1856 terra-

929 1879 988 1896 rum
1004 1871 1048 1901 sit,
1067 1870 1132 1896 scio.
1174 1869 1287 1895 Omnem
1300 1873 1388 1895 autem
1400 1874 1476 1903 spem
1490 1868 1574 1894 babeo
1586 1868 1725 1893 existirna-

928 1908 1009 1934 tionis
1020 1908 1240 1942 privatarumque
1256 1915 1344 1932 rerum
1360 1907 1386 1932 in
1399 1910 1442 1932 tua
1454 1914 1515 1941 (ιι-«ἑο
1532 1913 1573 1931 mc
1585 1905 1652 1930 mibi
1665 1913 1725 1939 pcr-

927 1945 1098 1980 spectissima
1120 1944 1320 1975 benevolentia3
1354 1952 1435 1978 quum
1456 1943 1479 1969 si
1500 1943 1541 1968 bis
1557 1942 1725 1977 temporibus

929 1983 1036 2008 miseris
1052 1987 1077 2008 et
1087 1982 1216 2008 extremis
1228 1981 1406 2016 praestiteris,
1430 1980 1494 2006 bace
1506 1979 1639 2014 pericula
1656 1987 1724 2013 quae

929 2020 996 2046 mihi
1008 2020 1162 2045 communia
1174 2019 1421 2048 suntcumcoteris.
1431 2017 1628 2044 sortiusstrnm:
1643 2016 1725 2058 idque

928 2062 958 2083 ut
970 2056 1061 2088 facias,
1079 2061 1104 2083 te
1114 2056 1232 2082 obtestor
1242 2061 1321 2090 atque
1335 2055 1456 2081 obsecro.
1497 2056 1522 2081 2
1538 2055 1567 2080 E«
1560 2063 1594 2090 5⁰
1606 2054 1632 2080 in
1644 2054 1724 2079 cisto-

929 2094 1013 2136 phoro
1034 2094 1060 2120 in
1072 2093 1134 2120 Asia
1152 2093 1237 2119 habco
1253 2093 1285 2119 ad
1299 2094 1338 2118 II-
1344 2093 1362 2119 S
1374 2093 1416 2118 bis
1427 2097 1453 2118 et
1464 2093 1557 2118 vicies.
1560 2074 1666 2117 0liuius
1678 2099 1725 2125 pc-

928 2132 1024 2157 cuniae
1045 2131 1240 2165 permutatione
1265 2130 1344 2156 fidem
1367 2134 1483 2156 nostram
1506 2128 1583 2155 facile
1599 2128 1721 2154 tuebere:

929 2177 1010 2203 quam
1031 2167 1142 2202 quidem
1159 2175 1208 2203 ogo
1225 2168 1276 2193 nisi
1292 2167 1446 2201 (xpeditum
1462 2166 1613 2201 relinquere
1632 2170 1724 2200 putas-

929 2214 995 2235 sem,
1018 2204 1131 2230 credens
1142 2205 1176 2233 oi,
1194 2205 1238 2230 cui
1251 2205 1344 2230 tuscis
1364 2205 1416 2230 iam
1428 2203 1533 2238 pridem
1544 2210 1656 2229 numme
1667 2210 1724 2227 crc-

929 2243 1005 2272 dere,
1022 2246 1202 2268 commoratus
1219 2249 1305 2266 essem
1322 2240 1484 2275 paullisper,
1504 2249 1553 2266 noc
1564 2240 1724 2266 domesticas

929 2288 971 2306 res
984 2279 1128 2313 impeditas
1140 2278 1325 2312 reliquissem:
1342 2278 1376 2303 ob
1388 2286 1500 2312 eamque
1508 2276 1724 2303 caussnmscrius

899 2332 900 2336 =
929 2317 961 2343 ad
974 2321 997 2342 te
1009 2316 1106 2346 scribo,
1115 2315 1187 2350 quod
1198 2324 1257 2341 sero
1269 2314 1398 2343 intellexi.
1407 2314 1474 2349 quid
1486 2314 1722 2341 timendumcsset.

929 2355 965 2380 Te
980 2354 1058 2380 otiam
1071 2358 1150 2395 atque
1162 2353 1241 2378 etiam
1253 2361 1307 2381 oro,
1317 2357 1345 2378 ut
1357 2361 1398 2377 mc
1410 2357 1493 2378 totum
1502 2350 1724 2377 tuciulumsusci-

1034 2395 1072 2421 ιιι
1089 2391 1112 2415 si
1130 2390 1148 2415 ii
1160 2389 1325 2419 snb-ierunt
1339 2389 1503 2423 quibuscum
1515 2397 1585 2417 sum
1599 2396 1651 2414 uua
1663 2396 1724 2413 eum

930 2429 964 2454 iis
976 2428 1078 2462 possim
1091 2426 1235 2453 incolumis
1246 2435 1259 2452 e
1262 2436 1313 2457 ss«
1328 2436 1340 2452 s
1343 2426 1497 2461 dotemque
1510 2434 1595 2451 meam
1608 2425 1640 2451 bc
1643 2433 1724 2451 nevo-

931 2466 1026 2492 lemine
1039 2470 1098 2492 que
1109 2469 1244 2498 acceptam
1257 2463 1366 2491 riseri-1.

983 2535 1010 2555 II.
1034 2537 1062 2557 (ιι.
1074 2537 1138 2559 ulum.
1149 2536 1228 2553 vav-m
1239 2535 1255 2552 ιι
1275 2538 1327 2552 sm.
1339 2535 1395 2551 Im...
1409 2541 1420 2550 ,ι
1431 2541 1476 2551 rou.
1490 2535 1544 2554 τοι»)

1114 2577 1281 2606 CICERO
1313 2576 1480 2603 ATTICO
1507 2575 1536 2604 S.

986 2618 1008 2642 I.
1030 2611 1149 2642 Litteras
1161 2621 1220 2642 tuas
1234 2615 1324 2649 accepi
1337 2613 1424 2649 pridie
1436 2614 1524 2640 Nonas
1536 2612 1625 2643 Febr..
1637 2620 1723 2647 eoque

930 2654 988 2689 ipso
999 2653 1042 2680 die
1052 2662 1086 2680 cx
1098 2657 1254 2680 wstmnento
1268 2653 1340 2678 crevi
1354 2651 1538 2678 hereditatem.
1579 2650 1619 2676 Ex
1631 2649 1723 2676 mulus
