1941 3052
472 143 521 169 DE
552 142 863 169 DIVINATIONE
895 144 975 170 LIB.
1008 144 1028 170 1.
1059 143 1151 170 CAP.
1183 146 1254 171 2—
1278 146 1316 171 ⁴27..

75 215 198 244 tentiam,
214 217 272 240 tum
282 213 404 239 omnium
415 213 576 248 populorum
587 218 613 240 et
623 214 745 249 gentium
756 222 870 240 consen-

74 260 107 278 su
128 251 326 286 comprobatam
343 259 450 285 sequor.
490 252 546 278 Duo
561 256 625 277 sunt
640 252 711 277 enim
727 251 869 277 divinandi

73 297 185 325 genera,
209 297 324 323 quorum
340 287 454 314 alterum
468 289 532 314 artis
547 293 600 319 est,
619 288 732 314 alterum
749 293 867 314 naturae.

76 328 116 354 ⁴2.
137 326 211 358 Quae
227 330 267 352 est
282 330 369 351 autem
387 334 453 361 gens
468 331 514 352 aut
528 334 597 360 quae
611 327 719 355 civitas,
738 334 806 360 quae
818 334 869 351 non

74 369 120 391 aut
135 363 312 398 extispicum,
331 367 376 389 aut
391 368 507 389 monstra
519 368 564 389 aut
574 362 680 398 fulgura
694 364 870 397 interpretan—

74 403 152 432 tium,
164 405 209 427 aut
220 409 364 436 augurum,
379 405 424 426 aut
433 400 636 436 astrologorum,
645 405 690 426 aut
700 401 822 430 sortium,
831 400 870 434 (ea

74 439 147 466 enim
159 438 213 464 fere
225 439 288 464 artis
300 438 372 472 sunt)
383 442 429 464 aut
443 438 623 468 somniorum,
641 442 687 463 aut
702 437 871 463 vaticinatio-

74 485 140 503 num
154 475 230 511 (haec
244 476 315 501 enim
331 475 384 501 duo
400 475 529 501 naturalia
541 476 678 509 putantur)
689 474 872 509 praedictione

74 512 231 540 moveatur?
250 512 369 544 Quarum
385 512 497 547 quidem
513 521 603 538 rerum
618 517 711 538 eventa
729 512 814 547 magis
828 520 871 537 ar—

74 551 172 581 bitror,
189 559 271 585 quam
287 558 396 576 caussas
412 550 504 584 quaeri
516 555 646 584 oportere.
687 549 734 575 Est
744 550 817 575 enim
829 549 870 575 vis

74 594 100 615 et
111 593 204 615 natura
215 587 356 622 quaedam,
370 596 438 622 quae
451 592 507 614 tum
518 587 667 613 observatis
680 586 757 621 longo
768 591 872 620 tempo-

75 634 102 653 re
116 625 375 661 significationibus,
397 630 453 650 tum
472 624 564 659 aliquo
579 625 706 650 instinctu
724 623 870 658 inflatuque

74 663 168 690 divino
180 662 268 689 futura
280 663 458 697 praenuntiat.

75 700 239 732 Carneades3
253 699 326 734 quod
339 699 452 726 faciebat
462 699 541 725 etiam
554 699 704 728 Panaetius,
719 698 868 732 requirens,

75 739 228 773 Iuppiterne
239 738 373 763 cornicem
385 745 398 762 a
412 736 499 767 laeva,
523 745 634 762 corvum
645 744 659 762 a
672 735 764 762 dextra
775 743 870 762 canere

74 776 208 802 iussisset.
249 774 396 801 Observata
407 778 470 800 sunt
481 774 545 800 haec
557 778 675 808 tempore
688 773 832 803 immenso,
845 777 872 798 et

34 832 38 836 .
75 814 102 839 in
114 812 309 848 significatione
321 816 433 838 eventus
445 811 632 837 animadversa
643 815 669 836 et
678 814 775 836 notata.
796 809 870 836 Nihil

74 855 218 880 estautem,
227 849 299 884 quod
311 857 362 875 non
375 848 558 883 longinquitas
568 852 719 882 temporum
731 848 871 882 excipien-

74 893 99 914 te
114 887 242 913 memoria
257 885 457 921 prodendisque
473 886 656 912 monumentis
671 884 776 911 efficere
790 889 870 919 atque

75 925 183 959 assequi
195 932 247 950 non
259 924 353 958 possit.
396 924 435 949 43.
458 923 548 949 Mirari
565 922 640 953 licet,
657 930 727 957 quae
743 923 797 948 sint
812 923 872 948 ani-

75 962 215 988 madversa
227 970 241 987 a
253 960 366 986 medicis
376 960 521 986 herbarum
532 969 642 995 genera,
661 968 731 994 quae
749 959 871 986 radicum

73 999 106 1026 ad
119 1007 223 1025 morsus
235 998 392 1028 bestiarum,
406 997 438 1023 ad
449 997 588 1024 oculorum
601 997 716 1027 morbos,
730 996 764 1023 ad
775 997 872 1023 vulne-

73 1045 111 1068 ra,
127 1044 243 1071 quorum
254 1036 309 1061 vim
321 1040 401 1070 atque
413 1039 534 1061 naturam
546 1035 612 1061 ratio
623 1043 772 1069 numquam
783 1034 872 1069 expli-

73 1074 157 1101 cavit:
176 1073 290 1099 utilitate
303 1077 329 1099 et
344 1082 386 1099 ars
401 1077 441 1098 est
454 1077 479 1098 et
491 1072 614 1098 inventor
624 1071 763 1107 probatus.
803 1074 869 1108 Age,

73 1120 112 1143 ea,
126 1119 204 1146 quae,
218 1119 382 1145 quamquam
395 1118 429 1136 ex
440 1109 491 1136 alio
502 1118 599 1146 genere
610 1114 683 1140 sunt,
701 1114 788 1136 tamen
799 1109 872 1136 divi-

74 1149 175 1176 nationi
186 1153 249 1174 sunt
259 1147 400 1178 similiora,
417 1147 568 1173 videamus.

110 1196 190 1228 Atque
201 1197 278 1221 etiam
287 1198 373 1220 ventos
382 1197 572 1226 praemonstrat
583 1201 657 1226 saepe
666 1195 768 1226 saturos

111 1234 228 1264 instalum
239 1240 317 1262 mare,
329 1240 407 1265 quum
419 1232 502 1256 subito
510 1232 661 1264 penitusque
673 1232 795 1261 tumescit,

110 1278 228 1303 saxaque
239 1278 313 1299 cana,
325 1270 389 1294 salis
401 1271 472 1294 niveo
482 1272 600 1301 spumata
615 1269 721 1301 liquore,

111 1308 244 1340 tristificas
255 1311 353 1333 certant
365 1306 481 1339 Neptuno
492 1307 597 1332 reddere
607 1313 693 1331 voces:

110 1349 163 1373 aul,
179 1346 271 1370 densus
281 1345 378 1370 stridor
388 1352 466 1377 quum
477 1344 542 1369 celso
552 1351 564 1368 e
575 1344 668 1368 vertice
678 1343 771 1368 montis

110 1386 190 1411 ortus,
203 1383 351 1414 adauyescit
361 1381 523 1413 scopulorum
533 1388 607 1413 saepe
618 1380 744 1412 repulsus.

74 1428 140 1454 VIII.
162 1426 249 1461 Atque
270 1426 312 1452 his
333 1434 423 1452 rerum
444 1425 682 1460 praesensionibus
702 1425 872 1460 prognostica

75 1471 118 1491 tua
130 1463 225 1491 referta
236 1468 308 1490 sunt.
343 1463 410 1495 Quis
421 1464 504 1498 igitur
515 1462 610 1489 elicere
621 1471 730 1488 caussas
745 1470 872 1497 praesen—

73 1503 181 1528 sionum
193 1500 296 1536 potest‘?
316 1501 374 1527 Etsi
390 1500 469 1527 video
480 1500 609 1527 Boethum
622 1499 742 1526 Stoicum
753 1508 813 1526 esse
826 1508 872 1527 co-

74 1544 180 1571 natum3
196 1539 245 1573 qui
257 1538 386 1564 hactenus
396 1537 502 1572 aliquid
513 1538 581 1573 egit,
596 1542 625 1564 ut
638 1545 730 1563 earum
743 1539 871 1564 rationem

74 1585 163 1602 rerum
175 1575 409 1610 explicaret,quae
421 1575 447 1601 in
460 1575 526 1601 mari
538 1573 646 1601 caelove
658 1574 760 1601 fierent.
785 1575 824 1602 tt.
837 1574 872 1602 11-

75 1614 98 1639 la
110 1622 173 1640 vero
183 1621 232 1639 cur
242 1614 375 1643 eveniant,
389 1613 452 1647 quis
463 1611 639 1646 probabiliter
649 1611 766 1639 dixerit?

111 1660 182 1686 Rava
192 1661 262 1692 salia)
274 1661 368 1689 itidem,
381 1661 481 1692 suqiens
491 1666 504 1683 e
513 1660 614 1691 yuryite
621 1660 702 1690 ponti,

109 1699 212 1723 nuntiat
222 1698 358 1722 horribiles
370 1697 484 1722 clamans
497 1697 595 1721 instare
604 1696 740 1728 procellas,

110 1735 180 1760 haud
191 1735 301 1760 modicos
312 1735 419 1760 tremulo
429 1734 538 1766 fundens
547 1740 561 1758 e
570 1737 673 1765 yutture
684 1737 782 1759 cantus.

110 1772 191 1804 Saepe
202 1774 278 1797 etiam
287 1773 408 1804 pertriste
419 1773 466 1797 ciet
476 1772 506 1796 de
515 1774 616 1803 pectore
628 1778 731 1796 carmen

110 1814 133 1835 et
143 1811 275 1835 matutinis
286 1809 409 1835 acredula
420 1809 523 1834 vocibus
532 1809 619 1838 instat,

111 1848 213 1873 vocibus
223 1847 310 1876 instat,
323 1850 346 1872 et
356 1847 476 1872 assiduas
487 1847 549 1871 iacit
559 1853 603 1871 ore
613 1846 740 1878 querelae,

111 1892 189 1917 quum
196 1885 308 1916 primum
318 1885 414 1916 qelidos
424 1890 496 1909 rores
506 1891 605 1908 aurora
615 1885 729 1908 remittit.

111 1921 244 1954 Fuscaque
254 1928 445 1954 nonnumquam
456 1927 563 1946 cursans
572 1928 618 1952 per
629 1921 718 1946 littora
729 1927 822 1946 corma:

110 1959 229 1984 demersit
240 1961 324 1990 caput,
336 1961 359 1983 et
369 1958 474 1989 fluctum
485 1959 582 1983 cervice
590 1959 693 1989 recepit.

74 2003 121 2031 IX.
145 2004 185 2030 ⁴5.
209 2002 335 2029 Videmus
354 2001 419 2028 haec
440 2002 517 2037 signa
538 2009 687 2036 numquam
704 2001 758 2029 tere
778 2011 872 2030 emen-

75 2041 180 2073 tientia;
195 2047 244 2066 nec
256 2044 354 2070 tamen,
367 2047 416 2065 cur
427 2039 462 2065 ita
475 2038 527 2069 liat,
541 2038 676 2065 videmus.

114 2081 161 2107 Vos
171 2089 269 2116 quoque
279 2082 354 2114 siyna
365 2081 463 2110 videtis,
475 2081 556 2113 aquai
565 2081 649 2105 dulcis
659 2081 786 2111 alumnae,

110 2127 188 2152 quum
200 2118 311 2144 clamore
321 2119 425 2151 paratis
436 2119 525 2143 inanes
535 2118 642 2149 [undere
651 2125 731 2147 voces,

111 2157 272 2188 absurdoque
282 2163 344 2180 sono
354 2157 435 2187 sontes
445 2159 468 2180 et
478 2158 571 2187 staqna
582 2156 662 2180 cietis.

73 2192 141 2226 Quis
151 2197 205 2223 est,
222 2192 270 2227 qui
284 2190 446 2218 ranunculos
459 2190 509 2217 hoc
521 2190 612 2217 videre
623 2191 756 2226 suspicari
769 2191 872 2225 possit?

73 2230 127 2257 Sed
142 2231 212 2256 inest
226 2229 293 2255 mira
308 2229 350 2255 vis
366 2229 393 2255 in
409 2227 567 2254 ranunculis
582 2232 608 2255 et
623 2232 716 2255 natura
737 2228 870 2263 quaedam

73 2267 231 2304 significans
242 2265 360 2301 aliquid,
378 2274 424 2300 per
435 2273 464 2292 se
474 2265 533 2300 ipsa
544 2265 609 2292 satis
622 2270 706 2296 certa.
723 2267 870 2302 cognitioni

73 2310 163 2332 autem
175 2304 316 2331 homiuum
327 2303 478 2329 obscurior.

110 2343 307 2376 Mollipedesque
317 2342 397 2370 boves,
409 2344 551 2374 spectantes
561 2341 659 2366 lumina
669 2341 740 2370 caeli.

110 2381 218 2406 naribus
227 2381 380 2412 humiserum
391 2379 488 2404 duxere
499 2386 532 2403 ea:
542 2379 602 2403 ae’rc
610 2386 722 2404 succum.

73 2417 132 2444 Non
142 2425 252 2452 quaero,
265 2424 326 2448 cur;
340 2415 478 2450 quoniam.
491 2413 559 2449 quid
570 2415 685 2445 eveniat.
699 2414 831 2451 intelligo.

109 2454 166 2481 Iam
175 2463 244 2485 vero,
259 2461 357 2486 semper
367 2454 460 2478 viridis
469 2459 616 2485 semperque
625 2457 745 2485 gravata,

110 2493 238 2521 lentiscus,
251 2492 349 2524 triplici
358 2491 435 2516 solita
445 2490 613 2522 qrandescere
622 2491 682 2522 [atu.

110 2533 148 2555 ter
156 2531 243 2562 fruges
252 2530 369 2562 fundens.
382 2529 435 2553 tria
446 2531 559 2560 tempora
570 2530 694 2553 niori-urat
707 2528 810 2553 arandi.

75 2567 114 2592 ¹6.
137 2566 191 2592 Nec
207 2565 256 2592 boc
271 2564 382 2600 quidem
398 2572 511 2599 quaero,
528 2571 577 2590 cur
593 2563 658 2590 haee
673 2563 751 2590 arbor
765 2572 817 2590 una
831 2568 870 2590 ter

73 2601 176 2634 floreat,
198 2607 244 2629 eut
257 2611 306 2630 cur
321 2601 414 2629 arandi
429 2601 608 2628 maturitatem
624 2600 658 2627 nd
673 2601 783 2636 signum
798 2599 870 2628 floris

73 2639 265 2667 accommodet.
305 2639 359 2666 Hoc
373 2647 435 2666 sum
452 2643 606 2668 contentus,
649 2637 714 2669 uod,
737 2639 818 2665 ctiam
834 2639 867 2669 si,

73 2676 207 2712 quomodo
217 2676 338 2712 quidque
355 2675 412 2707 liet,
430 2677 565 2712 ignorem.
582 2675 630 2710 qui
661 2674 718 2706 flat.
738 2674 868 2712 intelligo.

898 564 901 572 ι
922 551 980 586 pio:
1003 559 1071 586 quae
1082 559 1177 577 caussa
1189 552 1236 582 sit,
1255 552 1355 577 nescio.

495 662 548 688 VII.
563 662 650 693 Quare
661 661 764 687 omittat
776 669 870 696 urgere
892 682 893 686 ,

1649 148 1711 173 4139

920 215 970 241 Pro
981 216 1054 241 omni
1067 216 1149 250 igitur
1159 215 1325 242 divinatione
1336 215 1422 246 idem,
1435 215 1507 250 quod
1520 224 1567 250 pro
1577 217 1611 242 iis
1623 217 1714 247 rebus,

921 261 988 287 quas
1000 253 1217 283 commemoravi,
1235 252 1411 287 respondebo.
1444 253 1480 279 X.
1501 253 1572 285 Quid
1583 262 1717 281 scammo-

922 298 985 316 neae
998 290 1074 316 radix
1086 290 1117 316 ad
1130 290 1314 325 purgandum,
1333 290 1400 325 quid
1415 290 1585 317 aristolochia
1601 291 1634 317 ad
1645 301 1718 318 mor-

921 336 968 353 sus
980 332 1134 361 serpentum
1147 328 1244 362 possit,
1257 336 1327 362 quae
1339 336 1436 354 nomen
1447 336 1481 354 ex
1492 328 1630 355 inventore
1641 338 1718 364 repe-

922 365 964 395 rit,
978 373 1033 390 rem
1047 366 1132 399 ipsam
1144 366 1267 391 inventor
1277 373 1311 391 ex
1321 366 1439 395 somnio,
1459 365 1550 397 video,
1569 366 1641 400 quod
1653 367 1718 393 satis

922 407 974 427 est:
988 410 1036 427 cur
1046 403 1139 436 possit,
1154 403 1254 428 nescio.
1295 402 1338 428 Sic
1350 407 1491 428 ventorum
1503 408 1528 428 et
1539 403 1668 430 imbrium
1680 405 1718 430 si-

922 448 987 474 gna,
1010 448 1079 473 quae
1095 439 1167 470 dixi,
1191 440 1320 465 rationem
1334 448 1416 474 quam
1433 439 1561 470 habeant,
1585 449 1637 467 non
1653 442 1718 468 satis

923 477 1070 510 perspicio:
1094 477 1148 502 vim
1165 481 1191 503 et
1206 481 1332 502 eventum
1348 485 1478 512 agnosco,
1501 479 1570 508 scio,
1588 478 1717 512 approbo.

922 513 1059 544 Similiter,
1072 513 1139 548 quid
1151 514 1244 540 fissum
1256 515 1282 540 in
1293 515 1371 544 extis
1387 514 1454 548 quid
1466 514 1532 540 t'ibra
1546 514 1639 545 valeat,
1649 517 1719 542 acci-

1395 552 1482 586 Atque
1499 552 1595 578 horum
1607 553 1718 587 quidem

922 588 1000 623 plena
1015 589 1067 614 vita
1079 593 1132 614 est:
1146 589 1215 615 extis
1226 589 1298 614 enim
1309 596 1403 615 omnes
1415 588 1468 615 fere
1480 590 1593 616 utimur.
1631 589 1720 622 Quid‘?

922 626 954 651 de
967 625 1106 661 fulgurum
1119 627 1145 651 vi
1157 626 1280 652 dubitare
1287 635 1352 652 num
1360 626 1524 660 possumus?
1535 627 1719 662 Nonnequum

923 663 1005 689 multa
1016 663 1067 689 alia
1080 663 1222 693 mirabilia,
1232 668 1288 689 tum
1301 663 1368 689 illud
1381 664 1408 689 in
1420 664 1529 698 primis:
1542 673 1627 699 quum
1639 665 1719 691 Sum-

923 709 1019 726 manus
1035 702 1062 727 in
1074 700 1181 735 fastigio
1192 701 1262 727 Iovis
1273 701 1368 735 optimi
1385 702 1511 732 maximi,
1529 703 1576 736 qui
1592 707 1649 728 tum
1665 707 1720 728 erat

923 737 1021 768 fictilis,
1036 746 1049 764 e
1061 738 1134 764 caelo
1146 740 1214 764 ictus
1225 743 1308 767 esset,
1323 746 1370 764 nec
1382 746 1498 772 usquam
1510 740 1569 764 eius
1580 738 1718 765 simulacri

921 780 1003 809 caput
1017 776 1191 806 inveniretur,
1200 775 1358 810 haruspices
1370 776 1397 801 in
1409 775 1528 801 Tiberim
1540 775 1566 802 id
1574 776 1719 811 depulsum

922 822 980 839 esse
992 812 1128 843 dixerunt,
1143 813 1225 847 idque
1237 813 1377 838 inventum
1389 817 1429 838 est
1439 821 1470 838 eo
1485 812 1554 843 loco.
1571 814 1619 848 qui
1634 819 1673 840 est
1686 814 1720 839 ab

923 850 1115 884 haruspicibus
1126 849 1334 876 demonstratus.
1370 849 1416 875 XI.
1441 850 1480 875 ⁴7.
1502 849 1554 875 Sed
1566 859 1620 884 quo
1631 852 1720 885 potius

923 892 981 914 utar
992 892 1037 913 aut
1049 892 1287 917 auctoreautteste,
1295 895 1376 921 quam
1384 886 1427 912 te‘?
1437 887 1516 913 cuius
1528 887 1627 913 edidici
1639 888 1719 914 etiam

923 933 1032 955 versus,
1045 929 1070 951 et
1083 924 1196 951 libenter
1207 924 1327 959 quidem,
1340 932 1410 959 quos
1421 925 1448 950 in
1460 924 1579 951 secundo
1590 925 1720 952 Consula-

924 967 967 989 tus
978 962 1076 989 Urania
1087 962 1162 988 Musa
1174 962 1343 996 pronuntiat:

978 1000 1108 1032 Principio
1118 1001 1229 1026 aetherio
1240 1001 1385 1031 flammatus
1396 999 1510 1032 Iuppiter
1521 1002 1575 1032 iqni

977 1040 1095 1067 vertitur,
1107 1042 1130 1062 et
1141 1041 1220 1063 totum
1231 1038 1364 1063 collustrat
1376 1038 1470 1062 lumine
1480 1040 1608 1067 mundum,

978 1079 1107 1108 menteque
1117 1076 1206 1100 divina
1219 1075 1316 1101 eaelum
1328 1078 1461 1107 terrasque
1470 1077 1586 1106 petessit:

977 1121 1042 1146 quae
1051 1115 1153 1145 penitus
1163 1120 1251 1138 sensus
1262 1113 1390 1137 hominum
1399 1114 1516 1145 vitasque
1527 1116 1643 1142 retentat,

978 1151 1088 1176 aetheris
1098 1152 1196 1175 oeterni
1206 1153 1278 1182 septa
1288 1153 1364 1182 atque
1375 1150 1475 1175 inclusa
1488 1152 1614 1175 cavernis.
1707 1151 1722 1175 ὅ

979 1187 1019 1217 Et.
1035 1189 1058 1213 si
1067 1188 1200 1213 stellarum
1211 1191 1293 1212 motus
1302 1194 1442 1219 cursusque
1452 1191 1575 1219 vagantes

979 1233 1051 1251 nosse
1061 1226 1131 1254 velis,
1143 1233 1208 1258 quae
1219 1227 1269 1250 sint
1280 1226 1412 1256 siqnorum
1423 1225 1517 1249 insede
1528 1225 1635 1254 locatae,

979 1263 1056 1296 (quae
1066 1263 1141 1288 verbo
1151 1266 1174 1287 et
1184 1263 1259 1295 salsis
1271 1261 1412 1287 Graiorum
1424 1262 1526 1286 vocibus
1536 1266 1635 1291 errant.

979 1309 1006 1325 re
1018 1308 1079 1325 vera
1090 1304 1158 1326 cerlo
1171 1300 1244 1332 lapsu
1254 1300 1387 1331 spatioque
1397 1299 1543 1331 seruntur.)

979 1339 1064 1363 omnia
1075 1339 1128 1363 iam
1141 1345 1227 1362 cernes
1237 1338 1325 1362 divina
1337 1340 1417 1360 mente
1431 1340 1529 1361 notata.
1694 1338 1720 1361 ¹0

926 1375 965 1400 ⁴8.
980 1375 1048 1401 Nam
1056 1377 1168 1408 primum
1179 1378 1309 1400 astrorum
1319 1374 1444 1403 volucres,
1456 1378 1479 1398 te
1489 1374 1599 1401 consule.
1615 1381 1666 1398 mo-

1334 1414 1374 1436 lus

980 1457 1167 1482 concursusque
1177 1456 1268 1481 qraves
1278 1448 1411 1473 stellarum
1423 1449 1516 1472 ardore
1528 1449 1650 1473 intrantes

979 1491 1005 1512 tu
1021 1494 1131 1519 quoque,
1153 1494 1230 1519 quum
1246 1486 1356 1511 tumulos
1371 1485 1469 1510 Albano
1485 1487 1511 1510 in
1526 1489 1609 1510 monte
1627 1487 1666 1510 ni-

1332 1523 1402 1548 vates

979 1562 1096 1586 lustrasti
1107 1565 1128 1586 et
1141 1561 1205 1586 laeto
1217 1562 1336 1586 mactasti
1347 1560 1412 1585 lactc
1423 1559 1540 1589 Latinas,

978 1600 1066 1624 vidisti
1078 1602 1100 1623 et
1112 1599 1184 1623 claro
1195 1599 1315 1623 tremulos
1325 1599 1419 1622 ardore
1431 1600 1546 1623 cometas.
1694 1598 1722 1621 ⁴:5¹·

978 1637 1108 1668 multaque
1119 1637 1221 1661 misceri
1232 1639 1360 1660 nocturna
1369 1638 1456 1666 ειν-αρε
1465 1636 1577 1666 putasti:

979 1675 1046 1706 quod
1059 1675 1137 1706 ferme
1147 1674 1234 1698 dirum
1242 1675 1269 1698 in
1281 1677 1377 1704 tempus
1389 1673 1500 1697 cecidere
1512 1671 1628 1699 Latinae,

979 1719 1057 1744 quum
1068 1711 1167 1736 claram
1177 1712 1284 1743 speciem
1296 1713 1413 1735 concreto
1424 1709 1518 1733 lumine
1530 1709 1591 1734 luna

977 1748 1085 1777 abdidit,
1097 1752 1119 1773 et
1130 1748 1213 1773 subito
1223 1748 1337 1773 stellanti
1350 1750 1420 1772 nocte
1428 1750 1559 1779 perempta
1570 1749 1616 1771 est.

980 1784 1047 1816 Quid
1058 1793 1117 1811 cero
1129 1784 1218 1811 Phoebi
1227 1787 1284 1818 sax,
1299 1786 1382 1809 tristis
1392 1785 1483 1809 nuntia
1494 1784 1561 1813 belli,
1692 1784 1723 1808 20

978 1831 1052 1856 quae,
1064 1830 1184 1856 magnum
1194 1824 1229 1848 ad
1240 1823 1367 1851 columen,
1379 1822 1509 1852 flammato
1519 1821 1613 1846 ardore
1623 1828 1667 1846 co-

1335 1859 1414 1887 labat,

974 1898 1130 1930 praecipites
1140 1897 1205 1922 caeli
1213 1900 1301 1930 parles
1311 1897 1443 1929 obitusque
1451 1898 1588 1928 petissem:

979 1939 1024 1960 aut
1034 1943 1113 1968 quum
1124 1935 1235 1960 terribili
1244 1941 1381 1966 percussus
1390 1934 1496 1966 fulmine
1507 1934 1570 1958 civis

980 1973 1035 1998 luce
1047 1973 1177 1997 serenanti
1187 1972 1279 1997 vitalia
1291 1971 1389 1996 lumina
1401 1968 1495 2003 liquit?

978 2013 1024 2035 aut
1034 2017 1112 2042 quum
1122 2017 1148 2035 se
1158 2010 1267 2042 gravido
1277 2010 1414 2041 tremefecit
1426 2015 1530 2041 corpore
1542 2007 1630 2033 tellus!
1692 2008 1723 2033 25

979 2046 1034 2072 Iam
1046 2054 1105 2072 vero
1116 2049 1218 2076 variae,
1231 2049 1356 2072 nocturno
1367 2049 1476 2077 tempore
1487 2046 1564 2074 visae,

979 2084 1106 2109 terribiles
1116 2085 1214 2116 formae
1225 2084 1316 2109 bellum
1327 2086 1458 2116 motusque
1467 2083 1601 2108 monebant
1608 2091 1615 2106 .·

978 2121 1109 2153 multaque
1118 2129 1165 2152 per
1175 2124 1260 2146 terras
1270 2124 1340 2146 vates
1351 2120 1440 2145 oracla
1450 2121 1548 2153 furenti

974 2161 1076 2190 pectore
1085 2158 1235 2190 fundebant,
1249 2159 1334 2182 tristes
1344 2158 1492 2182 minitantia
1504 2163 1592 2183 casus:

926 2194 962 2219 «9.
973 2198 1050 2227 atque
1060 2202 1100 2225 ea,
1115 2202 1181 2227 quae
1192 2195 1266 2228 lapsu
1277 2195 1378 2219 tandem
1389 2195 1501 2219 cecidere
1512 2197 1616 2222 vetusto,
1691 2192 1722 2216 30

978 2232 1039 2257 haee
1048 2233 1112 2264 sore,
1122 2233 1251 2264 perpetuis
1260 2232 1341 2264 siquis
1352 2231 1480 2264 clarisque
1490 2232 1655 2264 frequentans

977 2270 1029 2301 ipse
1039 2269 1113 2294 deam
1123 2270 1222 2301 genitor
1233 2269 1304 2294 cacto
1314 2269 1440 2301 terrisque
1450 2269 1564 2294 canebat.

922 2342 980 2368 xn.
1000 2342 1073 2368 Nunc
1088 2351 1131 2371 ea,
1154 2342 1282 2376 Torquato
1297 2349 1362 2375 quae
1382 2343 1509 2375 quondam
1525 2346 1548 2366 et
1565 2342 1666 2367 consule·

1334 2377 1407 2404 Cotta

978 2416 1075 2449 Lydius
1084 2417 1199 2442 ediderat
1213 2415 1358 2449 Tyrrhenae
1368 2418 1450 2449 flentis
1459 2416 1598 2449 haruspex.

977 2455 1063 2479 omnia
1073 2454 1128 2486 fixa
1139 2458 1198 2479 tuus
1208 2454 1352 2486 qlomnrans
1362 2454 1514 2478 determinat
1524 2460 1617 2478 annus.
1689 2453 1720 2476 ³⁵

979 2490 1044 2516 Nam
1054 2494 1129 2523 pater
1139 2491 1288 2519 altitonans,
1300 2491 1413 2515 stellanti
1425 2498 1503 2515 nurus
1515 2490 1629 2522 Olympo.

977 2530 1030 2560 ipse
1039 2536 1099 2554 suos
1108 2529 1235 2561 querulam
1247 2528 1356 2553 aarumtos
1365 2535 1396 2553 ac
1408 2528 1499 2560 templa
1509 2529 1607 2559 petivit,

976 2569 999 2591 et
1012 2564 1164 2598 Capitolinis
1174 2567 1260 2591 iniecit
1270 2565 1370 2590 sedibus
1381 2566 1458 2597 iones.

979 2602 1040 2628 Tum
1049 2605 1144 2635 species
1155 2611 1188 2628 ra:
1198 2610 1258 2628 aere
1269 2606 1338 2627 wius
1350 2609 1522 2635 ymaeromquo
1529 2601 1537 2613 ⁸
1551 2601 1645 2628 Nattae

976 2641 1094 2670 concidit.
1107 2641 1258 2673 elapsaeque
1267 2643 1364 2665 vetusto
1375 2641 1476 2665 »cannino
1487 2640 1565 2672 leae-5:
1688 2640 1719 2665 60

976 2681 999 2703 et
1011 2677 1103 2703 Diuum
1112 2677 1253 2703 simulacra
1263 2678 1370 2709 pervinit
1379 2677 1495 2709 sulutinie
1505 2678 1595 2703 ordor.

1440 2724 1486 2750 1⁴3
1502 2723 1512 2733 ⁶
