1941 3052
236 116 282 140 ot‘·
806 117 860 141 tos.
895 116 927 141 M.
960 116 989 142 Τ.

237 187 326 220 itaque
341 185 399 211 tovi.
424 186 457 210 lh·
471 185 559 210 Fadio.
576 190 601 209 ut
617 185 727 209 seribis:
752 186 844 219 utiquc·
856 185 901 210 alii
914 187 1025 212 nemini.
1050 219 1051 222 Ἴ

238 223 377 248 Ι1(“.·ι(ἰ·ὶ1ιιι.«ι
391 222 470 246 velim
485 221 571 246 hodie,
1050 222 1058 259 3*

477 308 539 326 ..ιω-ι,
551 309 639 327 Aut-mm,
651 309 717 325 ιι«.ι..ι.,
726 310 748 325 ιι.
759 316 797 325 m..

291 307 353 327 XXI.
383 309 412 325 ‘ln
423 309 469 325 'I'uu

417 350 583 377 CICERO
616 351 781 378 ATTICO
813 352 840 378 S.

294 394 314 417 l.
337 385 500 420 Nan-otim,
523 392 554 423 Q.
571 396 645 426 pater
656 392 772 418 exsultat
785 392 892 419 laetitia.
914 393 1028 428 Scripsit

235 429 306 454 enim
323 428 404 458 lilius.
423 437 450 454 se
464 428 563 454 idcirco
575 428 716 463 profugere
728 429 760 455 ad
773 430 883 456 Brutum
898 431 1025 461 voluisse,

233 465 320 500 quod.
341 474 426 499 quum
441 465 494 491 sibi
512 466 647 501 negotium
664 466 739 493 daret
753 467 898 497 Antonius.
922 473 950 494 ιιι
965 477 1026 494 eum

234 503 388 528 dictatorem
405 502 534 532 efficeret.
554 503 718 537 praesidium
734 510 890 538 occuparet,
910 505 935 530 id
951 515 1027 531 recu-

817 311 870 329 7101

233 544 332 565 snsset:
365 548 503 565 recusasse
519 545 608 566 autem
620 549 658 570 se,
673 549 704 566 ne
717 542 799 575 patris
811 542 931 568 animum
944 543 1027 569 oll'en-
1049 555 1057 561 ==

233 576 321 602 deret:
356 585 389 603 ex
406 586 436 603 eo
452 577 505 603 sibi
519 577 594 603 illum
609 578 721 604 bostem.

233 613 344 648 collegi,
364 622 472 644 νει-ρης,
491 623 523 640 ne
539 614 605 649 quid
617 615 684 641 milii
698 615 741 641 ille
754 616 837 642 iratus
850 616 898 642 tibi
911 623 1025 643 noceret.

235 652 325 686 Itaque
337 659 399 677 eum
412 651 526 685 placavi.
554 652 585 678 Iit
596 652 707 686 quidem
719 661 782 677 (*(·(⁴(·
793 658 872 683 certa,
886 654 988 688 reliqua
1001 655 1026 681 in

232 696 310 722 spe.‹1
350 688 450 715 Scribit
465 693 552 715 autem
566 689 680 720 Statius,
702 689 778 715 illum
791 699 852 716 cum
865 696 937 725 patre
951 691 1027 717 habi-

233 731 287 751 tare
301 725 380 751 velle.
417 726 468 752 lloc
481 735 542 752 vero
555 727 666 753 mirum:
703 731 728 752 et
739 727 765 753 id
777 728 885 763 gamlet.
908 729 1026 763 Ecquem

233 767 260 789 ιιι
274 761 320 788 illo
335 764 474 789 certiorem
493 763 672 790 nebulonem?
695 765 719 790 2.
736 764 846 798 Ἐποχήν
863 771 977 792 vestram
993 766 1026 792 de

233 808 260 825 re
275 799 340 827 Cani
357 800 558 826 deliberationis
569 801 662 835 probo.
705 801 777 827 Niliil
790 811 861 828 eram
873 804 1026 837 suspicatus

232 837 266 862 de
287 837 399 864 tabulis:
433 837 558 872 ἀκεραίως
580 838 729 864 restitutam
749 839 907 866 arbitrabar.
953 842 1025 872 Quae

232 873 337 904 differs,
356 879 385 900 ut
400 883 504 900 mecum
517 884 619 906 coram.
638 876 809 910 exspectabo.

232 911 320 945 quoad
333 911 415 942 voles,
430 912 543 938 tenebis,
584 913 618 938 Es
630 913 701 938 enim
712 919 868 948 occupatuS.
905 915 980 946 Quod
993 915 1024 941 ad

231 947 385 979 Xenonem,
409 949 500 983 probe.
546 949 623 981 Quod
643 950 744 980 scribo,
767 960 852 985 quum
873 952 1023 978 absolvero.
1047 977 1048 980 ,

231 980 330 1017 Quinto
346 987 488 1020 scripsisti.
506 991 529 1012 te
546 987 578 1013 ad
589 995 650 1013 eum
663 987 776 1013 litteras:
800 997 878 1015 nemo
891 989 1023 1015 attulerat.
1046 994 1048 1003 ⁴

1048 631 1050 645 ι

1048 658 1049 665 ι

1048 713 1049 733 l

1048 734 1049 747 ι

231 1060 320 1086 dicere
336 1060 440 1095 aliquid
454 1060 487 1086 de
499 1061 642 1088 militibus.
683 1062 716 1088 At
727 1070 776 1097 ego
788 1063 839 1088 iam
851 1063 1022 1094 destinaram.
1046 1060 1049 1110 Ι

232 1097 397 1132 Hydruntem
409 1098 531 1132 quidem.
566 1099 709 1125 Movebant
721 1108 762 1125 me
774 1105 833 1126 tuae
845 1101 966 1135 quinque
978 1101 1026 1127 ho—

231 1143 285 1160 rae.
305 1135 352 1161 llic
363 1140 452 1161 autem
464 1140 581 1170 quantus
596 1137 688 1166 πλοῦς-1
706 1136 759 1162 Sed
772 1137 937 1164 videbimus.
959 1138 1025 1164 Nul-

232 1171 270 1197 las
281 1180 295 1197 a
307 1177 330 1198 te
342 1181 380 1198 xi.
394 1172 452 1198 Kal.
465 1173 581 1207 quippe:
607 1173 673 1207 quid
685 1174 756 1199 enim
769 1175 821 1200 iam
832 1174 913 1200 novi‘?
935 1176 1024 1207 Quum

230 1209 349 1244 primum
362 1210 444 1244 igitur
456 1210 562 1243 poteris,
577 1211 680 1236 venies.
721 1211 777 1246 Ego
788 1220 909 1246 propero,
923 1222 955 1239 ne
966 1218 1025 1240 ante

231 1247 339 1277 Sextus,
352 1254 433 1281 quem
446 1246 589 1273 adventare
600 1248 685 1274 aiunt.

284 1333 358 1352 XXII.
388 1335 417 1355 (lu
429 1334 545 1354 Tusculano,
554 1334 645 1355 Antonio,
656 1336 755 1354 notatu-lla
767 1343 813 1354 cun.

415 1377 581 1405 CICERO
612 1377 780 1406 ATTICO
809 1380 836 1407 S.

285 1411 415 1441 Gratulor
439 1414 517 1441 nobis
537 1414 569 1447 Q.
590 1414 677 1442 filium
692 1417 795 1444 exisse:
823 1417 953 1444 molestus
970 1427 1022 1446 non

229 1453 288 1478 erit.
330 1453 443 1478 Pansam
458 1452 526 1478 bene
542 1452 615 1487 loqui
626 1453 714 1480 credo.
754 1456 865 1490 Semper
876 1457 948 1482 enim
959 1465 1024 1483 con-

229 1491 352 1516 iunctum
372 1498 431 1516 esse
447 1498 508 1516 cum
523 1490 606 1516 Hirtio
620 1491 686 1517 scio.
727 1491 931 1519 Amicissimum
943 1494 1023 1520 Bruto

228 1532 253 1553 et
265 1527 356 1553 Cassio
368 1532 441 1561 puto,
454 1528 478 1553 si
490 1527 624 1561 expediet.
647 1527 699 1554 Sed
711 1529 820 1563 quando
831 1529 892 1556 illos
903 1530 1024 1557 videbit?

227 1564 372 1590 Inimicum
391 1564 519 1590 Antonio:
545 1565 665 1599 quando,
684 1571 728 1592 aut
738 1566 804 1593 cur‘?
825 1576 967 1603 quousque
981 1568 1023 1594 lu-

227 1600 342 1627 demur?
356 1602 412 1637 Ego
423 1606 512 1628 autem
521 1602 737 1636 scripsisextum
748 1604 901 1635 adventare,
911 1614 962 1631 non
969 1614 1022 1640 quo

227 1639 282 1665 iam
301 1638 419 1669 adesset,
442 1638 490 1664 sed
505 1639 569 1674 quia
584 1644 654 1666 certe
670 1640 698 1666 id
713 1647 814 1677 ageret.
836 1641 869 1668 ab
885 1643 1022 1678 armisque

228 1675 320 1702 nullus
330 1675 489 1702 discederet.
529 1675 618 1707 Certe,
636 1678 660 1703 si
671 1679 768 1714 pergit,
787 1678 889 1705 bellum
899 1685 1022 1714 paratum

227 1718 277 1739 est.
317 1713 365 1739 Hic
381 1718 470 1739 autem
484 1718 573 1739 noster
588 1714 741 1750 Cytherius,
756 1717 808 1742 nisi
820 1717 958 1747 victorem,
975 1726 1022 1743 ne-

227 1750 329 1777 minem
344 1751 489 1777 victurum.
529 1750 601 1782 Quid
612 1751 645 1777 ad
656 1752 721 1778 haec
732 1752 835 1779 Pansa?
857 1758 915 1780 utro
926 1755 984 1785 erit,
998 1755 1022 1780 si

228 1786 331 1814 bellum
346 1787 415 1814 erit‘?
446 1787 523 1820 Quod
536 1788 642 1814 videtur
652 1788 716 1815 fore.
758 1789 810 1816 Sed
822 1790 922 1817 ethaeo
933 1795 959 1817 et
969 1791 1020 1818 alia

227 1833 329 1857 coram,
356 1824 436 1851 hodie
447 1824 568 1860 quidem,
582 1830 612 1851 ut
622 1826 728 1856 scribis,
743 1832 788 1854 aut
798 1835 866 1854 craS.

825 1339 878 1357 fito}

281 1910 427 1935 XXU1.(Iu
439 1913 553 1933 'rim-utana,
564 1913 653 1933 Λιιιυιιίο,
663 1914 761 1931 Dolabella
773 1923 811 1932 um
832 1917 886 1938 710.)

413 1955 580 1982 CICERO
608 1957 775 1984 ATTICO
807 1958 834 1985 S.

282 1987 402 2018 Mirifice
425 1998 562 2028 torqueor,
583 1994 642 2019 sine
657 1993 747 2020 dolore
767 2000 868 2023 tamen:
892 1997 939 2023 sed
957 2006 1019 2032 per-

227 2028 310 2055 multa
329 2029 398 2055 mihi
413 2030 446 2056 de
461 2035 550 2056 nostro
560 2031 654 2056 itinere
669 2032 695 2057 in
708 2036 850 2068 utramque
862 2039 963 2068 partem
974 2044 1020 2061 oc-

225 2104 276 2130 erit
295 2108 384 2130 autem
404 2113 490 2138 usque
505 2104 570 2130 dum
586 2105 618 2131 ad
635 2114 740 2132 navem.
781 2108 866 2134 Pansa
884 2109 907 2134 si
923 2110 1020 2136 rescri-

226 2141 322 2175 pserit,
343 2146 369 2167 et
383 2150 469 2167 meam
487 2141 535 2168 tibi
546 2147 571 2168 et
582 2142 656 2168 illius
667 2143 808 2177 epistolam
819 2146 933 2172 mittam.
975 2146 1019 2173 Si-

226 2177 293 2203 lium
311 2178 514 2213 exspectabam:
537 2180 583 2205 cui
601 2179 742 2215 ὑπόμνημα
761 2184 950 2217 compositum.
989 2184 1018 2210 Si

224 2214 292 2249 quid
312 2216 384 2242 novi.
424 2216 481 2251 Ego
501 2215 601 2242 litteras
617 2217 680 2243 misi
695 2217 729 2243 ad
742 2219 869 2246 Brutum:
891 2221 970 2246 cuius
984 2221 1018 2247 de

225 2253 320 2278 itinere
331 2253 410 2279 etiam
421 2262 455 2279 ex
465 2258 489 2279 te
501 2253 592 2284 velim,
606 2254 708 2289 siquid
717 2256 796 2287 scies,
808 2265 978 2292 cognoscere.

280 2339 364 2359 xxiv.

394 2341 424 2362 (ln
434 2341 549 2361 Tus-zulano,
559 2342 649 2362 Antonin.
660 2343 760 2360 Dulalwllu
772 2351 818 2361 της.
829 2346 884 2367 510.)

410 2384 575 2412 CICERO
604 2386 772 2413 ATTICO
802 2387 830 2414 S.

279 2416 464 2452 Tabellarius,
482 2430 565 2457 quem
588 2423 622 2449 ad
642 2424 754 2450 Brutum
766 2425 902 2456 miseram,
921 2433 954 2451 ex
970 2425 1018 2451 iti-

224 2464 286 2483 nere
300 2457 380 2484 rediit
390 2466 435 2485 vn.
449 2458 507 2486 Kal.
547 2460 579 2486 Ei
591 2460 706 2487 Servilia
718 2460 796 2491 dixit,
807 2470 838 2488 eo
849 2461 893 2488 die
903 2461 1016 2488 Brutum

223 2493 254 2519 H.
272 2502 309 2520 iv.
325 2494 484 2529 profectum.
525 2496 594 2523 Sane
605 2497 689 2528 dolui,
702 2506 774 2524 meas
786 2498 887 2524 litteras
897 2498 1016 2525 redditas

224 2538 275 2556 non
285 2538 354 2557 esse.
389 2532 474 2558 Silius
485 2533 517 2559 ad
530 2542 572 2560 me
583 2543 635 2561 non
648 2539 766 2561 venerat.
801 2535 930 2562 Caussam
941 2545 1016 2562 com-

223 2567 311 2600 posui.
351 2568 420 2594 Eum
438 2569 560 2597 libellum
575 2571 624 2598 tibi
640 2572 712 2598 misi.
753 2572 789 2598 Te
800 2581 854 2607 quo
865 2572 908 2599 die
918 2581 1016 2608 exspe-

223 2608 300 2634 ctem,
314 2604 396 2631 velim
405 2606 484 2634 scire.

763 579 849 604 »Tum
862 588 913 609 me,
929 580 1024 614 inquit,
1056 591 1057 604 ι

1054 783 1057 829 i

225 2071 346 2093 currunt.
377 2066 542 2101 Quousque?
560 2068 678 2102 inquies.
700 2068 793 2100 Quoad
807 2071 858 2097 erit
868 2072 1016 2107 integrum:
1048 2067 1050 2090 Ῐ
1070 2063 1128 2080 sere
1140 2053 1245 2089 ahqmd
1255 2057 1418 2088 susplcetur'

851 877 1014 904 ,rebellarim
1048 869 1056 896 ¹3
1079 858 1411 921 legatumdwevdeyyvciqq»
1426 866 1535 887 senatus
1546 861 1677 887 consulto.

1002 899 1022 907 '¹
1047 912 1049 921 ι
1078 904 1118 924 re,
1140 897 1186 930 qui
1223 897 1267 922 sit.

1047 940 1055 954 ι’
1078 943 1119 960 me
1130 933 1161 959 ad
1173 933 1283 959 Brutum
1295 942 1354 960 esse
1366 935 1480 961 missum
1491 935 1518 961 in
1533 936 1714 970 Anagninum,
1727 935 1759 961 ad
1771 944 1812 961 me
1823 944 1870 962 ve-

1021 116 1295 144 ‹ttCERONtS

1135 186 1176 205 xx
1185 186 1209 206 V.
1239 188 1269 205 ri..
1279 189 1396 208 'ruunt-vn.
1406 190 1604 208 Anv-m-1..¹›‹.i.=,.n·
1616 198 1661 208 ω...
1673 193 1711 209 τιο
1726 201 1727 206 ι

1261 231 1425 257 ctcsstto
1457 233 1620 260 ATtho
1652 235 1680 260 S.

1138 262 1182 292 I)e
1204 275 1262 293 meo
1289 269 1382 294 itincre
1399 270 1486 295 variae
1502 273 1661 297 sententiae:
1697 272 1775 297 multi
1798 272 1870 298 enim

1050 333 1051 340 ἵ
1080 303 1112 329 ad
1128 312 1179 329 me.
1210 304 1263 330 Sed
1275 310 1302 331 tu
1316 306 1450 337 incumbe,
1463 315 1572 341 quaeso,
1586 309 1611 334 in
1622 317 1680 334 eam
1691 317 1792 334 curam.
1816 309 1871 335 Ma-

1079 349 1130 374 μιιει
1147 350 1188 367 res
1204 347 1254 368 est.
1294 343 1333 368 An
1350 343 1460 377 probas.
1478 345 1500 370 si
1518 345 1550 370 ad
1562 345 1619 371 Kal.
1637 346 1690 372 lan.
1703 355 1734 371 co
1756 346 1872 372 namus?

1081 378 1155 403 Meus
1167 379 1273 405 animus
1285 384 1325 405 est
1335 388 1450 414 aequus:
1474 381 1512 406 sic
1524 386 1621 411 tamen,
1638 388 1666 408 υι
1676 383 1698 409 si
1710 384 1736 409 ni
1761 383 1777 408 il
1788 383 1871 409 ossen-

1080 416 1164 441 sionis
1179 416 1226 441 sit:
1256 421 1281 442 et
1298 422 1324 442 ιιι
1339 418 1418 443 etiam
1435 419 1510 448 scite,
1527 419 1635 453 quodie
1645 419 1708 446 olim
1721 420 1868 454 piaculum.

1081 454 1205 487 mysteria
1218 453 1330 479 scilicet.
1361 454 1423 480 Utut
1434 455 1468 481 sit
1480 464 1530 484 res,
1543 464 1622 481 casus
1632 456 1775 483 consilium
1788 458 1870 483 nostri

1081 490 1184 516 itineris
1200 490 1340 517 iudicabit.
1382 491 1541 518 Dubitemue
1555 494 1647 527 igitur.
1687 494 1733 520 Est
1744 495 1816 520 enim
1829 494 1871 520 hi-

1081 526 1161 553 berna
1178 528 1313 560 navigatio
1326 528 1430 560 odiosa;
1457 538 1542 564 eoque
1552 536 1622 556 exte
1632 531 1800 565 quaesieram
1813 540 1871 566 my-

1079 565 1220 590 steriorum
1236 564 1318 591 diem.
1359 566 1479 597 Brutum,
1498 572 1526 592 ut
1537 567 1643 598 scribis.
1658 569 1747 594 visum
1760 569 1816 594 iria
1830 577 1870 594 mc

1079 606 1153 636 puto.
1194 602 1250 637 Ego
1260 602 1323 628 binc
1335 602 1394 629 volo
1404 603 1474 638 prid.
1492 603 1549 630 Kal.

1133 671 1218 691 xxvi.
1247 673 1278 695 (tn
1287 674 1590 695 Av1»m.=..An=v·1-.v›.nummii.
1601 682 1647 692 ψη.
1660 677 1715 696 ·ιο.)

1263 710 1428 737 CICERO
1456 711 1621 738 ATTICO
1650 711 1678 738 S.

1137 748 1158 772 l.
1176 742 1219 773 De
1233 746 1325 779 Quinti
1339 749 1444 783 negotio
1456 748 1534 775 video
1545 758 1558 775 a
1571 754 1595 775 te
1606 750 1696 775 omnia
1707 749 1782 776 sacta.
1823 750 1870 776 Ille

1078 788 1165 810 tamen
1180 784 1260 814 dolet,
1274 784 1410 815 dubitans,
1425 790 1514 812 utrum
1527 795 1625 812 morem
1637 791 1710 822 gerat
1722 787 1869 821 Leptae.an

1079 821 1157 847 [idem
1171 821 1287 848 infirmet
1298 822 1362 849 lilio.
1403 823 1526 849 Inaudivi
1539 824 1567 850 L.
1581 824 1704 850 Pisonem
1718 824 1786 868 velle
1797 825 1870 867 exire

1309 897 1475 924 Tabellarius
1492 898 1550 927 ille.
1569 906 1649 932 quem
1662 898 1711 924 tibi
1719 861 1869 924 {lieiierilabi'a

1047 981 1049 989 ι
1077 973 1116 998 nit
1127 980 1155 997 ea
1169 975 1257 1000 nocte,
1279 979 1347 1006 quae
1359 973 1480 1006 proxima
1493 977 1551 999 ante
1564 972 1622 998 Kal.
1636 972 1695 1003 fuit,
1715 972 1869 1008 litterasque

232 1025 257 1049 3.
274 1023 335 1049 Tiro
350 1028 428 1059 negat
440 1025 491 1049 iam
504 1024 552 1050 tibi
564 1024 669 1058 plaeere
680 1025 864 1055 Brundisium,
879 1027 1024 1061 etquidem
1047 1015 1055 1054 i
1077 1011 1110 1037 ad
1127 1017 1168 1035 ἠρ
1184 1008 1284 1037 anum:
1309 1018 1335 1035 ¹⁰
1350 1010 1451 1044 qmbus
1467 1018 1550 1036 unum
1567 1009 1684 1036 ahenum
1700 1018 1806 1036 summa
1821 1019 1869 1036 ⁸⁰³

1077 1046 1233 1084 prudentia,
1256 1045 1327 1071 idem
1344 1047 1425 1077 illud,
1444 1052 1473 1073 ut
1487 1052 1603 1081 spectem
1617 1046 1694 1073 ludos
1704 1055 1778 1073 suos.
1819 1047 1870 1073 Re—

1077 1087 1174 1120 scripsi
1190 1084 1306 1113 scilicet.
1330 1086 1447 1119 primurn
1464 1092 1506 1110 nie
1522 1085 1574 1110 iam
1590 1083 1752 1118 protectum.
1775 1089 1803 1110 ut
1818 1093 1869 1111 non

1078 1123 1213 1157 intes-vrum
1225 1123 1273 1149 sit:
1296 1121 1359 1148 dein
1371 1121 1542 1148 ιίιοπώιατον
1553 1129 1620 1151 esse.
1635 1129 1686 1151 me,
1698 1122 1745 1156 qui
1758 1121 1867 1147 Romam

1076 1161 1186 1187 omnino
1201 1165 1261 1195 post
1273 1158 1338 1185 baec
1349 1168 1420 1185 arma
1433 1167 1484 1184 non
1495 1159 1662 1189 accesserim,
1677 1167 1764 1192 neque
1776 1158 1803 1185 id
1816 1164 1868 1185 tam

1077 1197 1191 1232 periculi
1207 1198 1259 1224 mei
1271 1204 1365 1223 caussa
1378 1196 1500 1225 fecerim,
1517 1203 1598 1230 quam
1610 1195 1763 1230 dignitatis,
1780 1195 1870 1222 subito

1076 1235 1109 1261 ad
1126 1234 1203 1261 ludos
1218 1234 1320 1261 venire.
1360 1234 1416 1260 Tali
1431 1233 1503 1260 enim
1515 1237 1632 1267 tempore
1643 1232 1720 1259 ludos
1732 1231 1818 1259 Iacere
1830 1232 1869 1259 illi

1076 1272 1219 1298 honestum
1235 1277 1288 1302 est,
1305 1272 1350 1298 cui
1365 1278 1474 1298 necesse
1489 1274 1541 1296 est:
1563 1274 1682 1304 spectare
1698 1269 1766 1296 mihi
1778 1275 1869 1296 utnon

1076 1314 1116 1336 est
1127 1317 1249 1340 necesse,
1274 1309 1313 1336 sic
1324 1318 1357 1335 ne
1369 1308 1511 1335 honestum
1522 1306 1633 1342 quidem
1645 1311 1694 1333 est.
1734 1307 1869 1342 Equidem

1077 1346 1136 1373 illos
1156 1346 1286 1373 celebrari
1300 1351 1326 1373 et
1344 1354 1402 1373 esse
1417 1353 1498 1381 quam
1513 1344 1683 1380 gratissimos
1709 1344 1870 1371 mirabiliter

1076 1385 1168 1419 cupio:
1192 1384 1275 1419 idque
1286 1385 1321 1411 ita
1332 1383 1452 1410 futurum
1464 1390 1523 1408 esse
1533 1381 1650 1408 confido:
1673 1386 1699 1408 et
1709 1386 1796 1408 tecum
1808 1390 1867 1417 ago,

1075 1426 1105 1448 ut
1119 1422 1171 1448 iam
1186 1421 1220 1448 ab
1235 1422 1292 1456 ipsa
1307 1421 1498 1448 commissione
1513 1418 1546 1445 ad
1562 1427 1618 1449 me.
1639 1418 1868 1453 quemadmodum

1075 1459 1254 1494 accipiantur;
1272 1459 1370 1485 deinde
1380 1459 1490 1485 omuino
1501 1455 1666 1490 reliquorum
1677 1455 1736 1482 dies
1746 1455 1869 1492 singulos

1075 1505 1247 1531 persequare.
1292 1496 1345 1523 Sed
1366 1496 1399 1522 de
1423 1495 1494 1521 ludis
1517 1493 1655 1519 hactenus.
1704 1495 1730 1520 2.
1755 1493 1868 1528 Reliqua

1075 1543 1136 1568 pars
1155 1533 1283 1568 epistolae
1301 1538 1342 1560 est
1357 1533 1403 1559 illa
1422 1531 1534 1567 quidem
1550 1531 1577 1556 in
1593 1535 1734 1565 utramque
1749 1535 1866 1565 partem:

1074 1571 1121 1597 sed
1134 1575 1221 1597 tamen
1234 1570 1377 1597 nonnullos
1389 1569 1524 1597 interdum
1538 1568 1600 1594 iacit
1611 1567 1745 1603 igniculos
1759 1567 1866 1594 viriles:

1073 1608 1146 1643 quod
1157 1607 1237 1643 quale
1249 1608 1299 1635 tibi
1311 1607 1456 1637 videretur.
1470 1611 1499 1632 ut
1510 1613 1603 1640 posses
1614 1605 1791 1647 interpretari.
1806 1606 1868 1631 misi

1074 1645 1107 1672 ad
1121 1650 1145 1672 te
1157 1645 1313 1680 exemplum
1324 1644 1462 1679 epistolae.
1496 1642 1665 1676 Quamquam
1677 1641 1868 1683 mihi-tabella-

1074 1683 1130 1709 rius
1152 1687 1242 1709 noster
1254 1682 1372 1713 dixerat,
1389 1682 1439 1708 tibi
1449 1687 1557 1715 quoque
1568 1687 1597 1704 se
1608 1678 1729 1705 attulisse
1741 1678 1841 1705 litteras
1853 1689 1867 1705 a

1073 1720 1163 1751 Bruto,
1177 1728 1276 1754 easque
1287 1718 1321 1746 ad
1332 1724 1356 1745 te
1367 1727 1381 1745 e
1395 1717 1548 1745 Tusculano
1558 1723 1617 1741 esse
1627 1715 1739 1742 delatas.
1774 1718 1798 1742 3.
1811 1717 1868 1751 Ego

1074 1757 1168 1783 itinera
1188 1757 1227 1783 sic
1246 1764 1462 1791 composueram,
1486 1759 1515 1780 ιιι
1533 1753 1616 1780 Nonis
1637 1751 1730 1784 Quint.
1749 1753 1867 1780 Puteolis

1073 1802 1171 1820 essem.
1212 1793 1295 1819 Valde
1306 1793 1379 1819 enim
1391 1792 1501 1823 festin03
1525 1791 1560 1817 ita
1571 1794 1669 1820 tamen.
1683 1795 1721 1820 ut,
1735 1795 1866 1825 quantum

1073 1831 1153 1857 homo
1169 1831 1266 1865 possit,
1284 1839 1365 1865 quam
1381 1829 1538 1856 cautissime
1549 1828 1684 1863 navigem.
1727 1828 1750 1854 t.
1767 1827 1802 1853 M.
1814 1829 1867 1854 Ae-

1073 1867 1140 1894 lium
1155 1876 1219 1894 cura
1231 1867 1374 1894 liberabis:
1400 1868 1424 1893 is
1435 1874 1476 1892 me
1488 1873 1588 1900 paucos
1599 1873 1697 1899 specus
1709 1865 1736 1890 in
1747 1870 1866 1891 extremo

1072 1905 1169 1935 fundo,
1187 1910 1212 1931 et
1227 1913 1272 1931 eos
1287 1904 1398 1939 quidem
1413 1904 1614 1934 subterrane053
1637 1902 1777 1928 servitutis
1792 1907 1867 1936 putat

1049 1950 1051 1955 ι
1071 1942 1176 1977 aliquid
1197 1942 1350 1968 habituros:
1373 1941 1402 1967 id
1418 1949 1460 1967 me
1476 1940 1594 1966 iamiam
1606 1938 1686 1969 nolle,
1699 1947 1787 1974 neque
1798 1939 1866 1966 mihi

1070 1979 1222 2014 quidquam
1236 1988 1295 2005 esse
1309 1979 1388 2010 tanti,
1415 1977 1472 2008 sed,
1486 1982 1515 2003 ut
1526 1976 1594 2003 mihi
1604 1975 1722 2006 dicebas.
1735 1984 1817 2011 quam
1828 1976 1866 2003 le-

1071 2017 1192 2047 nissime.
1205 2017 1295 2051 potius
1306 2021 1336 2042 ut
1344 2024 1407 2042 cura
1420 2014 1558 2044 liberetur.
1567 2021 1649 2049 quam
1660 2018 1690 2039 ut
1701 2021 1743 2039 me
1753 2021 1866 2040 succen-

1458 2052 1531 2078 ldem
1541 2051 1574 2077 de
1589 2050 1634 2077 illo
1645 2049 1769 2077 Tulliano
1779 2051 1865 2085 capite

1071 2091 1155 2117 libere
1169 2099 1232 2117 cum
1244 2090 1374 2117 Cascellio
1390 2089 1509 2124 loquare.
1549 2089 1633 2115 Parva
1648 2095 1690 2113 res
1699 2092 1753 2114 est:
1777 2087 1825 2114 sed
1836 2093 1864 2114 tu

1070 2128 1138 2154 bene
1149 2128 1300 2154 attendisti:
1323 2128 1406 2153 nimis
1416 2126 1513 2153 callide
1525 2125 1663 2161 agebatur.
1696 2124 1752 2160 Ego
1763 2130 1862 2155 autem,

1069 2166 1093 2191 si
1105 2165 1174 2191 mihi
1185 2165 1360 2199 imposuisset
1370 2163 1484 2199 aliquid,
1497 2162 1570 2198 quod
1581 2170 1664 2197 paene
1676 2161 1746 2192 fecit,
1755 2161 1808 2187 nisi
1819 2166 1864 2188 tua

1070 2202 1171 2228 malitia
1183 2201 1324 2232 adfuisset,
1338 2202 1428 2227 animo
1440 2201 1534 2236 iniquo
1545 2200 1679 2226 tulissem.
1702 2199 1804 2233 ltaque,
1819 2204 1863 2224 ut-

1069 2244 1099 2266 ut
1114 2240 1176 2270 erit,
1198 2247 1255 2265 rem
1275 2238 1401 2273 impediri
1418 2237 1497 2264 malo.
1546 2236 1673 2263 Octavam
1688 2240 1789 2270 partem
1805 2235 1864 2262 tolli

1069 2276 1245 2302 luminarium
1261 2276 1289 2302 in
1304 2275 1418 2302 aedibus
1433 2275 1466 2301 ad
1482 2274 1603 2301 Streniae
1616 2273 1781 2299 memineris.
1811 2272 1862 2299 Cui

1068 2313 1211 2344 Caerellia,
1235 2312 1335 2339 videris
1357 2313 1492 2347 mancipio
1511 2311 1574 2338 dare
1593 2311 1626 2338 ad
1641 2318 1699 2336 eam
1715 2318 1859 2341 summam,

1068 2359 1137 2385 quae
1157 2350 1209 2376 sub
1232 2358 1363 2384 praecone
1388 2349 1438 2376 suit
1463 2349 1594 2375 maxima:
1627 2346 1654 2374 id
1680 2347 1776 2388 opinor
1801 2355 1862 2374 esse

1068 2395 1204 2413 cccmcxx.
1230 2388 1256 2413 5.
1274 2387 1343 2413 Novi
1358 2387 1383 2413 si
1396 2386 1463 2421 quid
1478 2386 1542 2416 erit,
1563 2390 1643 2419 atque
1658 2388 1738 2410 etiam
1753 2385 1778 2410 si
1793 2384 1861 2419 quid

1068 2425 1227 2459 prospicies,
1240 2423 1312 2459 quod
1325 2423 1446 2450 futurum
1457 2427 1545 2457 putes,
1557 2421 1660 2448 scribas
1671 2420 1704 2446 ad
1720 2429 1762 2447 me
1777 2430 1861 2456 quam

1067 2462 1228 2496 saepissime
1239 2461 1332 2487 velim.
1353 2461 1474 2490 Varroni,
1482 2458 1711 2494 quemadmodum
1722 2458 1773 2484 tibi
1783 2467 1862 2486 man-

1067 2498 1140 2529 davi,
1159 2498 1315 2524 memineris
1326 2505 1454 2524 excusare
1465 2496 1615 2523 tarditatem
1627 2495 1775 2522 litterarum
1786 2504 1860 2522 mea-

1046 2532 1047 2535 *
1066 2544 1137 2562 rum.
1177 2535 1295 2561 Mundus
1309 2535 1332 2561 is
1342 2550 1388 2560 —.
1419 2534 1468 2563 Tu,
1485 2533 1520 2559 M.
1533 2533 1636 2558 Ennius
1649 2532 1717 2567 quid
1730 2533 1816 2568 egerit
1825 2532 1859 2559 de

1066 2577 1237 2602 testamento,
1259 2572 1393 2607 (curiosus
1407 2569 1502 2603 enim.)
1520 2569 1601 2596 facias
1617 2578 1659 2596 me
1670 2569 1753 2596 velim
1763 2571 1860 2597 certio-

1066 2617 1132 2636 rem.
1172 2609 1214 2636 Ex
1223 2608 1354 2644 Arpinati,
1368 2616 1404 2633 w.
1417 2608 1485 2633 Non.
