1941 3052
182 162 230 182 mo
754 157 795 182 07.

182 238 243 262 prm·
256 236 296 253 nu·
309 226 356 253 tuli
368 249 372 255 ‚
387 235 427 252 me
440 225 506 252 nihil
520 224 610 254 malle,
623 234 704 260 quam
717 234 822 260 pncem;
841 234 891 252 non
904 227 970 261 quin
991 226 994 278 ι

182 265 274 291 emh-ui
292 265 425 292 timeri-m,
443 272 510 297 ιμιειι·
523 263 575 288 illi:
595 262 640 288 scd
657 272 686 288 ca
704 263 773 288 bello
784 263 858 289 civili
873 263 970 288 leviora

182 302 323 327 duci-bam.
366 300 440 329 lude,
455 304 579 334 susci—pto
592 300 673 329 bello,
691 308 775 334 quum
793 300 972 334 paciscondi-
992 282 994 316 i

183 340 266 364 tiones·
283 338 315 362 ml
333 342 354 363 te
371 337 470 366 nll'erri.
494 346 506 361 a
525 342 601 371 teque
617 337 650 362 ud
667 345 695 362 cn
709 337 852 363 honorilice
863 342 888 363 ct
901 337 971 371 large

183 375 335 409 reqmwleri
349 374 480 405 vids-rem,
495 373 560 400 duxi
574 382 659 399 meam
672 375 812 405 rationem;
830 383 910 409 quam
923 373 971 400 tibi

183 412 258 437 facile
272 420 312 437 me
323 410 510 444 probaturum,
529 419 576 445 pro
590 416 635 437 tuo
648 412 674 437 in
687 420 728 437 me
740 411 882 442 beneficio,
900 411 973 438 arbi-
992 423 994 449 Ἰ

183 449 277 474 tralmr.
320 448 491 473 Mennim-ram
512 457 553 474 nie
574 456 632 474 csse
653 457 751 478 unum,
773 449 820 483 qui
840 457 887 483 pro
905 449 972 475 meis
992 459 994 484 ;

183 486 307 511 maximis
322 485 349 510 in
362 484 555 519 rempublicam
564 486 666 512 meritis
677 486 809 520 supplicia
822 487 971 512 miserrima
992 487 994 504 ¹

182 528 204 549 vt
217 521 404 548 ‹Ji-udelissimu
416 522 600 556 pertulissem3
620 532 662 549 me
678 532 736 549 esse
755 532 853 553 tinum,
869 524 930 558 qui,
948 524 970 549 si
992 522 993 528 ¹

180 559 350 585 offendissem
362 559 420 585 eius
432 560 566 590 animum,
584 560 627 586 cui
639 565 709 590 tum,
727 568 811 595 quum
824 561 876 586 iam
892 561 918 586 in
931 569 972 586 nr·
1000 580 1001 588 1

182 597 232 623 mis
244 596 630 626 essemus,consulatustamen
637 596 702 623 alter
713 602 738 623 et
750 597 904 632 triumphus
916 606 973 623 am-
992 608 995 619 ι

182 634 322 668 plissimus
337 633 519 664 deserebatur,
539 634 670 660 obiicerer
685 634 787 660 cisdem
804 634 925 669 praeliis,
945 639 973 661 ut

182 680 238 697 mea
255 679 366 705 persona
383 679 488 705 semper
503 671 534 697 ad
548 672 729 706 improborum
741 673 842 698 civium
856 673 972 707 impetus

181 708 284 742 aliquid
302 708 438 734 videretur
454 708 551 734 habere
568 708 705 743 populare.
746 709 832 744 Atque
845 709 908 735 haec
920 717 971 735 non

180 754 229 781 ego
245 746 320 780 prius
335 754 395 771 sum
410 747 577 780 suspicatus,
595 755 675 781 quam
688 746 755 772 mihi
768 746 855 781 palam
867 746 972 773 denun-

181 784 241 809 tiata
252 787 327 814 sunt3
342 791 428 817 neque
439 791 468 809 ca
481 788 532 809 tam
545 784 712 818 pertimui,si
724 783 969 812 subeundaessent.
992 785 993 811 l

180 828 261 854 quani
273 819 430 846 declinanda
443 821 543 854 putavi.
557 821 579 846 si
593 821 702 847 honeste
714 821 796 847 vitare
808 829 925 856 possem,
946 823 970 847 8.

179 858 265 889 Quam
283 857 390 883 brevem
408 857 481 883 illius
498 858 636 892 temporis,
659 858 723 883 dum
741 858 767 884 in
784 867 831 892 spe
847 867 899 893 pax
911 858 969 888 fuit,
992 866 994 891 ζ

182 895 309 920 rationem
327 899 442 920 nostram
460 894 549 923 vides:
568 895 665 930 reliqui
683 895 834 921 facultatem
852 904 893 922 res
909 895 972 922 ade-

181 932 238 958 mit,
281 932 314 957 lis
325 936 422 961 autem,
436 932 537 966 quibus
549 940 600 958 non
611 931 758 961 satisfacio,
773 932 850 959 facile
861 941 971 968 respon-

180 968 242 995 deo:
258 976 344 1003 neque
355 969 426 994 enim
439 977 488 1003 ego
498 969 609 995 amicior
619 969 648 995 C.
661 969 767 995 Caesari
779 978 908 1005 umquam
921 970 968 1000 fui,

179 1014 261 1040 quam
273 1005 325 1037 illi3
340 1014 426 1040 neque
439 1005 478 1031 illi
490 1007 629 1032 amiciores
637 1006 808 1041 reipublicae,
817 1016 898 1042 quani
910 1016 968 1043 ego.

179 1043 232 1069 Hoc
244 1043 312 1069 inter
323 1051 365 1069 me
376 1048 402 1069 et
413 1042 473 1069 illos
485 1043 606 1070 interest:
620 1044 700 1078 quod,
715 1052 800 1078 quum
812 1049 836 1070 et
847 1044 886 1070 illi
897 1046 970 1070 cives

179 1080 274 1114 optimi
286 1080 347 1110 sint,
356 1084 381 1106 et
393 1088 441 1115 ego
452 1080 486 1106 ab
498 1081 546 1106 ista
560 1080 637 1107 laude
649 1089 700 1107 non
711 1081 808 1111 absim,
817 1090 866 1116 ego
877 1081 971 1108 condi-

180 1117 312 1147 tionibus,
330 1116 402 1152 quod
418 1117 490 1143 idem
507 1122 531 1144 te
543 1118 726 1144 intellexeram
738 1118 821 1149 velle,
837 1118 877 1144 illi
889 1119 970 1145 armis

179 1154 322 1189 disceptari
335 1154 496 1181 maluerunt.
522 1154 594 1187 Quae
606 1156 733 1190 quoniam
746 1155 812 1181 ratio
823 1156 896 1186 vicit,
911 1165 971 1190 per-

180 1192 267 1217 ticiam
284 1191 413 1226 profecto,
432 1196 461 1218 ut
477 1200 564 1226 neque
581 1192 733 1227 respublica
748 1193 817 1219 civis
829 1201 843 1219 a
859 1201 901 1220 me
912 1194 971 1220 ani-

179 1237 263 1258 mum,
280 1237 366 1263 neque
377 1233 404 1255 tu
415 1229 495 1255 amici
506 1228 653 1256 desideres.

231 1327 282 1348 ΧΠ.
315 1329 410 1350 (surmio,
421 1329 520 1351 Marcello,
530 1331 611 1349 Ltntulo
621 1338 668 1348 που,
680 1333 734 1353 70⁵.)

363 1379 529 1408 CICERO
558 1382 725 1409 ATTICO
755 1382 783 1410 S.

234 1419 256 1443 l.
272 1411 346 1443 Mihi
359 1417 494 1444 molestior
505 1418 639 1453 lippitudo
649 1425 703 1446 erat
714 1421 804 1451 etiam,
817 1428 898 1455 quam
910 1424 970 1447 ante
991 1435 993 1441 ι

178 1454 272 1480 suerat.
312 1454 414 1481 Dictare
430 1459 517 1482 tamen
535 1456 602 1483 hanc
618 1457 758 1492 epistolam
773 1457 870 1489 malui,
887 1466 969 1493 quam
991 1457 992 1462 ¹

177 1490 254 1518 Gallo
261 1490 351 1522 Fadio,
364 1493 548 1520 amantissimo
560 1495 700 1529 utriusque
712 1500 843 1526 nostrum,
857 1495 925 1521 nihil
937 1495 969 1521 ad
990 1524 993 1529 ⁸

177 1533 201 1554 te
214 1528 360 1555 litterarum
371 1529 445 1556 dare.
461 1530 528 1556 Nam
539 1531 626 1565 pridie
637 1531 758 1566 quidem,
771 1541 880 1567 quoquo
892 1532 970 1559 modo
990 1538 991 1541 ’

176 1570 329 1600 potueram,
346 1567 507 1601 scripseram
520 1568 577 1602 ipse
589 1577 634 1595 eas
646 1568 760 1600 litteras,
773 1578 889 1604 quarum
901 1570 971 1596 vati-

175 1603 337 1629 cinationem
355 1603 449 1630 salsam
465 1613 525 1631 esse
540 1606 630 1641 cupio.

176 1640 216 1666 lae
228 1648 279 1667 non
291 1640 379 1667 solum
390 1649 420 1667 ea
431 1650 525 1668 caussa
540 1648 593 1674 est,
616 1647 645 1670 ut
660 1652 692 1669 ne
705 1645 767 1678 quis
778 1652 791 1670 a
804 1652 846 1670 me
857 1644 916 1670 dies
927 1645 970 1670 in-
990 1651 992 1680 J

177 1678 350 1709 termittatur,
367 1679 434 1713 quin
449 1678 511 1705 dem
526 1679 559 1706 ad
575 1685 600 1706 te
615 1680 729 1707 litteras:
747 1681 795 1707 sed
810 1682 890 1708 etiam
905 1681 970 1708 haec

175 1715 279 1746 iustior,
292 1719 345 1741 uta
358 1720 382 1742 te
393 1716 572 1751 impetrarem,
582 1722 610 1744 ut
620 1726 741 1744 sumeres
751 1717 855 1753 aliquid
867 1723 971 1753 tempo·
990 1723 992 1745 1

175 1752 225 1783 ris,
243 1760 296 1787 quo
312 1753 375 1787 quia
392 1753 441 1779 tibi
453 1755 599 1789 perexiguo
610 1763 678 1789 opus
689 1759 742 1786 est,
760 1755 889 1790 explicari
901 1755 969 1782 mihi
990 1761 991 1774 ¹

176 1793 251 1814 tuum
264 1789 408 1816 consilium
420 1790 499 1825 plane
510 1791 579 1822 volo,
593 1796 621 1818 ut
632 1793 740 1826 penitus
752 1792 912 1828 intelligam.
942 1794 967 1819 2.

174 1826 270 1852 Omnia
283 1831 346 1852 sunt
357 1827 459 1863 integra
472 1828 560 1855 nobis.
601 1828 674 1855 Nihil
687 1830 906 1863 praetermissum
917 1834 966 1860 est,

174 1862 247 1897 quod
259 1871 311 1890 non
323 1863 419 1891 habeat
429 1865 578 1900 sapientem
589 1867 803 1897 excusationem,
821 1875 873 1893 non
889 1866 969 1893 modo

174 1900 353 1934 probabilem.
393 1902 460 1928 Nam
475 1907 546 1929 certe
561 1911 649 1938 neque
664 1907 720 1929 tum
737 1904 860 1938 peccavi,
882 1912 968 1939 quum
989 1936 990 1939 Ἴ

174 1937 332 1971 imparatam
349 1937 481 1972 Capuam,
503 1948 555 1965 non
571 1940 658 1966 solum
675 1940 799 1975 ignaviae
814 1940 932 1967 dedecus
945 1942 966 1971 *,
989 1944 991 1964 l

174 1974 222 2000 sed
232 1975 312 2000 etiam
324 1975 453 2009 perfidiae
462 1977 645 2011 suspicionem
658 1976 774 2012 fugiens,
788 1978 908 2012 accipere
920 1986 968 2004 no-

175 2010 227 2037 lui:
242 2019 328 2046 neque
339 2020 434 2046 quum,
448 2018 507 2047 post
516 2014 684 2041 conditiones
695 2015 769 2049 pacis
780 2015 968 2050 perL.Caesa-

174 2056 230 2074 rem
242 2053 267 2074 et
278 2049 407 2075 Fabatum
423 2049 530 2081 allatas,
547 2052 620 2081 cavi,
638 2060 671 2078 ne
682 2052 803 2078 animum
815 2053 874 2079 eius
884 2052 968 2079 offen-

173 2085 275 2116 derem,
289 2086 483 2121 cuiPompeius
494 2088 546 2114 iam
558 2094 676 2115 armatus
687 2094 787 2116 armato
797 2089 967 2117 consulatum
988 2090 997 2112 l:

173 2122 397 2158 triumphumque
413 2123 537 2151 deferret.
577 2127 602 2152 3.
625 2126 679 2152 Nec
694 2134 757 2153 vero
773 2127 838 2153 haec
848 2132 967 2154 extrema

173 2160 319 2194 quisquam
334 2165 420 2195 potest
436 2162 493 2188 iure
508 2163 717 2197 reprehendere,
738 2164 811 2199 quod
826 2173 898 2191 mare
914 2173 967 2191 nou

172 2198 335 2224 transierim.
376 2198 405 2224 ld
417 2199 502 2230 enim,
519 2201 569 2226 etsi
579 2205 635 2227 erat
645 2200 860 2233 deliberationis,
878 2206 966 2229 tamen
988 2199 989 2203 ¹

171 2233 246 2260 obire
258 2243 309 2261 non
320 2236 406 2270 potui.
446 2237 538 2272 Neque
549 2238 621 2264 enim
633 2239 766 2272 suspicari
776 2238 872 2271 debui,
889 2247 967 2274 prae-

172 2271 265 2297 sertim
285 2280 371 2307 quum
386 2281 419 2299 ex
433 2274 521 2308 ipsius
536 2275 657 2310 Pompeii
674 2274 782 2305 litteris,
806 2276 878 2302 idem
893 2276 967 2311 quod

172 2308 251 2334 video
263 2313 286 2335 te
298 2310 481 2341 existimasse,
500 2320 552 2338 non
563 2312 724 2343 dubitarim,
738 2313 805 2348 quin
817 2313 841 2339 is
851 2314 966 2340 Domitio
987 2324 989 2334 v

171 2345 356 2373 subventurus
367 2352 447 2374 esset.
478 2348 511 2375 Et
520 2348 609 2383 plane,
622 2349 689 2384 quid
700 2355 803 2376 rectum
814 2355 840 2377 et
848 2351 915 2385 quid
927 2350 967 2377 fa-
987 2355 988 2358 ’

171 2382 298 2409 ciendum
310 2384 378 2410 mihi
389 2389 467 2416 esset,
486 2385 590 2413 diutius
599 2387 715 2422 cogitare
726 2387 820 2414 malui.
861 2389 885 2414 4.
908 2388 967 2414 Pri-

173 2427 246 2445 mum
257 2421 348 2456 igitur,
358 2421 423 2448 haec
432 2422 524 2457 qualia
530 2423 581 2450 tibi
592 2431 651 2450 esse
663 2423 814 2455 videantur,
822 2425 966 2461 etsisigui-

172 2456 246 2482 licata
257 2462 344 2484 sunta
356 2463 389 2489 te,
403 2464 492 2486 tamen
502 2461 653 2487 accuratius
663 2461 732 2487 mihi
742 2462 904 2496 perscribas,
918 2470 966 2488 ve·
994 2462 995 2469 ¹

173 2492 232 2523 lim;
246 2493 343 2520 deinde
355 2495 458 2531 aliquid
469 2497 549 2524 etiam
561 2499 731 2532 inposterum
743 2499 900 2534 prospicias.
915 2499 966 2525 iiu-

171 2536 286 2563 gasque,
309 2539 389 2566 quem
404 2541 446 2559 me
462 2542 520 2560 esse
531 2535 635 2565 deceat,
653 2539 679 2562 et
692 2535 740 2561 ubi
756 2544 799 2562 me
814 2535 964 2570 plurimum

171 2566 298 2607 prodesse
309 2569 473 2603 reipublicae
484 2572 598 2605 sentias,
615 2580 715 2606 ecquae
729 2572 840 2607 pacifica
850 2581 963 2608 persona

171 2601 351 2636 desideretur,
366 2614 399 2632 an
410 2607 437 2633 in
449 2607 574 2641 bellatore
585 2609 639 2636 siut
649 2609 749 2636 omnia.
770 2610 891 2645 5.Atque
902 2618 961 2646 ego,

671 1606 758 1633 Huius
769 1611 858 1633 autem
870 1607 970 1642 episto·
990 1613 999 1642 ξι

987 2337 989 2349 l
994 2339 996 2354 l

987 2360 988 2374 l

994 2358 995 2375 l

993 2415 995 2433 l

830 156 864 182 M.
895 156 925 182 T.
957 154 1230 182 eiCEnoNtS

1024 226 1180 252 subiissem.
1221 225 1343 255 Memini,
1370 225 1436 261 quid
1462 226 1529 253 mihi
1553 232 1609 253 tum
1630 228 1747 254 auant-ris
1767 236 1814 263 per

1023 263 1222 298 Theophanem.
1231 263 1440 298 perCuleonem;
1455 265 1536 299 idque
1547 273 1626 299 saepe
1634 266 1814 298 ingemiscens

1024 309 1084 326 sum
1097 300 1260 326 recordatus.
1294 300 1380 332 Quare
1393 309 1463 327 nunc
1475 301 1567 328 nahem
1580 301 1612 327 ad
1626 302 1685 328 illm
1696 302 1814 328 calvolus

1025 342 1198 367 revertamur,
1212 342 1343 372 quostum
1351 337 1513 369 ahie-vinium
1528 344 1613 364 utnon
1621 339 1707 365 »olum
1715 339 1815 374 glorio-

1024 375 1062 400 sis
1073 374 1194 400 consiliis
1206 379 1321 404 utamur,
1338 374 1384 400 sed
1397 375 1422 401 in
1435 374 1534 410 periclo
1545 376 1555 386 ⁶
1567 375 1733 402 salubribus
1761 376 1815 403 Sed

1025 411 1091 437 nihil
1105 411 1266 446 praescribo.
1304 413 1431 438 Accurate
1444 412 1524 438 velim
1536 413 1685 447 perscribas
1697 419 1769 439 tuam
1781 413 1814 439 ud

1025 457 1066 474 me
1078 449 1247 475 sententiam.
1287 450 1312 474 6.
1335 448 1399 475 Volo
1409 450 1489 475 etiam
1500 450 1640 484 exquiras,
1658 459 1738 485 quam
1751 450 1814 477 dili-

1023 487 1182 521 gentissime
1194 486 1301 520 poteris,
1319 486 1442 519 (habebis
1454 491 1556 515 autem,
1571 495 1618 521 per
1627 495 1695 522 quon
1706 489 1816 522 possis.)

1024 522 1090 557 quid
1103 522 1232 549 Lentulus
1244 528 1344 553 noster,
1357 523 1423 558 quid
1436 524 1567 550 Domitius
1578 529 1650 558 agat,
1663 524 1729 559 quid
1740 530 1814 551 actu-

1025 569 1070 586 rus
1086 561 1132 591 sit;
1151 559 1379 595 quemadmodum
1397 569 1468 587 nunc
1482 570 1510 587 se
1526 566 1632 596 gerantz
1655 570 1720 588 num
1733 571 1814 597 quem

1025 602 1164 627 accusent,
1184 606 1248 623 num
1259 598 1499 624 cuisuccenseant.
1520 613 1556 618 —
1576 598 1646 630 Quid
1658 598 1732 626 dico.
1750 608 1814 625 num

1023 634 1086 660 cui‘?
1106 643 1169 661 num
1187 635 1321 669 Pompeio.
1361 636 1477 661 Omnino
1492 634 1599 670 culpam
1614 644 1721 662 omnem
1738 636 1815 662 Pom-

1024 672 1101 707 peius
1118 673 1144 698 in
1162 672 1305 698 Domitium
1327 671 1440 698 confert:
1463 672 1535 707 quod
1557 673 1643 707 ipsius
1661 672 1755 699 litteris
1770 682 1815 700 co-

1023 710 1115 744 gnosci
1128 714 1226 744 potest:
1245 717 1358 744 quarum
1371 709 1525 744 exemplum
1537 709 1569 735 ad
1585 715 1609 735 te
1621 710 1706 736 mitto.
1747 710 1815 736 Haec

1024 747 1107 779 igitur
1123 746 1242 777 videbis;
1259 751 1297 777 et,
1313 746 1385 781 quod
1401 747 1433 773 ad
1450 752 1474 773 te
1490 752 1549 773 ante
1560 747 1671 781 scripsi,
1690 747 1815 774 Demetrii

1024 784 1154 819 Magnetis
1166 783 1279 813 librum,
1297 792 1379 819 quem
1390 783 1422 810 ad
1435 789 1459 811 te
1471 785 1545 811 misit
1555 783 1588 810 de
1598 783 1752 814 concordia,
1769 793 1816 811 ve-

1025 820 1071 847 lim
1083 821 1149 847 mihi
1162 822 1261 848 mittas.

1076 927 1115 952 A.)
1144 929 1252 951 (Marullo,
1262 929 1342 946 [gamin
1352 936 1398 947 cu...
1410 931 1464 949 roa.)

1073 980 1130 1006 CN.
1153 980 1315 1007 MAGNUS
1335 980 1494 1007 Phocus.
1517 980 1545 1006 S.
1568 980 1596 1006 D.
1619 980 1648 1007 C.
1671 980 1764 1007 MAR-

1162 1034 1290 1061 CELLo
1310 1034 1340 1061 L.
1363 1034 1546 1061 LENTULO
1566 1034 1671 1060 COSS.

1080 1089 1102 1114 l.
1125 1084 1198 1123 Ego,
1214 1088 1286 1123 quod
1299 1088 1501 1117 existimabam,
1515 1087 1652 1122 dispersos
1664 1096 1711 1114 nos
1727 1096 1814 1123 neque

1023 1125 1187 1160 reipublicae
1199 1125 1292 1153 utiles.
1311 1134 1398 1160 neque
1414 1125 1491 1152 nobis
1507 1124 1641 1159 praesidio
1655 1133 1713 1151 esse
1724 1133 1812 1160 posse,

1023 1161 1122 1188 idcirco
1134 1162 1166 1188 ad
1179 1163 1208 1189 L.
1222 1163 1367 1188 Domitium
1380 1162 1479 1188 litteras
1491 1162 1562 1191 misi.
1576 1162 1693 1196 primum
1705 1163 1744 1188 uti
1757 1163 1814 1197 ipse

998 1219 1000 1228 Α
1022 1208 1084 1225 cum
1095 1200 1167 1226 omni
1179 1200 1255 1234 copia
1268 1199 1300 1225 ad
1315 1208 1362 1226 nos
1374 1200 1489 1226 veniret:
1505 1199 1529 1225 si
1540 1199 1573 1225 de
1584 1207 1612 1226 se
1623 1199 1772 1230 dubitaret,
1786 1204 1816 1226 ut

1022 1236 1143 1263 cohortes
1155 1245 1216 1267 six,
1229 1245 1298 1271 quae
1309 1245 1341 1263 ex
1353 1237 1449 1263 Piceno
1460 1235 1493 1263 ad
1506 1245 1547 1263 me
1559 1237 1608 1263 iter
1619 1236 1766 1267 habebant,
1780 1236 1814 1263 ad

1023 1282 1070 1300 nos
1082 1274 1206 1300 mitteret.
1247 1273 1323 1306 Quod
1338 1275 1441 1300 veritus
1451 1282 1526 1305 sum,
1544 1273 1641 1300 sactum
1653 1279 1706 1305 est,
1724 1278 1753 1300 ut
1763 1274 1815 1301 Do-

1022 1311 1115 1337 mitius
1130 1310 1326 1346 implicaretur,
1346 1319 1433 1346 neque
1449 1311 1507 1346 ipse
1520 1311 1585 1337 satis
1596 1310 1690 1337 firmus
1701 1315 1771 1338 esset
1781 1310 1815 1338 ad

1022 1353 1107 1375 castra
1123 1347 1258 1374 facienda:
1280 1348 1352 1383 quod
1372 1357 1446 1375 meas
1460 1356 1508 1374 xix
1523 1353 1549 1374 et
1563 1357 1627 1374 suas
1639 1356 1677 1374 ,ιιι
1692 1347 1815 1375 cobortes

1022 1385 1109 1412 tribus
1121 1386 1148 1412 in
1159 1385 1268 1420 oppidis
1278 1385 1436 1412 distributas
1448 1385 1569 1412 haberet:
1583 1385 1654 1419 (nam
1665 1386 1761 1420 partim
1768 1385 1815 1412 Al-

1022 1423 1085 1453 bae,
1103 1423 1200 1457 partim
1212 1422 1341 1450 Sulmone
1351 1422 1518 1458 collocavit3)
1529 1431 1616 1458 neque
1627 1431 1669 1453 se,
1686 1423 1710 1449 si
1723 1422 1812 1453 vellet,

1021 1460 1149 1495 expedire
1161 1465 1260 1495 posset.
1299 1461 1324 1487 2.
1341 1460 1419 1487 Nunc
1429 1461 1530 1491 scitote,
1544 1468 1586 1486 me
1597 1468 1656 1486 esse
1669 1460 1696 1486 in
1707 1467 1814 1486 summa

1021 1497 1212 1524 sollicitudine.
1252 1497 1318 1524 Nam
1329 1502 1355 1524 et
1365 1502 1402 1524 tot
1411 1502 1437 1524 et
1448 1497 1513 1524 tales
1524 1498 1596 1523 viros
1607 1496 1727 1532 periculo
1740 1497 1815 1524 obsi-

1021 1534 1110 1561 dionis
1133 1534 1246 1561 liberare
1266 1535 1360 1570 cupio:
1385 1543 1472 1570 neque
1492 1534 1617 1561 subsidio
1632 1535 1670 1560 ire
1685 1542 1811 1569 possum;

1021 1571 1094 1607 quod
1106 1571 1149 1598 his
1159 1571 1266 1598 duabus
1278 1571 1430 1608 legionibus
1442 1580 1494 1598 non
1505 1577 1570 1607 puto
1580 1579 1639 1598 esse
1645 1572 1815 1598 committen-

1021 1609 1134 1639 dum,ut
1146 1608 1210 1636 illuc
1221 1609 1366 1641 ducantur3
1379 1617 1413 1636 ex
1423 1609 1526 1644 quibus
1538 1614 1625 1635 tamen
1637 1617 1688 1635 uon
1695 1608 1813 1643 amplius

1019 1654 1068 1672 xii·
1081 1646 1202 1673 cohortes
1213 1645 1368 1673 contrahere
1374 1647 1462 1681 potui:
1476 1646 1548 1681 quod
1554 1645 1728 1672 Brundisium
1735 1653 1814 1680 prae-

1020 1683 1122 1710 sidium
1137 1684 1213 1710 misi:
1239 1691 1326 1718 neque
1341 1683 1488 1710 Canusium
1503 1683 1562 1709 sine
1577 1682 1725 1718 praesidio,
1747 1682 1812 1709 dum

1021 1720 1152 1751 abessem,
1166 1721 1259 1755 putavi
1270 1728 1328 1746 esse
1340 1719 1541 1746 dimittendum.
1561 1721 1586 1746 3.
1598 1719 1725 1746 D.Laelio
1736 1728 1814 1747 man-

1020 1757 1125 1788 daram,
1143 1757 1214 1792 quod
1228 1758 1340 1784 maiores
1351 1758 1442 1792 copias
1452 1757 1592 1792 sperabam
1604 1765 1652 1783 nos
1663 1756 1810 1787 habituros,

1020 1799 1062 1825 ut,
1080 1795 1104 1821 si
1116 1795 1193 1821 vobis
1205 1794 1354 1825 videretur,
1371 1794 1496 1821 alteruter
1507 1799 1626 1821 vestrum
1637 1793 1670 1820 ad
1682 1802 1724 1820 me
1736 1795 1813 1821 veni-

1021 1837 1071 1859 ret:
1089 1832 1154 1858 alter
1170 1832 1197 1858 in
1210 1831 1331 1858 Siciliam
1347 1840 1409 1858 cum
1425 1840 1454 1858 ea
1469 1832 1559 1866 copia,
1576 1839 1658 1866 quam
1669 1831 1775 1866 Capuae
1787 1836 1813 1858 et

1020 1870 1122 1896 circum
1137 1869 1255 1904 Capuam
1275 1869 1463 1904 comparastis,
1486 1874 1511 1895 et
1529 1877 1592 1895 cum
1612 1869 1646 1894 iis
1666 1868 1810 1899 militibus,

1019 1915 1087 1942 quos
1099 1907 1213 1933 Faustus
1226 1906 1302 1942 legit,
1316 1906 1541 1941 proficisceretur,
1557 1906 1689 1932 Domitius
1700 1914 1762 1932 cum
1773 1913 1812 1932 xn

1019 1945 1077 1970 suis
1088 1943 1243 1970 cohortibus
1254 1943 1347 1970 eodem
1359 1943 1563 1979 adiungeretur3
1586 1942 1706 1978 reliquae
1719 1943 1812 1978 copiae

1019 1989 1112 2007 omnes
1122 1980 1298 2007 Brundisium
1309 1986 1480 2016 cogerentur,
1493 1985 1519 2007 et
1531 1979 1592 2007 inde
1603 1979 1720 2006 navibus
1730 1980 1812 2016 Dyrr-

1019 2018 1147 2045 hachium
1158 2022 1408 2053 transportarentur.
1434 2018 1520 2048 Nunc,
1536 2025 1621 2052 quum
1633 2017 1683 2043 hoc
1693 2021 1812 2052 tempore

1019 2055 1105 2082 nihilo
1115 2056 1202 2091 magis
1213 2063 1271 2091 ego,
1283 2063 1365 2090 quam
1377 2063 1433 2086 vos,
1441 2054 1564 2081 subsidio
1574 2055 1689 2081 Domitio
1700 2054 1738 2080 ire
1748 2061 1811 2089 pos-

1018 2094 1084 2124 sim,
1102 2098 1127 2119 et
1141 2092 1152 2105 *
1168 2093 1336 2128 e(xercitu)m
1351 2100 1400 2127 per
1416 2097 1520 2119 montes
1535 2091 1682 2126 explicat-(³3
1706 2099 1757 2118 non
1771 2094 1812 2117 est

1018 2130 1096 2157 nobis
1114 2129 1350 2160 committendum,
1367 2134 1397 2156 ut
1411 2129 1444 2155 ad
1461 2129 1509 2155 has
1523 2137 1571 2155 xiv
1585 2128 1720 2159 cohortes,
1741 2135 1810 2162 quas

995 2184 996 2187 =
1018 2176 1067 2204 ego
1077 2167 1161 2194 dubio
1172 2168 1261 2193 animo
1273 2166 1368 2198 habeo,
1377 2166 1462 2193 hostis
1473 2165 1608 2197 accedere,
1621 2170 1666 2192 aut
1677 2166 1704 2192 in
1715 2165 1811 2191 itinere

995 2192 996 2213 l

994 2235 997 2273 l

1018 2213 1060 2231 me
1080 2205 1210 2240 consequi
1229 2205 1324 2239 possit.
1365 2205 1390 2230 4.
1411 2203 1591 2236 Quamobrem
1615 2202 1746 2238 placitum
1769 2206 1811 2228 est

1018 2242 1095 2273 mihi,
1109 2246 1188 2277 atque
1199 2242 1234 2268 ita
1246 2241 1325 2268 video
1335 2241 1439 2268 censeri
1450 2239 1574 2267 Marcello
1585 2244 1611 2266 et
1619 2239 1715 2266 ceteris
1725 2239 1808 2265 nostri

1016 2279 1134 2309 ordinis,
1151 2279 1199 2313 qui
1215 2279 1259 2304 hic
1274 2283 1350 2309 sunt,
1368 2283 1398 2305 ut
1407 2277 1584 2305 Brundisium
1598 2276 1724 2303 ducerem
1739 2275 1809 2302 hanc

1017 2317 1132 2351 copiam,
1145 2324 1227 2351 quam
1239 2323 1346 2342 mecum
1358 2315 1453 2342 habeo.
1493 2315 1546 2341 Vos
1557 2314 1653 2344 hortor,
1670 2317 1708 2343 ut,
1721 2312 1810 2347 quod-

1017 2362 1135 2388 cumque
1146 2353 1264 2379 militum
1276 2352 1432 2379 contrahere
1442 2352 1576 2387 poteritis,
1593 2349 1768 2379 contrahatis,
1782 2354 1810 2376 et

1016 2391 1111 2418 eodem
1126 2390 1242 2417 veniatis
1256 2390 1470 2425 quamprimum.
1509 2389 1602 2418 Arma,
1626 2395 1696 2422 quae
1711 2386 1745 2412 ad
1765 2395 1808 2413 me

1016 2428 1128 2454 missuri
1139 2428 1232 2457 eratis,
1246 2428 1293 2458 iis,
1309 2435 1419 2457 censeo,
1435 2426 1543 2452 armetis
1554 2424 1653 2450 milites
1662 2444 1668 2454 ,
1680 2432 1748 2458 quos
1759 2431 1808 2450 vo-

1016 2466 1123 2492 biscum
1136 2464 1250 2491 habetis.
1290 2463 1364 2496 Quae
1374 2472 1448 2490 arma
1458 2461 1632 2497 superabunt,
1645 2469 1676 2487 ea
1687 2461 1710 2487 si
1720 2461 1808 2487 Brun-

1015 2503 1117 2529 disium
1128 2502 1256 2528 iumentis
1266 2501 1445 2536 deportaritis‚
1461 2500 1633 2526 vehementer
1642 2497 1808 2532 reipublicae

1015 2539 1180 2575 profueritis.
1220 2539 1256 2565 De
1272 2538 1322 2564 hac
1336 2546 1364 2564 re
1379 2537 1461 2563 velim
1475 2541 1578 2563 nostros
1588 2535 1714 2561 certiores
1724 2534 1808 2561 facia-

992 2586 993 2590 *
1015 2578 1062 2603 tis:
1080 2585 1130 2612 ego
1144 2576 1178 2603 ad
1188 2576 1217 2602 P.
1230 2576 1337 2610 Lupum
1348 2579 1374 2601 et
1383 2573 1413 2601 C.
1425 2573 1572 2608 Coponium
1587 2577 1720 2607 praetores
1731 2572 1804 2602 misi,

991 2635 993 2644 ,
1014 2619 1043 2640 ut
1053 2622 1082 2640 se
1098 2613 1176 2640 nobis
1191 2614 1385 2649 coniungerent
1396 2615 1435 2642 et,
1454 2610 1572 2637 militum
1581 2608 1654 2645 quod
1666 2608 1804 2639 haberent,

171 2639 219 2673 qui
230 2641 319 2666 omnia
329 2641 417 2669 officio
431 2645 533 2676 metior,
546 2646 669 2673 recordor
679 2650 767 2673 tamen
779 2651 824 2673 tua
834 2647 960 2679 consilia;

984 2655 993 2674 l
1014 2651 1047 2678 ad
1059 2659 1106 2678 vos
1116 2650 1288 2678 deducerent.

170 2675 302 2710 quibussi
312 2680 472 2712 paruissem,
480 2683 616 2710 tristitiam
628 2683 736 2710 illorum
748 2688 898 2719 temporum
909 2692 962 2711 non
990 2675 993 2707 ·¹
