1941 3052
10 2375 11 2378 ’
60 2375 149 2403 animo
169 2376 364 2411 rempublicam
385 2377 582 2404 administrant.

332 104 656 132 EPISTOLARUM
685 105 738 132 AD
767 105 995 133 DIVERSOS
1026 107 1106 133 LIB.
1130 107 1197 134 XII.
1228 108 1288 134 ΕΡ.
1311 109 1382 134 5-
1406 110 1444 135 13.

69 178 95 201 et
112 174 138 200 in
155 174 207 200 tuis
222 175 307 209 copiis
324 183 393 201 esse.

70 212 178 237 bemus:
201 211 249 237 sed
261 216 358 243 tamen,
373 217 402 239 ut
412 213 510 244 onmia,
524 218 553 240 ut
563 222 650 248 spero,
663 222 789 248 prospere
800 222 863 248 pro-

69 248 173 279 cedant,
187 248 302 275 multum
315 250 423 276 interest
435 255 459 277 te
471 251 572 277 venire.
599 251 704 286 Exigua
716 251 788 276 enim
800 259 862 285 spes

68 290 109 312 est
124 286 302 320 reipublicae:
325 295 386 313 nam
407 287 509 314 nullam
529 297 581 314 non
598 287 663 314 libet
678 287 780 314 dicere:
803 288 860 319 sed,

68 331 256 358 quaecumque
267 328 315 355 est,
329 332 359 350 ea
371 324 553 360 despondetur
564 334 633 351 anno
643 324 798 352 consulatus
809 325 861 352 tui.

68 359 142 386 Vale.

122 429 152 450 Χ.
171 429 247 450 ARG.
264 430 348 457 Lepido
360 430 423 450 hoste
433 430 542 455 iudicate,
559 430 660 452 Cassium
672 437 719 452 cum
730 429 862 451 exercituin

67 463 135 485 Italia
144 465 269 492 exspectari
281 465 366 486 scribit.
399 468 487 488 (Romae,
500 468 564 485 occisis
573 469 639 488 Pansa,
650 468 713 485 Hirtia
724 474 770 485 coss,
782 469 836 488 711.)

206 510 242 536 M.
264 510 294 536 T.
316 509 345 537 C.
367 509 394 536 S.
416 511 445 537 P.
467 511 497 537 D.
523 510 552 537 C.
574 510 722 537 CASSIO.

126 548 148 572 l.
170 542 310 581 Lepidus,
325 552 386 573 tuus
397 547 499 579 affinis,
514 557 590 574 meus
601 548 756 579 familiaris,
774 547 861 582 pridie

67 583 126 610 Kal.
143 583 277 616 Quintiles
292 585 432 611 sententiis
445 585 572 611 omnibus
589 585 673 612 hostis
684 594 698 611 a
713 590 807 611 senatu
819 585 862 610 iu-

67 621 172 648 dicatus
183 626 223 647 est
233 622 378 656 ceterique,
387 622 435 656 qui
446 631 498 648 una
509 631 571 648 cum
583 622 629 648 illo
639 631 652 648 a
664 621 802 656 republica
814 621 861 647 de-

67 658 201 685 fecerunt:
225 659 326 693 quibus
342 664 429 686 tamen
445 659 478 685 ad
494 661 634 686 sanitatem
654 659 785 685 redeundi
801 663 861 685 ante

68 695 126 722 Kal.
142 695 279 730 Septemb.
297 700 412 730 potestas
428 696 496 723 facta
512 702 561 723 est.
602 697 688 723 Fortis
703 705 767 722 sane
782 705 861 722 sena-

66 738 123 764 tus,
141 733 189 759 sed
204 734 321 759 maxime
337 742 384 768 spe
399 733 517 760 subsidii
532 735 581 760 tui.
621 733 725 760 Bellum
738 733 858 768 quidem,

65 779 151 805 quum
166 770 232 796 baec
242 770 407 801 scribebam,
425 779 488 797 sane
502 780 631 806 magnum
642 776 710 800 erat.
723 770 824 797 scelere
835 775 861 797 et

66 807 173 834 levitate
184 807 289 842 Lepidi.
330 808 383 834 Nos
395 807 427 834 de
439 808 573 835 Dolabella
585 808 719 843 quotidie,
732 817 801 843 quae
813 817 860 834 vo-

66 844 166 876 lumus,
180 844 319 871 audimus:
333 845 380 871 sed
392 845 480 871 adhuc
490 846 548 872 sine
559 847 655 881 capite,
672 846 730 872 sine
742 850 857 876 auctore,

65 890 171 908 rumore
182 882 285 908 nuntio.
326 883 350 908 2.
364 882 440 914 Quod
453 892 538 917 quum
550 883 584 909 ita
596 888 675 914 esset,
690 888 777 910 tamen
790 882 860 909 litte-

65 919 102 946 ris
113 919 180 950 tuis,
198 928 266 954 quas
277 919 360 946 Nonis
377 920 454 946 Maiis
470 929 504 946 ex
518 921 612 947 castris
628 920 703 947 datas
719 929 860 955 accepera-

64 965 134 987 mus,
149 957 184 983 ita
195 965 354 991 persuasum
365 962 421 983 erat
429 958 540 989 civitati,
555 963 583 984 ut
594 957 671 984 illum
683 958 736 984 iam
748 966 860 992 oppres—

64 1002 126 1020 sum
137 1002 230 1020 omnes
242 994 447 1026 arbitrarentur,
465 999 489 1022 te
504 1000 593 1022 autem
610 996 637 1022 in
649 995 750 1022 Italiam
768 995 859 1021 venire

63 1039 127 1058 cum
142 1032 275 1058 exercitu:
299 1036 341 1063 ut,
359 1032 383 1058 si
399 1032 463 1059 haec
479 1041 513 1059 ex
533 1033 664 1060 sententia
682 1032 800 1059 confecta
817 1041 860 1058 es-

63 1073 135 1100 sent,
153 1068 266 1095 consilio
277 1073 356 1104 atque
368 1070 521 1096 auctoritate
536 1075 594 1102 tua,
613 1071 655 1097 sin
671 1070 737 1105 quid
750 1070 815 1096 {orte
826 1070 860 1096 ti-

63 1105 196 1137 tubatum,
206 1111 235 1133 ut
246 1106 274 1133 fit
285 1107 312 1133 in
323 1106 404 1137 bello.
412 1108 531 1134 exercitu
543 1113 588 1134 tuo
599 1109 754 1134 niteremur.
773 1107 859 1139 Quem

63 1142 175 1178 quidem
185 1152 234 1179 ego
244 1144 406 1176 exercitum,
424 1145 645 1180 quibuscumque
660 1150 751 1180 potero
767 1145 857 1176 rebus,

63 1180 176 1212 ornabo,
193 1181 271 1207 cuius
286 1182 325 1208 rei
341 1186 398 1208 tum
409 1186 516 1217 tempus
527 1183 589 1214 erit,
607 1192 705 1218 quum,
723 1182 790 1218 quid
800 1182 859 1217 opis

64 1218 229 1253 reipublicae
241 1218 343 1245 laturus
356 1219 378 1245 is
389 1220 523 1246 exercitus
534 1221 577 1251 sit,
591 1224 636 1246 aut
646 1220 714 1255 quid
726 1221 778 1246 iam
790 1219 860 1246 tule-

64 1256 111 1286 rit,
130 1260 222 1282 notum
237 1264 296 1282 esse
307 1257 433 1291 coeperit.
474 1258 540 1283 Nam
557 1258 645 1284 adhuc
660 1262 763 1284 tantum
779 1265 859 1283 cona-

64 1297 107 1319 tus
122 1293 283 1324 audiuntur,
305 1294 400 1328 optimi
416 1293 456 1320 illi
472 1294 584 1329 quidem
599 1300 624 1321 et
637 1294 856 1330 praeclarissimi,

63 1330 111 1356 sed
122 1335 197 1365 gesta
207 1339 249 1357 res
260 1336 443 1365 exspectatur:
460 1341 542 1367 quam
557 1332 668 1367 quidem
679 1337 724 1359 aut
736 1333 788 1358 iam
800 1340 858 1357 esse

63 1366 183 1402 aliquam
200 1372 245 1394 aut
255 1369 471 1404 appropinquare
486 1370 600 1396 consido.
641 1371 666 1396 3.
689 1370 744 1396 Tua
761 1369 858 1395 virtute

63 1409 88 1431 et
100 1405 286 1441 magnitudine
297 1406 381 1432 animi
393 1406 460 1432 nihil
473 1411 513 1433 est
527 1407 656 1433 nobilius.
681 1407 772 1442 Itaque
783 1411 859 1441 opta—

62 1451 138 1473 mus,
155 1447 184 1469 ut
199 1451 280 1478 quam
295 1443 414 1477 primum
426 1448 450 1470 te
462 1444 489 1470 in
502 1444 573 1470 Italia
587 1444 737 1471 videamus.
779 1444 858 1470 Rem-

62 1479 200 1514 publicam
212 1489 259 1506 nos
271 1480 369 1507 habere
381 1481 581 1513 arbitrabimur,
590 1482 613 1508 si
625 1490 672 1508 vos
684 1481 856 1508 habebimus.

62 1516 198 1543 Praeclare
215 1518 374 1550 viceramus,
398 1519 451 1545 nisi
466 1518 624 1553 spoliatum,
648 1520 792 1550 inermem,
815 1518 858 1545 su-

62 1554 179 1590 gientem
192 1555 310 1590 Lepidus
322 1557 467 1590 recepisset
478 1557 634 1583 Antonium.
675 1558 765 1592 Itaque
777 1565 858 1584 num-

61 1600 143 1627 quam
156 1596 226 1618 tanto
237 1592 298 1619 odio
308 1593 411 1619 civitati
422 1593 554 1620 Antonius
566 1593 630 1625 suit,
646 1599 746 1628 quanto
757 1598 797 1620 est
807 1594 858 1619 Le-

61 1629 153 1665 pidus.
175 1629 221 1656 Ille
236 1630 308 1656 enim
319 1639 353 1657 ex
364 1630 517 1658 turbulenta
529 1631 677 1666 republica,
694 1631 738 1657 hic
749 1640 782 1657 ex
792 1639 856 1665 pace

61 1670 87 1693 et
98 1667 208 1694 victoria
220 1667 322 1694 bellum
333 1669 470 1694 excitavit.
504 1669 571 1695 lluic
582 1669 720 1704 oppositos
732 1668 856 1695 consules

60 1703 214 1740 designatos
226 1704 371 1731 habemus:
385 1706 412 1732 in
424 1706 525 1740 quibus
535 1710 576 1732 est
585 1715 681 1742 magna
693 1706 736 1733 illa
744 1706 856 1741 quidem

60 1749 123 1776 spes
131 1762 137 1773 ,
153 1741 201 1768 sed
212 1750 311 1777 anceps
322 1751 385 1769 cura
397 1748 504 1778 propter
516 1744 630 1770 incertos
641 1745 730 1770 exitus
741 1743 856 1778 praelio—

61 1787 131 1806 rum.
172 1780 196 1806 4.
218 1779 351 1806 Persuade
367 1780 416 1807 tibi
432 1781 527 1816 igitur,
549 1782 576 1808 in
593 1786 616 1808 te
632 1786 657 1808 et
673 1782 699 1807 in
716 1782 795 1807 Bruto
811 1785 856 1807 tuo

60 1824 120 1843 esse
131 1817 233 1848 omnia,
248 1825 295 1843 vos
306 1819 467 1852 exspectari,
476 1819 587 1845 Brutum
599 1818 710 1854 quidem
722 1819 775 1845 iam
788 1819 856 1845 iam—

60 1861 123 1888 que.
163 1852 240 1886 Quod
251 1854 284 1885 si,
298 1859 327 1881 ut
338 1863 424 1889 spero.
438 1856 517 1882 victis
530 1856 653 1883 hostibus
664 1857 762 1883 nostris
774 1865 855 1882 vene-

61 1890 134 1917 ritis:
151 1895 238 1918 tamen
251 1892 404 1919 auctoritate
417 1897 504 1919 vestra
521 1893 674 1928 respublica
690 1898 817 1930 exsurget
830 1898 856 1920 et

59 1928 88 1954 in
107 1926 198 1963 aliquo
212 1932 282 1954 statu
297 1928 429 1955 tolerabili
448 1931 584 1957 consistet.
624 1930 692 1957 Sunt
706 1931 778 1957 enim
794 1939 855 1966 per-

59 1964 153 1996 multa,
162 1965 264 2000 quibus
274 1965 325 1992 erit
335 1966 513 1994 medendum:
526 1968 632 1994 etiamsi
645 1968 797 2004 respublica
812 1976 855 1995 sa-

59 2002 94 2029 tis
105 2010 164 2029 esse
176 2001 313 2029 videbitur
327 2003 476 2030 sceleribus
488 2004 606 2032 hostium
619 2004 739 2032 liberata.
780 2005 853 2033 Vale.

112 2071 153 2093 xi.
165 2071 183 2092 Α
191 2071 242 2092 Ro.
252 2071 342 2097 Scribit,
354 2079 366 2092 ι
376 2072 455 2099 quibus
465 2073 541 2100 copin-
552 2074 669 2102 acceperit,
680 2081 747 2102 noque
757 2078 778 2095 et
787 2082 851 2103 remp.

58 2107 201 2128 commendat.
239 2109 314 2130 (Ριιιιαιι,
326 2109 388 2126 Ilirtin
398 2116 444 2127 rnna.
457 2111 512 2131 71¹.)

99 2152 129 2179 C.
151 2151 316 2180 CASSIUS
338 2152 499 2180 PIIOCOS.
521 2153 547 2180 S.
570 2154 598 2180 Ρ.
621 2155 650 2181 D.
673 2156 707 2182 M.
730 2156 759 2183 T.
782 2156 811 2183 C.

117 2191 139 2216 4.
162 2185 195 2216 Si
208 2189 295 2221 vales,
308 2189 376 2217 bene
388 2195 440 2221 est,
454 2199 503 2226 ego
514 2191 625 2225 quidem
639 2192 722 2219 valeo.
764 2194 791 2220 In
803 2193 854 2230 Sy-

59 2226 126 2253 riam
138 2235 180 2253 me
192 2226 341 2262 profectum
353 2236 412 2254 esse
423 2228 490 2255 scito
501 2228 533 2254 ad
546 2228 574 2255 L.
583 2229 703 2256 Murcum
715 2230 782 2263 etQ.
795 2231 854 2257 Cri—

59 2271 139 2299 spum
170 2265 352 2299 imperatores.
394 2265 450 2291 Viri
481 2264 560 2292 sortes
589 2267 739 2303 optimique
768 2268 851 2299 cives,

60 2305 234 2337 posteaquam
245 2301 398 2333 audierunt,
412 2311 481 2337 qnae
493 2303 589 2329 Romae
599 2310 763 2339 gererentur,
776 2314 854 2332 exer-

59 2338 128 2366 citus
140 2339 207 2366 mihi
219 2339 393 2370 tradiderunt,
408 2339 514 2374 ipsique
527 2349 631 2367 mecum
643 2350 696 2368 una
709 2341 854 2369 fortissimo

624 2379 687 2405 Item
709 2379 851 2413 legionem,

60 2420 141 2448 quum
152 2413 183 2446 Q.
196 2413 330 2440 Caecilius
342 2415 440 2441 Bassus
452 2414 560 2446 habuit,
576 2414 610 2441 ad
627 2425 669 2441 me
681 2417 788 2443 venisse
799 2417 853 2443 sci-

60 2453 98 2483 to;
117 2455 295 2486 quattuorque
312 2451 444 2488 legiones,
462 2460 529 2486 quas
544 2452 574 2478 A.
587 2452 708 2480 Allienus
720 2463 754 2480 ex
765 2455 853 2489 Aegy-

61 2491 105 2522 pto
119 2487 226 2520 eduxit,
244 2489 354 2516 traditas
369 2489 403 2515 ab
419 2498 449 2515 eo
464 2489 531 2515 mihi
542 2498 600 2515 esse
611 2490 687 2517 scito.
728 2492 753 2518 2²..
776 2491 852 2517 Nune

61 2527 86 2550 te
105 2524 284 2553 cohortatione
306 2536 357 2554 non
374 2531 437 2562 puto
454 2526 587 2561 indigere.
611 2532 639 2553 nt
661 2536 708 2554 nos
728 2528 852 2555 absentes

61 2567 170 2597 remque
181 2562 327 2597 publicam,
340 2569 471 2599 (plantum
482 2569 521 2590 est
534 2564 559 2590 in
572 2568 605 2595 te,
618 2564 756 2591 delendas.
793 2566 852 2592 Sci-

61 2605 88 2626 re
99 2603 123 2626 te
135 2599 207 2630 volo.
222 2600 296 2627 firma
307 2601 441 2636 praesidia
453 2601 529 2627 vobis
540 2602 699 2637 senatuique
712 2611 762 2629 non
774 2602 852 2629 dees-

61 2642 104 2668 se,
119 2640 150 2665 ut
162 2637 262 2673 optima
273 2647 320 2674 spe
331 2644 358 2666 et
368 2640 485 2667 maximo
496 2639 586 2666 animo
597 2639 792 2675 rempublicam
804 2640 852 2667 de—

434 176 537 202 Firmos
548 176 657 202 omnino
668 176 802 202 exercitus
814 176 862 202 ha—
882 184 883 189 ¹

1656 110 1705 119 ι-υι,

1663 121 1707 136 Ιύῦ

915 176 1017 204 tendas.
1058 177 1170 212 Reliqua
1188 183 1275 204 tecum
1291 183 1351 214 aget
1366 179 1396 205 L.
1413 178 1547 210 Carteius‚
1566 178 1708 206 familiaris

914 223 1001 240 meus.
1022 214 1094 241 Vale.
1116 216 1179 241 Data
1190 216 1273 242 Nonis
1285 216 1395 247 Martiis,
1409 225 1443 243 ex
1453 217 1547 243 castris
1559 216 1706 243 Taricheis.

964 284 1016 304 XII.
1032 284 1108 304 ARG.
1124 284 1148 304 In
1164 284 1267 305 ciliciam
1283 288 1359 305 eontra
1372 285 1510 306 Dolabellam
1526 286 1666 313 profecturus
1685 293 1709 307 se

914 325 1010 344 situsque
1020 319 1086 339 duces
1097 322 1118 339 et
1129 319 1212 339 milites
1223 321 1364 340 rummendat.

1132 356 1212 377 (Occisis
1222 357 1279 374 Pansa
1287 370 1292 377 ,
1302 357 1365 374 ΗίιἸίυ
1375 364 1421 376 coss.
1433 359 1487 378 711.)

946 398 1081 424 CASSIUS
1100 399 1240 426 PROCOS.
1262 400 1289 426 S.
1311 401 1341 427 D.
1363 401 1398 427 M.
1420 400 1577 428 CICERONI
1597 401 1670 428 SUO.

969 437 992 461 1.
1015 430 1048 461 Si
1064 435 1150 467 vales,
1168 437 1236 463 bene
1251 442 1303 470 est,
1325 446 1374 473 ego
1388 438 1499 473 quidem
1516 438 1602 465 valeo.
1643 440 1708 475 Legi

913 476 972 498 tuas
985 472 1098 504 litteras,
1113 474 1139 499 in
1150 474 1251 509 quibus
1262 475 1406 501 mirificum
1420 481 1496 502 tuum
1508 484 1570 511 erga
1580 485 1622 502 me
1634 485 1708 503 amo-

914 518 969 535 rem
989 511 1142 545 recognovi.
1184 511 1323 538 videbaris
1344 513 1416 538 enim
1438 522 1490 539 non
1511 514 1598 540 solum
1618 513 1707 540 favere

914 546 1004 578 nobis,
1018 547 1056 581 (id
1067 548 1140 582 quod
1151 553 1176 574 et
1187 550 1269 575 nostri
1281 554 1306 575 et
1318 549 1483 584 reipublicae
1495 559 1590 577 caussa
1601 560 1708 586 semper

914 583 1074 619 fecisti,)sed
1086 585 1165 611 etiam
1177 594 1286 621 gravem
1298 595 1389 613 curam
1401 588 1554 622 suscepisse
1562 588 1708 615 vehemen-

913 625 1006 656 terque
1021 630 1079 648 esse
1092 622 1124 648 de
1136 623 1213 649 nobis
1225 623 1368 650 sollicitus.
1408 625 1512 660 Itaque,
1531 626 1603 660 quod
1615 631 1639 652 te
1652 627 1708 660 pri-

913 667 987 684 mum
1003 659 1157 685 existimare
1174 661 1315 694 putabam,
1333 670 1394 693 nos,
1412 671 1540 697 oppressa
1557 663 1705 698 republica,

912 696 1051 730 quiescere
1067 705 1119 722 non
1135 706 1226 731 posse;
1247 697 1358 729 deinde,
1375 707 1461 733 quum
1478 701 1645 734 suspicarere
1660 710 1708 727 nos

912 732 1014 763 moliri,
1031 733 1104 768 quod
1120 738 1144 760 te
1160 734 1306 761 sollicitum
1321 744 1380 761 esse
1396 741 1421 762 et
1435 736 1467 762 de
1483 737 1568 763 salute
1583 743 1671 764 nostra
1683 744 1708 764 et

911 769 944 796 de
956 778 1046 796 rerum
1055 776 1152 797 eventu
1164 772 1305 806 putabam:
1328 773 1410 799 simul
1427 782 1456 799 ac
1472 773 1590 810 legiones
1604 776 1705 810 accepi,

911 816 979 842 quas
994 807 1026 834 A.
1042 807 1166 835 Allienus
1181 809 1311 836 eduxerat
1325 818 1359 836 ex
1372 810 1507 846 Aegypto,
1524 813 1623 847 scripsi
1639 813 1671 838 ad
1684 818 1707 838 te

911 844 1119 880 tabellariosque
1130 846 1282 881 complures
1294 847 1404 873 Romam
1415 848 1489 875 misi.
1514 849 1615 884 Scripsi
1627 850 1708 876 etiam

911 881 944 908 ad
955 887 1078 908 senatum
1090 882 1200 915 litteras,
1213 892 1281 919 quas
1292 884 1369 910 reddi
1382 886 1455 912 vetui
1466 887 1551 921 prius,
1565 896 1645 921 quam
1659 887 1707 913 tibi

911 919 1035 946 recitatae
1046 925 1148 952 essent3
1163 922 1187 947 si
1197 920 1262 948 sorte
1274 922 1327 948 mei
1338 922 1522 958 obtemperare
1534 924 1602 950 mihi
1614 924 1708 950 volue-

911 957 974 983 rint.
1015 957 1092 989 Quod
1103 959 1127 984 si
1138 958 1239 985 litterae
1251 959 1367 994 perlatae
1377 969 1429 986 non
1444 966 1519 992 sunt,
1539 970 1590 988 non
1602 961 1705 991 dubito,

911 995 978 1029 quin
993 994 1142 1027 Dolabella,
1161 997 1222 1031 qui,
1240 996 1341 1023 nefarie
1353 997 1484 1024 Trebonio
1495 999 1598 1030 occiso,
1616 999 1707 1025 Asiam

911 1033 1065 1067 occupavit,
1084 1033 1236 1060 tabellarios
1248 1042 1321 1061 meos
1333 1034 1541 1070 deprehenderit
1552 1036 1708 1072 litterasque

912 1069 1090 1104 interceperit.
1125 1072 1150 1097 ⁶2.
1167 1071 1310 1098 Exercitus
1321 1080 1424 1103 omnes,
1438 1073 1485 1108 qui
1498 1074 1524 1100 in
1535 1074 1610 1110 Syria
1622 1074 1705 1104 fuere,

911 1112 997 1133 teneo.
1037 1107 1124 1134 Habui
1134 1108 1288 1143 paullulum
1300 1118 1397 1141 morae,
1411 1110 1477 1136 dum
1488 1112 1621 1146 promissa
1635 1112 1708 1138 mili-

911 1144 984 1170 tibus
994 1144 1129 1179 persolvo.
1170 1146 1248 1173 Nunc
1259 1147 1312 1173 iam
1324 1156 1384 1173 sum
1397 1147 1550 1182 expeditus.
1591 1150 1612 1175 Α
1624 1154 1648 1175 te
1661 1158 1709 1184 pe—

911 1186 944 1212 to,
959 1186 988 1208 ut
998 1181 1156 1218 dignitatem
1169 1192 1256 1210 meam
1267 1184 1482 1212 commendatam
1497 1186 1546 1213 tibi
1559 1186 1667 1218 habeas,
1684 1187 1707 1212 si

912 1228 953 1245 me
965 1219 1095 1255 intelligis
1106 1220 1212 1247 nullum
1224 1230 1312 1256 neque
1325 1222 1478 1257 periculum
1490 1232 1577 1259 neque
1590 1224 1707 1250 laborem

911 1257 1011 1291 patriae
1022 1257 1184 1293 denegasse;
1198 1259 1222 1285 si
1233 1263 1322 1286 contra
1334 1260 1582 1295 importunissimos
1593 1261 1707 1288 latrones

910 1302 983 1319 arma
994 1295 1054 1329 cepi
1066 1299 1089 1320 te
1102 1295 1222 1322 hortante
1234 1302 1259 1323 et
1269 1302 1388 1330 auctore;
1405 1297 1429 1323 si
1441 1307 1493 1325 non
1503 1298 1592 1325 solum
1604 1299 1708 1325 exerci-

911 1336 953 1357 tus
965 1331 997 1357 ad
1010 1332 1206 1366 rempublicam
1219 1333 1423 1370 libertatemque
1430 1335 1707 1362 defendendamcom-

910 1369 1012 1403 paravi,
1026 1369 1073 1395 sed
1085 1370 1164 1396 etiam
1175 1371 1374 1398 crudelissimis
1385 1373 1506 1408 tyrannis
1517 1374 1618 1408 eripui;
1638 1382 1706 1408 quos

909 1406 932 1431 si
943 1407 1251 1441 occupassetDolabella‚
1265 1418 1316 1436 non
1329 1409 1417 1435 solum
1427 1410 1554 1441 adventu,
1567 1411 1614 1437 sed
1626 1412 1706 1437 etiam

910 1444 1035 1478 opinione
1047 1449 1073 1470 et
1083 1447 1282 1479 exspectatione
1293 1447 1428 1473 exercitus
1440 1448 1707 1474 suiAntoniumcon-

911 1480 1052 1508 firmasset.
1093 1483 1118 1508 3.
1139 1482 1211 1515 Quas
1222 1484 1257 1510 ob
1268 1492 1310 1510 res
1322 1484 1421 1510 milites
1434 1489 1520 1515 tuere.
1538 1486 1561 1511 si
1573 1493 1617 1511 eos
1630 1486 1706 1511 miri-

910 1518 958 1544 Iice
970 1518 1002 1544 de
1017 1519 1154 1554 republica
1167 1521 1275 1548 meritos
1287 1530 1345 1547 6556
1357 1522 1562 1556 animadverti53
1582 1528 1607 1549 et
1618 1522 1704 1554 eslice,

909 1564 942 1582 ne
953 1564 1034 1590 quem
1046 1557 1179 1591 poeniteat
1193 1558 1398 1593 rempublicam,
1411 1568 1492 1594 quam
1504 1568 1579 1595 spem
1593 1560 1706 1595 praedae

909 1597 934 1619 et
948 1593 1103 1628 rapinarum
1120 1596 1198 1630 sequi
1214 1596 1353 1622 maluisse.
1394 1597 1459 1623 Item
1476 1597 1559 1623 Murci
1576 1603 1601 1624 et
1617 1598 1705 1632 Cripsi

909 1631 1100 1665 imperatorum
1119 1632 1291 1669 dignitatem,
1312 1638 1444 1669 quantum
1460 1639 1500 1661 est
1516 1635 1542 1660 in
1558 1640 1596 1665 te.
1620 1640 1704 1661 tuere.

910 1668 977 1694 Nam
997 1669 1096 1694 Bassus
1118 1671 1215 1697 misere
1237 1671 1323 1698 noluit
1343 1671 1411 1698 mihi
1432 1671 1564 1707 legionem
1591 1672 1704 1699 tradere.

908 1704 984 1737 Quod
1001 1706 1054 1732 nisi
1069 1706 1170 1734 milites
1187 1708 1271 1735 invito
1287 1717 1318 1735 eo
1334 1708 1433 1744 legatos
1449 1709 1482 1736 ad
1499 1718 1541 1736 me
1556 1710 1703 1739 misissent.

907 1742 1026 1769 clausam
1037 1744 1183 1778 Apameam
1197 1746 1432 1781 tenuisset,quoad
1446 1747 1471 1773 vi
1484 1751 1554 1773 esset
1565 1756 1706 1783 expugna-

908 1784 942 1807 ta.
965 1781 1033 1807 Ilaec
1049 1790 1062 1807 a
1079 1786 1103 1808 te
1118 1788 1179 1818 peto
1196 1793 1248 1810 non
1263 1783 1351 1810 solum
1368 1783 1547 1818 reipublicae,
1570 1794 1639 1820 quae
1657 1785 1705 1811 tibi

907 1826 1014 1854 semper
1025 1818 1075 1845 suit
1085 1820 1234 1852 carissima,
1248 1821 1295 1847 sed
1307 1822 1386 1848 etiam
1398 1822 1532 1848 amicitiae
1542 1827 1646 1848 nostrae
1658 1831 1705 1848 no-

908 1856 989 1887 mine,
1002 1865 1084 1891 quam
1095 1858 1200 1885 conlido
1211 1858 1283 1893 apud
1296 1863 1319 1885 te
1331 1858 1480 1893 plurimum
1493 1868 1581 1894 posse.
1605 1861 1628 1886 t.
1641 1859 1705 1887 Cre-

907 1893 940 1920 de
952 1894 1029 1925 mihi.
1045 1894 1116 1922 bunc
1128 1897 1286 1927 exercitum,
1300 1905 1381 1932 quem
1393 1896 1490 1928 habeo,
1505 1902 1613 1923 senatus
1625 1902 1704 1932 atque

906 1932 1001 1966 optimi
1013 1933 1147 1968 cuiusque
1159 1942 1217 1960 esse
1230 1934 1402 1969 maximeque
1415 1939 1505 1965 tuum',
1523 1934 1556 1961 de
1567 1935 1646 1961 cuius
1658 1944 1705 1960 vo-

909 1968 1008 1996 luntate
1022 1970 1131 1997 assidue
1146 1971 1281 1998 audiendo
1298 1971 1410 1998 mirilico
1423 1976 1446 1998 te
1457 1971 1546 2007 diligit
1557 1980 1704 2007 carumque

908 2006 996 2034 habet.
1037 2008 1090 2040 Qui
1106 2009 1128 2034 si
1145 2008 1308 2035 intellexerit
1325 2009 1464 2035 commoda
1485 2018 1533 2035 sua
1554 2018 1633 2035 curae
1655 2009 1703 2035 tibi

906 2052 975 2075 esse,
989 2044 1087 2072 debere
1098 2046 1178 2072 etiam
1191 2056 1218 2071 se
1232 2047 1280 2072 tibi
1292 2047 1381 2072 onmia
1393 2046 1508 2081 putabit.
1549 2048 1573 2073 5.
1597 2047 1703 2073 Litteris

906 2082 1028 2116 scriptis,
1046 2083 1135 2113 audii,
1154 2083 1317 2110 Dolabellam
1336 2084 1361 2110 in
1378 2083 1500 2110 Ciliciam
1519 2085 1624 2110 venisse
1640 2092 1702 2110 cum

906 2118 964 2145 suis
979 2120 1075 2154 copiis.
1116 2120 1271 2147 Proficiscar
1287 2121 1313 2148 in
1330 2120 1462 2147 Ciliciam.
1503 2120 1574 2153 Quid
1590 2122 1700 2157 egerim.

905 2155 1027 2182 celeriter
1039 2162 1068 2183 ut
1077 2158 1160 2188 scias,
1178 2157 1248 2184 dabo
1258 2166 1377 2192 operam.
1419 2158 1455 2184 Ac
1467 2157 1562 2188 velim.
1577 2163 1605 2184 ut
1617 2167 1702 2184 mere-

907 2202 967 2219 mur
978 2193 1010 2219 de
1023 2193 1170 2229 republica,
1187 2195 1226 2220 sie
1239 2194 1330 2221 felices
1340 2195 1437 2221 simus.
1479 2195 1529 2222 Fac
1545 2195 1633 2222 valeas
1646 2204 1702 2221 me-

905 2239 958 2265 que
968 2239 1052 2256 antes.
1094 2231 1178 2257 Nonis
1191 2232 1276 2261 Maiis,
1290 2241 1324 2258 ex
1334 2232 1439 2258 castris.

954 2300 1019 2321 xm.
1036 2299 1113 2320 ΛΚΘ.
1133 2300 1264 2321 nutui-«m
1274 2301 1301 2320 de
1311 2300 1433 2321 Mutina-mi
1444 2301 1550 2325 xis-turin,
1567 2306 1586 2321 rt
1603 2309 1637 2322 re·
1653 2309 1663 2321 ι
1678 2308 1701 2322 ιι·

905 2338 978 2357 {telin}
987 2334 1087 2361 exponit.
1120 2337 1199 2359 (Orein'v
1209 2338 1275 2356 Pau-1.
1287 2337 1349 2355 itini--
1360 2345 1406 2355 rou.
1418 2340 1451 2355 711
1467 2342 1471 2349 “

978 2379 1007 2406 C.
1030 2379 1192 2407 CASSIUS
1213 2380 1244 2412 Q.
1267 2381 1293 2406 S.
1317 2381 1345 2406 D.
1369 2381 1403 2406 M.
1426 2381 1622 2407 CICERONI.

963 2418 984 2443 l.
1007 2413 1138 2447 Simius.
1158 2417 1224 2443 bene
1237 2423 1287 2444 est:
1307 2417 1392 2443 valeo.
1433 2418 1521 2450 Quum
1535 2418 1699 2453 reipublicae

906 2453 946 2480 vel
963 2453 1048 2480 salute
1066 2454 1105 2480 vel
1124 2455 1233 2481 victoria
1248 2454 1412 2490 gaudemus,
1436 2460 1492 2481 tum
1509 2456 1699 2483 instauratione.

904 2496 1009 2517 tuarum
1023 2491 1142 2523 laudum,
1156 2492 1228 2527 quod
1242 2493 1376 2519 maximus
1387 2492 1536 2519 consularis
1549 2494 1698 2520 maximum

902 2528 1040 2555 consulem
1057 2534 1080 2555 te
1099 2529 1156 2564 ipse
1173 2530 1275 2559 vicisti.
1299 2535 1323 2556 et
1343 2529 1471 2556 laetamur
1486 2534 1510 2556 et
1527 2531 1616 2557 unitari
1633 2532 1698 2557 satis

904 2575 954 2592 non
970 2575 1126 2601 possumus.
1168 2567 1255 2593 Fatale
1272 2568 1361 2593 nescio
1377 2567 1443 2602 quid
1461 2573 1520 2594 tuae
1537 2568 1628 2594 virtuti
1649 2568 1697 2594 ‹la-

904 2609 974 2635 tum‚
992 2603 1072 2638 idque.
1088 2612 1167 2639 saepe
1185 2605 1236 2630 iam
1249 2605 1351 2639 experti
1363 2613 1469 2631 sumus.
1510 2605 1556 2632 Est
1567 2606 1639 2632 enim
1653 2611 1696 2632 tua

904 2645 962 2677 toga
973 2641 1095 2668 omnium
1107 2642 1189 2668 arinis
1202 2641 1315 2675 felicior,
1335 2651 1404 2678 qnae
1416 2651 1487 2669 nunc
1498 2651 1606 2679 quoque
1619 2643 1696 2671 nobis

1432 2690 1491 2716 95·
