1941 3052
237 121 285 146 750
817 119 858 144 82.
891 117 925 143 M.
956 117 986 143 T.

239 190 351 215 sortitam
364 188 537 223 reipublicae.
552 189 572 214 si
588 189 612 214 in
625 188 718 213 ‘’s-stris
731 193 817 222 potest
828 196 886 213 esse
894 186 1030 221 respubli—
1051 188 1053 212 l

238 236 282 252 cu:
316 227 341 252 in
362 235 414 260 quu
436 231 506 251 tuam
530 226 614 250 vicem
631 234 710 259 saepe
725 224 815 255 doleo,
838 224 909 259 quod
929 224 1029 250 nullam
1052 229 1061 262 ᾖ,

240 269 340 298 ΙΗΙΙΊίῚΠ
362 272 409 297 ΙΗὟ
429 267 538 288 ίΙίΊΧΙῙΙἿΠ
559 271 638 287 satim·
654 267 678 287 (Ἰ
694 262 783 287 salvat!
800 262 964 296 r(!i{)Ui)lI('fl('
980 270 1031 295 gu·
1052 262 1060 295 p

239 306 307 326 stur:-
325 300 444 334 potuisti.
477 300 561 333 Atqui·
573 299 684 324 antebac
695 299 806 333 quidem
819 308 925 333 sperare
937 298 1030 324 saltem
1059 316 1061 327 ,

241 337 348 362 lim-but:
377 346 447 362 nun(-
463 336 542 361 etiam
561 335 586 361 id
603 341 723 370 ereptum
740 340 789 362 est.
824 337 897 367 Quae
909 337 979 361 enim
992 340 1032 361 est
1059 348 1061 350 ’

239 382 315 407 spus,
338 382 422 407 quum
444 373 469 398 in
491 373 617 398 com-iom-
635 373 723 398 dicerc
739 381 822 399 ausus
837 373 872 399 sit
888 373 1028 403 Antonius.
1052 390 1053 401 .

239 411 382 436 tlanutium
399 409 469 444 apud
485 419 529 435 eos
545 410 598 435 sibi
616 409 702 435 locum
720 419 857 444 quaerere,
875 410 985 444 quibus.
1004 419 1032 435 se
1052 418 1054 443 ζ

239 447 322 477 salvo,
341 447 413 472 locus
432 447 457 472 in
473 447 580 472 civitate
596 456 654 472 esse
671 456 722 473 non
735 446 841 481 posset?
862 448 885 473 4.
899 447 1031 482 Equidem

239 490 264 510 et
281 484 344 509 baec
361 488 386 509 et
401 484 500 514 omnia.
518 493 586 518 quae
605 484 706 510 bomini
722 484 842 510 accidere
859 489 980 519 possunt,
994 485 1032 509 sic
1053 512 1055 521 Ι

241 521 304 551 sero.
323 525 350 546 ut
362 521 550 555 philosophiae
562 530 686 556 magnam
703 521 815 547 babeam
827 522 949 557 gratiam.
963 530 1032 556 quae
1054 554 1055 558 Ἰ

241 567 282 584 uie
295 567 345 584 nou
359 558 436 583 modo
450 558 483 583 ab
495 558 678 585 sollicitudine
690 559 809 589 abducit,
823 558 870 584 sed
882 559 961 585 etiam
969 567 1033 584 con-

241 600 277 621 tra
303 604 396 621 omnes
423 594 542 621 fortunae
567 596 684 630 impetus
705 600 802 622 armat:
836 596 940 631 tibique
961 596 1033 622 idem
1054 618 1055 622 ,

239 641 335 658 censeo
347 631 518 663 faciundum.
532 641 593 663 nec,
608 642 620 659 a
633 642 686 667 quo
697 633 775 668 culpa
787 633 870 663 absit.
883 633 1033 668 quidquam
1061 632 1063 651 Ι

240 670 266 695 ίη
284 669 362 695 malis
378 669 585 696 numerandum.
612 670 664 696 Sed
680 670 744 696 baec
756 676 782 696 tu
796 670 903 696 metius.
934 670 1035 696 Strato-
1054 682 1055 689 .

241 708 310 732 rium
324 711 443 733 nostrum
464 716 549 742 quum
562 716 668 742 semper
682 708 852 742 probassem.
876 712 932 733 tum
947 708 1035 733 maxi·

240 753 282 770 me
304 745 330 770 in
351 744 404 770 tuis
426 744 507 770 rebus
523 753 657 771 summam
674 745 733 770 eius
749 744 842 775 fidem.
865 744 1033 780 diligentiam
1054 743 1056 775 ζ

240 781 466 816 prudentiamque
477 783 601 817 cognovi.
633 783 669 808 Da
680 791 802 817 operam,
816 787 844 809 ut
856 781 954 808 valeas.
982 782 1034 808 Hoc
1055 781 1056 797 l

241 819 308 845 mihi
320 820 423 854 gratius
435 818 520 845 facere
533 819 600 845 nibil
612 824 696 854 potes.

295 905 380 925 xxiv.
399 905 414 925 A
424 906 441 924 1(
449 906 474 925 G.
495 905 523 925 I't
534 905 593 925 omui
608 912 659 926 euru
674 906 697 926 in
711 913 778 933 remp.
788 905 910 929 incumbat.
926 905 1034 929 hortatur.

215 960 219 966 ,
241 941 274 960 De
289 939 369 966 legatis
385 939 463 960 scribit
479 940 504 960 eut
521 940 639 961 ,infanium
654 941 744 965 ruinis.
762 941 878 962 Pinarium
893 943 1034 961 con-menuae.

751 991 754 994 ,
771 980 825 998 711.)

353 1020 388 1046 Μ.
410 1020 440 1046 T.
462 1020 492 1047 C.
523 1020 552 1047 S.
574 1021 602 1048 Ρ.
625 1022 654 1047 D.
686 1021 927 1048 CORNIFICIO.

299 1067 322 1091 l.
343 1061 403 1101 Ego
420 1065 524 1092 nullum
543 1065 630 1092 locum
646 1067 826 1101 praetermitto
836 1067 894 1101 (nec
905 1067 977 1093 enim
988 1066 1037 1093 de-

243 1102 301 1137 beo)
316 1111 367 1128 non
385 1103 463 1129 modo
483 1103 609 1130 laudandi
622 1104 669 1134 tui.
683 1104 730 1130 sed
742 1112 774 1130 ne
785 1104 898 1130 ornandi
912 1104 1034 1139 quidem.

241 1140 293 1166 Sed
311 1148 368 1166 mea
385 1140 473 1166 studia
490 1149 551 1175 erga
569 1145 592 1166 te
608 1146 633 1167 et
643 1140 730 1167 officia
743 1141 812 1167 malo
824 1142 872 1167 tibi
885 1150 918 1168 ex
929 1147 1035 1167 tuorum

242 1176 346 1206 litteris,
364 1186 445 1211 quam
462 1186 495 1204 ex
512 1179 588 1208 meis.
607 1187 665 1204 esse
682 1183 752 1204 nota.
779 1179 814 1204 Te
831 1183 918 1205 tamen
936 1179 1034 1210 hortor,

241 1219 270 1240 ut
280 1215 354 1240 omni
368 1223 431 1240 cura
443 1215 469 1240 in
481 1215 676 1249 rempublicam
689 1216 840 1242 incumbas.
864 1216 916 1242 Hoc
927 1220 967 1242 est
978 1217 1037 1242 ani-

242 1251 293 1281 mi.
311 1251 361 1277 hoc
377 1256 416 1277 est
433 1252 535 1286 ingenii
551 1253 603 1283 tui,
622 1253 672 1279 hoc
687 1253 746 1279 eius
757 1253 830 1287 spei.
843 1262 924 1287 quam
938 1253 1036 1279 babere

240 1288 333 1319 debes.
351 1288 555 1322 amplificandae
570 1290 710 1325 dignitatis
726 1294 796 1316 tuae.
836 1292 861 1316 2.
875 1290 927 1316 Sed
942 1290 991 1317 hac
1002 1290 1035 1317 de

241 1334 268 1351 re
280 1325 346 1352 alias
358 1325 390 1351 ad
401 1330 425 1352 te
436 1325 572 1360 pluribus.
611 1327 700 1359 Quum
711 1327 784 1353 enim
796 1327 862 1353 haec
872 1328 1033 1359 scribebam,

241 1363 268 1388 in
283 1363 481 1397 exspectatione
497 1369 571 1390 erant
585 1364 685 1390 omnia.
719 1364 845 1391 Nondum
857 1364 936 1400 legati
949 1365 1036 1391 redie-

241 1405 309 1430 rant.
327 1409 396 1434 quos
412 1405 521 1426 senatus
537 1410 589 1427 non
604 1401 637 1428 ad
653 1410 747 1436 pacem
763 1401 969 1436 deprecandam,
987 1402 1034 1428 sed
1056 1402 1057 1412 ¹

241 1437 274 1463 ad
300 1437 516 1464 denuntiandum
542 1438 645 1464 bellum
666 1439 788 1470 miserat,
811 1439 864 1465 nisi
886 1439 1034 1475 legatorum

242 1475 335 1500 nuntio
346 1475 490 1509 paruisset.
521 1476 578 1510 Ego
588 1480 686 1507 tamen.
700 1480 729 1502 ut
740 1477 859 1510 primum
870 1477 975 1503 occasio
987 1476 1035 1503 da—

241 1516 265 1537 ta
277 1516 329 1541 est.
348 1520 407 1537 meo
421 1512 534 1546 pristino
546 1522 618 1539 more
630 1513 827 1548 rempublicam
837 1513 960 1540 defendi:
992 1522 1034 1540 me

240 1549 393 1583 principem
404 1550 509 1575 senatui
520 1549 676 1585 populoque
687 1551 805 1577 Romano
817 1550 955 1585 professus
961 1560 1032 1582 sum.

240 1594 289 1612 nec
304 1590 410 1620 postea,
427 1595 509 1621 quam
525 1588 634 1622 suscepi
650 1596 773 1614 caussam
790 1587 934 1618 libertatis.
952 1589 1035 1614 mini-

240 1631 316 1649 mum
328 1627 435 1658 tempus
446 1624 525 1650 amisi
537 1624 651 1651 tuendae
662 1624 757 1651 salutis
769 1625 1035 1661 libertatisqueoom-
1055 1630 1057 1637 ⁴

240 1661 342 1687 munis.
381 1660 434 1687 Sed
446 1661 510 1687 haec
521 1670 629 1697 quoque
641 1666 665 1689 te
675 1670 709 1689 ex
718 1661 779 1689 aliis
790 1663 869 1690 malo.
908 1665 932 1690 3.
945 1664 975 1690 T.
991 1664 1036 1689 Pi-

242 1698 358 1728 narium.
378 1697 622 1725 familiarissimum
647 1708 738 1726 meum
779 1705 850 1726 tanto
876 1701 926 1727 tibi
945 1701 1035 1727 studio

241 1734 414 1765 commende,
432 1740 462 1761 ut
476 1737 576 1762 maiore
593 1745 645 1763 non
662 1738 778 1771 possim:
811 1738 856 1763 cui
871 1746 957 1772 quum
973 1746 1035 1772 pro-
1056 1739 1057 1749 ¹

241 1776 300 1806 pter
317 1780 410 1797 omnes
426 1772 548 1804 virtutes,
568 1778 626 1800 tum
641 1774 721 1800 etiam
737 1779 845 1808 propter
858 1774 947 1801 studia
961 1783 1035 1801 com-

463 977 550 998 mum...
560 978 625 997 Pau-n.
636 978 698 995 inni„
708 985 747 994 n...

241 1809 347 1839 munia.
361 1817 421 1834 sum
433 1810 627 1837 amicissimus.
658 1811 814 1845 lsprocurat
824 1811 939 1838 rationes
952 1820 1035 1847 nego-

241 1846 331 1880 tiaque
347 1846 468 1881 Dionysii
484 1848 581 1878 nostri.
599 1856 681 1883 quem
697 1853 722 1874 et
737 1853 765 1874 tu
782 1848 897 1874 multum
910 1858 996 1879 amas.
1010 1854 1035 1876 et

241 1891 290 1918 ego
305 1883 427 1909 omnium
441 1883 601 1917 plurimum.
633 1885 670 1911 Ea
682 1885 732 1911 tibi
741 1894 791 1921 ego
802 1894 854 1912 non
865 1885 950 1912 debeo
961 1895 1035 1912 com-

242 1919 381 1950 mendare.
404 1920 452 1946 sed
472 1921 631 1948 commendo
652 1926 751 1948 tamen.
782 1922 875 1949 Facies
891 1923 987 1958 igitur,
1006 1928 1035 1950 ut

241 1965 275 1983 ex
290 1957 399 1988 Pinarii,
416 1958 564 1993 gratissimi
580 1959 707 1990 bominis.
729 1958 824 1986 litteris
838 1965 916 1986 tuum
932 1965 958 1986 et
972 1969 1034 1997 erga

242 1993 320 2021 illum
331 1999 357 2021 et
366 2002 428 2030 erga
439 1995 598 2031 Dionysium
609 1996 732 2023 studium
743 1997 950 2032 perspiciamus.

268 2073 335 2093 XXV
351 2079 370 2093 ι.
387 2073 463 2094 ARG.
486 2074 520 2094 De
533 2073 644 2094 sententi-
657 2074 773 2095 Cornificii
782 2074 825 2096 SC.
841 2074 922 2095 factum
933 2074 1033 2101 nuntiam

240 2111 265 2128 ut
287 2115 354 2135 remp.
379 2108 524 2136 amplectatur
543 2109 656 2134 hortatur,
684 2109 779 2130 Lucceio
799 2116 824 2130 se
842 2117 886 2130 non
908 2110 1033 2131 defuturum

241 2143 368 2170 pullicetur.
388 2146 475 2169 (nonne.
485 2146 549 2163 ute-isi,
558 2146 624 2167 Pausa,
634 2147 696 2164 Iiirtiu
707 2153 754 2164 coss.
765 2148 786 2164 71
793 2147 819 2169 Ι.)

354 2189 390 2215 Μ.
412 2189 442 2215 Τ.
464 2189 494 2216 C.
524 2188 551 2216 S.
573 2190 602 2216 P.
624 2190 653 2216 D.
675 2189 916 2218 CORNIFICIO.

297 2235 320 2260 4.
350 2229 528 2261 Liberalibus
549 2234 649 2261 litteras
669 2236 760 2270 accepi
780 2241 854 2267 tuas,
876 2245 944 2272 quas
965 2236 1034 2262 mihi

239 2270 399 2297 Cornificius
415 2271 496 2298 altero
512 2272 642 2299 vicesimo
651 2272 709 2304 die,
726 2278 756 2299 ut
766 2273 886 2304 dicebat.
904 2273 1032 2300 reddidit.

239 2308 277 2334 Eo
287 2308 332 2334 die
343 2317 394 2335 non
406 2308 458 2335 fuit
468 2314 576 2335 senatus
584 2330 590 2340 ,
603 2318 690 2345 neque
702 2315 817 2344 postero.
857 2310 1034 2346 Quinquatri-

240 2345 292 2371 bus
314 2344 448 2381 frequenti
467 2351 560 2372 senatu
577 2355 700 2373 caussam
716 2352 789 2374 tuam
805 2348 862 2383 egi.
880 2357 932 2374 non
949 2348 1034 2374 invita

240 2382 369 2409 Minerva.
400 2383 506 2409 Etenim
516 2392 546 2410 eo
557 2384 616 2418 ipso
625 2384 669 2410 die
680 2389 790 2411 senatus
801 2385 929 2416 decrevit,
942 2389 972 2411 ut
983 2385 1034 2411 Mi-

241 2426 322 2445 nerva
336 2424 433 2451 nostra,
451 2425 541 2447 custos
553 2421 641 2451 Urbis.
654 2430 736 2456 quam
747 2421 826 2448 turbo
835 2422 978 2453 deiecerat,
992 2430 1035 2448 re-

240 2455 404 2482 stitueretur.
440 2458 524 2484 Pansa
540 2462 600 2484 tuas
612 2457 713 2484 litteras
725 2459 856 2485 recitavit.
884 2460 979 2495 Magna
990 2467 1034 2485 se-

240 2495 319 2517 natus
339 2494 495 2527 approbatio
509 2499 652 2521 consecuta
668 2500 708 2522 est
721 2504 783 2521 cum
799 2505 907 2522 summo
921 2496 1031 2532 gaudio,

241 2532 267 2553 et
280 2527 424 2556 offensione
440 2531 593 2562 Minotauri.
607 2532 635 2558 id
645 2537 694 2563 est.
711 2532 823 2559 Calvisii
833 2538 859 2559 et
869 2534 960 2559 Tauri.
982 2533 1034 2560 Fa-

240 2569 313 2590 ctum
329 2565 362 2591 de
379 2570 402 2592 te
417 2573 525 2594 senatus
545 2568 700 2595 consultum
715 2569 904 2596 honorificum.
938 2571 1034 2597 Postu-

241 2600 346 2627 labatur
366 2607 464 2634 autem,
486 2609 515 2630 ut
534 2606 615 2632 etiam
631 2605 671 2632 illi
686 2610 852 2639 notarentur-3
884 2606 933 2633 sed
948 2608 1033 2634 Pansa

240 2637 406 2666 clementior.
440 2642 466 2667 2.
481 2641 546 2677 Ego.
560 2643 597 2668 mi
607 2643 742 2675 Cornifici,
755 2652 809 2679 quo
819 2643 864 2671 die
874 2644 994 2679 primum
1004 2645 1032 2671 in

1020 116 1294 143 CICERONIS

1083 196 1157 222 spem
1176 186 1306 214 libertatis
1323 188 1460 222 ingressus
1476 196 1546 218 sum.
1564 194 1589 215 et
1604 189 1793 215 cunctantibus
1804 195 1875 216 cete-

1084 227 1120 251 ris
1137 235 1159 250 a.
1177 225 1204 251 d.
1223 233 1280 250 xm.
1300 224 1356 250 Kal.
1376 226 1429 251 Ian.
1448 225 1620 252 fundamenta
1633 227 1682 252 ieci
1698 227 1872 261 reipublicae.

1083 272 1114 287 eo
1130 262 1187 296 ipso
1203 262 1246 287 die
1264 261 1369 296 providi
1382 261 1496 288 multum
1508 268 1587 297 atque
1599 263 1681 289 habui
1694 265 1821 290 rationem
1832 264 1875 290 di-

1083 300 1193 332 gnitatis
1209 304 1279 325 tuae.
1316 299 1380 325 Mihi
1392 300 1463 325 enini
1476 305 1515 325 est
1526 309 1652 326 assensus
1664 307 1771 326 senatus
1782 301 1815 326 de
1827 301 1877 326 ob-

1084 336 1201 362 tinendis
1217 336 1374 370 provinciis.
1417 337 1469 362 Nec
1485 345 1547 362 vero
1563 342 1652 371 postea
1668 337 1758 364 destiti
1776 338 1876 363 tatu-ta-

1083 379 1154 399 ctare
1170 382 1246 404 eum.
1265 374 1313 407 qui
1326 382 1431 399 summa
1443 382 1504 399 cum
1518 379 1561 399 tua
1575 375 1686 404 iniuria.
1700 375 1877 401 contumelia-

1084 419 1136 445 que
1153 410 1318 445 reipublicae
1330 411 1495 444 provinciam
1509 411 1606 436 absens
1616 411 1762 438 obtinebat.
1786 413 1876 446 ltaque

1084 447 1204 477 crebras.
1224 446 1264 473 vel
1280 448 1368 482 potius
1379 447 1559 481 quotidianas.
1575 448 1792 482 compellationes
1804 458 1877 474 meas

1085 494 1136 510 non
1153 484 1227 515 tulit,
1243 493 1326 519 seque
1339 485 1364 510 in
1378 485 1475 511 Urbem
1488 485 1586 519 recepit
1598 486 1712 516 invitus;
1736 495 1822 520 neque
1834 496 1878 511 so-

1086 521 1141 547 lum
1158 531 1218 556 spe.
1237 522 1283 547 sed
1299 526 1368 547 certa
1387 530 1413 547 re
1431 522 1482 547 iam
1499 527 1524 548 et
1538 523 1707 556 possessione
1719 522 1877 549 deturbatus

1085 564 1125 585 cst
1144 568 1202 585 mco
1224 559 1373 585 iustissimo
1400 559 1645 594 honestissimoque
1668 560 1800 585 comit-io.
1841 560 1878 586 Tc

1086 601 1158 622 tuam
1175 596 1332 631 dignitatem
1350 605 1454 621 summa
1472 601 1515 622 tua
1528 597 1625 622 virtute
1637 597 1755 622 tenuisse
1768 598 1878 631 provin-

1085 634 1196 668 ciaeque
1219 633 1365 659 bonoribus
1387 633 1565 668 amplissimis
1581 633 1713 663 affectum.
1733 634 1879 660 vehemen-

1086 675 1124 696 ter
1138 670 1252 706 gaudeo.
1294 672 1318 696 3.
1337 670 1413 702 Quod
1430 675 1454 696 te
1471 671 1538 696 mibi
1553 671 1586 696 de
1597 670 1756 705 Sempronio
1768 680 1876 706 purgas.

1085 708 1188 742 accipio
1202 708 1412 734 excusationem.
1435 708 1496 734 Fuit
1506 708 1578 734 enim
1591 707 1657 734 illud
1669 708 1804 743 quoddam
1819 717 1879 734 cae-

1086 754 1147 771 cum
1160 750 1265 780 tempus
1280 745 1428 771 servitutis,
1459 745 1515 780 Ego
1527 750 1633 771 tuorum
1645 745 1818 771 consiliorum
1831 754 1879 771 au-

1087 787 1142 808 ctor
1156 782 1350 817 dignitatisque
1363 781 1456 812 fautor,
1471 783 1554 808 iratus
1566 783 1741 817 temporibus.
1759 783 1785 809 in
1796 783 1880 809 Grae-

1088 820 1156 846 ciam
1173 819 1310 854 desperata
1328 819 1449 845 libertate
1460 819 1596 854 rapiebar:
1620 828 1704 854 quum
1717 828 1759 846 me
1770 820 1877 849 etesiae.

1088 857 1165 891 quasi
1182 857 1244 883 boni
1260 857 1346 887 cives.
1366 856 1561 891 relinquentem
1576 857 1770 891 rempublicam
1788 865 1880 892 prose-

1087 895 1134 929 qui
1151 893 1306 924 noluerunt,
1325 899 1467 928 austerque
1482 894 1612 919 adversus
1629 895 1747 920 maximo
1763 893 1824 920 flatu
1838 902 1879 919 me

1087 931 1120 957 ad
1137 931 1249 957 tribules
1265 936 1323 957 tuos
1340 931 1472 966 Rhegium
1489 931 1588 960 retulit.
1606 936 1685 965 atque
1703 931 1764 957 inde
1781 932 1877 960 ventis.

1091 969 1172 994 remis
1184 969 1210 994 in
1223 969 1335 1003 patriam
1347 969 1421 994 omni
1434 967 1602 994 festinatione
1617 969 1768 1002 properavi.
1782 969 1880 1003 postri-

1087 1006 1185 1040 dieque
1198 1006 1224 1032 in
1235 1014 1340 1032 summa
1353 1005 1517 1040 reliquorum
1529 1006 1657 1031 servitute
1670 1005 1737 1031 liber
1748 1014 1818 1031 unus
1829 1005 1879 1031 fui.

1088 1044 1112 1069 4.
1148 1042 1192 1069 Sic
1204 1052 1264 1069 sum
1277 1043 1304 1068 in
1316 1043 1461 1069 Antonium
1474 1043 1610 1072 invectus,
1629 1047 1656 1068 ut
1669 1042 1713 1068 ille
1725 1051 1777 1068 non
1789 1042 1878 1072 terret.

1086 1089 1248 1115 omnemque
1269 1088 1349 1105 suum
1371 1079 1538 1105 vinolentum
1560 1079 1675 1105 furorem
1692 1080 1718 1105 in
1735 1088 1776 1105 me
1795 1087 1880 1106 unum

1087 1117 1242 1148 effunderet.
1256 1125 1352 1151 meque
1363 1125 1447 1151 quum
1459 1117 1555 1142 elicere
1567 1116 1647 1143 vellet
1657 1116 1690 1143 ad
1701 1116 1791 1143 caedis
1801 1125 1881 1143 caus-

1087 1163 1158 1185 sam.
1177 1159 1233 1180 tum
1252 1158 1364 1181 tentaret
1379 1154 1501 1180 insidiis:
1531 1162 1612 1188 quem
1628 1162 1677 1189 ego
1691 1159 1838 1180 ructantem
1854 1158 1880 1180 et

1088 1196 1261 1218 nauseantem
1290 1191 1392 1217 conieci
1418 1191 1444 1217 in
1470 1191 1591 1217 Caesaris
1615 1190 1755 1218 Octaviani
1775 1191 1879 1227 plagas.

1088 1229 1156 1255 Puer
1167 1229 1239 1255 enim
1251 1229 1377 1264 egregius
1387 1228 1552 1263 praesidium
1564 1228 1618 1254 sibi
1629 1229 1748 1263 primum
1759 1229 1879 1260 etnobis,

1088 1266 1186 1292 deinde
1196 1275 1318 1292 summae
1330 1265 1680 1301 reipublicaecomparavit:
1698 1265 1882 1301 quinisifuis-

1087 1308 1136 1334 set.
1153 1304 1261 1330 Antonii
1274 1303 1376 1330 reditus
1387 1312 1400 1330 a
1412 1303 1556 1329 Brundisio
1566 1303 1650 1338 pestis
1661 1303 1762 1337 patriae
1774 1302 1879 1330 fuisset.

1086 1340 1160 1373 Quae
1171 1341 1299 1375 deinceps
1307 1341 1432 1371 actasint.
1441 1341 1509 1367 scire
1517 1345 1540 1367 te
1547 1340 1670 1367 arbitror.
1691 1341 1717 1367 5.
1729 1340 1881 1367 Sedredea-

1087 1387 1148 1404 mus
1164 1378 1197 1405 ad
1213 1378 1296 1409 illud,
1313 1378 1385 1404 uude
1397 1378 1568 1404 divertimus.
1607 1378 1718 1412 Accipio
1729 1378 1882 1404 excusatio-

1087 1424 1147 1441 nem
1163 1420 1236 1442 tuam
1253 1415 1286 1441 de
1302 1415 1470 1450 Sempronio.
1511 1416 1604 1450 Neque
1619 1415 1692 1441 enim
1706 1415 1798 1442 statuti
1813 1414 1880 1450 quid

1087 1453 1114 1479 in
1127 1457 1196 1479 tanta
1208 1452 1407 1487 perturbatione
1419 1452 1518 1479 babere
1530 1453 1652 1487 potuisti.

1160 1490 1236 1517 Nunc
1257 1492 1298 1516 hic
1318 1492 1372 1516 [Hes
1391 1491 1471 1516 alium
1492 1492 1571 1516 vitam
1589 1491 1682 1522 desert.
1714 1491 1780 1515 tilios
1799 1497 1882 1516 mores

1450 1529 1572 1560 postulat.

1087 1569 1116 1591 ut
1127 1564 1164 1591 ait
1177 1564 1328 1592 Terentius.
1358 1563 1548 1598 Quamobrem.
1561 1565 1599 1592 mi
1609 1563 1717 1598 Quinte.
1730 1562 1881 1591 conscende

1086 1601 1241 1634 nobiscum.
1255 1608 1280 1629 et
1291 1602 1402 1637 quidem
1414 1602 1446 1629 ad
1459 1603 1584 1637 puppim.
1620 1602 1675 1629 Una
1687 1603 1765 1628 navis
1775 1606 1816 1627 est
1827 1602 1880 1627 iam

1087 1640 1217 1666 bonorum
1228 1640 1364 1666 omnium:
1387 1648 1469 1675 quam
1480 1639 1592 1674 quidem
1603 1648 1651 1666 nos
1664 1639 1761 1666 damus
1770 1647 1880 1673 operam

1086 1682 1116 1703 ut
1131 1682 1228 1703 rectam
1248 1682 1397 1703 teneamuS.
1439 1677 1545 1703 Utinam
1564 1685 1692 1711 prospero
1706 1676 1801 1702 cursu!
1827 1675 1881 1702 Sed

1086 1715 1252 1749 quicumque
1271 1714 1344 1740 venti
1359 1718 1450 1744 erunt.
1467 1723 1510 1740 ars
1524 1719 1613 1740 nostra
1630 1718 1700 1740 certe
1715 1721 1767 1739 nou
1783 1712 1879 1739 aberit.

1086 1751 1157 1783 Quid
1172 1752 1244 1777 enim
1256 1756 1390 1786 praestare
1402 1750 1476 1777 aliud
1488 1751 1574 1777 virtus
1586 1749 1690 1786 potest?
1718 1750 1758 1776 Tu
1771 1749 1811 1775 fac
1822 1758 1881 1776 ma-

1085 1797 1138 1824 gno
1153 1789 1243 1815 animo
1258 1789 1296 1814 sis
1311 1793 1337 1814 et
1351 1787 1471 1819 excelso,
1488 1789 1658 1824 cogitesque.
1670 1795 1777 1814 omnem
1788 1786 1881 1823 digui-

1086 1830 1167 1852 tatem
1181 1830 1254 1852 tuam
1266 1834 1328 1852 cum
1340 1825 1480 1860 republica
1490 1825 1661 1852 coniunctam
1672 1833 1732 1851 esse
1742 1823 1850 1851 debere.

1138 1923 1206 1944 XXV
1216 1924 1237 1944 in.
1328 1922 1384 1948 (Hie
1394 1930 1464 1944 nuvae
1475 1923 1500 1943 ad
1512 1923 1608 1943 eumdem
1620 1921 1761 1943 Cornifiei-nn
1771 1920 1881 1949 epistolae

1084 1957 1174 1979 initium
1191 1957 1317 1983 Manutius.
1337 1959 1459 1983 Corradus.
1480 1957 1613 1978 Benedictus
1627 1960 1649 1978 et
1663 1957 1783 1978 Gruterus
1797 1955 1880 1977 ena-ti·

1086 1997 1169 2016 munt.)

1141 2031 1166 2057 6.
1181 2025 1215 2057 Ρ.
1230 2030 1376 2057 Lucceium
1391 2029 1459 2056 mihi
1475 2037 1566 2056 meum
1576 2027 1763 2060 commendas;
1785 2035 1878 2062 quem,

1085 2067 1306 2103 quibuscumque
1321 2067 1402 2093 rebus
1416 2071 1520 2102 potero.
1538 2065 1682 2101 diligenter
1693 2064 1797 2091 tuebor.
1818 2064 1881 2090 Hir-

1085 2105 1154 2131 tium
1169 2104 1281 2140 quidem
1297 2109 1323 2131 et
1337 2105 1465 2135 Pansam.
1483 2103 1600 2139 collegas
1618 2107 1737 2133 nostros,
1755 2101 1879 2128 homines

1085 2142 1113 2168 in
1129 2141 1270 2168 consulatu
1286 2141 1452 2176 reipublicae
1466 2140 1612 2171 salutares.
1629 2139 1717 2166 alieno
1731 2147 1796 2165 sane
1811 2143 1881 2165 tem-

1084 2187 1148 2214 pore
1164 2179 1315 2210 amisimus,
1333 2178 1472 2213 republica
1486 2178 1636 2205 Antoniano
1650 2176 1762 2212 quidem
1773 2175 1881 2202 lan-oci-

1085 2217 1130 2242 nio
1149 2215 1274 2247 liberata.
1296 2216 1343 2242 sed
1358 2215 1479 2242 nondum
1493 2215 1603 2242 omnino
1618 2213 1764 2249 explicata;
1795 2220 1880 2248 quam

1085 2262 1147 2284 nos.
1169 2254 1193 2279 si
1217 2253 1323 2284 licebit,
1344 2261 1417 2279 more
1437 2257 1525 2279 nostro
1544 2251 1695 2282 tuebimur.
1712 2257 1879 2285 quamquam

1084 2290 1230 2317 admodum
1241 2299 1337 2316 sumus
1352 2290 1405 2316 iam
1416 2289 1564 2325 defatigati.
1598 2287 1651 2314 Sed
1662 2287 1736 2314 nulla
1749 2286 1879 2314 lassitudo

1085 2327 1217 2362 impedire
1225 2327 1346 2354 officium
1356 2332 1382 2354 et
1392 2326 1473 2353 fidem
1484 2326 1572 2352 debet.
1593 2326 1619 2351 7.
1634 2325 1733 2351 Verum
1743 2323 1880 2350 haechac-

1084 2369 1174 2391 tenus.
1212 2364 1254 2391 Ab
1269 2364 1330 2391 aliis
1348 2369 1373 2390 te
1388 2363 1422 2390 de
1436 2372 1493 2394 me,
1514 2371 1597 2398 quam
1612 2370 1626 2388 a
1645 2369 1688 2387 me
1708 2362 1780 2396 ipso.
1807 2360 1878 2388 malo

1084 2410 1255 2438 cognoscere.
1284 2402 1321 2428 De
1332 2406 1357 2428 te
1368 2401 1546 2428 audiebamus
1557 2408 1597 2430 ea.
1610 2406 1680 2434 quae
1691 2399 1808 2425 maxime
1819 2397 1879 2424 vel-

1086 2438 1183 2465 lemus.
1213 2439 1250 2465 De
1261 2438 1310 2465 Cn.
1333 2438 1459 2469 Minucio.
1473 2445 1555 2472 quem
1566 2440 1594 2462 tu
1604 2435 1770 2471 quibusdam
1781 2434 1878 2461 litteris

1084 2476 1118 2502 ad
1129 2475 1234 2503 caelum
1246 2475 1373 2502 laudibus
1383 2474 1512 2504 extulisti.
1526 2481 1648 2500 rumores
1659 2472 1780 2499 duriores
1791 2475 1876 2498 erant.

1084 2513 1113 2539 Id
1125 2512 1204 2548 quale
1215 2514 1259 2543 sit,
1272 2513 1451 2547 omninoque,
1465 2510 1532 2546 quid
1543 2511 1603 2536 istic
1615 2514 1722 2546 agatur.
1735 2509 1818 2536 facias
1832 2516 1876 2535 me

1085 2550 1168 2576 velim
1180 2550 1330 2576 certiorem.

1137 2619 1223 2639 xxw.
1243 2619 1260 2639 A
1269 2619 1320 2639 KG.
1339 2617 1436 2638 Heroden
1450 2618 1476 2640 Q.
1495 2615 1565 2636 Turii
1578 2616 1605 2636 de
1619 2615 1684 2637 boui·
1697 2615 1722 2636 in
1736 2615 1814 2636 Africa
1822 2614 1876 2636 teli·

1084 2653 1134 2678 etin.
1145 2653 1287 2675 commendat.
1303 2654 1394 2678 (Antonio
1402 2660 1440 2673 ωι-
1452 2655 1496 2672 71⁰.
1508 2660 1570 2672 meme
1579 2653 1665 2674 inemo.)
