1941 3052
261 199 293 224 2ss
800 199 823 224 6.

262 267 340 294 modo
355 268 380 294 in
396 267 452 298 hnc,
470 268 548 294 modo
562 269 587 295 in
603 268 682 294 ultera
697 276 732 298 re,
751 268 799 294 hoc
814 268 905 294 modo:
929 268 982 293 (Zur
992 276 1049 294 eam

261 314 315 332 rem
341 310 392 331 tam
415 306 533 331 studiose
552 314 638 335 curras,
660 314 728 340 quae
743 305 840 331 multas
855 306 902 330 tihi
917 305 991 331 dabit
1003 313 1051 330 eu-

261 342 321 369 ras‘?
346 343 423 369 Item:
448 344 512 369 Nam
527 344 607 369 amari
624 343 770 369 iucundum
785 347 833 372 est,
850 343 872 368 si
886 346 1002 371 curetur.
1020 350 1051 367 ne

260 379 326 414 quid
342 380 405 405 insit
418 381 509 406 amari.
545 381 622 406 ltem:
649 380 756 406 Veniam
772 379 803 405 ad
820 388 874 407 vos.
891 380 912 405 si
929 379 994 404 mihi
1010 388 1052 404 se-

262 421 338 442 naum
352 417 396 442 det
411 418 523 443 veniam.
552 418 578 443 ln
595 418 636 443 liis
650 421 774 451 qtiattuor
787 416 930 451 generibus
941 424 1051 442 exorna-
1080 435 1081 443 η

1072 455 1081 482 ,ἶ
1102 460 1183 486 quem
1198 453 1278 478 armis
1292 453 1434 487 cepissent,
1451 454 1502 480 vita
1518 454 1659 488 privarent.
1675 455 1745 487 Quid
1761 455 1890 491 ita?quin.

261 454 372 484 tionum,
389 462 456 489 quae
471 454 558 480 adhuc
573 455 720 489 propositae
735 458 806 483 sunt.
823 462 874 479 non
889 454 976 487 inopia
993 462 1051 479 ver-

260 490 354 517 borum
371 491 407 521 lit,
425 496 452 517 ut
466 492 498 517 ad
514 491 582 517 idem
600 491 710 517 verbum
725 491 846 516 redeatur
860 491 981 524 saepius‘,
1005 490 1050 516 sed

260 528 329 554 inest
348 527 476 554 festivitas
495 529 635 563 quaedam,
651 536 720 563 quae
735 527 840 554 facilius
855 528 965 553 auribus
980 527 1052 554 diiu-

260 564 351 594 dicari,
367 574 447 600 quam
465 566 552 591 verbis
571 566 745 591 demonstrari
761 570 855 599 potest.

314 602 371 628 XV.
389 603 526 628 Contentio
539 607 587 633 cst,
603 611 689 637 quum
704 611 737 629 ex
750 603 889 628 contrariis
904 601 992 628 verbis
1007 606 1052 628 aut

261 639 340 665 rebus
359 640 441 665 oratio
458 640 605 670 ‹molit-itur,
627 640 675 666 hoc
694 645 782 674 pacto:
815 639 897 665 llabet
911 640 1052 665 assentatio

260 676 375 702 iucunda
396 677 534 712 principia,
556 677 647 703 cadem
669 677 758 703 exitus
772 678 953 703 amarissimos
967 676 1049 702 affert.

261 714 338 739 ltcm:
366 714 482 740 lnimicis
506 718 530 740 te
553 714 719 749 placabilem,
744 715 837 740 amicis
861 714 1050 740 inexorabilem

261 750 380 785 praebes.
415 752 493 778 Item:
516 753 544 778 ln
567 752 620 778 otio
642 752 828 782 tumultuaris;
849 752 876 778 in
892 751 1008 777 tumultu
1024 760 1052 777 es

259 787 374 819 otiosus;
392 789 417 814 in
433 798 459 814 re
475 788 648 825 frigidissima
660 789 743 821 cales,
760 790 786 816 in
798 789 994 815 ferventissima
1006 788 1053 815 fri·

258 833 315 860 ges.
338 825 427 852 Tacito
448 835 533 861 quum
552 835 620 861 opus
635 831 682 857 est.
703 826 817 859 clamas3
841 827 886 853 ubi
902 826 975 861 loqui
989 835 1053 852 con-

260 862 340 893 venit,
356 863 528 890 obmutescis.
558 863 646 890 Ades‘?
666 864 759 890 abesse
774 865 829 895 vis;
854 863 935 890 abes?
956 864 1051 890 reverti

258 899 345 933 cupis.
380 900 408 926 In
424 909 487 935 pace
501 901 602 928 bellum
617 901 764 937 quaeritas3
781 902 808 928 in
824 901 893 927 bello
903 909 994 936 pacem
1005 901 1052 927 de-

258 936 378 963 sideras?
410 938 438 964 In
452 939 577 965 concione
591 939 624 965 de
639 939 736 965 virtute
751 938 882 974 loqueris;
911 939 937 964 in
953 938 1053 973 proelio

259 982 320 1008 prae
339 975 444 1010 ignavia
465 976 543 1002 tubae
561 977 678 1002 sonitum
694 976 809 1010 perferre
827 985 877 1003 non
893 981 977 1010 potes.
1000 976 1052 1002 Hoc

257 1019 354 1047 genere
368 1013 391 1038 si
406 1012 605 1048 distinguemus
619 1014 772 1045 orationem,
789 1018 815 1040 et
827 1022 923 1050 graves
933 1018 958 1039 et
967 1013 1052 1040 ornati

259 1049 405 1083 poterimus
420 1058 488 1076 esse.

313 1087 354 1112 22.
381 1086 545 1114 Exclamatio
559 1092 607 1119 est,
631 1096 700 1123 quae
713 1087 818 1115 conficit
831 1087 1051 1124 significationem
1080 1115 1081 1121 ¹

258 1123 357 1150 doloris
376 1129 422 1150 aut
441 1124 633 1160 indignationis
655 1125 770 1152 alicuius
798 1134 845 1160 per
867 1125 984 1152 hominis
1007 1130 1053 1151 aut

258 1161 333 1187 urbis
347 1165 393 1187 aut
408 1160 456 1188 loci
471 1167 517 1188 aut
530 1163 566 1188 rei
581 1163 732 1198 cuiuspiam
746 1163 986 1197 compellationem,
1003 1162 1053 1189 hoc

258 1197 350 1224 modo:
372 1198 408 1224 Te
423 1207 494 1225 nunc
507 1199 636 1235 alloquor,
645 1200 775 1232 Africane,
788 1201 866 1226 cuius
877 1200 973 1226 mortui
984 1208 1053 1234 quo-

257 1243 310 1270 que
325 1244 420 1262 nomen
435 1236 570 1271 splendori
585 1246 614 1264 ac
628 1238 716 1265 decori
734 1242 774 1264 est
787 1238 898 1264 civitati.
933 1237 983 1264 Tui
997 1237 1052 1263 cla-

257 1273 357 1299 rissimi
381 1278 490 1308 nepotes
513 1283 563 1301 suo
584 1276 715 1311 sanguine
737 1275 861 1301 aluerunt
882 1275 1050 1301 inimicorum

257 1310 451 1337 crudelitatem.
485 1312 563 1338 Item:
589 1312 611 1339 Ο
630 1313 785 1347 perfidiosae
804 1311 948 1348 Fregellae.
969 1320 1050 1347 quam

258 1346 335 1374 facile
349 1347 448 1374 scelere
462 1353 550 1376 vestro
564 1350 753 1376 contabuistis!
777 1354 814 1381 ut,
830 1351 908 1376 cuius
923 1350 991 1376 nitor
1006 1358 1051 1375 ur—

257 1384 299 1411 bis
322 1384 422 1411 ltaliam
446 1395 532 1421 nuper
552 1386 705 1418 illustravit,
731 1388 790 1413 eius
809 1395 879 1413 nunc
894 1387 940 1413 vix
955 1386 1051 1413 funda-
1072 1394 1073 1398 ¹

257 1427 408 1449 mentorum
427 1423 556 1458 reliquiae
570 1429 702 1451 maneant.
737 1425 815 1451 Item:
837 1425 970 1451 Bonorum
984 1424 1051 1450 insi-

256 1459 370 1486 diatores
386 1459 521 1488 latrocinio
536 1462 615 1487 vitam
631 1462 842 1488 innocentissimi
856 1462 989 1496 cuiusque
1004 1470 1052 1496 pe-

256 1497 340 1526 tistis:
365 1501 497 1524 tantamne
516 1507 549 1525 ex
567 1499 707 1533 iniquitate
722 1499 882 1525 iudiciorum
898 1499 994 1525 vestris
1007 1507 1051 1525 ca-

257 1533 368 1560 lumniis
390 1536 528 1562 assumitis
551 1535 717 1562 facilitatem!
740 1537 792 1562 Hac
815 1536 1005 1562 exclamatione
1027 1536 1050 1562 si

257 1571 313 1598 loco
332 1575 447 1603 utemur,
469 1581 535 1604 raro,
555 1578 580 1599 et
594 1582 678 1608 quum
693 1574 729 1599 rei
746 1573 902 1609 magnitudo
916 1573 1050 1608 postulare
1072 1596 1073 1599 ,

256 1608 401 1640 videbitur,
421 1609 454 1635 ad
473 1619 554 1645 quam
568 1611 690 1637 volemus
705 1611 915 1646 indignationem
929 1611 1050 1637 animum

256 1645 385 1673 auditoris
399 1647 574 1674 adducemus.

310 1684 481 1720 Interrogatio
495 1694 546 1711 non
560 1685 647 1711 omnis
661 1684 751 1720 graw's
765 1690 805 1711 est
815 1693 901 1720 neque
911 1685 1047 1716 concinna,
1072 1704 1073 1711 ,

255 1720 303 1747 sed
322 1721 395 1752 haec,
415 1730 493 1756 quae,
514 1731 599 1757 quum
618 1726 770 1748 enumerata
789 1726 853 1748 sunt
866 1731 904 1753 ea,
920 1731 989 1757 quae
1003 1723 1051 1749 ob·
1072 1741 1073 1748 ,

1072 1764 1079 1786 ’1
1101 1761 1163 1786 eitia
1182 1761 1274 1786 teneri.
1309 1759 1378 1786 Sunt
1395 1761 1459 1786 item
1480 1760 1635 1790 sententiae,
1658 1768 1728 1794 quae
1748 1759 1893 1794 dupliciter

256 1762 320 1784 sunt
341 1767 452 1785 caussae
474 1759 700 1789 adversariorum,
725 1759 863 1786 confirmat
884 1760 1049 1794 superiorem

255 1795 410 1827 orationem,
427 1795 476 1823 hoc
490 1801 578 1832 pacto:
599 1796 689 1829 Quum
703 1797 786 1832 igitur
800 1797 864 1823 haec
877 1797 966 1823 omnia
981 1796 1051 1823 face·
1072 1803 1080 1818 ..r

256 1841 307 1864 res,
327 1832 439 1864 diceres,
459 1833 668 1865 administrares,
689 1839 779 1860 utrum
801 1835 903 1860 animos
917 1835 1050 1861 sociorum

256 1870 289 1896 ab
307 1870 444 1905 republica
463 1871 618 1898 removebas
637 1876 662 1897 et
675 1871 854 1901 abalienabas,
871 1880 904 1898 an
918 1871 988 1898 non?
1013 1876 1047 1903 et,

256 1911 347 1934 utrum
362 1907 479 1943 aliquem
494 1909 614 1935 exornari
628 1909 753 1943 oportuit,
772 1909 819 1944 qui
834 1909 884 1935 ista
898 1908 1050 1943 prohiberet

255 1953 285 1971 ac
299 1945 355 1971 fieri
370 1953 422 1971 non
436 1946 542 1977 sineret,
559 1955 591 1972 an
606 1945 676 1973 non‘?

310 1981 380 2008 XVI.
395 1984 436 2010 23.
456 1983 630 2010 Ratiocinatio
648 1987 696 2015 est,
717 1991 764 2018 per
781 1992 863 2018 quani
878 1983 930 2018 ipsi
944 1992 958 2009 a
972 1983 1050 2010 nobis

256 2019 383 2046 rationem
398 2021 543 2055 poscimus,
560 2029 642 2056 quare
652 2021 773 2056 quidque
783 2021 914 2051 dicamus.
923 2025 948 2047 et
958 2021 1050 2047 erebro

257 2061 360 2083 nosmet
373 2065 387 2083 a
401 2057 478 2084 nobis
493 2059 609 2093 petimus
624 2059 705 2085 unius
716 2067 849 2093 cuiusque
860 2058 1050 2092 propositionis
1071 2090 1073 2096 Ι

255 2093 479 2128 explanationem.
508 2095 545 2121 Ea
560 2100 600 2121 est
614 2095 783 2122 huiusmodi:
804 2095 915 2121 Maiores
930 2095 1012 2121 nostri
1026 2096 1049 2122 si

255 2138 337 2165 quam
360 2132 441 2157 unius
464 2133 564 2167 peccati
586 2133 726 2159 mulierem
745 2132 915 2163 damnabant,
931 2132 1049 2167 simplici

255 2167 355 2194 iudicio
372 2168 518 2195 multorum
537 2169 728 2196 maleficiorum
747 2170 894 2196 convictam
908 2169 1047 2204 putabant.

255 2204 314 2237 Quo
335 2205 429 2240 pacto‘?
443 2207 586 2248 'quoniam
611 2215 692 2242 quam
710 2207 875 2241 impudicam
889 2206 1046 2237 iudicarant.
1070 2208 1072 2216 '

255 2250 314 2269 eam
328 2243 449 2269 veneficii
463 2252 572 2279 quoque
585 2244 737 2270 damnatam
751 2244 948 2270 existimabant.
978 2243 1048 2276 Quid

255 2279 309 2306 ita‘?
330 2281 393 2315 quia
413 2289 521 2307 necesse
535 2285 583 2312 est,
600 2289 667 2312 eam.
684 2289 753 2316 quae
766 2289 847 2307 suum
861 2289 959 2315 corpus
973 2281 1049 2308 addi-

256 2318 324 2344 xerit
338 2318 509 2353 turpissimae
522 2318 671 2353 cupiditati,
688 2319 780 2344 timere
794 2317 951 2353 permultos.
975 2318 1048 2350 Quos

255 2355 338 2382 istos?
352 2356 449 2387 virum,
466 2360 597 2390 parentes,
613 2360 722 2385 ceteros,
738 2355 772 2381 ad
785 2364 853 2390 quos
867 2355 939 2381 videt
948 2356 991 2382 sui
1001 2356 1049 2382 de-

255 2391 357 2419 decoris
370 2392 509 2420 infamiam
523 2393 664 2428 pertinere.
685 2392 757 2424 Quid
771 2391 878 2427 postea?
895 2401 963 2427 quos
978 2397 1049 2420 tanto

255 2437 333 2464 opere
347 2430 446 2461 timeat,
464 2439 508 2457 eos
522 2438 630 2456 necesse
643 2434 684 2456 est
697 2434 735 2460 ut,
747 2438 856 2464 quoquo
865 2429 944 2455 modo
954 2431 1046 2464 possit,

255 2467 384 2494 veneficio
402 2472 482 2502 petat.
511 2466 581 2494 Cur‘?
593 2467 658 2502 quia
672 2466 745 2493 nulla
760 2471 846 2501 potest
860 2467 969 2493 honesta
983 2468 1049 2494 ratio
1070 2492 1072 2499 ,

255 2504 368 2531 retinere
381 2513 448 2535 eam,
464 2513 546 2540 quam
561 2503 717 2540 magnitudo
731 2503 906 2538 peceatifacit
916 2504 1046 2536 timidam,

255 2542 459 2576 intemperantia
477 2541 613 2572 audacem,
634 2546 727 2567 natura
743 2540 882 2567 muliebris
896 2541 1049 2568 inconside-

255 2583 348 2605 ratam.
382 2577 453 2610 Quid
468 2578 588 2605 venelicii
602 2577 772 2604 damnatam?
795 2576 898 2614 [quid‘?]
918 2579 1048 2613 putabant

255 2615 420 2650 impudicam
434 2624 542 2650 quoque
557 2616 714 2641 necessario.
734 2614 839 2647 Quare?
851 2616 914 2650 quia
925 2615 998 2642 nulla
1009 2615 1048 2642 fa—

255 2653 334 2679 cilius
351 2652 385 2678 ad
399 2652 426 2679 id
441 2652 602 2678 maleficium
616 2661 719 2683 caussa,
739 2661 821 2686 quam
835 2652 921 2686 turpis
936 2661 1009 2679 amor
1022 2657 1048 2679 et
1069 2664 1077 2687 g

1069 2692 1078 2720 ἦ
1097 2694 1300 2725 cognoscentem
1318 2690 1362 2716 sui
1379 2689 1434 2716 fore
1451 2690 1479 2716 in
1492 2694 1629 2724 potestate,
1644 2690 1692 2724 qui
1705 2689 1814 2724 speres?
1837 2689 1884 2716 Et:

254 2690 436 2724 intemperans
451 2689 534 2716 libido
547 2697 713 2715 commovere
723 2690 821 2724 potuit3
837 2689 915 2715 cuius
927 2689 1046 2716 mulieris

254 2727 361 2754 animus
374 2731 445 2754 esset
457 2730 607 2762 corruptus,
623 2727 682 2752 eius
695 2735 792 2760 corpus
805 2730 908 2753 castum
922 2735 980 2753 esse
994 2735 1046 2753 non

859 197 1065 224 lN'CElt'I'l
1100 196 1351 223 AUCTouts

1103 271 1272 301 putaverunt.
1299 266 1369 299 Quid
1385 268 1410 294 in
1426 266 1508 294 viris?
1521 267 1626 295 idemne
1641 269 1689 295 hoc
1698 269 1892 297 observabant?

1103 304 1222 330 minime.
1241 304 1311 336 Quid
1327 304 1379 330 ita‘?
1391 305 1454 340 quia
1470 306 1539 331 viros
1553 305 1585 332 ad
1601 315 1684 332 unum
1699 307 1825 342 quodque
1835 315 1891 334 m·-

1104 341 1218 367 lelieium
1233 341 1355 376 singulae
1368 341 1527 376 cupiditates
1542 343 1698 378 impellunt:
1719 344 1845 370 mulieres
1858 344 1890 371 nd

1079 411 1081 416 Ι
1102 378 1189 403 omnia
1214 378 1340 405 maleficia
1362 379 1495 414 cupiditas
1518 388 1569 406 una
1595 380 1678 407 ducit.
1714 381 1790 407 ltmn:
1821 381 1892 408 Bene

1104 416 1216 440 maiores
1243 415 1291 441 hoc
1314 421 1546 451 comparaverunt,
1576 422 1604 443 ut
1630 419 1763 444 neminem
1852 427 1889 450 m,

1080 521 1081 528 ἵ
1102 498 1183 523 cluam
1207 489 1283 515 nobis
1306 489 1456 516 facultatem
1480 490 1583 517 fortuna
1606 492 1737 523 dedisset,
1767 493 1892 527 iniquum

1103 531 1157 552 erat
1172 527 1197 552 in
1212 535 1303 553 eorum
1318 528 1452 562 supplicio
1465 536 1631 559 consumere,
1651 538 1719 564 quos
1732 529 1824 556 cadem
1840 529 1893 556 tor-

1104 568 1166 589 tuna
1182 564 1272 598 paullo
1285 569 1344 590 ante
1359 566 1384 591 in
1399 565 1566 600 amplissimo
1579 570 1649 592 statu
1658 567 1806 593 collocarat.
1821 566 1893 599 Quid

1102 600 1173 636 quod
1201 603 1346 628 exercitum
1373 608 1461 628 eontra
1488 602 1584 629 duxit?
1608 603 1702 630 desino
1727 605 1891 630 meminisse.

1103 638 1172 670 Quid
1188 638 1241 664 ita‘?
1259 640 1321 674 quia
1337 640 1386 666 viri
1402 639 1476 666 fortis
1490 645 1539 670 est.
1555 641 1602 675 qui
1616 641 1649 667 de
1664 641 1771 668 victoria
1785 646 1894 668 conten-

1103 675 1174 706 dant,
1195 684 1240 702 eos
1259 677 1348 703 hostes
1363 682 1468 712 putare;
1483 678 1531 712 qui
1548 679 1608 704 vieti
1624 683 1696 709 sunt,
1712 687 1757 705 eos
1771 678 1894 705 homine·

1103 712 1229 744 iudicare,
1251 718 1279 739 ut
1298 716 1382 748 possit
1400 714 1500 741 bellum
1516 714 1642 742 fortitudo
1656 716 1785 746 minuere.
1801 723 1893 751 pacem

1104 750 1255 776 humanitas
1270 759 1375 786 augere.
1410 752 1442 778 A«
1457 752 1500 778 ille
1515 753 1536 778 si
1554 753 1668 783 vicisset,
1689 762 1754 779 num
1769 753 1840 779 idem
1854 752 1894 779 fe-

1103 786 1200 813 cisset?
1220 796 1271 814 non
1286 788 1402 823 profecto
1412 794 1464 815 tam
1478 790 1585 824 sapiens
1600 790 1703 816 fuisset.
1727 790 1797 822 Quid
1810 790 1894 826 igitur

1103 825 1127 850 ei
1150 824 1255 859 parcis?
1285 826 1348 860 quia
1371 826 1450 852 talem
1473 826 1612 853 stultitiam
1635 833 1812 858 contemnere.
1840 835 1892 854 non

1103 862 1200 888 imitari
1222 863 1359 889 consuevi.
1394 865 1435 890 et.
1459 864 1527 890 Ilaec
1544 865 1680 891 exornatio
1697 864 1729 891 ud
1744 872 1893 891 sermonem

1104 899 1274 925 veliementer
1287 901 1481 927 accommodata
1496 906 1535 927 est
1549 906 1574 928 et
1584 903 1702 928 animum
1713 902 1842 928 auditoris
1851 909 1893 928 ro-

1074 953 1082 967 ,
1104 936 1168 962 tinet
1185 941 1314 963 attentum
1333 946 1418 972 quum
1439 943 1576 965 venustate
1593 940 1724 966 sermonis
1742 944 1799 966 tum
1813 938 1894 965 ratio-

1103 982 1168 1000 num
1183 975 1388 1009 exspectatione.

1156 1011 1237 1037 xvu.
1260 1011 1395 1038 Sententia
1413 1017 1453 1039 est
1471 1013 1553 1040 oratio
1570 1018 1676 1048 sumpta
1694 1013 1727 1040 de
1746 1014 1808 1045 vita,
1823 1023 1893 1050 quae

1103 1052 1149 1074 aut
1162 1049 1228 1083 quid
1242 1049 1285 1079 sit,
1306 1054 1351 1076 aut
1369 1050 1435 1085 quid
1453 1059 1512 1076 esse
1526 1055 1643 1086 oporteat
1657 1052 1683 1077 in
1699 1052 1761 1082 vita,
1777 1052 1894 1078 breviter

1103 1086 1227 1117 ostendit,
1245 1086 1294 1113 hoc
1309 1091 1397 1121 paeto:
1417 1087 1529 1114 Difficile
1542 1093 1582 1114 est
1595 1089 1712 1123 primurn
1728 1089 1838 1115 virtutes
1852 1097 1893 1115 re-

1104 1123 1198 1154 vereri,
1223 1124 1270 1158 qui
1284 1132 1390 1159 semper
1403 1125 1519 1151 secunda
1535 1125 1637 1152 fortuna
1652 1126 1686 1152 sit
1701 1134 1776 1152 usus.
1810 1127 1890 1152 Item:

1105 1161 1183 1187 Liber
1199 1161 1222 1189 is
1242 1166 1282 1187 est
1299 1162 1504 1193 existimandus,
1520 1163 1567 1197 qui
1582 1162 1649 1189 nulli
1664 1163 1823 1198 turpitudini
1837 1171 1894 1190 ser-

1104 1199 1150 1224 vit.
1184 1199 1264 1225 Item:
1288 1198 1376 1234 Egens
1398 1208 1482 1234 aeque
1496 1205 1535 1226 est
1550 1201 1581 1230 is,
1597 1201 1644 1235 qui
1659 1209 1709 1226 non
1724 1201 1789 1226 satis
1803 1200 1890 1232 habet,

1103 1241 1129 1262 et
1142 1237 1174 1267 is,
1189 1236 1233 1262 cui
1246 1236 1311 1262 satis
1326 1236 1392 1262 nihil
1408 1241 1492 1271 potest
1506 1246 1574 1263 esse.
1593 1238 1671 1264 ltem:
1683 1237 1789 1272 Optima
1800 1238 1894 1264 viven-

1102 1273 1130 1299 di
1145 1273 1210 1299 ratio
1223 1278 1263 1299 est
1277 1273 1412 1309 eligenda;
1427 1283 1485 1300 eam
1501 1274 1644 1301 iucundam
1657 1274 1823 1302 consuetudo
1833 1274 1893 1301 red-

1102 1310 1156 1337 det.
1191 1310 1350 1337 Huiusmodi
1369 1312 1514 1338 sententiae
1531 1311 1668 1346 simplices
1690 1320 1742 1339 non
1759 1316 1824 1338 sunt
1841 1313 1894 1339 im-

1079 1367 1081 1384 (
1103 1348 1261 1383 probandae,
1278 1353 1414 1382 propterea
1428 1349 1500 1383 quod
1515 1349 1593 1375 habet
1607 1349 1696 1375 brevis
1709 1350 1854 1384 expositio,
1869 1349 1893 1376 si

1102 1386 1210 1412 rationis
1225 1385 1327 1412 nullius
1342 1385 1451 1421 indiget,
1468 1395 1590 1421 magnam
1605 1386 1816 1413 delectationem.
1841 1386 1894 1413 Sed

1102 1423 1170 1449 illud
1188 1431 1295 1458 quoque
1314 1423 1480 1457 probandum
1499 1428 1539 1449 est
1551 1432 1638 1459 genus
1650 1424 1806 1454 sententiae,
1821 1423 1893 1459 quod

1101 1460 1272 1487 confirmatur
1289 1460 1454 1487 subiectione
1472 1461 1589 1492 rationis,
1614 1461 1664 1487 hoc
1677 1465 1766 1496 pacto:
1793 1460 1893 1488 Omnae

1102 1498 1169 1524 bene
1192 1498 1300 1524 vivendi
1323 1499 1436 1524 rationes
1458 1499 1486 1524 in
1508 1499 1605 1525 itii-tute
1627 1503 1691 1525 sunt
1715 1497 1891 1529 collocandae,

1102 1540 1239 1570 propterea
1252 1535 1325 1571 quod
1339 1535 1393 1562 sola
1408 1536 1494 1562 virtus
1507 1537 1534 1562 in
1549 1545 1597 1562 sua
1607 1540 1734 1570 potestate
1744 1540 1792 1567 est.
1803 1536 1893 1562 omnia

1102 1578 1204 1607 praeter
1213 1582 1270 1599 eam
1281 1573 1400 1600 subiecta
1409 1578 1473 1599 sunt
1482 1573 1535 1599 sub
1545 1573 1664 1600 fortunae
1673 1573 1891 1600 dominationem.

1078 1608 1079 1620 ³
1101 1611 1179 1637 Item:
1195 1610 1246 1642 Qui
1261 1610 1374 1637 fortunis
1388 1611 1503 1637 alieuius
1513 1611 1614 1637 inducti
1628 1611 1772 1637 amicitiam
1782 1611 1894 1636 eiusse-

1072 1651 1080 1671 'r
1101 1648 1155 1674 cuti
1173 1652 1245 1679 sunt,
1266 1647 1303 1678 hi.
1323 1647 1405 1674 simul
1424 1656 1453 1674 ac
1472 1647 1574 1674 fortuna
1589 1647 1691 1682 dilapsa
1705 1652 1754 1678 est,
1769 1647 1894 1674 devolant

1101 1694 1203 1711 omnes.
1218 1685 1308 1717 Quum
1321 1685 1392 1711 enim
1408 1686 1517 1711 recessit
1529 1694 1558 1711 ea
1573 1693 1623 1715 res.
1639 1693 1708 1720 quae
1721 1684 1772 1711 fuit
1779 1693 1893 1711 consue—

1102 1722 1204 1749 tudinis
1218 1731 1321 1753 caussa,
1342 1722 1408 1749 nihil
1424 1727 1554 1757 superest,
1571 1730 1653 1757 quare
1667 1723 1771 1757 possint
1783 1723 1811 1748 in
1824 1722 1893 1748 ami—

1101 1797 1256 1828 efferuntur,
1281 1798 1339 1823 sine
1365 1798 1464 1824 ratione
1485 1802 1586 1823 etcum
1604 1797 1713 1823 ratione.
1746 1797 1801 1823 Hoc
1814 1796 1893 1823 modo

1102 1835 1160 1861 sine
1178 1835 1292 1861 ratione:
1318 1834 1421 1866 Errant,
1441 1835 1489 1869 qui
1507 1835 1534 1861 in
1553 1835 1687 1869 prosperis
1705 1834 1787 1860 rebus
1799 1842 1892 1860 omnes

1072 1874 1080 1907 ’ζ
1101 1872 1218 1906 impetus
1237 1871 1357 1898 fortunae
1374 1881 1403 1898 se
1417 1876 1511 1907 putant
1525 1871 1636 1907 fug-isse.
1669 1872 1806 1906 Sapienter
1818 1872 1892 1907 cogi-

1078 1911 1080 1924 ¹
1102 1914 1165 1940 tant,
1185 1910 1233 1944 qui
1251 1909 1417 1944 temporibus
1435 1909 1561 1936 secundis
1578 1918 1657 1935 casus
1670 1908 1796 1935 adversos
1809 1908 1892 1935 reforh

1102 1946 1212 1973 midant.
1235 1946 1302 1973 Cum
1317 1947 1425 1977 ratione,
1441 1946 1491 1973 hoc
1504 1951 1593 1981 pacto:
1617 1946 1670 1978 Qui
1683 1945 1891 1973 adolescentium

1101 1985 1216 2018 peccatis
1229 1985 1332 2019 ignosci
1346 1988 1440 2018 putant
1452 1989 1580 2018 oportere.
1601 1983 1738 2014 falluntur.
1755 1988 1892 2018 propterea

1101 2021 1172 2055 quod
1191 2026 1262 2047 aetas
1283 2020 1328 2047 illa
1352 2030 1404 2048 non
1426 2025 1466 2047 est
1483 2021 1674 2056 impedimento
1690 2020 1768 2047 bonis
1781 2019 1889 2047 studiis.

1100 2059 1134 2084 At
1152 2058 1180 2084 hi
1194 2059 1328 2093 sapienter
1341 2057 1450 2089 faciunt,
1462 2059 1510 2093 qui
1523 2058 1704 2085 adolescentes
1718 2058 1834 2084 maxime
1846 2065 1892 2084 m-

1100 2096 1211 2131 stigant,
1236 2100 1278 2126 ut,
1302 2096 1403 2130 quibus
1424 2095 1570 2122 virtutibus
1591 2103 1698 2122 omnem
1719 2095 1801 2121 vitam
1821 2095 1891 2122 tueri

1100 2133 1212 2167 possint,
1236 2141 1281 2159 eas
1298 2133 1326 2159 in
1340 2137 1423 2159 aetate
1436 2133 1617 2159 maturissima
1631 2132 1714 2158 velint
1727 2139 1889 2167 comparare.

1100 2170 1250 2197 Sententias
1271 2171 1404 2205 interponi
1426 2178 1484 2196 raro
1505 2170 1637 2200 convenit.
1662 2174 1692 2196 ut
1717 2169 1756 2196 rei
1777 2174 1888 2201 actores,

1100 2216 1152 2234 non
1170 2207 1279 2234 vivendi
1298 2212 1480 2242 praeceptores
1493 2215 1552 2233 esse
1566 2207 1715 2233 videamur.
1750 2205 1840 2239 Quum
1853 2206 1890 2233 ita

1099 2245 1308 2279 interponentur.
1329 2244 1446 2270 multum
1463 2244 1571 2270 afferent
1583 2244 1740 2271 ornamenti.
1775 2243 1890 2270 Necesse

1099 2286 1140 2308 est
1160 2282 1241 2312 enim,
1266 2289 1324 2307 eam
1346 2281 1499 2316 comprobet
1517 2282 1612 2308 tacitus
1629 2281 1742 2312 auditor,
1757 2289 1843 2316 quum
1856 2280 1890 2307 ad

1098 2327 1222 2345 caussam
1234 2318 1324 2344 videat
1341 2318 1535 2345 accommodari
1549 2327 1606 2345 rem
1619 2323 1727 2348 certam,
1750 2327 1785 2345 ex
1797 2318 1851 2344 vita
1863 2322 1890 2344 et

1099 2355 1220 2382 moribus
1233 2360 1378 2390 sumptam.

1153 2392 1247 2419 XVIII.
1263 2392 1430 2420 Contrarium
1443 2392 1515 2419 idem
1529 2392 1584 2419 fere
1596 2396 1644 2423 est.
1659 2391 1732 2427 quod
1745 2393 1888 2420 contentio.

1099 2429 1266 2456 Contrarium
1284 2434 1332 2460 est,
1348 2430 1422 2464 quod
1435 2438 1469 2456 ex
1483 2430 1564 2456 rebus
1576 2429 1691 2456 diversis
1703 2429 1810 2456 duabus
1823 2429 1890 2456 alte—

1099 2475 1155 2493 ram
1169 2467 1286 2493 breviter
1298 2471 1324 2493 et
1338 2466 1414 2493 facile
1427 2467 1572 2497 confirmat,
1589 2466 1638 2493 hoc
1652 2471 1740 2501 pacto:
1756 2467 1888 2502 Nam,qui

1076 2511 1079 2518 ’
1098 2505 1156 2530 suis
1170 2504 1318 2530 rationibus
1331 2504 1458 2530 inimicus
1468 2503 1548 2530 fuerit
1557 2512 1671 2538 semper,
1683 2512 1746 2530 eum
1755 2503 1889 2539 quomodo

1099 2541 1193 2567 alienis
1211 2541 1292 2567 rebus
1311 2542 1428 2568 amicum
1445 2541 1501 2568 fore
1517 2540 1628 2575 speres?
1658 2541 1692 2567 Et
1709 2541 1786 2568 item:
1809 2542 1885 2573 Nam,

1076 2589 1079 2607 ;
1098 2587 1179 2613 quem
1193 2579 1221 2604 in
1234 2579 1350 2605 amicitia
1363 2578 1536 2613 perfidiosum
1549 2578 1714 2614 cognoveris,
1729 2586 1792 2604 eum
1805 2586 1887 2614 quare

1076 2610 1078 2650 ζ
1098 2620 1176 2650 putes
1191 2616 1344 2642 inimicitias
1357 2624 1420 2642 cum
1430 2615 1481 2642 fide
1495 2615 1592 2642 habere
1602 2615 1699 2650 posse?
1713 2615 1760 2642 Et:
1771 2615 1823 2647 Qui
1832 2615 1888 2650 pri-

1097 2657 1175 2679 vatus
1189 2652 1350 2679 intolerabili
1363 2652 1488 2687 superbia
1503 2652 1591 2683 fuerit,
1607 2661 1669 2678 eum
1682 2652 1850 2680 commodum
1861 2656 1887 2679 et

1075 2725 1078 2756 I
1097 2726 1150 2758 Qui
1162 2727 1190 2753 in
1208 2727 1378 2753 sermonibus
1395 2730 1421 2753 et
1433 2731 1565 2753 conventu
1579 2727 1724 2753 amicorum
1738 2735 1830 2753 verum
1844 2726 1885 2753 di—
