1941 3052
478 115 528 141 DE
558 113 868 141 DIVINATIONE
900 114 979 140 LIB.
1010 114 1029 140 1.
1061 113 1152 140 CAP.

82 189 226 219 amitteret3
240 185 322 220 idque
334 185 367 212 ab
378 185 487 212 homine
499 190 576 212 acuto
587 193 703 212 nonesse
711 185 873 220 neglectum.

80 227 171 260 Itaque
182 232 215 250 ex
226 232 257 249 eo
268 231 345 253 auro,
358 223 431 258 quod
442 223 639 250 exterebratum
651 227 734 253 esset,
748 222 875 249 buculam

80 270 188 289 curasse
204 260 367 291 faciendam,
384 265 409 287 et
423 269 481 286 eam
499 261 525 286 in
542 269 647 286 summa
658 259 782 286 columna
794 259 875 286 collo-

80 300 194 326 cavisse.
237 299 276 324 49.
299 298 353 324 Hoc
370 298 441 324 idem
457 299 484 324 in
501 298 599 328 Sileni,
617 306 698 332 quem
712 297 818 323 Caelius
832 306 876 323 se-

79 337 185 372 quitur,
203 335 303 362 Graeca
320 335 430 362 historia
446 340 499 361 est:
523 336 546 361 is
562 339 651 361 autern
666 334 875 370 diligentissime

79 383 121 400 res
132 372 291 399 Hannibalis
302 378 459 407 persecutus
470 377 522 399 est:
539 371 725 402 Hannibalem,
734 381 819 407 quum
831 380 875 397 ce-

78 412 163 446 pisset
173 410 331 446 Saguntum,
350 411 439 436 visum
451 419 510 436 esse
523 411 549 436 in
561 410 663 436 somnis
675 418 688 435 a
701 410 760 436 Iove
772 410 798 436 in
811 409 876 436 deo-

79 457 139 475 rum
150 447 295 474 concilium
309 448 411 474 vocari:
425 456 478 482 quo
489 456 574 482 quum
587 447 713 478 venisset,
723 448 811 474 Iovem
824 448 875 473 im-

78 494 196 521 perasse,
210 485 334 511 utltaliae
346 485 447 511 bellum
459 484 576 515 inferret,
590 484 741 519 ducemque
754 485 778 511 ei
790 493 874 510 unum

78 532 92 550 e
112 522 226 550 concilio
245 522 351 555 datum3
375 531 429 557 quo
449 522 527 548 illum
543 526 661 548 utentem
676 530 739 548 cum
755 522 874 548 exercitu

77 560 204 596 progredi
219 561 354 594 coepisse;
373 565 430 586 tum
446 560 471 586 ei
487 559 582 586 ducem
599 558 677 585 illum
693 560 872 594 praecepisse,

78 606 112 624 ne
127 598 282 632 respiceret3
306 597 384 623 illum
400 602 489 623 autem
506 597 532 623 id
548 597 652 623 diutius
667 595 752 623 facere
763 606 815 623 non
827 605 875 631 po-

77 636 162 662 tuisse
177 635 332 669 elatumque
350 634 496 669 cupiditate
518 635 683 669 respexisse;
710 640 766 661 tum
788 635 875 660 visam

78 672 197 699 belluam
209 677 310 698 vastam
322 676 348 698 et
358 673 514 703 immanem,
523 672 752 707 circumplicatam
765 680 875 706 serpen-

77 710 160 741 tibus,
173 718 345 745 quacumque
355 709 498 739 incederet,
510 710 600 736 omnia
611 710 729 740 arbusta,
746 708 872 744 virgulta,

77 752 143 774 tecta
156 752 320 782 pervertere,
335 752 361 773 et
370 756 433 773 eum
445 746 607 773 admiratum
619 748 757 782 quaesisse
769 746 802 772 de
813 745 873 776 deo,

77 784 213 819 quodnam
227 784 294 811 illud
306 789 376 811 esset
387 784 438 811 tale
450 788 613 811 monstrum:
634 789 660 811 et
670 784 751 810 deum
764 792 876 817 respon-

78 822 160 853 disse,
175 823 325 848 vastitatem
336 830 395 848 esse
406 821 495 848 ltaliae
504 842 510 852 ,
523 823 761 857 praecepisseque,
776 826 804 847 ut
815 829 875 855 per-

77 864 151 895 geret
161 860 297 894 protinus3
311 858 378 893 quid
390 864 458 885 retro
470 863 549 893 atque
560 868 574 885 a
586 864 659 895 tergo
671 859 752 889 fieret,
761 858 876 884 nelabo-

78 901 155 923 raret.
196 897 237 923 50.
259 896 338 931 Apud
358 896 533 931 Agathoclem
553 898 686 931 scriptum
711 896 738 922 in
764 895 875 922 historia

77 939 125 965 est,
139 933 316 960 Hamilcarem
331 934 598 969 Karthaginiensem,
612 943 697 969 quum
708 937 876 969 oppugnaret

76 971 232 1007 Syracusas,
247 971 338 997 visum
349 979 409 997 esse
419 971 512 997 audire
525 980 627 1002 vocem,
636 980 664 998 se
676 971 803 1006 postridie
815 979 876 996 cae-

77 1013 203 1036 naturum
218 1008 373 1044 Syracusis:
396 1017 482 1043 quum
503 1014 592 1035 autem
610 1009 632 1035 is
653 1009 711 1035 dies
728 1008 873 1038 illuxisset,

77 1054 202 1081 magnam
214 1045 374 1072 seditionem
387 1046 414 1072 in
428 1046 522 1072 castris
534 1047 592 1073 eius
605 1047 673 1073 inter
683 1047 785 1072 Poenos
796 1050 821 1072 et
831 1045 876 1072 Si-

76 1083 152 1110 culos
163 1083 263 1110 milites
273 1092 333 1110 esse
346 1083 455 1110 factam:
477 1084 550 1118 quod
566 1093 651 1119 quum
667 1084 816 1110 sensissent
826 1083 876 1118 Sy-

77 1121 214 1152 racusani,
233 1121 380 1155 improviso
395 1129 440 1147 eos
457 1121 484 1147 in
499 1126 585 1148 castra
599 1122 731 1156 irrupisse
743 1121 876 1147 Hamilca—

77 1167 189 1193 remque
200 1158 233 1184 ab
245 1159 279 1184 iis
292 1159 385 1185 vivum
397 1167 455 1184 esse
466 1158 615 1185 sublatum.
637 1160 674 1185 lta
685 1167 727 1185 res
739 1159 875 1185 somnium

77 1196 273 1231 comprobavit.
313 1195 394 1222 Plena
410 1196 596 1230 exemplorum
613 1201 653 1222 est
670 1196 795 1227 historia,
818 1200 875 1222 tum

77 1233 172 1260 referta
185 1234 238 1259 vita
249 1234 413 1260 communis.
447 1235 489 1259 5⁴.
506 1234 539 1260 At
552 1242 613 1260 vero
624 1234 653 1260 P.
666 1234 763 1260 Decius
775 1233 829 1264 ille,
842 1233 873 1265 Q.

77 1271 107 1297 F.
120 1271 169 1306 qui
180 1271 285 1305 primus
296 1279 310 1297 e
322 1271 408 1297 Deciis
419 1270 514 1297 consul
527 1271 589 1302 suit,
606 1280 691 1306 quum
706 1276 777 1298 esset
789 1271 877 1298 tribu-

78 1317 130 1335 nus
152 1308 271 1334 militum
290 1308 326 1334 M.
344 1308 461 1339 Valerio,
484 1309 515 1335 Α.
533 1308 656 1335 Cornelio
671 1309 844 1340 consulibus,
862 1318 876 1335 a

78 1345 302 1380 Samnitibusque
323 1350 491 1380 premeretur
511 1351 601 1373 noster
620 1347 768 1378 exereitus,
790 1355 875 1381 quum

77 1382 198 1418 pericula
210 1383 372 1418 praeliorum
385 1383 464 1409 iniret
473 1383 613 1415 audacius,
622 1389 838 1419 monereturque,
849 1388 877 1410 ut

78 1421 181 1447 cautior
192 1425 276 1450 esset,
290 1420 372 1451 dixit,
389 1420 461 1455 quod
473 1426 560 1448 exstat
571 1422 598 1448 in
609 1421 766 1448 annalibus:
783 1421 837 1447 sibi
849 1422 875 1447 in

78 1459 181 1485 somnis
194 1459 284 1484 visum
295 1467 364 1489 esse,
373 1466 459 1493 quum
472 1459 497 1484 in
511 1458 608 1485 mediis
620 1459 744 1485 hostibus
756 1468 877 1485 versare-

78 1500 136 1527 tur,
157 1495 279 1522 occidere
298 1504 360 1522 cum
377 1496 494 1522 maxima
509 1496 604 1531 gloria.
645 1497 677 1523 Et
693 1501 750 1523 tum
765 1496 876 1532 quidem

79 1532 224 1559 incolumis
236 1533 383 1559 exercitum
395 1532 536 1560 obsidione
549 1533 684 1560 liberavit.
723 1535 785 1561 Post
796 1535 878 1561 trien-

79 1571 156 1597 nium
177 1575 280 1601 autem,
301 1579 387 1605 quum
403 1570 497 1597 consul
514 1576 597 1602 esset,
619 1571 730 1598 devovit
744 1581 786 1602 se,
809 1576 834 1598 et
850 1572 877 1598 in

79 1608 164 1634 aciem
177 1608 330 1634 Latinorum
344 1608 440 1642 irrupit
451 1613 578 1635 armatus.
613 1608 670 1641 Quo
681 1610 739 1635 eius
753 1609 820 1636 sacto
831 1618 878 1635 su—

79 1645 165 1680 perati
180 1650 243 1671 sunt
256 1650 282 1671 et
296 1644 377 1671 deleti
394 1646 491 1672 Latini.
532 1646 616 1672 Cuius
632 1655 703 1673 mors
716 1647 750 1673 ita
761 1647 877 1682 gloriosa

79 1682 140 1713 fuit,
154 1687 183 1708 ut
193 1682 315 1708 eamdem
327 1683 529 1717 concupisceret
543 1683 624 1710 tilius.
666 1684 752 1711 XXV.
768 1686 810 1711 5⁶2.
826 1684 878 1710 Sed

80 1720 221 1746 veniamus
234 1728 319 1751 nunc,
333 1720 356 1746 si
368 1719 467 1754 placet,
482 1720 514 1747 ad
526 1721 630 1748 somnia
641 1721 875 1756 philosophorum.

78 1757 127 1784 Est
137 1756 209 1792 apud
221 1757 356 1784 Platonem
369 1757 504 1789 Socrates,
527 1767 612 1793 quum
628 1764 699 1786 esset
715 1760 741 1785 in
755 1758 877 1786 custodia

79 1794 204 1830 publica,
222 1794 315 1821 dicens
326 1794 440 1827 Critoni,
458 1804 508 1822 suo
523 1794 664 1828 familiari,
682 1797 737 1823 sibi
752 1802 812 1831 post
826 1801 878 1824 ter-

80 1832 149 1858 tium
156 1831 228 1858 diem
240 1841 298 1858 esse
311 1831 494 1859 moriendum:
509 1833 611 1859 vidisse
623 1841 651 1860 se
664 1835 690 1860 in
702 1834 805 1861 somnis
816 1833 878 1869 pul-

80 1869 235 1896 chritudine
251 1870 350 1896 eximia
368 1869 508 1901 seminam,
531 1879 600 1906 quae
616 1879 644 1898 sc
660 1872 768 1898 nomine
784 1871 878 1907 appel-

82 1905 139 1933 lans
151 1905 251 1933 diceret
261 1907 431 1933 Homericum
445 1907 591 1942 quemdam
606 1909 741 1936 eiusmodi
753 1918 875 1936 versum:

158 1943 243 1970 Tertia
254 1948 276 1970 te
287 1944 390 1970 Phthiae
401 1949 534 1977 tempestus
545 1947 613 1972 taeta
624 1947 727 1973 locabit.

80 1980 156 2014 Quod
170 1985 199 2007 ut
209 1985 248 2007 est
259 1980 375 2012 dictum,
394 1981 433 2007 sic
449 1981 577 2008 scribitur
590 1983 746 2019 contigisse.
787 1983 879 2010 Xeno-

80 2018 154 2054 phon
172 2018 324 2044 Socraticus
343 2018 401 2053 (qui
422 2019 462 2044 vir
477 2023 503 2045 et
518 2020 661 2055 qunntusl)
681 2021 708 2046 in
724 2029 753 2046 ea
771 2020 876 2052 militia,

81 2064 135 2091 qua
146 2063 208 2082 cum
220 2055 288 2091 Cyro
303 2056 405 2081 minore
420 2055 578 2090 perfunctus
593 2061 646 2088 est,
663 2066 711 2084 sua
727 2058 821 2084 scribit
835 2067 879 2084 so-

82 2093 168 2126 mnia3
196 2101 311 2128 quorum
332 2097 445 2119 eventus
467 2093 605 2120 mirabiles
625 2095 795 2122 exstiterunt.
836 2097 877 2121 53.

81 2130 187 2156 Mentiri
204 2129 423 2164 Xenophontem,
446 2138 478 2157 an
495 2130 608 2157 delirare
627 2131 768 2158 dicemus‘?
791 2132 880 2164 Quid‘?

82 2167 214 2203 singulari
227 2168 269 2193 vir
281 2168 388 2203 ingenio
395 2167 559 2200 Aristoteles,
568 2174 593 2195 et
605 2177 687 2204 paene
695 2169 797 2199 divino,
808 2170 880 2205 ipse-

83 2213 115 2231 ne
127 2209 204 2235 errat,
213 2213 245 2231 an
257 2204 324 2230 alios
335 2204 394 2231 vult
403 2204 508 2231 errare?
517 2214 603 2240 quum
614 2207 717 2238 scribit,
727 2207 879 2233 Eudemum

83 2242 227 2279 Cyprium,
247 2241 406 2268 familiarem
422 2251 517 2274 suum,
536 2243 586 2270 iter
602 2244 628 2270 in
641 2243 822 2271 Macedoniam
841 2244 879 2270 sa—

83 2279 198 2306 cientem
210 2279 310 2306 Pheras
325 2280 444 2311 venisse;
463 2288 532 2314 quae
548 2285 604 2307 erat
619 2281 683 2307 urbs
698 2282 724 2308 in
740 2281 879 2308 Thessalia

84 2322 140 2344 tum
156 2316 301 2343 admodum
319 2316 432 2346 nobilis,
452 2317 485 2343 ab
497 2317 648 2345 Alexandro
663 2324 752 2345 autem
768 2324 880 2355 tyranno

83 2353 187 2381 crudeli
203 2353 341 2381 dominatu
358 2354 510 2380 tenebatur:
534 2355 560 2381 in
577 2363 608 2382 eo
628 2356 711 2392 igitur
728 2356 828 2392 oppido
845 2357 880 2382 itai

83 2391 201 2455 graviter
215 2400 325 2428 aegrum
341 2391 493 2418 Eudemum
510 2391 607 2424 fuisse,
630 2398 660 2420 ut
674 2401 767 2420 omnes
781 2393 879 2420 medici

105 2427 250 2456 isfiderent:
274 2430 298 2455 ei
311 2430 400 2455 visum
413 2429 439 2455 in
451 2429 541 2464 quiete
553 2430 660 2466 egregia
675 2430 742 2457 facie
755 2431 880 2457 iuvenem

84 2465 183 2496 dicere,
200 2465 263 2497 fore,
272 2471 302 2493 ut
313 2466 436 2501 perbrevi
449 2466 654 2497 convalesceret,
664 2468 812 2503 paucisque
822 2467 881 2494 die-

85 2502 138 2529 bus
149 2503 510 2530 interiturumAlexandrum
553 2513 676 2535 rannum,
691 2506 779 2540 ipsum
791 2510 880 2532 autem

86 2539 238 2568 Eudemum
253 2542 442 2577 quinquennio
458 2546 517 2576 post
546 2550 637 2568 omum
649 2550 708 2568 esse
720 2542 879 2569 rediturum.

86 2577 174 2612 Atque
186 2579 220 2604 ita
231 2578 341 2613 quidem
355 2580 439 2614 prima
451 2580 540 2605 statim
552 2578 807 2606 scribitAristoteles
818 2588 882 2607 eon-

87 2620 191 2646 secuta,
207 2620 233 2642 et
242 2616 413 2644 convaluisse
426 2616 593 2648 Eudemum,
606 2622 632 2643 et
642 2617 676 2644 ab
687 2617 779 2644 uxoris
793 2617 882 2644 frutri-

87 2651 140 2679 bus
151 2652 319 2681 interfectum
330 2659 487 2691 tyrannum,
499 2655 595 2690 quinto
603 2659 694 2682 autem
705 2663 883 2682 annocxeun·

1185 115 1216 139 ‘20
1236 129 1272 133 —
1293 114 1334 140 27.
1659 116 1720 140 ttiz

927 190 964 215 te,
985 193 1070 219 quum
1085 189 1156 211 esset
1171 193 1233 219 spes
1247 193 1281 210 ex
1295 184 1340 210 illo
1355 185 1460 210 somnio
1475 185 1501 210 in
1513 184 1632 220 Cyprum
1645 184 1722 210 illum

927 231 960 248 ex
971 221 1061 247 Sicilia
1073 230 1132 247 esse
1145 221 1307 252 rediturum,
1331 221 1504 256 praeliantem
1520 230 1583 248 eum
1596 221 1629 247 ad
1641 221 1722 257 Syra-

927 268 1005 285 cusas
1015 259 1160 286 occidisse:
1183 267 1217 285 ex
1230 268 1284 294 quo
1296 259 1330 285 ita
1343 259 1410 285 illud
1421 259 1557 285 somnium
1569 267 1627 285 esse
1640 260 1723 285 inter-

927 301 1073 331 pretatum,
1086 302 1128 327 ut,
1144 305 1229 331 quum
1241 297 1348 322 animus
1358 296 1473 322 Eudemi
1484 305 1497 322 e
1509 305 1618 331 corpore
1629 305 1722 322 exces-

927 334 1000 364 serit,
1014 339 1070 360 tum
1082 334 1192 360 domum
1204 334 1347 360 revertisse
1362 334 1494 360 videatur.
1526 335 1567 360 54.
1582 333 1723 369 Adiunga-

928 380 988 397 mus
999 371 1168 406 philosophis
1180 371 1367 397 doctissimum
1381 371 1530 402 hominem,
1544 376 1649 406 poetam
1660 372 1723 406 qui·-

927 408 988 434 dem
999 408 1134 439 divinum,
1147 408 1320 443 Sophoclem:
1334 410 1391 443 qui,
1405 417 1490 443 quum
1501 417 1535 435 ex
1546 408 1610 435 aede
1622 409 1723 434 Hercu-

928 445 960 471 lis
973 450 1061 480 patera
1073 454 1153 471 aurea
1163 447 1254 481 gravis
1265 451 1386 480 surrepta
1398 452 1480 477 esset,
1499 447 1526 473 in
1540 447 1642 472 somnis
1654 445 1724 472 vidit

928 484 1017 517 ipsum
1029 483 1110 509 deum
1121 483 1268 514 dicentem,
1291 484 1338 518 qui
1355 483 1380 509 id
1394 483 1509 510 fecisset.
1550 483 1627 515 Quod
1639 482 1722 509 semel

928 520 972 547 ille
985 521 1136 555 iterumque
1148 520 1277 556 neglexit.
1321 521 1372 547 Ubi
1386 521 1458 546 idem
1470 521 1587 555 saepius,
1602 520 1724 547 ascendit

927 559 954 584 in
966 558 1150 593 Areopagum:
1163 557 1260 584 detulit
1272 567 1338 584 reni.
1360 559 1534 593 Areopagitae
1546 558 1724 593 comprehen-

927 595 954 621 di
971 595 1065 621 iubent
1079 604 1155 625 eum,
1178 596 1226 630 qui
1242 604 1256 621 a
1267 595 1399 630 Sophocle
1414 601 1469 622 erat
1483 596 1646 622 nominatus.
1686 596 1721 626 Is,

926 633 1082 667 quaestione
1094 632 1214 658 adhibita
1223 653 1228 663 ,
1250 632 1389 659 confessus
1400 638 1452 663 est,
1466 638 1639 668 pateramque
1651 638 1724 659 retu—

927 670 966 696 lit.
1007 670 1064 702 Quo
1081 669 1161 700 facte,
1181 669 1271 696 sanum
1289 670 1356 696 illud
1368 669 1488 706 Indici[s]
1503 670 1623 696 Herculis
1636 671 1724 696 nomi-

927 712 1020 734 natum
1037 712 1087 733 est.
1127 707 1226 733 XXVI.
1247 709 1289 734 55.
1311 707 1363 733 Sed
1384 707 1451 742 quid
1472 716 1521 743 ego
1542 706 1724 734 Graecorum?

927 746 1023 771 Nescio
1034 753 1087 779 quo
1099 745 1177 771 modo
1191 753 1233 770 me
1244 746 1331 780 magis
1343 750 1430 771 nostra
1442 745 1584 771 delectant.
1623 744 1724 771 Omnes

928 782 977 808 hoc
998 782 1132 812 historici,
1160 782 1250 813 Fabii,
1273 782 1368 812 Gellii,
1395 782 1442 808 sed
1462 783 1583 816 proxime
1604 782 1722 808 Caelius.

926 820 1016 852 Quum
1028 819 1353 846 belloLatinoludivotivi
1365 820 1477 845 maximi
1489 820 1608 854 primum
1621 819 1722 849 fierent,

926 857 1021 883 civitas
1038 856 1071 883 ad
1087 865 1159 882 arma
1175 862 1283 891 repente
1302 862 1342 883 est
1359 857 1483 883 excitata,
1524 857 1629 891 ltaque,
1653 856 1724 882 ludis

927 894 1102 924 intermissis,
1125 895 1295 920 instaurativi
1311 894 1448 920 constituti
1464 898 1536 920 sunt.
1577 893 1630 925 Qui
1651 898 1725 919 ante-

927 941 1008 967 quam
1022 932 1122 962 fierent,
1139 940 1279 966 quumque
1291 932 1343 957 iam
1356 931 1473 966 populus
1484 930 1659 961 consedisset,
1668 939 1725 956 ser—

929 979 978 996 vus
992 978 1040 1004 per
1055 970 1171 1000 circum,
1189 978 1275 1004 quum
1287 970 1372 1004 virgis
1383 968 1551 999 caederetur,
1571 968 1673 994 furcam
1687 967 1725 993 se-

928 1016 988 1034 rens
1004 1006 1102 1033 duetus
1117 1011 1167 1033 est.
1207 1007 1277 1032 Exin
1293 1006 1402 1033 cuidam
1419 1007 1519 1032 rustico
1532 1007 1649 1032 Romano
1663 1005 1725 1031 dor-

928 1045 1022 1071 mienti
1037 1045 1114 1071 visus
1127 1049 1168 1070 est
1184 1045 1290 1075 venire,
1307 1045 1356 1079 qui
1371 1043 1485 1075 diceret,
1504 1043 1655 1078 praesulem
1672 1042 1724 1068 sibi

928 1091 979 1109 non
992 1082 1126 1117 placuisse
1139 1081 1219 1112 ludis,
1233 1081 1315 1116 idque
1327 1081 1360 1107 ab
1371 1081 1464 1107 eodem
1477 1082 1582 1107 iussum
1594 1089 1652 1106 esse
1663 1088 1725 1106 eum

927 1120 1032 1146 senatui
1043 1120 1180 1146 nuntiare:
1195 1118 1273 1145 illum
1285 1128 1337 1146 non
1348 1127 1407 1145 esse
1419 1127 1526 1145 ausum.
1558 1119 1655 1144 Iterum
1668 1126 1726 1144 esse

927 1157 999 1184 idem
1011 1157 1115 1187 visum,
1133 1161 1159 1183 et
1174 1157 1320 1188 monitum,
1338 1165 1371 1182 ne
1384 1157 1439 1182 vim
1451 1165 1528 1182 suam
1540 1156 1656 1190 experiri
1671 1154 1726 1181 vel-

929 1195 976 1221 let:
1000 1203 1033 1221 ne
1055 1199 1112 1221 tum
1128 1193 1240 1229 quidem
1255 1202 1313 1220 esse
1329 1202 1436 1220 ausum.
1478 1194 1547 1220 Exin
1565 1193 1651 1219 filium
1668 1193 1726 1219 eius

928 1241 986 1259 esse
994 1236 1142 1263 mortuum,
1158 1231 1280 1257 eamdem
1289 1232 1424 1258 insomnis
1436 1230 1645 1257 admonitionem
1660 1230 1728 1256 suis-

927 1279 956 1296 se
972 1270 1088 1296 tertiam.
1129 1269 1198 1295 Tum
1214 1269 1291 1295 illum
1307 1269 1388 1295 etiam
1403 1268 1521 1294 debilem
1539 1267 1652 1298 sactum,
1671 1276 1726 1293 rem

928 1307 961 1334 ad
973 1308 1073 1334 amicos
1084 1306 1228 1337 detulisse,
1246 1315 1362 1342 quorum
1374 1305 1407 1332 de
1421 1306 1552 1332 sententia
1565 1304 1687 1331 lecticula
1699 1305 1726 1330 in

928 1346 1031 1371 curiam
1051 1353 1110 1370 esse
1131 1343 1264 1374 delatum,
1296 1352 1437 1378 quumque
1461 1343 1567 1369 senatui
1590 1343 1726 1368 somnium

928 1383 1115 1413 enarravisset,
1130 1381 1246 1416 pedibus
1257 1382 1315 1407 suis
1327 1381 1437 1407 domum
1450 1380 1601 1406 revertisse.
1635 1380 1726 1414 Itaque

928 1420 1032 1447 somnio
1047 1419 1219 1454 comprobato
1234 1428 1248 1445 a
1263 1424 1372 1449 senatu,
1396 1418 1472 1444 ludos
1489 1417 1549 1444 illos
1567 1418 1663 1443 iterum
1686 1418 1727 1443 in-

928 1462 1068 1487 stauratos,
1083 1457 1227 1483 memoriae
1239 1456 1374 1491 proditum
1387 1464 1435 1482 est.
1467 1457 1509 1481 56.
1526 1456 1555 1481 C.
1571 1464 1632 1480 vero
1644 1454 1727 1481 Grac-

929 1496 996 1522 chus
1008 1494 1101 1521 multis
1112 1494 1191 1525 dixit,
1205 1499 1233 1520 ut
1244 1495 1375 1528 scriptum
1388 1492 1459 1527 apud
1472 1491 1726 1518 eumdemCaelium

928 1538 977 1564 est,
994 1532 1048 1558 sibi
1062 1533 1089 1558 in
1101 1533 1203 1558 somnis
1215 1537 1387 1566 quaesturam
1400 1531 1500 1565 petenti
1511 1530 1552 1555 Ti.
1567 1529 1673 1555 fratrem
1687 1530 1728 1555 vi-

929 1579 990 1596 sum
1002 1578 1061 1595 esse
1071 1569 1175 1600 dicere,
1193 1578 1274 1604 quam
1287 1568 1367 1595 vellet
1377 1572 1560 1597 cunctaretur,
1579 1572 1666 1593 minen
1683 1575 1728 1593 eo—

929 1608 991 1634 dem
1005 1607 1060 1633 sibi
1077 1607 1141 1638 leto,
1163 1615 1216 1642 quo
1233 1607 1289 1641 ipse
1307 1606 1454 1636 interisset,
1472 1613 1530 1630 esse
1546 1604 1726 1639 pereundum.

930 1646 997 1676 Hoc,
1011 1649 1154 1679 antequam
1167 1644 1292 1670 tribunus
1305 1643 1376 1678 plebi
1389 1644 1418 1669 C.
1432 1642 1571 1669 Gracchus
1583 1641 1668 1668 factus
1684 1651 1728 1667 es-

929 1687 982 1713 set,
999 1687 1026 1708 et
1040 1690 1069 1708 se
1084 1682 1193 1708 audisse
1209 1681 1304 1708 scribit
1319 1680 1440 1711 Caelius,
1461 1685 1486 1706 et
1501 1679 1604 1706 dixisse
1623 1679 1726 1706 multis.

929 1720 987 1753 Quo
998 1719 1103 1746 somnio
1114 1719 1181 1754 quid
1194 1719 1310 1746 inveniri
1323 1723 1409 1753 potest
1419 1716 1537 1744 certius?

986 1757 1095 1784 xxvu.
1116 1756 1206 1789 Quid?
1227 1756 1272 1782 illa
1283 1756 1337 1783 duo
1348 1756 1466 1785 somnia,
1485 1762 1553 1789 quae
1565 1753 1728 1780 creberrime

929 1799 1197 1822 commemorantum
1214 1793 1325 1825 Stoicis,
1343 1794 1406 1828 quis
1417 1792 1525 1819 tandem
1541 1796 1626 1826 potest
1638 1796 1730 1818 conte-

930 1832 1039 1859 mnere?
1050 1841 1134 1858 unum
1145 1831 1178 1858 de
1186 1831 1338 1858 Simonide:
1352 1831 1400 1865 qui
1411 1838 1497 1865 quum
1505 1830 1625 1865 ignotum
1633 1837 1729 1863 quem·

929 1870 991 1897 dani
1004 1871 1151 1904 proiectum
1164 1874 1300 1896 mortuum
1313 1868 1439 1898 vidisset,
1456 1876 1573 1902 cumque
1589 1867 1729 1892 humavis-

929 1913 983 1938 set,
997 1907 1158 1942 haberetque
1172 1907 1198 1933 in
1210 1907 1300 1933 animo
1312 1914 1407 1932 navem
1419 1904 1612 1934 conscendere,
1626 1903 1729 1930 moueri

930 1946 1007 1972 visus
1018 1949 1068 1976 est,
1081 1953 1114 1971 ne
1126 1944 1153 1971 id
1165 1943 1276 1974 faceret,
1290 1943 1323 1970 ab
1335 1952 1379 1974 eo,
1391 1951 1474 1978 quem
1485 1941 1623 1977 sepultura
1634 1940 1729 1968 affece-

931 1987 981 2015 rat,
996 1983 1018 2009 si
1031 1983 1194 2017 navigasset,
1203 1990 1265 2008 eum
1278 1980 1419 2016 naufragio
1429 1989 1489 2006 esse
1501 1979 1664 2014 periturum,
1680 1980 1728 2005 ita-

929 2028 982 2055 que
994 2020 1160 2046 Simonidem
1173 2019 1288 2050 redisse,
1308 2019 1410 2053 perisse
1421 2023 1537 2048 ceteros,
1553 2017 1602 2052 qui
1614 2021 1670 2043 tum
1683 2025 1730 2042 na-

931 2058 1079 2093 vigassent.
1119 2058 1162 2083 57.
1183 2056 1305 2083 Alterum
1317 2057 1352 2082 ita
1365 2055 1508 2086 traditum,
1521 2054 1624 2081 clarum
1636 2054 1729 2080 admo-

930 2094 996 2120 dum
1008 2095 1155 2120 somnium.
1195 2093 1284 2126 Quum
1297 2093 1351 2119 duo
1361 2093 1474 2128 quidam
1485 2092 1602 2119 Arcades
1614 2091 1729 2117 familia-

931 2140 973 2157 res
986 2131 1034 2157 iter
1046 2140 1097 2157 una
1110 2130 1241 2160 tacerent.
1263 2135 1289 2156 et
1300 2131 1434 2165 Megaram
1447 2131 1598 2159 venisseut,
1615 2128 1728 2155 alterum

931 2169 964 2194 ad
975 2176 1124 2202 cauponem
1136 2167 1295 2197 devertisse,
1308 2167 1341 2193 nd
1355 2167 1487 2202 hospitem
1499 2167 1622 2193 alterum.
1638 2166 1689 2197 Qui
1701 2170 1730 2191 ut

931 2206 1033 2232 caenati
1045 2206 1229 2240 quiescerent,
1242 2204 1374 2231 concubia
1387 2209 1462 2230 nocte
1475 2204 1564 2230 visum
1577 2212 1636 2229 esse
1649 2203 1674 2229 in
1685 2210 1729 2229 so-

933 2243 1003 2269 mnis
1015 2243 1054 2273 ei,
1070 2243 1185 2277 quierat
1198 2243 1223 2269 in
1237 2242 1366 2276 hospitio,
1385 2241 1462 2268 iilum
1474 2241 1587 2268 alterum
1599 2249 1686 2269 orare,
1702 2245 1730 2266 ιιι

931 2280 1102 2310 subveniret,
1120 2279 1192 2314 quod
1209 2280 1262 2305 sibi
1279 2288 1293 2305 a
1309 2287 1428 2313 caupone
1441 2279 1565 2305 interitus
1577 2282 1726 2312 pararetur:

931 2326 993 2344 eum
1006 2318 1092 2352 primo
1104 2317 1274 2352 perterritum
1285 2316 1560 2346 somniosurrexisse3
1574 2315 1729 2349 deinquum

932 2363 960 2381 se
971 2354 1124 2390 collegisset
1141 2354 1223 2390 idque
1239 2355 1328 2380 visum
1345 2362 1392 2388 pro
1407 2353 1492 2380 nihilo
1504 2352 1658 2379 habendum
1671 2360 1729 2378 esse

931 2392 1065 2422 duxisset,
1074 2392 1244 2421 recubuissffi
1260 2391 1347 2418 tumei
1357 2389 1501 2417 dormienti
1513 2390 1638 2416 eumdem
1652 2389 1729 2416 illum

934 2430 1023 2456 visum
1035 2438 1093 2456 esse
1105 2438 1210 2465 rogare,
1227 2434 1269 2459 ut,
1285 2428 1413 2463 quonium
1425 2427 1479 2454 sibi
1492 2427 1553 2453 vivo
1565 2435 1616 2453 uon
1628 2426 1729 2453 subve-

933 2467 1025 2497 nisset,
1040 2472 1151 2493 mortem
1162 2475 1239 2493 sunm
1252 2474 1283 2492 no
1297 2464 1408 2492 inultam
1419 2473 1478 2491 esse
1491 2469 1632 2499 pateretur,
1645 2472 1674 2490 se
1687 2465 1729 2490 in-

933 2503 1074 2531 tersectum
1091 2505 1117 2530 in
1131 2503 1282 2539 plaustrum
1294 2512 1308 2529 a
1319 2511 1439 2536 caupone
1449 2511 1509 2528 esso
1520 2502 1686 2531 coniectum,
1704 2507 1730 2528 et

932 2550 1013 2576 supra
1028 2546 1132 2568 stercus
1149 2542 1290 2571 iniectum,
1315 2545 1417 2574 petere,
1439 2545 1467 2566 ut
1482 2547 1559 2565 mane
1575 2539 1607 2565 ad
1625 2544 1727 2574 portam

933 2579 1047 2609 adesset,
1061 2579 1220 2613 priusquam
1233 2577 1383 2613 plaustrum
1394 2585 1428 2603 ex
1437 2576 1538 2611 oppido
1548 2577 1643 2604 exiret.
1674 2576 1728 2603 Hoc

935 2625 996 2642 vero
1007 2624 1070 2642 eum
1080 2617 1186 2643 somnio
1196 2619 1374 2644 commotum.
1396 2623 1474 2641 mane
1490 2612 1608 2641 bubulco
1623 2619 1728 2649 praesto

933 2653 965 2680 ud
977 2658 1080 2688 portam
1092 2653 1189 2686 tuisse,
1203 2652 1342 2689 quaesisse
1353 2659 1388 2679 ex
1397 2659 1438 2683 eo,
1451 2651 1519 2688 quid
1530 2657 1600 2679 esset
1612 2652 1638 2678 in
1650 2651 1728 2687 pleu-
