1941 3052
323 138 499 165 EPISTOL.
522 139 569 165 AD
590 138 621 171 Q.
643 139 829 165 FRATREM
859 139 929 164 LIB.
952 139 972 164 I.
994 139 1050 164 ΕΡ.
1074 140 1097 164 4.

77 211 138 241 tius,
151 218 232 244 quam
245 209 442 243 imprudentiae
455 210 633 244 miseriaeque
645 210 777 244 assignes.
804 208 871 235 Nul-

77 248 132 274 lum
143 251 182 273 est
194 255 284 272 meum
295 251 443 280 peccatum,
461 247 513 273 nisi
524 247 596 281 quod
609 247 642 273 iis
653 246 770 277 credidi,
783 255 797 272 a
808 247 871 281 qui-

77 286 127 312 bus
139 283 213 310 nefas
225 284 353 318 putabam
364 292 423 309 esse
435 293 476 309 me
488 284 591 319 decipi,
606 285 741 311 autetiam
750 305 756 315 ,
769 284 870 318 quibus

77 330 109 349 ne
125 321 153 348 id
168 320 296 355 expedire
313 320 425 355 quidem
437 321 594 348 arbitrabar.
635 322 762 351 Intimus,
779 321 871 356 proxi—

78 368 147 389 muS‚
164 358 393 384 familiarissimus
405 359 522 393 quisque
534 363 579 385 aut
592 359 645 385 sibi
656 359 808 393 pertimuit,
827 362 871 384 aut

77 396 145 423 mihi
168 395 276 422 invidit.
317 396 354 421 Ita
376 396 443 421 mihi
463 395 532 422 nihil
553 397 651 422 misero
672 401 774 430 praeter
791 395 870 421 tidem

76 434 233 463 amicorum,
242 437 351 458 cautum
363 441 453 458 meum
465 433 609 459 consilium
621 433 707 459 defuit
719 433 740 459 *.
757 435 782 460 2.
795 432 871 465 Quod

77 471 101 497 si
111 475 136 497 te
147 471 211 496 satis
223 470 373 496 innocentia
385 474 430 496 tua
441 470 655 497 etmisericordia
664 471 804 497 hominum
811 471 872 496 viu-
893 470 894 476 ¹

77 508 149 535 dicat
165 508 214 533 hoc
231 512 349 541 tempore
363 516 377 533 a
389 507 524 534 molestia:
541 508 673 542 perspicis
684 507 810 542 profecto,
827 516 872 533 ec-
893 516 894 544 ζ
923 515 990 545 tius,
1008 515 1131 546 Glabrio¹
1150 521 1294 550 praetores·

901 560 902 565 ¹
922 555 1031 578 omnino
1043 552 1075 578 ad
1087 552 1226 578 ducentos.

78 553 209 580 quaenam
227 544 305 570 nobis
324 553 386 579 spes
405 544 500 571 salutis
520 545 697 579 relinquatur.

77 621 152 646 nicae
173 620 349 649 retinuerunt,
372 628 457 653 quum
478 619 585 654 longius
605 619 743 645 discedere
764 624 871 654 propter

77 658 168 684 nescio
179 665 246 692 quos
258 661 346 682 motus
359 661 485 682 vetarent.
503 657 600 683 Verum
608 665 657 692 ego
664 657 749 692 magis
756 657 868 687 exitum,

77 694 186 721 illorum
203 694 306 724 litteris,
319 702 400 728 quam
416 702 463 728 spe
479 699 549 720 certa
560 694 758 729 exspectabam.

77 731 144 767 quid
155 740 274 766 sperem,
292 732 478 765 potentissimo
490 731 613 762 inimico,
630 731 811 758 dominatione
823 731 872 757 ob-

77 773 261 799 trectatorum,
276 767 432 794 infidelibus
443 769 550 799 amicis.
567 768 692 803 pluribus
705 768 825 795 invidis?
845 770 869 795 3.

77 807 113 833 De
128 806 205 832 novis
221 810 310 831 autem
326 805 442 831 tribunis
458 805 547 840 plebis
562 810 602 832 est
613 805 658 832 ille
669 806 780 841 quidem
791 807 818 832 in
829 815 871 832 me

77 843 293 870 officiosissimus
312 841 429 874 Sestius,
448 847 485 873 et,
499 851 590 877 spero,
604 843 716 874 Curius,
730 843 806 875 Milo,
822 844 872 870 Fa-

77 881 152 911 dius,
170 880 310 906 Fabricius
322 879 348 910 *‚
366 879 414 906 sed
429 879 507 906 valde
523 880 680 907 adversante
694 880 800 908 Clodio:
823 881 871 916 qui

77 918 157 945 etiam
172 917 295 952 privatus
310 916 404 943 eadem
420 926 501 943 manu
517 919 614 952 poterit
629 919 770 944 conciones
781 919 872 945 conci—

77 960 145 982 tare:
168 954 265 981 deinde
286 955 367 981 etiam
388 955 547 981 intercessor
568 955 715 990 parabitur.
757 957 780 982 4.
803 957 871 982 Haec

78 992 147 1019 mihi
157 992 337 1027 proficiscenti
353 1000 405 1018 non
421 992 651 1027 proponebantur:
674 993 722 1019 sed
733 1002 812 1028 saepe
823 994 872 1020 tri-

77 1029 131 1056 duo
141 1038 246 1056 summa
258 1038 320 1055 cum
334 1029 419 1065 gloria
431 1029 541 1056 dicebar
551 1039 610 1056 esse
622 1030 768 1057 rediturus.
799 1031 871 1063 Quid

77 1072 105 1094 tu
117 1066 217 1103 igitur?
237 1067 354 1102 inquies.

78 1109 194 1131 mentem
209 1104 382 1130 exturbarent
392 1113 493 1131 meam:
510 1105 599 1131 subita
613 1105 727 1132 defectio
740 1107 868 1140 Pompeii,

77 1141 201 1168 alienatio
221 1141 377 1173 consulum,
401 1143 481 1168 etiam
497 1147 662 1177 praetorum,
685 1144 764 1170 timor
779 1143 872 1178 publi-

76 1188 217 1210 canorum,
240 1188 322 1205 arma.
363 1180 499 1206 Lacrimae
517 1189 636 1206 nieorum
653 1189 695 1206 me
711 1181 744 1207 ad
758 1186 870 1207 mortem

78 1218 115 1243 ire
136 1216 346 1251 prohibuerunt:
378 1217 450 1252 quod
470 1222 539 1243 certe
561 1222 586 1244 et
606 1217 638 1244 ad
659 1218 825 1245 honestatem
846 1223 871 1245 et

77 1254 111 1280 ad
129 1253 295 1290 effugiendos
312 1253 494 1281 intolerabiles
509 1254 614 1281 dolores
626 1255 677 1281 fuit
687 1256 869 1290 aptissimum.

77 1291 129 1318 Sed
150 1291 183 1317 de
200 1291 249 1317 hoc
265 1291 363 1325 scripsi
379 1291 412 1317 ad
427 1297 451 1318 te
468 1293 494 1318 in
507 1301 536 1318 ea
548 1292 669 1326 epistola,
692 1302 773 1327 quam
786 1293 871 1319 Phae-

78 1329 163 1355 thonti
186 1328 259 1354 dedi.
300 1329 377 1354 Nunc
397 1333 438 1360 tu,
460 1330 588 1364 quoniam
606 1331 632 1356 in
649 1335 751 1356 tantum
769 1330 870 1357 luctum

76 1371 102 1393 et
118 1366 235 1392 laborem
251 1365 377 1392 detrusus
393 1375 430 1397 es,
448 1371 579 1401 quantuni
592 1376 670 1394 nemo
681 1376 824 1402 umquam:
847 1369 871 1394 si

77 1403 195 1430 relevare
211 1408 285 1438 potes
296 1412 468 1430 communem
479 1413 572 1430 casum
585 1405 768 1431 misericordia
784 1405 871 1432 homi-

77 1449 156 1472 num,
179 1441 282 1466 scilicet
300 1441 459 1467 incredibile
478 1441 608 1477 quiddam
630 1444 796 1477 assequeris:
828 1443 869 1469 sin

76 1478 155 1513 plane
170 1478 334 1508 occidimus.
357 1478 409 1513 (me
425 1479 554 1505 miserum
564 1479 581 1514 l)
596 1488 646 1515 ego
660 1480 788 1506 omnibus
803 1481 870 1506 meis

77 1516 159 1542 exitio
175 1515 259 1546 fuero,
272 1515 374 1550 quihus
385 1521 444 1542 ante
456 1516 581 1543 dedecori
594 1526 645 1543 non
656 1526 739 1544 eram.

76 1636 138 1654 vere
154 1628 300 1663 perscribe.

75 1673 143 1696 esse,
157 1670 202 1692 aut
213 1665 246 1691 ad
257 1674 333 1699 spem
344 1666 504 1692 servandam
516 1675 584 1697 csse,
602 1667 731 1694 retinebo,
772 1667 810 1693 Tu
824 1676 872 1694 no-

76 1703 118 1729 bis
134 1703 331 1729 amicissimum
343 1702 461 1729 Sestium
473 1713 631 1740 cognosces:
651 1704 730 1731 credo
742 1709 872 1731 tuacaus-

75 1748 104 1766 sa
115 1739 184 1766 velle
195 1739 349 1771 Lentulum,
363 1741 411 1775 qui
421 1741 471 1767 erit
481 1742 585 1768 consul.
626 1741 796 1777 Quamquam
808 1747 872 1768 sunt

76 1777 141 1804 sacta
155 1777 246 1804 verbis
262 1777 425 1804 difficiliora.
466 1779 505 1805 Tu
518 1778 620 1814 etquid
632 1788 700 1813 opus
710 1780 753 1810 sit,
767 1780 870 1814 etquid

75 1815 123 1846 sit,
146 1814 262 1841 videbis.
303 1814 420 1842 Omnino
435 1816 458 1841 si
470 1821 542 1843 tuam
558 1817 732 1843 solitudinem
748 1826 872 1843 commu-

75 1860 192 1886 nemque
212 1852 391 1878 calamitatem
412 1861 491 1880 nemo
511 1854 679 1889 despexerit:
712 1859 758 1881 aut
779 1863 826 1889 per
847 1859 870 1881 te

74 1889 170 1916 confici
186 1889 299 1923 aliquid,
317 1895 362 1916 aut
378 1890 452 1917 nullo
466 1891 544 1918 modo
561 1892 666 1926 poterit.
707 1892 754 1918 Sin
768 1897 791 1918 te
803 1901 871 1927 quo-

74 1934 127 1961 que
142 1926 247 1952 inimici
258 1935 355 1952 vexare
367 1929 512 1961 coeperint,
526 1938 558 1955 ne
573 1929 697 1955 cessaris
729 1930 786 1955 Non
798 1931 870 1955 enim

74 1963 174 1999 gladiis
190 1972 305 1994 mecum,
327 1964 375 1990 sed
387 1964 480 1991 litibus
491 1970 594 2001 agetur.
636 1967 733 1993 Verum
747 1966 812 1993 haec
823 1967 872 1992 ab—

75 2001 129 2027 sint
141 1999 233 2027 velim.
274 2001 309 2027 Te
320 2009 375 2032 oro,
392 2006 421 2028 ut
431 2002 463 2028 ad
476 2011 517 2028 me
529 2003 561 2029 de
572 2003 700 2029 omnibus
712 2003 792 2030 rebus
804 2005 871 2030 scri-

75 2038 132 2068 bas,
155 2041 181 2064 et
196 2038 223 2064 in
239 2046 281 2064 me
297 2039 381 2064 animi
396 2040 485 2073 potius
503 2045 548 2066 aut
561 2040 667 2066 consilii
683 2046 761 2075 putes
781 2042 871 2068 minus

75 2083 143 2106 esse,
159 2083 242 2110 quam
254 2079 339 2107 antea,
352 2076 451 2102 amoris
464 2085 526 2104 vero
537 2082 562 2104 et
572 2077 655 2104 officii
668 2086 719 2105 non
732 2079 832 2106 minus.

371 2170 570 2185 ——·4.—-—

454 2356 495 2380 88.

237 2416 390 2446 LIBER
425 2417 712 2452 SECUNDUS.

127 2540 146 2562 1.
162 2541 238 2563 ΛΚΘ.
259 2543 333 2565 Fratri
348 2548 392 2565 tum
410 2545 432 2565 in
449 2546 553 2566 sardinia
567 2545 655 2571 ‹It-genti
670 2546 762 2571 neritii.
777 2547 829 2574 quid
846 2548 868 2569 in

76 2578 153 2597 uenatu
171 2577 202 2598 sit
212 2580 296 2604 netum,
312 2580 422 2601 referente
440 2581 532 2608 priunum
550 2582 610 2608 Lnim
625 2582 652 2601 do
662 2581 709 2607 Iege
720 2583 743 2602 ι’.
755 2583 868 2608 (ineuntis.

75 2616 118 2638 qu·
134 2617 207 2637 agrum
227 2614 360 2641 Campanum
378 2615 438 2642 plebi
457 2617 568 2636 Romanum
585 2616 725 2637 dividendum
744 2623 867 2643 cernunt-ruit,

75 2645 154 2667 aetnae
168 2647 255 2669 Racilio
271 2649 297 2669 ile
313 2649 413 2675 iudiciis,
429 2655 500 2671 utrmn
516 2655 580 2675 ante,
596 2658 622 2671 nn
638 2658 688 2672 vern
698 2655 749 2679 punt
763 2653 868 2674 aedilicia

75 2679 165 2702 eomifi·
175 2680 274 2704 halland·
283 2684 336 2705 lint.
366 2687 454 2710 (Romae,
464 2688 552 2709 Lentulo,
563 2688 642 2706 Metello
652 2694 699 2705 coss.
711 2690 766 2710 691.)

738 546 804 571 Nam
829 553 871 570 me
893 548 894 553 ¹

77 583 250 617 Pomponius,
267 586 292 608 et
304 581 408 608 Sestius
423 587 448 608 et
459 582 519 608 Piso
530 587 619 608 noster
630 582 717 608 adhuc
729 582 871 608 Thessalo—
900 595 901 600 =

893 652 894 658 ,
922 627 995 653 ditus
1011 632 1051 653 est
1067 636 1163 663 magno
1175 627 1292 654 silentio.

804 695 825 719 Y
893 680 894 697 3
923 664 996 690 Nihil
1018 673 1051 691 ex
1071 665 1169 691 nostris
1190 665 1341 691 actionibus
1364 667 1552 700 praetermisit.

805 705 811 719 ¹.
828 703 870 720 am
893 700 894 705 ¹

776 1519 801 1544 5.
817 1517 875 1544 Sed-

76 1557 119 1584 tu,
142 1557 171 1580 ut
190 1557 250 1579 ante
265 1552 298 1579 ad
315 1557 339 1579 te
355 1553 465 1588 scripsi,
489 1555 612 1589 perspice
629 1563 684 1581 rem
700 1560 726 1581 et
741 1560 868 1589 pertenta,
892 1552 893 1566 ³

75 1595 102 1617 et
119 1590 152 1617 ad
168 1599 220 1622 me,
239 1595 268 1616 ut
283 1595 401 1625 tempora
418 1596 516 1622 nostra,
536 1601 586 1618 non
604 1597 632 1618 ut
648 1601 722 1618 amor
737 1598 799 1619 tuus
811 1592 868 1622 sert,
900 1598 901 1603 ¹

341 1628 397 1663 Ego
412 1629 503 1659 vitam,
520 1629 608 1664 quoad
621 1630 720 1664 putabo
733 1635 776 1656 tua
789 1630 872 1656 inter·
893 1632 901 1641 ”

900 1587 901 1590 ,
924 1564 1033 1589 tentiam
1055 1563 1168 1599 rogavit.

901 2200 902 2222 ζ
923 2204 972 2225 est.

923 2237 1035 2272 naviges
1047 2236 1080 2262 de
1092 2244 1182 2262 menso
1194 2236 1344 2262 Decembri.

900 2447 901 2466 i
923 2446 983 2465 :linia
995 2446 1076 2466 nita-ou.
1089 2449 1158 2465 nutent.

1131 139 1199 165 LIB.
1223 140 1258 165 II.
1280 140 1335 165 ΕΡ.
1362 141 1369 164 1
1393 154 1429 158 -
1451 140 1474 165 Ξ.
1664 141 1713 165 803

1056 210 1090 235 Μ.
1113 209 1256 236 CICERO
1276 209 1303 235 S.
1325 210 1355 235 D.
1378 209 1409 241 Q.
1432 210 1586 235 FRATRI.

979 256 1001 280 1.
1023 250 1185 289 Epistolam,
1200 263 1281 289 quam
1295 254 1393 290 legisti,
1408 263 1485 281 mane
1496 254 1633 281 dederam.
1663 254 1715 281 Sed

923 291 986 317 fecit
1001 291 1154 318 humaniter
1170 292 1300 322 Licinius,
1320 292 1392 326 quod
1403 291 1436 318 ad
1448 301 1499 323 me,
1517 293 1600 319 misso
1611 297 1713 322 senatu,

924 329 1027 362 vesperi
1046 330 1126 359 venit,
1146 334 1182 359 ut,
1200 329 1223 355 si
1238 329 1304 363 quid
1319 334 1390 355 esset
1404 334 1502 361 actum,
1519 329 1552 356 ad
1567 334 1600 361 te,
1614 330 1637 355 si
1649 330 1716 355 mihi

923 366 1068 397 videretur,
1091 366 1296 400 perscriberem.
1341 367 1455 393 Senatus
1475 366 1526 393 fuit
1542 366 1714 402 frequentior,

922 412 1004 437 quam
1015 404 1177 437 putabamus
1189 412 1247 429 esse
1260 413 1338 438 posse
1350 412 1440 430 mense
1447 404 1588 430 Decembri
1600 404 1717 430 subdies

923 440 1014 466 festos.
1055 440 1215 467 Consulares
1231 450 1279 467 nos
1296 441 1408 471 fuimus,
1422 446 1447 468 et
1461 441 1514 468 duo
1529 441 1654 468 consules
1670 441 1718 467 de-

923 478 1035 512 signati,
1055 478 1082 503 P.
1100 478 1247 509 Servilius,
1265 479 1300 504 M.
1317 478 1456 509 Lucullus,
1477 479 1605 513 Lepidus.
1623 478 1718 505 Volca-

1339 516 1408 542 Sane
1428 515 1582 551 frequentes
1598 516 1714 542 fuimus:

1262 553 1414 579 Commorat
1423 555 1652 588 exspectationem
1662 554 1718 580 Lu·

922 598 984 624 pus.
1015 590 1076 625 Egit
1087 599 1210 616 caussam
1222 591 1279 625 agri
1291 590 1420 624 Campani
1431 600 1494 616 sane
1509 596 1640 617 accurate.
1661 591 1718 617 Au-

1332 628 1469 654 Materiam
1481 629 1519 654 rei
1534 638 1585 655 non
1598 629 1715 664 ignoras.

1598 666 1717 692 Fuerunt

923 702 1045 728 nonnulli
1061 702 1147 728 aculei
1164 702 1191 728 in
1205 702 1235 728 C.
1252 702 1401 732 Caesarem,
1420 703 1597 729 contumeliae
1615 703 1640 729 in
1653 702 1717 729 Gel-

924 738 1004 768 lium,
1027 739 1255 773 expostulationes
1265 749 1327 765 cum
1340 740 1448 766 absente
1461 741 1596 774 Pompeio.
1633 740 1717 766 Caus-

922 785 951 802 sa
971 785 1030 802 sero
1050 781 1185 811 perorata,
1208 778 1354 802 sententias
1376 786 1404 802 se
1425 782 1581 812 rogaturum
1598 777 1714 812 negavit.

923 822 956 839 ne
971 814 1043 848 quod
1059 823 1127 840 onus
1139 813 1284 840 simultatis
1297 814 1374 839 nobis
1386 815 1544 848 imponeret.
1584 815 1625 840 Ex
1636 822 1718 849 supe-

923 851 1023 877 riorum
1040 856 1190 886 temporum
1208 852 1348 881 conviciis,
1367 856 1392 877 et
1403 860 1436 877 ex
1452 852 1585 886 praesenti
1598 851 1715 882 silentio,

922 888 989 922 quid
1001 893 1110 915 senatus
1121 889 1240 919 sentiret,
1254 897 1282 914 se
1298 888 1446 923 intelligere
1457 889 1537 915 dixit.
1572 889 1647 915 Illico
1658 897 1718 914 coe-

923 926 962 960 pit
977 925 1121 952 dimittere.
1162 926 1230 952 Tum
1246 926 1426 956 Marcellinus,
1446 926 1509 956 noli,
1524 927 1621 961 inquit,
1635 935 1669 952 ex
1680 930 1719 952 ta-

922 964 1074 990 citurnitate
1086 968 1184 994 nostra,
1198 964 1282 998 Lupe,
1298 963 1365 998 quid
1377 969 1422 990 aut
1433 964 1578 998 probemus
1591 964 1639 989 hoc
1651 968 1719 989 tem-

923 1009 986 1035 pore
1006 1006 1052 1027 aut
1068 1001 1262 1036 improbemus,
1280 1001 1410 1027 iudicare.
1450 1002 1520 1036 Ego,
1539 1001 1611 1036 quod
1627 1000 1660 1027 ad
1676 1009 1718 1026 me

900 1067 901 1070 Ἰ
923 1039 1023 1069 attinet,
1043 1039 1169 1074 idemque
1185 1038 1299 1065 arbitror
1309 1043 1420 1070 ceteros,
1438 1039 1538 1065 idcirco
1551 1044 1632 1069 taceo,
1645 1038 1718 1073 quod

395 1066 483 1099 QUid‘?
503 1067 586 1093 muna
597 1073 789 1099 convenerunt,
802 1077 871 1103 (luae
893 1076 901 1098 ὓ
923 1084 974 1102 non
995 1077 1134 1107 existimo,
1156 1085 1242 1111 quum
1259 1077 1402 1110 Pompeius
1417 1076 1499 1107 absit,
1522 1085 1645 1102 caussam
1661 1076 1719 1111 agri

922 1114 1051 1148 Campani
1072 1115 1115 1149 agi
1130 1113 1285 1140 convenire.
1325 1114 1393 1139 Turn
1410 1113 1468 1145 ille,
1486 1122 1514 1139 se
1530 1118 1653 1139 senatum
1673 1122 1719 1139 ne-

922 1152 996 1186 gavit
1011 1156 1110 1178 tenere.
1150 1153 1176 1178 ⁶2.
1198 1150 1318 1177 Racilius
1332 1152 1458 1182 surrexit,
1474 1151 1543 1177 etde
1555 1151 1665 1177 iudiciis
1677 1159 1719 1177 re-

923 1188 990 1214 ferre
1005 1190 1102 1224 coepit.
1143 1188 1329 1215 Marcellinum
1346 1188 1456 1223 quidem
1472 1189 1590 1223 primum
1604 1189 1716 1223 rogavit.

922 1227 946 1251 Is
957 1235 1042 1261 quum
1054 1227 1172 1262 graviter
1182 1226 1215 1252 de
1227 1226 1363 1253 Clodianis
1376 1226 1519 1257 incendiis,
1533 1226 1719 1252 trucidationi-

922 1264 987 1295 bus,
1007 1264 1218 1299 lapidationibus
1234 1269 1347 1298 questus
1362 1269 1445 1293 esset,
1464 1265 1623 1290 sententiam
1638 1263 1716 1292 dixit.

923 1306 951 1327 ut
972 1302 1029 1336 ipse
1049 1301 1152 1327 iudices
1173 1310 1220 1335 per
1240 1306 1387 1335 praetorem
1410 1301 1543 1327 urbanum
1564 1301 1715 1331 sortiretur;

922 1339 1044 1365 iudicum
1066 1340 1204 1365 sortitione
1229 1337 1310 1369 sacta,
1333 1339 1440 1364 comitia
1462 1339 1638 1364 haberentur:
1670 1338 1717 1372 qui

923 1376 1025 1402 iudicia
1042 1377 1243 1411 impedivisset,
1263 1384 1325 1402 eum
1340 1381 1430 1401 contra
1447 1375 1642 1410 rempublicam
1659 1383 1718 1400 esse

923 1413 1065 1440 facturum.
1100 1413 1253 1448 Approbata
1265 1413 1342 1439 valde
1354 1414 1494 1443 sententia,
1512 1413 1541 1439 C.
1555 1414 1617 1439 Cato
1628 1417 1717 1438 contra

922 1451 999 1482 dixit,
1014 1456 1039 1477 et
1049 1451 1159 1477 Cassius
1172 1451 1288 1477 maxima
1300 1450 1490 1476 acclamatione
1502 1457 1618 1478 senatus.
1632 1458 1717 1484 quum

924 1488 1030 1513 comitia
1048 1488 1157 1514 iudiciis
1173 1487 1323 1514 anteferret.
1364 1486 1507 1521 Philippus
1523 1487 1637 1512 assensit
1648 1488 1717 1514 Len-

924 1524 990 1550 tulo.
1026 1527 1050 1551 3.
1069 1525 1160 1551 Postea
1174 1524 1292 1550 Racilius
1302 1523 1335 1549 de
1347 1524 1459 1557 privatis
1472 1532 1513 1549 me
1525 1524 1643 1557 primum
1655 1533 1718 1550 sen-

1209 1562 1291 1589 Multa
1309 1562 1358 1588 feci
1376 1562 1455 1588 verba
1472 1561 1504 1587 de
1517 1566 1568 1588 toto
1581 1561 1669 1587 furore
1682 1560 1719 1586 la-

924 1601 1090 1635 trocinioque
1110 1601 1138 1626 P.
1151 1600 1251 1627 Clodii:
1275 1609 1347 1630 eum,
1362 1605 1498 1634 tamquam
1511 1608 1595 1629 reum,
1609 1607 1719 1624 accusa-

923 1639 960 1668 vi,
979 1637 1071 1664 multis
1083 1643 1108 1664 ct
1123 1637 1250 1663 secundis
1267 1637 1563 1663 aduturmurationibus
1574 1636 1664 1662 cuncti
1677 1644 1719 1661 se-

923 1680 1011 1701 natus.
1061 1676 1213 1701 Orationem
1240 1684 1326 1701 nicam
1352 1674 1516 1700 collaudavit
1539 1674 1604 1699 satis
1626 1673 1719 1699 multis

925 1713 1028 1743 verbis,
1051 1721 1103 1738 non
1126 1712 1279 1738 mehercule
1301 1712 1442 1741 indiserte,
1468 1712 1550 1737 Vetus
1571 1711 1716 1737 Antistius:

923 1750 1000 1784 isque
1012 1749 1174 1776 iudiciorum
1181 1758 1303 1776 caussam
1311 1749 1438 1783 suscepit,
1447 1749 1719 1783 antiquissimamque

922 1796 950 1813 se
964 1788 1119 1814 habiturum
1132 1787 1210 1813 dixit.
1244 1787 1332 1813 Ibatur
1345 1787 1370 1812 in
1383 1795 1440 1812 eam
1453 1787 1624 1812 sententiam.
1651 1786 1719 1811 Tum

922 1824 1032 1851 Clodius
1045 1830 1162 1859 rogatus,
1177 1824 1249 1850 diem
1261 1824 1376 1850 dicendo
1387 1824 1505 1850 eximere
1517 1824 1614 1858 coepit.
1638 1823 1720 1849 Fure-

923 1862 976 1893 bat,
994 1872 1007 1888 a
1024 1862 1124 1888 Racilio
1139 1871 1166 1888 se
1178 1863 1371 1888 contumaciter
1384 1861 1569 1895 iuurbaneque
1583 1866 1718 1886 vexatum.

922 1900 1022 1926 Deinde
1039 1900 1098 1926 eius
1114 1908 1209 1934 operae
1226 1905 1334 1934 repente
1346 1907 1360 1924 a
1373 1899 1541 1925 Graecostasi
1554 1903 1578 1924 et
1589 1897 1720 1933 gradibus

921 1937 1065 1964 clamorem
1087 1938 1152 1964 satis
1174 1946 1301 1971 magnum
1323 1936 1504 1965 sustulerunt.
1526 1936 1621 1970 opinor
1641 1936 1667 1961 in
1687 1935 1718 1966 Q.

923 1975 1068 2002 Sextilium
1079 1975 1211 2001 etamicos
1219 1974 1325 2001 Milonis
1336 1975 1469 2000 incitatae.
1487 1974 1524 1999 Eo
1532 1978 1602 1999 metu
1612 1973 1717 2000 iniecto,

921 2018 1044 2047 repente,
1069 2021 1165 2048 magna
1188 2012 1356 2047 qucrimonia
1372 2011 1508 2041 omnium,
1531 2010 1718 2036 discessimus.

922 2050 1009 2076 Habes
1023 2054 1080 2076 acta
1092 2050 1174 2076 unius
1185 2050 1250 2076 diei.
1291 2049 1413 2084 Reliqua,
1431 2054 1459 2074 ut
1469 2049 1591 2078 arbitror,
1606 2049 1632 2073 in
1645 2056 1720 2073 mcu-

922 2097 979 2113 sem
990 2088 1143 2113 Ianuarium
1161 2088 1325 2113 reiicientur.
1366 2087 1401 2112 De
1414 2086 1530 2112 tribunis
1542 2085 1630 2120 plebis
1643 2085 1718 2119 longe

921 2125 1055 2159 optimum
1081 2125 1212 2151 Racilium
1234 2125 1376 2150 habemus:
1422 2123 1533 2149 Videtur
1547 2124 1626 2148 etiam
1643 2122 1720 2148 Auti-

922 2163 991 2188 stius
1007 2163 1111 2188 amicus
1128 2162 1205 2188 nobis
1219 2161 1282 2188 sore.
1325 2162 1390 2187 Nam
1409 2161 1533 2186 Plancius
1550 2165 1619 2186 totus
1632 2164 1720 2185 noster

1015 2200 1079 2229 Fac.
1102 2200 1125 2224 si
1142 2208 1183 2225 me
1199 2207 1283 2229 amus,
1301 2198 1506 2224 inconsiderate
1520 2198 1718 2232 diligenterque

976 2305 1003 2326 ΙΙ,
1021 2305 1096 2325 ARG.
1116 2306 1243 2332 Responde-t.
1262 2305 1288 2325 ιΙο
1307 2304 1395 2324 {mutuli
1414 2307 1435 2324 et
1450 2303 1510 2324 Senti
1529 2303 1655 2324 numi-nitui-
1670 2301 1718 2322 exi-

900 2333 902 2359 i
923 2341 999 2363 uendi·
1011 2345 1030 2361 ut
1043 2340 1202 2367 I’nnipuniuuiu
1213 2339 1265 2360 iud«=
1274 2339 1433 2362 ‹tinnis-rudi..
1444 2340 1470 2359 iii·
1481 2338 1596 2359 Culleoni-
1608 2337 1718 2360 nin-tione.

892 2372 894 2395 l
922 2377 948 2395 de
965 2375 1041 2396 fratria
1057 2375 1218 2398 antini-minuo„
1238 2375 1264 2394 de
1282 2373 1357 2395 studii
1372 2373 1496 2393 aedilitatis
1507 2372 1681 2399 cupri-tutione.
1692 2372 1719 2392 de

922 2418 1000 2431 rnuun
1012 2410 1133 2431 Ptole-nui
1145 2410 1203 2435 regin
1214 2409 1344 2432 reducendh
1360 2412 1382 2429 ut
1395 2409 1463 2428 fruti-r
1474 2415 1535 2434 qumn
1547 2407 1638 2435 primuni
1650 2407 1717 2427 esttr-

1187 2447 1273 2467 ιΛΜΗ,
1287 2446 1404 2464 siu-eum„
1417 2445 1442 2462 νυ.
1462 2452 1505 2467 Η,..
1573 2445 1628 2459 ...ιω

1078 2489 1257 2516 MARCUS
1282 2490 1313 2521 Q.
1337 2488 1504 2515 FRATRI
1530 2488 1558 2513 S.

981 2530 1002 2554 1.
1026 2523 1088 2554 Non
1109 2527 1298 2561 occupatione.
1318 2535 1371 2560 qua
1390 2535 1462 2552 eram
1480 2534 1543 2551 saue
1560 2523 1715 2558 impeditus.

921 2566 968 2592 sed
990 2565 1102 2600 parvula
1119 2564 1281 2599 lippitudine
1297 2564 1430 2590 adductus
1445 2572 1521 2593 sum,
1545 2567 1573 2588 ut
1588 2562 1717 2588 dictarem

922 2603 989 2629 lianc
1001 2602 1141 2637 epistolum
1156 2607 1181 2628 et
1194 2610 1254 2631 uon.
1269 2606 1297 2627 ut
1308 2601 1340 2627 ud
1353 2606 1376 2627 te
1388 2600 1468 2631 soleo,
1490 2601 1546 2635 ipse
1558 2599 1715 2626 scriberem.

922 2641 951 2666 lit
964 2641 1081 2675 primum
1094 2649 1135 2666 nte
1149 2639 1197 2666 tibi
1209 2647 1309 2665 excuso
1323 2639 1348 2664 iu
1360 2647 1390 2664 eo
1403 2639 1470 2673 ipso,
1481 2639 1506 2664 in
1518 2642 1602 2672 quoti·
1609 2645 1715 2663 accuso.

898 2697 900 2701 .
922 2679 961 2704 lile
973 2678 1045 2704 enim
1057 2677 1146 2704 adhuc
1159 2685 1236 2703 nemo
1248 2676 1359 2711 rogavit,
1374 2685 1439 2702 num
1451 2675 1519 2711 quid
1531 2676 1557 2701 in
1564 2674 1715 2701 Sardiniam

1435 2726 1480 2749 ιυι
1500 2722 1510 2734 ·
