1941 3052
352 148 442 175 PRO
474 147 605 176 DOMO
638 147 727 174 SUA
760 147 817 173 AD
849 146 1283 174 PONTIFICESAEAP.

74 229 156 256 quam
175 223 378 255 tempestatum,
401 220 439 246 sic
458 220 665 250 sententiarum,
687 218 867 249 commutatio,

75 258 125 285 hoc
135 262 163 284 tu
175 257 207 284 ad
219 257 267 284 1105
283 256 439 288 transferas,
457 265 526 292 quos
542 257 575 283 ab
589 256 765 283 inconstantia
780 256 870 291 gravi-

75 300 128 326 tas,
145 303 159 321 a
175 294 319 321 libidinosa
332 295 464 321 sententia
475 299 576 320 certum
588 299 614 320 et
624 294 763 320 definitum
775 294 818 319 ius
829 301 871 319 re-

75 332 218 368 ligionum,
232 336 350 359 vetustas
362 331 556 366 exemplorum,
570 331 711 358 auctoritas
724 330 870 356 litterarum

75 374 365 404 monumentorumque
376 369 508 395 deterret?
517 369 593 395 Tune
604 377 632 394 es
643 368 698 399 ille,
711 368 809 402 inquit,
817 375 871 402 quo

75 411 183 434 senatus
194 415 282 433 carere
292 415 345 433 non
356 405 460 441 potuit?
470 415 550 441 quem
562 406 624 432 boni
636 404 780 432 luxerunt?
789 413 871 439 quem

75 444 227 479 respublica
238 443 418 470 desideravit?
428 452 482 479 quo
493 444 623 474 restituto,
637 447 745 469 senatus
757 442 872 468 auctori-

75 486 156 509 tatem
175 482 325 508 restitutam
346 480 526 516 putabamus?
550 489 632 515 quam
651 480 770 514 primum
791 479 873 505 adve-

75 519 153 546 niens
164 518 325 562 prodidisti?
335 518 461 545 Nondum
472 518 505 544 de
517 526 575 544 mea
586 517 717 543 sententia
729 517 873 543 111001111-

75 556 219 592 pudentiae
230 556 348 591 primum
359 555 527 597 respondebo
537 560 608 581 tuae
639 555 682 581 ΙΙΙ.
696 556 720 580 5.
734 554 873 586 1111110101-

75 598 132 625 tur,
145 593 251 620 funesta
262 593 425 628 reipublicae
436 593 532 627 pestis,
546 592 618 618 hunc
629 596 658 618 tu
669 591 755 618 civem
768 591 836 617 ferro
847 594 873 616 et

77 631 159 658 armis
170 635 196 658 et
207 631 340 657 exercitus
350 635 448 657 terrore
459 634 484 656 et
494 629 636 656 consulum
649 628 748 655 scelere
759 627 873 654 etauda-

75 669 246 695 eissimorum
259 668 399 695 hominum
410 667 500 697 minis,
509 675 647 693 servorum
658 665 772 696 delectu,
781 665 873 691 obses-

77 706 152 732 sione
163 705 341 740 templorum,
363 705 536 739 occupatione
551 703 613 734 fori,
637 703 810 738 oppressione
825 711 873 728 011-

76 744 144 774 1130,
161 743 240 770 domo
255 747 280 769 et
295 742 393 777 patria,
410 750 444 768 ne
459 750 520 768 cum
534 741 665 775 improbis
676 741 739 767 honi
751 739 820 766 ferro
831 739 873 766 di-

77 781 214 812 micarent,
226 779 319 806 cedere
329 779 437 810 curasti,
446 787 527 813 quem
538 787 552 804 a
563 783 667 809 senatu
676 786 757 813 quem
769 786 783 803 a
794 777 872 803 bonis

76 817 216 848 omnibus,
233 825 314 852 quem
329 825 343 842 a
358 820 453 842 cunc-ta
463 815 537 842 ltalia
548 815 743 846 desideratum,
761 815 873 841 arcessi-

76 859 142 885 tum,
156 858 309 881 revocatum
319 853 517 880 conservandae
527 852 690 888 reipublicae
701 861 796 878 caussa
809 860 874 878 con-

77 891 177 918 fiteris?
196 891 230 918 At
239 891 312 918 enim
323 891 351 917 in
363 895 485 917 senatum
497 891 601 921 venire,
617 891 646 916 in
657 889 819 924 Capitolium
831 890 874 916 in-

76 934 144 957 trare
156 928 310 956 turbulento
321 928 368 955 illo
378 928 421 954 die
433 937 485 954 non
497 927 625 954 debuisti.
648 930 672 954 6.
685 928 742 963 Ego
753 935 815 953 vero
826 935 873 953 ne-

76 975 130 1002 que
150 967 211 993 veni
232 970 258 993 et
277 966 356 993 domo
370 974 414 992 me
427 965 514 997 tenui,
537 965 670 1000 quamdiu
686 964 873 991 turbulentum

76 1009 184 1039 tempus
194 1003 259 1030 fuit:
282 1012 368 1039 quum
379 1011 471 1030 servos
483 1008 542 1029 tuos
554 1002 587 1029 ad
598 1003 718 1037 rapinam
726 1023 732 1033 ,
746 1002 779 1028 ad
791 1002 874 1028 bono-

76 1050 136 1068 rum
147 1041 255 1068 caedem
266 1045 370 1076 paratos
378 1061 384 1072 ,
401 1049 463 1067 cum
478 1040 524 1066 illa
538 1045 583 1067 tua
593 1039 832 1066 consceleratorum
844 1048 874 1065 ac

77 1079 242 1114 perditorum
253 1087 334 1105 manu
345 1083 460 1104 armatos
471 1078 551 1104 etiam
566 1078 594 1104 in
607 1077 768 1112 Capitolium
784 1082 873 1104 tecum

77 1117 184 1143 venisse
194 1116 341 1143 constabat.
363 1115 440 1148 Quod
451 1124 536 1150 quum
548 1115 615 1141 mihi
627 1116 804 1146 nuntiaretur,
818 1115 874 1141 scio

76 1162 119 1181 me
134 1153 208 1180 domi
223 1155 355 1180 mansisse
366 1158 392 1180 et
403 1153 451 1179 tibi
462 1158 488 1179 et
498 1152 693 1188 gladiatoribus
705 1153 759 1179 tuis
770 1153 875 1179 instau-

76 1191 174 1218 randae
193 1191 282 1218 caedis
303 1195 460 1226 potestatem
481 1199 533 1216 non
550 1189 655 1216 fecisse.
696 1190 873 1225 Posteaquam

77 1229 143 1255 mihi
155 1229 307 1255 nuntiatum
318 1232 366 1259 est,
380 1227 666 1263 populumRomanum
678 1228 706 1254 in
713 1227 874 1262 Capitolium

77 1270 185 1301 propter
195 1270 297 1292 metum
307 1270 387 1300 atque
397 1266 516 1300 inopiam
528 1265 564 1291 rei
577 1265 766 1291 frumentariae
777 1273 875 1291 conve-

77 1303 163 1336 nisse,
187 1303 323 1330 ministros
339 1308 427 1329 autem
444 1302 575 1328 scelerum
590 1307 698 1330 tuorum
709 1303 872 1338 perterritos,

77 1324 174 1384 partim
185 1341 292 1366 amissis
303 1339 410 1376 gladiis,
423 1341 519 1383 partim
531 1341 638 1375 ereptis,
652 1341 805 1376 diffugisse:
828 1349 875 1367 ve-

77 1379 105 1405 ni
116 1387 169 1404 non
181 1377 268 1404 solum
281 1378 339 1404 sine
351 1377 414 1404 ullis
425 1379 510 1412 copiis
525 1386 555 1404 30
570 1387 666 1409 manu,
683 1387 779 1404 verum
795 1379 874 1404 etiam

76 1424 138 1443 cum
151 1415 244 1450 paucis
255 1415 358 1442 31111015.
379 1416 405 1441 7.
418 1415 458 1442 An
470 1424 527 1451 ego,
541 1416 661 1450 quumP.
670 1415 801 1442 Lentulus
812 1424 876 1442 con-

76 1453 134 1484 sul,
152 1454 252 1487 optime
263 1453 296 1479 de
311 1461 354 1479 me
366 1461 395 1479 ac
405 1452 438 1479 de
450 1452 588 1487 republica
600 1454 725 1484 meritus,
744 1461 829 1488 quum
841 1452 873 1486 Q.

77 1490 211 1522 Metellus,
227 1490 283 1525 qui,
297 1499 381 1525 quum
393 1498 468 1516 meus
479 1491 606 1516 inimicus
618 1495 696 1522 esset,
712 1491 789 1517 frater
800 1495 872 1522 111115,

77 1533 103 1555 01
117 1528 280 1554 dissensioni
296 1532 400 1554 nostrae
415 1532 441 1554 et
455 1528 582 1562 precibus
597 1528 651 1554 tuis
667 1528 781 1554 salutem
793 1537 822 1554 110
833 1528 875 1554 di-

76 1566 205 1601 gnitatem
218 1573 303 1591 meam
315 1564 498 1600 praetulisset,
516 1573 559 1591 me
575 1570 739 1592 arcesserent
754 1566 781 1592 in
797 1574 875 1592 sena-

77 1608 148 1636 tum3
171 1611 256 1638 quum
269 1607 338 1629 tanta
350 1602 496 1629 multitudo
505 1603 607 1628 civium
616 1623 622 1634 ,
640 1607 693 1629 tam
705 1604 803 1630 recenti
815 1603 875 1629 offi-

76 1641 118 1667 cio
133 1649 196 1671 suo,
214 1648 257 1666 me
271 1639 304 1666 ad
319 1639 486 1666 referendam
501 1640 613 1675 gratiam
625 1641 783 1667 nominatim
796 1649 875 1667 voca-

77 1682 144 1704 rent:
158 1686 210 1704 non
222 1677 446 1712 venirem,quum
458 1677 614 1712 praesertim
625 1682 650 1704 te
661 1678 714 1704 iam
726 1678 801 1705 illinc
811 1687 874 1705 cum

77 1719 122 1742 tua
143 1714 318 1751 fugitivorum
340 1723 421 1741 manu
437 1714 596 1742 discessisse
611 1715 763 1742 constaret?
782 1716 830 1742 llic
846 1721 874 1742 tu

77 1761 120 1780 me
131 1753 223 1784 etiam,
241 1752 379 1779 custodem
391 1751 614 1787 defensoremque
626 1753 749 1788 Capitolii
762 1753 875 1788 templo-

77 1798 193 1825 rumque
203 1790 334 1821 omnium,
342 1790 446 1816 hostem
454 1789 633 1824 Capitolinum
646 1790 780 1825 appellare
791 1799 874 1817 ausus

77 1835 115 1859 es,
128 1827 211 1863 quod,
219 1835 305 1862 quum
317 1827 344 1853 in
351 1827 481 1862 Capitolio
492 1831 614 1854 senatum
625 1827 679 1854 duo
690 1828 815 1854 consules
827 1829 875 1854 113-

78 1864 179 1908 1101001,
192 1873 223 1891 00
234 1864 373 1891 venirem?
384 1865 513 1891 Utrumne
524 1869 563 1891 est
575 1870 681 1900 tempus
693 1865 811 1901 aliquod
820 1875 874 1901 quo

76 1902 104 1929 in
116 1906 238 1928 senatum
250 1902 357 1928 venisse
369 1906 446 1936 turpe
457 1902 509 1928 sit‘?
528 1911 560 1928 an
572 1911 614 1928 res
626 1902 671 1929 illa
683 1903 743 1930 talis
755 1908 823 1934 erat,
841 1903 874 1930 de

77 1947 130 1974 qua
142 1939 279 1976 agebatur,
293 1943 323 1965 ut
334 1947 388 1965 rem
400 1939 486 1974 ipsam
497 1939 639 1974 repudiare
650 1944 676 1966 et
686 1949 740 1971 eos,
752 1941 800 1976 qui
812 1949 875 1977 age-

77 1976 154 2007 bant,
170 1975 347 2002 condemnare
357 1975 501 2002 deberem?
530 1977 572 2003 lv.
586 1979 611 2003 8.
628 1978 748 2004 Primum
761 1961 875 2005 1110οῦ50-

78 2014 176 2040 natoris
188 2021 247 2040 0550
258 2013 330 2044 11001,
343 2022 450 2048 semper
460 2014 487 2040 in
499 2018 621 2040 senatum
634 2015 739 2041 venire:
753 2024 801 2041 000
811 2024 873 2042 cum

78 2051 121 2078 his
132 2051 227 2082 sentio,
235 2051 283 2085 qui
294 2054 415 2077 statuunt
427 2051 516 2077 minus
527 2051 604 2078 bonis
617 2052 782 2087 temporibus
793 2053 820 2079 in
832 2061 875 2079 se-

79 2092 171 2115 natum
182 2088 234 2123 ipsi
246 2096 298 2114 non
310 2088 414 2119 venire,
438 2097 489 2114 non
501 2088 695 2124 intelligentes,
714 2089 782 2116 hanc
797 2099 873 2116 suam

78 2126 189 2153 nimiam
201 2126 425 2160 perseverantiam
438 2125 609 2152 vehementer
622 2126 669 2158 iis,
686 2135 801 2162 quorum
818 2128 876 2154 ani-

78 2171 153 2190 mum
165 2162 297 2190 offendere
308 2162 460 2194 voluerunt,
471 2168 573 2198 gratam
585 2168 611 2190 et
622 2164 766 2190 iucundam
781 2164 874 2191 fuisse.

78 2200 112 2228 At
122 2201 194 2227 enim
207 2199 329 2226 nonnulli
341 2204 448 2235 propter
459 2200 594 2231 timorem,
610 2201 683 2236 quod
699 2210 728 2228 se
742 2202 769 2228 in
781 2207 875 2229 senatu

78 2242 136 2265 tuto
147 2246 198 2264 non
210 2246 269 2264 0550
280 2237 486 2268 arbitrabantur,
499 2237 690 2265 discesserunt.
717 2239 774 2266 Non
787 2248 876 2274 repre—

79 2274 179 2308 hend03
197 2283 246 2301 nec
256 2283 364 2310 quaero,
379 2274 494 2301 fueritne
505 2275 607 2317 aliquid
619 2277 874 2310 pertimescendum

78 2312 154 2343 Puto.
162 2321 213 2339 suo
221 2320 357 2354 quemque
368 2312 496 2338 arbitratu
508 2312 601 2338 timere
611 2318 741 2347 oportere
763 2314 816 2341 Cur
827 2323 876 2349 ego

79 2357 131 2376 000
143 2350 293 2381 timuerim,
306 2348 432 2384 quaeris?
453 2349 516 2384 quia
533 2354 557 2376 te
572 2349 646 2376 1111110
660 2350 759 2377 (11111550
769 2356 876 2377 0005111-

79 2386 133 2413 bat.
155 2386 218 2418 Cur,
230 2395 316 2422 quum
329 2387 379 2413 viri
392 2387 452 2413 boni
466 2386 587 2413 nonnulli
600 2392 731 2421 putarent,
741 2393 798 2414 tuto
808 2397 836 2414 se
847 2389 874 2415 in

79 2427 172 2451 senatu
183 2432 244 2451 esse
253 2433 306 2451 non
317 2432 408 2459 posse,
427 2433 476 2460 ego
492 2433 542 2451 non
559 2424 630 2450 idem
642 2425 791 2451 senserim?
811 2426 873 2457 (,111,

78 2469 164 2496 quum
184 2469 234 2498 ego
254 2470 296 2488 1110
311 2461 508 2488 existimassem
526 2466 582 2487 tuto
597 2462 706 2488 omnino
721 2463 747 2488 in
768 2463 875 2489 civitate

79 2505 138 2525 esse
148 2506 200 2526 non
211 2507 299 2534 posse,
312 2498 352 2525 illi
364 2507 416 2525 non
428 2498 511 2525 item‘?
531 2498 570 2524 An
582 2498 643 2525 aliis
656 2498 715 2525 licet
725 2504 751 2526 et
761 2504 830 2526 recte
843 2500 875 2526 li-

79 2539 133 2567 cet,
149 2535 178 2562 in
193 2544 253 2563 meo
267 2540 340 2563 metu
356 2536 409 2562 sibi
420 2535 487 2562 nihil
501 2536 607 2562 timere:
630 2536 695 2562 011111
709 2537 755 2563 1101
768 2545 876 2564 necesse

79 2572 129 2599 erit
138 2577 165 2599 et
174 2581 261 2600 meam
273 2577 299 2600 et
309 2573 422 2600 aliorum
434 2574 519 2599 vicem
533 2573 738 2608 pertimescere?

134 2611 159 2636 9.
182 2611 236 2642 An,
258 2611 321 2646 quia
337 2619 389 2637 non
405 2611 581 2637 condemnavi
597 2611 727 2637 sententia
743 2619 800 2638 mea
821 2611 875 2638 duo

79 2646 211 2688 0011511105,
228 2656 289 2674 sum
300 2647 556 2683 reprehendendus?
575 2648 627 2674 Eos
638 2648 721 2684 igitur
731 2657 781 2685 ego
792 2649 876 2684 potis-

80 2683 180 2711 simum
195 2684 322 2712 damnare
337 2685 432 2718 debui,
455 2694 570 2721 quorum
588 2685 645 2722 lege
648 2675 807 2721 perfectum
823 2691 872 2718 est,

1320 149 1423 173 ,Β
1671 149 1713 157 --

1353 158 1434 174 -ῦ.
1666 160 1710 175 -Διι

922 226 955 244 110
965 226 1014 253 ego
1024 217 1195 244 indemnatus
1207 223 1286 253 atque
1297 218 1397 253 optime
1408 218 1440 244 de
1453 217 1589 252 republica
1605 219 1716 245 meritus

921 255 1106 281 damnatorum
1118 264 1230 290 poenam
1242 255 1421 282 sustinerem?
1440 255 1560 287 Quorum
1577 257 1655 282 etiam
1671 256 1717 283 de—

923 292 983 318 licta
999 297 1106 327 propter
1120 301 1213 319 eorum
1228 293 1363 328 egregiam
1378 294 1406 319 in
1423 301 1464 319 me
1479 293 1660 319 conservando
1672 302 1718 320 vo-

923 329 1052 356 luntatem
1064 338 1115 356 non
1128 330 1206 356 modo
1217 338 1272 361 me,
1290 330 1337 356 sed
1353 339 1444 356 omnes
1460 330 1544 356 bonos
1560 330 1626 356 ferre
1639 339 1718 366 opor-

923 371 997 397 teret,
1011 375 1102 393 eorum
1113 368 1246 401 optimum
1258 367 1400 394 consilium
1412 376 1461 403 ego
1473 368 1658 402 potissimum,
1672 377 1719 403 per

923 413 967 430 eos
978 405 1006 430 in
1018 413 1104 430 meam
1115 405 1256 439 pristinam
1267 404 1424 440 dignitatem
1437 406 1589 436 restitutus,
1607 405 1720 432 consilio

923 441 1092 476 repudiarem
1104 441 1182 468 meo?
1203 443 1244 468 ⁴0.
1260 442 1294 468 At
1304 451 1385 477 quam
1398 443 1555 468 sententiam
1567 442 1643 469 dixi‘?
1663 443 1721 469 Pri-

924 487 998 504 mum
1015 487 1086 509 eam,
1103 487 1185 513 quam
1202 479 1295 514 populi
1311 488 1398 505 sermo
1410 480 1437 506 in
1449 480 1546 506 animis
1558 481 1654 506 nostris
1666 481 1719 506 iam

923 520 984 541 ante
1004 515 1145 542 defixerat:
1168 516 1266 542 deinde
1287 525 1354 547 eam,
1375 525 1445 551 quae
1466 522 1521 543 erat
1535 518 1720 552 superioribus

923 553 1020 579 diebus
1031 554 1128 589 agitata
1139 554 1167 579 in
1178 558 1287 580 senatu:
1309 554 1408 580 deinde
1423 563 1495 585 eam,
1513 563 1595 590 quam
1611 559 1720 581 senatus

924 590 1050 625 frequens
1067 595 1137 621 tum,
1154 599 1240 625 quum
1253 591 1319 617 mihi
1331 596 1370 617 est
1381 600 1522 622 assensus,
1544 597 1653 618 secutus
1665 597 1718 618 est:

924 632 954 653 ut
964 636 1051 662 neque
1062 627 1139 654 allata
1151 629 1186 654 sit
1196 637 1209 654 a
1221 637 1263 654 me
1274 637 1315 654 res
1326 629 1460 663 inopinata
1472 638 1502 655 ac
1514 638 1614 660 recens,
1628 638 1684 660 nec,
1698 630 1721 655 si

924 665 996 700 quod
1007 666 1034 691 in
1046 666 1175 691 sententia
1187 666 1283 691 vitium
1296 670 1348 696 est,
1362 666 1448 701 magis
1459 668 1494 692 sit
1505 667 1572 697 01115,
1585 668 1632 701 qui
1644 666 1721 693 dixe-

924 703 966 733 rit,
979 710 1060 736 quam
1072 703 1202 733 omnium,
1211 704 1259 737 qui
1271 703 1417 737 probarint.
1429 719 1466 723 —
1477 704 1509 730 At
1521 705 1592 730 enim
1605 704 1720 730 liberum

924 744 1033 765 senatus
1048 739 1180 765 iudicium
1195 745 1303 774 propter
1318 745 1420 766 metum
1436 750 1487 767 non
1504 741 1564 767 fuit.
1586 756 1622 761 —
1643 741 1671 768 Si
1688 742 1722 767 ti-

925 777 1027 802 muisse
1043 785 1088 803 eos
1104 776 1183 808 facis,
1201 778 1248 812 qui
1260 777 1455 808 discesserunt,
1473 778 1601 809 concede,
1620 787 1672 805 non
1688 779 1722 804 ti-

924 814 1027 840 muisse
1038 822 1092 845 005,
1105 815 1153 849 qui
1164 820 1357 841 remanserunt.
1389 815 1436 841 Sin
1447 820 1536 841 autem
1548 816 1606 842 sine
1618 817 1660 846 iis,
1673 816 1721 850 qui

924 856 981 878 tum
1002 851 1159 883 abfuerunt,
1185 852 1253 878 nibil
1275 852 1381 878 decerni
1402 852 1484 878 libere
1504 854 1603 887 potuit:
1634 862 1720 887 quum

924 897 1016 915 omnes
1028 889 1164 920 adessent,
1182 894 1306 924 coeptum
1318 894 1358 916 est
1369 889 1461 916 referri
1472 890 1505 916 de
1517 890 1668 916 inducendo
1680 899 1722 916 se—

925 926 1136 953 natusconsulto.
1176 927 1218 953 Ab
1234 928 1362 954 universo
1377 932 1470 954 senatu
1487 927 1658 954 reclamatum
1671 932 1720 954 est.

924 964 956 990 V.
974 964 1027 990 Sed
1042 972 1155 999 quaero,
1177 965 1205 991 in
1221 965 1279 999 ipsa
1291 965 1436 995 sententia,
1458 966 1584 1000 quoniam
1597 965 1722 1000 princeps

924 1010 974 1037 ego
995 1010 1056 1027 sum
1080 1003 1139 1027 eius
1166 1006 1246 1037 atque
1274 1007 1377 1034 auctor,
1407 1003 1473 1037 quid
1502 1002 1720 1037 reprehendatur<

924 1039 1019 1065 Utrum
1031 1047 1126 1065 caussa
1137 1040 1259 1074 capiendi
1272 1040 1333 1066 novi
1345 1040 1449 1066 consilii
1462 1049 1513 1066 non
1525 1039 1593 1066 fuit‘?
1603 1049 1635 1066 30
1648 1048 1722 1066 111030

925 1081 1013 1111 1131105
1034 1077 1061 1102 10
1078 1085 1107 1102 03
1123 1085 1217 1103 caussa
1234 1086 1285 1103 non
1302 1078 1460 1112 praecipuae
1477 1077 1603 1103 fuerunt?
1623 1086 1655 1103 an
1671 1077 1722 1103 alio

925 1114 1014 1149 potius
1026 1114 1236 1150 confugiendum
1248 1114 1317 1141 fuit?
1331 1114 1404 1146 Quae
1416 1123 1468 1146 105,
1480 1123 1549 1150 quae
1560 1123 1654 1141 caussa
1666 1124 1718 1140 ma-

925 1152 964 1177 ior
979 1159 1050 1183 esse,
1072 1160 1154 1186 quam
1170 1151 1268 1183 fames,
1286 1151 1391 1187 potuit?
1410 1161 1491 1187 quam
1507 1152 1622 1178 seditio?
1641 1161 1721 1187 quani

925 1189 1036 1215 consilia
1048 1193 1093 1215 tua
1104 1194 1280 1225 tuorumque3
1302 1191 1363 1225 qui,
1378 1189 1502 1216 facultate
1514 1190 1614 1221 oblata,
1628 1190 1659 1216 ad
1672 1191 1723 1216 im-

927 1227 1072 1261 peritorum
1084 1227 1187 1253 animos
1198 1227 1361 1258 incitandos,
1379 1232 1569 1254 renovaturum
1585 1232 1609 1254 te
1622 1232 1665 1253 1113
1678 1227 1723 1253 1113

927 1264 1033 1290 funesta
1050 1264 1185 1291 latrocinia
1200 1265 1234 1291 ob
1250 1273 1370 1291 annonae
1380 1273 1502 1291 caussam
1515 1264 1661 1300 putarunt?
1682 1266 1721 1290 11.

926 1302 1103 1328 Frumentum
1118 1302 1271 1337 provinciae
1287 1302 1475 1329 frumentariae
1491 1303 1587 1337 partim
1603 1311 1655 1328 non
1677 1302 1724 1328 113-

925 1339 1038 1371 bebant,
1052 1340 1150 1373 partim
1161 1340 1188 1366 in
1200 1339 1266 1365 alias
1279 1344 1374 1370 terras,
1387 1340 1479 1371 credo,
1493 1344 1600 1374 propter
1611 1340 1724 1365 varieta-

926 1382 979 1404 tem
996 1376 1166 1403 venditorum
1182 1377 1318 1408 miserant,
1336 1378 1446 1412 partim,
1463 1386 1518 1412 quo
1528 1378 1630 1412 gratius
1642 1382 1721 1407 esset,

926 1420 983 1441 tum
992 1435 998 1446 ,
1015 1423 1101 1450 quum
1114 1415 1141 1440 in
1154 1415 1211 1449 ipsa
1223 1414 1292 1440 fame
1303 1415 1507 1445 subvenissent,
1525 1414 1654 1440 custodiis
1665 1415 1723 1440 suis

925 1452 1049 1479 clausum
1060 1452 1241 1482 continebant.
1255 1456 1285 1478 ut
1296 1452 1384 1478 subito
1396 1461 1495 1479 novum
1509 1453 1652 1478 mitterent.
1672 1452 1723 1478 Res

926 1494 981 1516 erat
993 1490 1083 1516 nonin
1095 1491 1220 1525 opinione
1230 1489 1322 1521 dubia,
1331 1490 1378 1517 sed
1390 1491 1416 1516 in
1429 1490 1560 1524 praesenti
1573 1494 1652 1524 atque
1663 1494 1724 1515 ante

925 1527 1017 1554 oculos
1028 1528 1163 1562 proposito
1174 1528 1306 1563 periculo:
1321 1536 1408 1563 neque
1419 1527 1446 1554 id
1457 1528 1607 1554 coniectura
1619 1527 1725 1562 prospi-

925 1565 1073 1596 ciebamus,
1090 1565 1138 1591 sed
1149 1566 1202 1591 iam
1214 1566 1316 1600 experti
1329 1566 1497 1592 videbamus.
1539 1566 1619 1595 Nam,
1637 1573 1723 1600 quum

925 1603 1122 1638 ingravesceret
1133 1611 1251 1634 annona,
1268 1608 1298 1629 ut
1315 1604 1366 1629 iam
1384 1603 1461 1638 plane
1478 1603 1566 1637 inopia
1583 1612 1612 1629 ac
1628 1602 1721 1633 rames.

926 1649 978 1666 non
990 1641 1085 1666 caritas
1096 1641 1244 1671 timeretur,
1257 1649 1403 1667 concursus
1415 1645 1455 1667 est
1467 1641 1498 1666 ad
1512 1640 1642 1675 templum
1655 1640 1724 1667 Con-

925 1677 1031 1704 cordiae
1042 1677 1138 1709 factus,
1152 1682 1274 1704 senatum
1287 1678 1353 1704 illuc
1364 1683 1474 1704 vocante
1487 1678 1592 1704 Metello
1603 1678 1722 1704 consule.

925 1714 977 1747 Qui
993 1716 1015 1741 si
1032 1723 1112 1741 verus
1129 1714 1180 1741 fuit
1194 1724 1227 1742 ex
1243 1715 1333 1742 dolore
1348 1715 1487 1742 hominum
1504 1720 1529 1741 et
1550 1715 1632 1745 fame.
1655 1721 1725 1741 certe

925 1752 1050 1779 consules
1070 1761 1194 1779 caussam
1215 1753 1366 1787 suscipere,
1393 1758 1462 1779 certo
1486 1758 1595 1779 senatus
1620 1752 1724 1788 aliquid

925 1789 1031 1817 consilii
1043 1798 1136 1825 capere
1147 1791 1244 1825 potuit.
1285 1791 1332 1816 Sin
1344 1791 1371 1817 in
1382 1799 1477 1817 caussa
1490 1790 1540 1816 fuit
1551 1799 1667 1821 annona,
1681 1799 1724 1816 se-

925 1827 1034 1854 ditionis
1055 1827 1166 1863 quidem
1187 1827 1369 1854 instimulator
1385 1833 1410 1854 et
1424 1829 1567 1854 concitator
1583 1832 1610 1854 tu
1633 1827 1721 1854 fuisti:

925 1873 1013 1891 nonne
1029 1865 1056 1891 id
1072 1865 1207 1901 agendum
1225 1865 1302 1891 nobis
1317 1866 1445 1892 omnibus
1459 1865 1522 1895 fuit,
1542 1870 1570 1892 ut
1586 1866 1723 1891 materiem

925 1902 1146 1929 subtraheremus
1169 1902 1251 1929 furori
1273 1902 1336 1929 111οῩ
1363 1905 1402 1929 ⁴2.
1425 1902 1514 1935 Quid?
1534 1903 1556 1929 si
1578 1908 1724 1937 utrumque

926 1940 985 1971 fuit,
999 1945 1025 1966 et
1036 1944 1065 1966 ut
1077 1939 1160 1966 fames
1172 1939 1323 1966 stimularet
1334 1940 1466 1971 homines,
1475 1945 1500 1966 et
1512 1945 1539 1966 tu
1551 1941 1578 1966 in
1591 1940 1640 1966 1100
1651 1940 1724 1966 ulce-

925 1986 953 2004 re
969 1982 1106 2012 tamquam
1123 1978 1222 2013 unguis
1239 1978 1394 2004 exsisteres:
1418 1986 1504 2004 noune
1521 1977 1571 2003 fuit
1591 1986 1622 2004 eo
1642 1978 1725 2004 maior

926 2015 1077 2041 adhibenda
1090 2015 1236 2046 medicina,
1249 2024 1318 2050 quae
1329 2020 1354 2041 ct
1367 2015 1434 2041 illud
1448 2016 1568 2041 nativum
1581 2015 1666 2041 011100
1678 2015 1725 2041 110-

927 2051 1010 2079 latum
1027 2052 1128 2079 malum
1144 2061 1237 2079 sanare
1253 2052 1361 2087 posset?
1380 2054 1441 2079 Erat
1457 2053 1538 2088 igitur
1553 2057 1578 2079 et
1599 2061 1724 2087 praesens

925 2091 1021 2117 caritas
1032 2094 1058 2116 et
1069 2089 1158 2116 sutura
1172 2089 1268 2116 fames:
1291 2099 1343 2116 non
1359 2095 1399 2117 est
1414 2091 1492 2116 satis:
1516 2090 1582 2116 facta
1599 2090 1725 2124 lapidatio

926 2132 975 2154 est.
998 2127 1026 2154 Si
1037 2136 1070 2153 ex
1081 2127 1170 2153 dolore
1183 2127 1280 2162 plebei,
1293 2127 1368 2154 nullo
1380 2128 1513 2158 incitante,
1527 2136 1655 2162 magnum
1669 2136 1724 2153 ma-

927 2164 997 2191 lum:
1017 2165 1039 2191 si
1052 2165 1081 2190 P.
1095 2164 1180 2191 Clodii
1193 2164 1328 2199 impulsu.
1347 2166 1475 2191 usitatum
1492 2165 1608 2191 hominis
1625 2164 1724 2190 facine-

926 2203 980 2228 rosi
992 2201 1095 2228 scelus:
1117 2202 1140 2228 si
1154 2206 1313 2237 utrumque,
1327 2207 1355 2228 ut
1367 2207 1391 2228 et
1403 2211 1444 2228 res
1457 2207 1527 2228 esset
1538 2211 1581 2232 ea.
1595 2210 1663 2237 quae
1675 2211 1723 2228 sua

926 2244 1021 2274 sponte
1035 2238 1219 2265 multitudinis
1234 2240 1337 2265 animus
1354 2240 1486 2270 incitaret,
1504 2244 1529 2265 et
1546 2240 1628 2274 parmi
1645 2245 1724 2273 atque

926 2277 1019 2302 atinati
1031 2276 1170 2302 seditionis
1185 2276 1281 2302 duces:
1306 2276 1446 2302 videturne
1462 2277 1519 2310 ipsa
1536 2276 1687 2311 respublica
1699 2282 1723 2302 et

927 2313 1046 2339 consulis
1057 2312 1188 2339 attxilium
1202 2313 1358 2347 implet-ass«
1370 2318 1394 2339 et
1405 2319 1514 2339 senatus
1527 2314 1577 2339 1111(
1581 2314 1625 2339 1119
1643 2314 1722 2348 Atqui

928 2355 1074 2385 utrumque
1086 2349 1169 2376 fuisse
1182 2351 1287 2392 perspi(
1290 2359 1354 2376 uum
1367 2355 1420 2380 est,
1443 2350 1600 2376 difficultate
1593 2359 1628 2376 m
1641 2359 1723 2376 anno—

928 2396 975 2414 nae
986 2396 1176 2422 summamque
1188 2388 1305 2422 inopiam
1318 2388 1354 2413 rei
1373 2387 1572 2417 fruintntariae,
1592 2393 1620 2413 ut
1637 2387 1724 2414 homi-

896 2431 898 2445 1
927 2434 974 2451 nes
987 2434 1037 2451 non
1050 2425 1102 2450 iam
1113 2424 1269 2450 diuturnam
1281 2426 1388 2450 cariam
1391 2434 1426 2453 m.
1435 2425 1482 2451 sed
1495 2430 1522 2451 ut
1535 2425 1632 2451 fiunem
1643 2425 1724 2467 plano

927 2463 1065 2488 timerent:
1089 2470 1167 2488 nemo
1183 2467 1269 2495 negat.
1311 2463 1382 2487 llane
1399 2463 1480 2488 istum
1497 2463 1542 2488 otii
1555 2468 1579 2488 et
1591 2463 1664 2497 pacis
1677 2463 1723 2489 Ιιο-

926 2505 993 2526 stem
1005 2507 1127 2525 caussam
1140 2505 1307 2534 arrepturum
1322 2499 1404 2525 fnisse
1416 2499 1447 2525 1111
1460 2499 1591 2529 incendia,
1603 2500 1720 2530 caedem,

927 2537 1046 2572 rapinas,
1061 2536 1134 2566 0010,
1148 2537 1301 2571 pontifices,
1316 2537 1506 2571 suspicemini,
1525 2538 1577 2563 nisi
1590 2537 1720 2564 videritis.

929 2576 968 2600 13.
981 2574 1032 2606 Qui
1045 2578 1107 2600 sunt
1120 2573 1242 2600 homines
1253 2584 1266 2599 a
1278 2575 1309 2605 Q.
1324 2574 1442 2603 Metello,
1461 2574 1537 2600 fratre
1549 2579 1606 2604 1110,
1624 2584 1723 2601 cousu-

928 2611 965 2642 le,
983 2612 1008 2638 in
1025 2615 1119 2637 senatu
1132 2611 1218 2645 palam
1232 2612 1373 2641 nominati.
1391 2621 1403 2637 a
1415 2611 1517 2647 quibus
1530 2611 1574 2638 ille
1585 2621 1614 2638 so
1627 2612 1722 2647 lapidi-

927 2649 978 2675 bus
994 2649 1156 2683 appetitum,
1179 2650 1258 2674 etiam
1271 2657 1428 2683 percussum
1441 2657 1500 2675 esse
1511 2649 1598 2675 dixit?
1619 2650 1647 2676 l..
1661 2650 1722 2675 Ser-

925 2686 1001 2722 gium
1013 2691 1039 2713 et
1051 2687 1085 2712 M.
1099 2685 1213 2713 Lollium
1227 2687 1383 2713 nominavit.
1414 2686 1480 2719 Quis
1492 2692 1531 2713 051
1543 2687 1591 2714 iste
1603 2687 1722 2714 Lollius?
