1941 3052
0 2813 17 3052 μισ-..και-

845 375 886 401 30.

581 451 820 482 ORATIO
865 450 1160 481 SECUNDA

836 538 892 557 DE

268 604 640 655 LEGE

760 603 1261 653 AGRAR

1338 603 1355 652 l
1428 602 1467 651 A

771 713 963 734 CONTRA

420 786 453 823 P.
489 785 818 824 SERVILIUM
854 785 1099 832 RULLUM,
1136 784 1207 822 TR.
1245 784 1314 822 PL.

534 878 603 908 AD
648 879 923 908 POPULUM
966 877 1201 907 HABITA.

99 1059 120 1086 1.
137 1060 160 1086 1.
180 1055 234 1086 Est
246 1058 297 1086 hoc
309 1059 338 1086 in
351 1067 425 1086 more
438 1059 571 1094 positum,
587 1058 718 1092 Quirites,
734 1059 845 1085 institu-

47 1101 124 1133 toque
138 1097 283 1128 maiorum,
304 1101 334 1124 ut
347 1097 379 1128 ii,
400 1097 448 1132 qui
466 1097 597 1124 beneficio
610 1101 699 1123 vestro
712 1097 844 1132 imagines

45 1134 161 1162 familiae
179 1143 244 1161 suae
261 1135 398 1161 consecuti
416 1139 492 1166 sunt,
518 1143 576 1161 eam
594 1135 710 1170 primam
729 1134 845 1161 habeant

44 1173 198 1200 concionem
207 1193 213 1204 ,
228 1180 282 1208 qua
295 1173 407 1208 gratiam
421 1172 545 1199 beneficii
558 1173 641 1199 vestri
655 1181 717 1198 cum
732 1181 843 1198 suorum

45 1209 124 1238 laude
137 1210 311 1246 coniungant.
337 1209 395 1242 Qua
408 1210 437 1236 in
450 1211 567 1237 oratione
582 1209 707 1236 nonnulli
721 1209 845 1245 aliquan-

44 1247 79 1275 do
96 1247 173 1284 digni
191 1248 323 1274 maiorum
338 1247 395 1274 loco
409 1248 593 1282 reperiuntur:
618 1247 740 1282 plerique
754 1251 842 1273 autem

43 1285 94 1313 hoc
112 1285 267 1320 perficiunt,
288 1289 318 1312 ut
336 1289 439 1312 tantum
454 1285 601 1312 maioribus
615 1293 707 1312 eorum
722 1285 842 1312 debitum

44 1331 104 1350 esse
120 1322 255 1354 videatur,
271 1323 344 1349 unde
358 1323 452 1355 etiam,
468 1323 540 1358 quod
555 1324 669 1358 posteris
684 1323 842 1355 solveretur,

43 1360 216 1387 redundaret.
251 1361 318 1387 Mihi
332 1360 443 1396 quidem
458 1361 530 1396 apud
545 1370 592 1387 vos
606 1361 639 1387 de
653 1361 721 1387 meis
737 1361 845 1387 maiori—

43 1398 96 1425 bus
111 1397 219 1424 dicendi
233 1397 346 1425 facultas
362 1407 414 1424 non
428 1398 520 1424 datur:
544 1407 605 1430 non,
622 1398 695 1434 quod
709 1407 762 1425 non
777 1397 844 1424 tales

44 1435 154 1467 suerint,
170 1435 264 1470 quales
279 1444 326 1462 nos
341 1435 449 1462 illorum
464 1437 596 1472 sanguine
610 1440 711 1462 creatos
721 1435 845 1470 discipli-

44 1473 142 1508 nisque
165 1473 303 1500 institutos
327 1473 438 1506 videtis;
465 1473 513 1500 sed
531 1473 605 1509 quod
624 1473 702 1500 laude
721 1473 845 1508 populari

44 1515 125 1546 atque
139 1510 248 1538 honoris
262 1511 345 1537 vestri
360 1510 418 1537 luce
432 1515 585 1538 caruerunt.
607 1513 632 1538 2.
647 1511 684 1537 De
698 1519 741 1537 me
755 1515 844 1537 autem

43 1548 116 1584 ipso,
132 1556 238 1580 vereor,
255 1557 288 1575 ne
302 1548 449 1584 arrogantis
463 1550 511 1580 sit,
532 1548 604 1583 apud
620 1558 667 1575 vos
681 1548 783 1575 dicere:
803 1549 846 1574 in-

44 1585 122 1623 grati,
139 1589 234 1612 tacere.
256 1586 323 1612 Nam
334 1590 367 1617 et,
384 1586 486 1621 quibus
497 1586 596 1612 studiis
608 1586 676 1613 hane
687 1586 844 1622 dignitatem

43 1627 205 1651 consecutus
228 1623 294 1655 sim,
322 1624 514 1658 memetipsum
536 1632 757 1655 commemorare,
785 1631 846 1658 per-

45 1668 127 1697 quam
145 1669 227 1697 grave
245 1665 298 1693 est,
321 1665 346 1688 et
359 1661 438 1688 silere
452 1661 485 1688 de
500 1662 581 1688 tantis
594 1662 692 1688 vestris
707 1661 845 1687 beneficiis

45 1697 120 1726 nullo
137 1698 217 1725 modo
235 1707 358 1734 possum.
399 1698 486 1731 Quare
504 1699 678 1726 adhibebitur
691 1707 704 1725 a
719 1707 762 1725 me
775 1703 845 1725 certa

45 1736 111 1763 ratio
124 1735 325 1772 moderatioque
338 1736 459 1768 dicendi,
475 1741 518 1768 ut,
534 1736 601 1772 quid
616 1745 629 1762 a
644 1735 722 1763 vobis
736 1744 846 1771 accepe—

45 1773 110 1806 rim,
125 1781 346 1801 commemorem:
362 1783 445 1809 quare
459 1774 559 1810 dignus
574 1779 663 1801 vestro
676 1783 784 1800 summo
799 1774 847 1800 ho-

46 1819 109 1838 nore
123 1811 309 1847 singularique
323 1811 424 1838 iudicio
438 1812 500 1843 sim,
517 1813 576 1847 ipse
589 1812 693 1838 modice
707 1811 804 1842 dicam,
821 1811 846 1837 si

46 1856 155 1876 necesse
173 1849 236 1882 erit3
262 1857 309 1876 vos
328 1849 437 1876 eosdem
451 1850 651 1876 existimaturos
670 1853 777 1884 putem,
798 1849 845 1884 qui

45 1885 224 1913 iudicavistis.
257 1888 281 1913 3.
297 1887 339 1915 Me
352 1886 481 1923 perlongo
494 1887 635 1914 intervallo
648 1895 730 1922 prope
745 1894 847 1913 memo-

45 1923 99 1951 riae
118 1928 324 1960 temporumque
343 1928 495 1951 nostrorum
514 1925 632 1959 primum
648 1925 784 1952 hominem
800 1932 847 1950 no-

46 1969 110 1988 vum
124 1961 264 1988 consulem
278 1961 379 1989 fecistis
393 1966 419 1988 et
433 1971 495 1988 eum
510 1961 607 1993 locum.
623 1970 706 1997 quem
721 1961 846 1989 nobilitas

45 1999 188 2034 praesidiis
207 1998 342 2026 firmatum
361 2003 442 2035 atque
459 2000 532 2026 omni
556 2000 657 2026 ratione
681 1999 846 2026 obvallatum

45 2036 165 2067 tenebat.
182 2044 225 2062 me
238 2036 320 2069 duce,
340 2037 489 2064 rescidistis
504 2037 652 2072 virtutique
667 2037 693 2063 in
708 2041 846 2072 posterum

46 2077 136 2109 patere
155 2073 288 2100 voluistis.
329 2074 423 2110 Neque
441 2082 484 2100 me
498 2074 682 2101 tantummodo
696 2074 844 2106 consulem,

47 2110 119 2147 quod
133 2115 174 2137 est
187 2111 278 2146 ipsum
293 2119 341 2146 per
354 2120 414 2138 sese
432 2111 646 2146 amplissimum.
670 2112 717 2138 sed
732 2112 767 2138 ita
783 2111 847 2138 seci-

47 2148 109 2180 stis,
134 2147 270 2184 quomodo
283 2149 362 2183 pauci
376 2148 481 2175 nobiles
495 2149 522 2175 in
537 2149 586 2176 hnc
599 2149 706 2176 civitate
720 2149 846 2176 consules

48 2184 109 2213 facti
122 2190 195 2217 sunt.
212 2194 299 2212 novus
313 2191 372 2213 ante
386 2195 429 2213 me
442 2195 528 2213 nemo.
562 2187 593 2213 11.
610 2187 677 2213 Nam
691 2186 810 2222 profecto
823 2186 846 2212 si

48 2223 178 2251 recordari
197 2223 337 2250 volueritis
354 2223 388 2250 de
411 2224 489 2250 novis
512 2223 683 2255 hominibus,
709 2224 847 2259 reperietis

49 2268 102 2293 eos,
117 2262 165 2297 qui
179 2261 238 2287 sine
253 2261 362 2296 repulsa
376 2260 501 2288 consules
516 2260 577 2288 sacti
591 2262 653 2293 sint,
669 2262 798 2288 diuturno
809 2261 847 2288 la-

48 2297 111 2326 bore
124 2303 204 2334 atque
218 2298 307 2334 aliqua
321 2299 460 2325 occasione
474 2307 534 2325 esse
549 2298 640 2331 factos,
656 2308 742 2335 quum
753 2298 847 2325 multis

49 2336 125 2363 annis
143 2340 204 2371 post
222 2337 365 2371 petissent,
389 2345 472 2372 quam
492 2340 626 2371 praetores
644 2336 772 2368 fuissent.
798 2336 848 2363 ali—

48 2377 148 2408 quanto
161 2374 258 2405 serius.
274 2382 357 2409 quam
372 2383 419 2409 per
432 2378 543 2400 aetatem
558 2382 588 2400 ac
598 2382 646 2409 per
657 2374 729 2411 leges
742 2374 845 2406 liceret,

49 2410 96 2446 qui
109 2415 198 2438 autem
212 2419 282 2438 anno
295 2420 345 2438 suo
359 2412 502 2447 petissent,
528 2411 586 2438 sine
600 2411 707 2447 repulsa
721 2420 773 2437 non
788 2420 848 2437 csse

50 2446 146 2475 factos:
170 2457 214 2475 me
228 2457 287 2476 esse
301 2458 386 2476 unum
401 2458 434 2476 cx
447 2448 574 2476 omnibus
589 2449 665 2475 novis
681 2449 845 2479 hominibus.

50 2483 83 2512 de
95 2485 196 2521 quibus
209 2487 365 2513 meminisse
375 2485 545 2522 possimus*.
561 2487 609 2522 qui
620 2486 789 2513 consulatum
801 2494 848 2521 po-

51 2521 146 2555 tierim,
162 2532 247 2559 quum
263 2524 381 2559 primum
397 2524 499 2551 licitum
514 2524 562 2555 sit;
579 2523 672 2550 consul
688 2523 772 2550 sactus
783 2524 845 2554 sim,

50 2566 134 2595 quum
148 2561 266 2596 primum
281 2561 418 2596 petierim:
435 2566 465 2588 ut
478 2565 566 2588 vester
576 2561 660 2587 honos
672 2561 704 2587 ad
716 2560 768 2587 mci
781 2565 848 2587 tem—

19 2608 21 2616 Α
50 2597 122 2632 poris
135 2597 207 2624 diem
221 2599 334 2633 petitus,
351 2607 403 2626 nou
418 2598 451 2626 ad
465 2599 566 2625 alienae
580 2599 716 2633 petitionis
730 2598 848 2625 occasio-

52 2641 111 2661 nem
129 2635 358 2671 interceptus,nec
383 2637 519 2663 diuturnis
535 2636 661 2671 precibus
676 2635 845 2671 efflagitatus.

52 2670 99 2698 sed
112 2671 241 2708 dignitate
254 2674 412 2709 impetratus
427 2683 486 2700 csse
500 2674 631 2700 videatur.
673 2674 697 2700 lt.
718 2674 765 2700 Est
780 2672 847 2699 illud

52 2708 264 2744 amplissimum,
280 2711 352 2747 quod
367 2711 458 2747 paullo
471 2716 531 2738 unte
545 2712 766 2743 commemoravi,
782 2711 849 2744 Qui-

894 1058 972 1089 rites,
993 1057 1066 1093 quod
1084 1057 1134 1084 hoc
1152 1057 1251 1084 honore
1265 1065 1299 1083 ex
1312 1056 1389 1083 novis
1403 1055 1561 1083 hominibus
1575 1056 1694 1091 primum

895 1104 946 1127 me,
963 1095 1056 1122 multis
1070 1099 1131 1131 post
1144 1095 1232 1126 annis,
1248 1094 1387 1125 affecistis,
1403 1093 1475 1129 quod
1490 1094 1575 1129 prima
1590 1094 1696 1128 petitio-

894 1142 936 1165 ne,
953 1133 1026 1169 quod
1040 1142 1109 1159 anno
1122 1141 1196 1165 meo3
1219 1132 1267 1159 sed
1280 1136 1369 1159 tamen
1384 1132 1600 1168 magnificentius
1615 1136 1695 1166 atque

894 1172 1013 1197 ornatius
1027 1179 1087 1197 esse
1101 1170 1148 1197 illo
1162 1169 1230 1197 nihil
1242 1174 1337 1205 potest,
1353 1169 1426 1204 quod
1437 1170 1504 1196 meis
1515 1169 1631 1196 comitiis
1643 1178 1694 1195 non

895 1208 1033 1240 tabellam,
1054 1208 1191 1235 vindicem
1206 1208 1300 1234 tacitae
1314 1206 1459 1238 libertatis,
1480 1206 1528 1233 sed
1547 1216 1639 1233 vocem
1655 1207 1696 1232 vi-

896 1255 956 1273 vam
970 1254 1033 1281 prae
1047 1246 1124 1272 vobis
1137 1245 1255 1272 indicem
1270 1249 1420 1271 vestrarum
1434 1253 1496 1280 erga
1510 1253 1553 1270 me
1572 1243 1696 1270 volunta-

895 1288 953 1311 tum
971 1292 1001 1310 ac
1020 1283 1171 1310 studiorum
1190 1283 1302 1310 tulistis.
1342 1283 1435 1317 Itaque
1453 1291 1496 1308 me
1511 1290 1563 1308 non
1578 1286 1695 1308 extrema

896 1322 982 1348 tribus
1001 1321 1204 1358 suffragiorum,
1224 1320 1273 1347 sed
1291 1320 1371 1355 primi
1386 1319 1427 1346 illi
1441 1320 1523 1346 vestri
1537 1328 1694 1349 concursus,

896 1368 984 1395 neque
997 1360 1123 1395 singulae
1137 1367 1216 1386 voces
1231 1366 1406 1394 praeconum,
1427 1357 1475 1384 sed
1490 1366 1542 1383 una
1558 1365 1621 1383 voce
1635 1357 1698 1383 uni-

896 1406 991 1424 versus
1015 1396 1133 1432 populus
1151 1397 1287 1423 Romanus
1310 1394 1449 1422 consulem
1473 1394 1627 1421 declaravit.
1670 1395 1695 1420 5.

896 1436 949 1461 lloc
963 1443 1012 1471 ego
1026 1439 1080 1461 tam
1094 1434 1214 1470 insigne,
1234 1438 1288 1460 tam
1306 1432 1443 1468 singulare
1461 1436 1581 1459 vestrum
1595 1432 1698 1458 beneti-

895 1473 982 1504 cium,
1002 1471 1134 1504 Quirites,
1154 1480 1241 1507 quum
1260 1470 1293 1497 ad
1311 1471 1393 1496 animi
1413 1470 1466 1496 mei
1484 1469 1602 1496 fructum
1617 1474 1697 1504 atque

897 1510 1024 1536 laetitiam
1038 1509 1107 1536 duco
1121 1518 1180 1536 esse
1194 1516 1381 1544 permagnum,
1398 1511 1455 1534 tum
1470 1507 1502 1533 ad
1516 1516 1607 1533 curam
1623 1506 1698 1533 solli-

896 1547 1100 1583 citudinemque
1114 1546 1200 1573 multo
1214 1546 1311 1572 maius.
1346 1546 1492 1571 Versantur
1505 1545 1591 1575 enim,
1607 1543 1698 1576 Quiri-

896 1590 944 1616 tes,
961 1586 988 1612 in
1003 1586 1092 1611 animo
1106 1593 1165 1611 meo
1179 1583 1279 1610 multae
1290 1588 1418 1618 etgraves
1430 1583 1612 1618 cogitationes.
1629 1590 1697 1617 quae

897 1623 964 1649 mihi
979 1622 1083 1649 nullam
1098 1627 1199 1657 partem
1214 1629 1303 1656 neque
1316 1621 1428 1647 diurnae
1447 1628 1535 1655 neque
1553 1624 1698 1646 nocturnae

896 1660 996 1695 quietis
1010 1660 1183 1695 impertiunt:
1206 1659 1325 1693 primum
1340 1657 1432 1684 tuendi
1447 1657 1612 1688 consulatus,
1629 1665 1698 1692 quae

896 1706 982 1733 quum
997 1697 1124 1724 omnibus
1139 1701 1180 1723 est
1192 1696 1312 1723 difficilis
1327 1699 1352 1722 et
1366 1704 1461 1731 magna
1476 1695 1550 1726 ratio,
1567 1699 1624 1721 tum
1637 1703 1699 1720 vero

897 1735 965 1762 mihi
978 1739 1083 1770 praeter
1096 1739 1211 1766 ceteros,
1231 1734 1310 1760 cuius
1325 1737 1410 1760 errato
1424 1732 1498 1759 nulla
1513 1733 1604 1764 venia,
1630 1737 1698 1759 recte

897 1773 966 1800 facto
983 1773 1082 1809 exigua
1101 1772 1159 1799 laus
1177 1776 1203 1799 et
1221 1771 1254 1798 ab
1272 1771 1365 1798 invitis
1384 1779 1511 1805 expressa
1525 1770 1696 1805 proponitur:

897 1819 949 1838 non
964 1810 1099 1837 dubitanti
1114 1809 1191 1836 fidele
1205 1808 1363 1840 consilium,
1385 1817 1436 1835 non
1453 1808 1582 1834 laboranti
1596 1812 1698 1834 certum

897 1848 1052 1875 subsidium
1068 1847 1215 1874 nobilitatis
1229 1846 1388 1874 ostenditur.
1423 1846 1466 1872 111.
1482 1847 1506 1872 6.
1527 1845 1604 1878 Quod
1619 1846 1641 1872 si
1656 1853 1700 1871 so-

898 1885 941 1913 lus
955 1887 982 1913 in
997 1886 1143 1912 discrimen
1155 1884 1265 1920 aliquod
1275 1884 1431 1915 adducerer,
1448 1883 1553 1914 serrem,
1570 1883 1697 1916 Quirites

897 1924 988 1951 animo
1001 1924 1142 1959 aequiore:
1163 1922 1211 1949 sed
1226 1922 1293 1948 mihi
1307 1921 1434 1948 videntur
1448 1921 1512 1948 certi
1527 1921 1660 1951 homines,
1677 1921 1699 1946 si

897 1970 950 1997 qua
969 1961 997 1988 in
1016 1969 1043 1988 re
1062 1969 1105 1987 me
1123 1968 1177 1987 non
1195 1960 1275 1987 modo
1286 1959 1411 1991 consilio,
1433 1967 1526 1986 verum
1541 1959 1621 1985 etiam
1635 1966 1699 1984 casu

898 1998 1005 2034 lapsum
1019 2007 1078 2025 esse
1089 1998 1300 2029 arbitrabuntur,
1317 2006 1364 2023 vos
1374 1997 1524 2027 universos,
1541 1996 1588 2031 qui
1600 2003 1642 2022 me
1653 2004 1700 2022 nn-

898 2036 1041 2063 tetuleritis
1056 2035 1197 2067 nobilitati,
1214 2035 1403 2070 vituperaturi.
1438 2034 1504 2060 Mihi
1519 2039 1617 2064 autem,
1634 2032 1700 2065 Qui-

898 2075 970 2106 rites,
987 2074 1076 2101 omnia
1091 2073 1180 2108 potius
1195 2072 1369 2108 perpetienda
1383 2080 1442 2098 esse
1455 2071 1533 2102 duco,
1550 2080 1631 2106 quam
1647 2079 1699 2097 non

898 2111 933 2138 ita
946 2111 1095 2147 gerendum
1109 2111 1293 2141 consulatum,
1315 2114 1344 2136 ut
1357 2110 1384 2136 in
1399 2109 1526 2136 omnibus
1542 2109 1608 2135 meis
1625 2108 1700 2134 sactis

897 2153 977 2185 atque
995 2148 1116 2176 consiliis
1135 2152 1256 2175 vestrum
1274 2147 1307 2174 de
1326 2155 1368 2174 me
1387 2147 1486 2173 sactum
1500 2146 1700 2181 consiliumque

899 2186 1032 2213 laudetur.
1073 2185 1182 2212 Accedit
1201 2186 1280 2212 ctiam
1300 2184 1345 2211 ille
1359 2184 1426 2211 mihi
1442 2193 1568 2210 summus
1584 2183 1657 2209 labor
1671 2192 1700 2209 ac

897 2223 1058 2250 difficillima
1069 2224 1136 2250 ratio
1146 2222 1302 2250 consulatus
1313 2222 1432 2258 gerendi.
1449 2221 1521 2257 quod
1533 2230 1583 2247 non
1595 2221 1697 2251 cadem.

898 2270 951 2296 qua
966 2261 1152 2296 superioribus
1166 2260 1334 2290 consulibus,
1352 2259 1409 2294 lege
1424 2264 1449 2285 ct
1459 2258 1611 2285 conditione
1622 2263 1700 2284 utcu-

898 2299 964 2325 dum
976 2306 1035 2324 esse
1045 2298 1166 2329 dccrevi;
1183 2298 1231 2332 qui
1241 2297 1344 2323 aditum
1357 2297 1440 2323 buius
1452 2296 1501 2322 loci
1512 2300 1700 2330 conspectum-

898 2344 951 2371 que
971 2340 1090 2362 vestrum
1110 2335 1207 2370 partim
1227 2343 1324 2369 magno
1341 2342 1419 2368 opero
1439 2333 1579 2369 sugerunt,
1604 2333 1698 2367 partim

900 2382 951 2400 non
967 2373 1140 2399 veliementer
1154 2372 1239 2398 secuti
1253 2376 1327 2398 sunt.
1369 2372 1425 2405 Ego
1439 2375 1527 2397 autem
1545 2379 1595 2396 nou
1611 2369 1698 2396 solum

899 2411 948 2437 hoc
963 2411 990 2437 in
1007 2410 1062 2437 loco
1076 2410 1178 2441 dicam,
1199 2409 1247 2435 ubi
1261 2413 1301 2435 cst
1319 2408 1346 2435 id
1365 2409 1438 2434 dictu
1458 2407 1631 2435 facillimum.
1653 2407 1698 2433 scd

899 2449 926 2475 in
941 2449 1001 2483 ipso
1014 2452 1117 2478 senatu,
1134 2447 1161 2473 in
1175 2455 1230 2482 quo
1243 2454 1303 2472 csse
1318 2446 1391 2472 locus
1407 2446 1470 2472 huic
1485 2446 1542 2471 voci
1558 2454 1609 2471 uou
1626 2445 1700 2471 vido-

900 2486 992 2515 batur,
1009 2485 1165 2520 popularem
1180 2492 1223 2510 mc
1239 2483 1359 2510 futurum
1374 2492 1434 2509 csse
1448 2482 1597 2513 consulem,
1615 2483 1699 2517 prima

900 2532 957 2549 mon
971 2522 1017 2549 illa
1031 2523 1149 2549 oratione
1164 2521 1292 2548 Kalendis
1307 2521 1437 2547 lanum-iis
1451 2520 1518 2547 (lixi.
1559 2521 1584 2546 7.
1608 2521 1701 2555 Neque

899 2561 971 2587 enim
987 2560 1043 2587 ullo
1057 2559 1135 2586 modo
1150 2559 1234 2585 facere
1250 2567 1369 2594 possum,
1387 2563 1424 2587 ut.
1441 2566 1527 2593 quum
1542 2566 1584 2584 me
1599 2557 1699 2584 iutelli-

899 2607 960 2632 ματη
976 2607 1027 2625 non
1043 2597 1183 2624 hominum
1199 2597 1347 2632 potentium
1362 2596 1460 2625 studio.
1478 2605 1528 2622 non
1543 2594 1700 2622 excellenti-

900 2636 951 2662 bus
970 2635 1064 2670 grutiis
1084 2642 1244 2670 paucorum,
1269 2633 1317 2660 sed
1337 2634 1456 2660 universi
1476 2632 1569 2668 populi
1588 2633 1698 2659 Romnui

900 2673 1000 2700 iudicio
1013 2672 1151 2699 consulem
1167 2673 1202 2698 ita
1217 2671 1331 2703 factum,
1347 2676 1376 2697 ut
1391 2670 1568 2697 nobilissimis
1583 2670 1699 2697 homini-

899 2711 951 2738 bus
966 2710 1043 2748 longe
1057 2718 1243 2746 praeponercr,
1260 2718 1311 2736 non
1326 2713 1351 2736 et
1365 2709 1393 2736 in
1408 2708 1456 2736 hoc
1468 2709 1624 2744 magistratu
1637 2712 1662 2734 ct
1673 2708 1698 2734 in
