1941 3052
208 137 253 163 m
778 138 819 163 2⁴.

205 207 316 234 Sthenio
330 207 395 234 sacta
409 213 492 237 onst-t.
509 217 552 234 cos
567 208 691 233 statuisse
701 228 706 237 ,
723 212 764 237 ut,
781 206 852 242 quod
867 207 935 236 dico.
952 216 999 241 po·

855 137 890 163 M.
923 137 954 163 T.
990 136 1263 163 CICERONIS

1026 209 1029 214 '
1051 207 1099 233 into
1114 208 1284 241 potii-nimum
1298 216 1331 234 ex
1344 209 1416 234 οηιιιί
1432 216 1543 235 numero
1556 208 1696 243 delegerit.
1716 210 1760 236 eui
1775 209 1842 237 tnnc

206 245 359 271 atulam-tur.
384 247 439 271 (Ol.
455 248 526 276 Quum
537 253 620 279 quum
635 246 667 270 ita
678 249 776 273 enitent,
793 249 999 270 tantam-amen-
1020 266 1021 272 ,

207 283 240 308 tin
256 283 391 317 praediun·
405 288 483 316 atqua·
498 282 605 307 audacia
622 281 708 310 luisti,
727 287 754 307 ut
769 282 794 307 in
810 291 837 307 re
852 286 903 306 tam
918 280 996 311 clara,

207 325 258 345 tam
283 324 386 350 tentata,
415 325 467 344 tam
490 319 537 344 ahs
561 324 584 344 ιι·
608 319 666 352 ipso
689 318 868 353 promulgata,
895 317 998 343 tabulas

207 356 328 391 publii-ax
351 365 518 390 eorrumpere
545 355 675 380 auderes?
713 356 744 381 At
769 354 997 390 quemadmodum

206 394 366 428 corrupisti?
393 402 477 419 norme
497 393 544 421 ita,
567 397 594 417 ut
611 392 738 417 omnibus
757 393 834 418 nobis
849 392 998 418 tat-entibus

207 431 280 464 ipsae
305 435 327 456 tt·
351 436 409 456 tuan„-
435 429 538 455 tabulae
561 429 737 455 condemnare
764 431 891 464 [iossent‘l
929 428 999 454 tlt-do

205 476 305 502 quaem
333 467 463 497 codicem,
480 466 634 496 circumfer,
650 466 769 492 ostende.
811 466 946 493 Videtisne
961 471 999 492 to—

207 510 261 530 tum
279 505 326 530 ho<-
341 513 448 533 nonu-n.
465 512 552 529 coram
569 504 613 529 uhi
629 503 689 529 fat-it
703 504 835 534 delatum,
851 512 910 529 esst·
925 504 950 529 in
968 503 999 529 li-

207 541 282 567 turn‘?
304 541 372 572 Quid
389 540 437 566 suit
454 541 512 566 istic
525 545 600 566 anton
614 540 762 575 scriptum‘?
783 540 855 576 quod
871 540 997 566 mendum

207 580 254 604 ista
271 579 346 604 litura
362 578 491 603 rorrexit‘?
504 577 594 612 quida
608 578 694 607 nobis,
712 578 822 609 iudices.
839 578 998 612 exspectatis

206 620 360 649 argumenta
380 615 461 641 buius
479 614 618 641 criminis?
643 615 714 641 Nihil
738 615 868 641 dicimus:
894 614 999 641 tabulae
1020 617 1029 653 *l

205 657 268 678 sunt
283 653 308 678 in
324 652 419 682 medio,
435 661 504 687 quae
519 661 548 678 se
561 657 699 687 corruptas
709 657 788 687 atque
800 652 928 679 interlitas
939 661 998 678 esse
1020 656 1028 682 ,ἶ

205 689 328 715 clamant.
372 691 427 715 ⁴033.
452 690 489 715 Ex
509 690 567 715 istis
586 690 664 716 etiam
685 694 712 716 tu
732 690 813 716 rebus
835 690 951 722 effugere
975 694 998 715 te

206 735 283 761 posse
297 727 418 757 consutis,
434 735 518 762 quum
535 732 558 753 te
573 735 620 753 nos
635 736 686 753 non
701 727 825 762 opinione
839 727 935 757 dubia,
950 726 997 752 sed

205 764 258 790 tuis
273 765 394 799 vestigiis
409 773 610 799 persequamur.
626 773 695 799 quac
710 769 737 791 tu
753 765 778 791 in
794 765 892 790 tabulis
908 763 998 799 publi-

204 802 243 827 cis
266 809 391 836 expressa
415 810 444 827 ac
468 802 581 828 recentia
605 801 756 836 reliquisti?
781 803 805 828 Is
829 802 894 828 mibi
918 801 996 827 etiam

204 838 343 864 Sthenium
365 838 463 865 litteras
483 839 604 873 publicas
623 840 789 874 corrupisse,
809 848 904 865 caussa
925 839 997 864 ineo—

203 876 290 911 gnita,
311 875 453 906 indit-avit,
473 877 520 911 qui
535 876 677 903 defendere
692 885 742 903 non
759 877 885 911 potuerit,
902 885 930 901 se
946 885 995 901 non

204 921 236 939 cx
252 913 337 947 ipsius
352 913 454 939 Sthenii
467 914 572 939 nomine
585 914 684 940 litteras
695 914 816 948 publicas
827 912 998 948 corrupisse?

204 950 295 976 XLIII.
320 952 376 976 ⁴06.
399 951 490 976 Videte
506 960 582 985 porro
595 951 673 977 aliam
693 951 869 977 dementiam:
899 950 994 980 videte,

205 992 245 1019 ut=
271 987 335 1013 dum
360 988 484 1022 expedire
508 997 568 1014 sese
591 988 660 1019 vult,
686 989 788 1014 induat.
829 988 995 1023 Cognitorem

203 1025 312 1051 ascribit
326 1024 445 1051 Sthenio.
464 1041 500 1045 —
518 1025 622 1057 Quem?
644 1030 785 1061 cognatum
800 1025 932 1060 aliquem¹
952 1029 997 1050 aut
1025 1047 1027 1058 ÷

203 1061 404 1097 propinquum?
418 1072 479 1088 non.
502 1063 702 1089 Thermitanum
715 1063 841 1098 aliquem.
855 1063 996 1088 honestum

204 1100 338 1126 hominem
358 1108 387 1125 ac
406 1099 541 1126 nobilem?
567 1109 598 1126 ne
613 1100 639 1126 id
654 1100 774 1135 quidem.

203 1137 229 1163 in
248 1145 302 1171 quo
319 1137 418 1171 aliquis
437 1137 563 1171 splendor
577 1137 746 1173 dignitasque
760 1136 849 1163 essct?
874 1137 995 1163 minime.

202 1174 272 1206 Quid
299 1174 398 1210 igitur‘?
427 1175 512 1200 civem
540 1175 698 1201 Romanum.
739 1174 788 1201 Cui
816 1175 864 1201 hoc
891 1173 995 1209 probari

203 1210 306 1245 potest?
323 1211 411 1243 Quum
427 1217 497 1238 esset
512 1212 638 1238 Sthenius
652 1212 767 1238 civitatis
782 1221 845 1238 suae
860 1211 997 1238 nobilissi-

203 1257 277 1279 mus,
310 1249 476 1283 amplissima
502 1250 670 1282 cognatione.
704 1249 829 1283 plurimis
855 1248 994 1280 amicitiis;

815 1101 847 1126 At
862 1099 994 1129 Siculum.
1018 1102 1019 1109 ¹

201 1293 286 1320 quum
310 1290 443 1320 practerea
467 1291 518 1312 tota
541 1286 630 1313 Sicilia
654 1287 769 1312 multum
793 1286 947 1312 auctoritate
971 1290 996 1311 et
1017 1296 1018 1318 ᾗ

201 1323 283 1359 gratia
298 1328 401 1358 posset:
419 1324 537 1350 invenire
553 1324 685 1350 neminem
701 1323 822 1350 Siculum
838 1323 932 1358 potuit,
947 1323 995 1357 qui
1016 1321 1018 1349 j

202 1368 249 1394 pro
261 1368 289 1386 se
299 1361 418 1396 cognitor
431 1360 520 1387 fieret‘?
531 1362 584 1387 lloc
595 1360 739 1395 probabis‘?
748 1369 780 1387 an
788 1361 845 1396 ipse
851 1361 936 1387 civem
945 1360 996 1386 lto-

201 1406 310 1423 manum
325 1397 438 1424 maluit?
450 1398 522 1429 cedo,
539 1399 582 1424 cui
593 1398 692 1429 Siculo,
708 1407 793 1433 quum
805 1399 827 1424 is
839 1407 900 1424 rous
911 1398 992 1427 lieret.

200 1435 267 1461 civis
279 1436 413 1461 Romanus
425 1436 544 1471 cognitor
558 1435 642 1462 factus
658 1444 785 1470 umquam
801 1436 845 1461 sit.
867 1434 994 1461 Omnium

201 1477 351 1506 praetorum
368 1472 476 1503 litteras,
492 1474 539 1508 qui
554 1478 613 1499 ante
628 1473 745 1504 suerunt,
763 1472 862 1508 profer,
879 1471 992 1506 explica.

199 1509 226 1535 Si
242 1518 326 1536 unum
340 1510 488 1542 invenci-iffi
517 1518 566 1546 ego
581 1511 629 1537 hoc
644 1511 705 1541 tibi,
725 1509 952 1545 quemadmodum
968 1509 994 1535 in
1016 1506 1017 1531 ἶ

1016 1555 1017 1559 ’
1047 1547 1118 1574 mine
1137 1552 1164 1573 tu
1183 1548 1308 1573 statueris
1326 1547 1481 1582 exemplum
1499 1547 1646 1578 eiusmodi,
1665 1546 1738 1582 quod
1755 1555 1840 1582 quum

201 1546 300 1573 tabulis
319 1547 449 1582 scriptum
469 1548 565 1578 habes,
586 1548 621 1574 ita
640 1552 747 1584 gestum
766 1556 825 1573 esse
839 1546 992 1573 concedam.

201 1585 259 1610 407.
281 1585 326 1615 At.
347 1585 437 1616 credo,
459 1585 587 1611 Sthenius
606 1585 655 1611 hoc
673 1585 725 1611 sibi
744 1584 864 1619 amplum
880 1584 992 1618 putavit,

200 1621 298 1657 eligere
312 1630 326 1648 e
339 1622 439 1648 civium
454 1622 632 1649 Romanorum
653 1630 776 1653 numero,
797 1631 830 1648 ex
847 1622 993 1647 amicorum

199 1664 278 1694 atque
293 1659 428 1694 hospitum
444 1669 553 1685 suornm
568 1660 655 1694 copia,
675 1668 756 1694 quem
771 1659 933 1695 cognitorem
947 1658 995 1684 da-

200 1701 248 1722 ret.
288 1695 374 1728 Quem
397 1696 513 1731 delegit‘?
538 1697 600 1731 quis
623 1697 651 1723 in
674 1696 772 1723 tabulis
794 1696 911 1730 scriptus
937 1695 995 1721 cst‘?

200 1733 229 1759 C.
245 1733 388 1765 Claudius,
409 1734 437 1760 C.
454 1735 483 1760 F.
500 1734 627 1760 Palatina.

200 1771 235 1796 sit
245 1771 382 1801 Claudius,
398 1779 479 1805 quam
490 1771 658 1806 splendidus.
671 1780 751 1806 quam
764 1771 900 1801 honestus,
912 1778 993 1804 quam

201 1807 326 1839 idoneus,
353 1813 459 1842 propter
481 1809 558 1834 cuius
581 1809 762 1835 auctoritatem
786 1813 810 1834 ct
836 1807 993 1842 dignitatem

201 1845 329 1871 Sthenius
343 1845 376 1871 ab
390 1846 510 1872 omnium
525 1845 677 1872 Siculorum
696 1845 889 1871 consuetudine
907 1845 995 1871 disce-

200 1882 285 1913 deret.
306 1887 331 1908 et
349 1882 434 1908 civem
449 1884 597 1909 Romanum
616 1883 778 1919 cognitorem
797 1882 880 1909 daret.

200 1919 296 1946 horum
313 1928 422 1954 quaero.
463 1921 585 1946 Fortasse
604 1921 674 1946 enim
689 1920 818 1947 Sthenius
837 1928 888 1946 non
903 1919 994 1954 splen-

200 1956 290 1983 dorem
306 1956 431 1988 hominis,
447 1958 494 1983 sed
510 1957 715 1984 familiaritatem
729 1962 838 1983 secutus
852 1961 901 1983 est.
923 1956 993 1989 Quid

668 1734 725 1760 Non
739 1742 851 1768 quaero,
874 1733 937 1767 quis
952 1733 994 1758 hic
1015 1748 1017 1766 3

1015 1770 1023 1798 f=
1046 1779 1096 1797 non
1116 1771 1278 1801 maximum,
1303 1771 1428 1797 maximis
1446 1779 1479 1796 ex
1497 1779 1609 1805 pecunia
1627 1779 1676 1796 sua
1691 1769 1754 1796 locis
1768 1778 1841 1796 com-

1015 1810 1017 1820 *
1047 1808 1175 1834 munibus
1189 1808 1426 1842 monumentisque
1439 1806 1591 1834 decoravit?
1603 1808 1681 1834 cuius
1694 1807 1727 1833 de
1738 1808 1840 1834 meritis

921 1882 993 1908 xant
1015 1902 1017 1918 Σ

200 1994 223 2020 si
237 1995 357 2020 omnium
372 1995 523 2021 mortalium
539 1995 649 2021 Sthenio
664 2003 741 2021 nemo
754 1994 896 2025 inimicior,
911 2003 992 2029 quam
1016 1996 1017 2018 ἶ

200 2031 243 2058 hic
253 2031 282 2059 C.
294 2031 424 2058 Claudius
438 2041 522 2067 quum
536 2041 651 2067 semper,
668 2037 724 2058 tum
740 2032 766 2058 in
781 2032 824 2058 his
835 2032 902 2066 ipsis
913 2032 993 2057 rebus
1016 2060 1017 2065 Ἰ

199 2073 225 2095 et
247 2069 412 2103 temporibus
436 2069 504 2096 suit‘?
530 2070 552 2096 si
576 2069 608 2095 de
634 2069 726 2095 litteris
749 2069 882 2103 corruptis
904 2074 992 2095 contra

200 2105 291 2132 venit‘?
304 2107 327 2132 si
341 2111 430 2133 contra
441 2107 513 2133 omni
526 2107 626 2133 ratione
637 2106 786 2142 pugnavit?
799 2107 892 2132 Utrum
905 2107 992 2141 potius

199 2151 247 2178 pro
261 2143 371 2170 Sthenio
384 2144 523 2170 inimicum
538 2144 700 2179 cognitorem
715 2152 774 2170 esse
788 2143 900 2174 sactum,
921 2153 954 2170 an
969 2149 993 2170 te

199 2181 226 2207 in
241 2180 342 2207 Sthenii
359 2181 476 2216 periculo
491 2181 591 2207 inimici
606 2182 664 2207 cius
680 2181 786 2207 nomine
800 2181 915 2207 abusum
933 2190 992 2207 esse

199 2218 357 2244 credemus?
394 2218 485 2245 XLIV.
510 2220 566 2245 ⁴08.
588 2218 638 2249 Ac,
663 2227 696 2244 ne
713 2219 775 2253 quis
795 2217 860 2245 forte
877 2218 991 2248 dubitet.

199 2255 350 2282 cuiusmodi
369 2259 453 2282 totum
471 2256 506 2282 sit
528 2256 679 2291 negotium:
707 2256 812 2282 tametsi
834 2256 992 2282 iamdudum

199 2293 325 2319 omuibus
335 2293 412 2319 istius
423 2293 618 2328 improbitatem
631 2293 799 2328 perspicuam
810 2302 869 2319 esse
879 2293 990 2323 confido,

200 2334 287 2356 tamen
302 2330 453 2365 paullulum
468 2331 546 2356 etiam
561 2330 697 2357 attendite.
719 2330 821 2356 videtis
835 2330 913 2356 illum
927 2330 990 2356 sub-

199 2367 287 2401 crispo
300 2367 409 2402 capillo,
426 2368 546 2403 nigrum,
562 2368 609 2403 qui
623 2376 653 2394 eo
667 2367 743 2394 vultu
757 2376 806 2394 nos
820 2368 947 2398 intuetur,
964 2371 993 2394 ut

200 2403 251 2430 sibi
266 2405 318 2439 ipsi
333 2409 475 2439 peracutus
489 2414 548 2431 esse
563 2404 702 2431 videatur?
723 2405 771 2440 qui
785 2404 889 2431 tabulas
905 2403 993 2431 tenet?

199 2442 246 2475 qui
265 2441 375 2468 scribit?
400 2443 448 2477 qui
466 2442 573 2469 monet‘?
598 2443 645 2477 qui
668 2443 808 2477 proximus
826 2441 884 2468 est‘?
908 2443 934 2468 Is
951 2447 992 2468 est

200 2478 229 2503 C.
241 2477 378 2510 Claudius,
393 2480 479 2514 quiin
489 2479 578 2506 Sicilia
593 2484 732 2515 sequester
744 2480 833 2510 istius,
849 2479 990 2514 interpres,

199 2514 332 2541 confector
350 2517 529 2552 negotiorum,
550 2525 632 2552 prope
649 2517 750 2552 collega
764 2516 927 2543 Timarchidi
941 2525 992 2543 nu-

201 2551 363 2578 merabatur:
384 2562 456 2579 nunc
469 2554 570 2580 obtinet
583 2563 645 2580 eum
660 2552 756 2584 locum,
772 2559 803 2580 ut
816 2554 862 2580 vix
875 2554 992 2588 Apronio

200 2588 239 2614 illi
253 2588 285 2614 de
300 2588 476 2616 familiaritate
490 2591 634 2617 concedere
648 2591 778 2622 videatur,
794 2595 821 2617 et
833 2591 881 2626 qui
895 2599 924 2616 se
939 2599 991 2617 non

200 2625 371 2656 Timarchidi,
388 2627 434 2653 sed
449 2628 535 2661 ipsius
545 2627 635 2655 Verris
644 2627 773 2663 collegam
783 2632 809 2654 et
818 2628 922 2654 socium
932 2636 991 2654 esse

200 2661 314 2689 dicebat.
354 2665 410 2690 109.
432 2664 554 2691 Dubitate
568 2666 658 2696 etiam,
673 2665 696 2692 si
710 2665 832 2699 potestis¹
848 2665 915 2699 quin
929 2673 990 2691 eum

1014 2213 1016 2236 i

1014 2268 1016 2291 Ι

1051 243 1109 270 salui
1124 244 1268 277 cognitori„
1279 245 1426 278 improbam
1437 253 1576 280 [mr-sonant
1589 246 1744 280 imponeret.
1760 255 1840 282 quem

1050 285 1074 306 ‹·t
1090 281 1151 307 huic
1167 282 1384 308 inimicionimum
1399 287 1424 308 et
1437 282 1489 308 nihi
1509 283 1704 309 amicissimum
1723 292 1783 310 ense
1800 292 1842 310 ar-

1051 318 1210 344 bitraretur?
1223 319 1269 344 llic
1285 318 1509 350 vmdubiunbiua.
1525 320 1637 350 iudices.
1654 325 1753 347 tantam
1765 321 1843 347 iatius

1051 354 1198 384 andaciam.
1216 360 1314 382 tantam
1326 356 1519 387 crudelitatem.
1536 361 1634 384 tantam
1646 358 1772 384 iniuriam
1785 359 1843 384 vin-

1050 392 1152 417 dicare!
1165 392 1327 419 Dubitabitis
1339 393 1492 428 exemplum
1504 394 1623 420 iudicum
1634 395 1741 421 illorum
1753 395 1841 430 sequi,

1050 430 1106 463 qni.
1123 429 1248 456 damnato
1261 430 1309 456 Cn.
1323 430 1464 461 Dolabella,
1480 430 1678 458 «lamnationem
1694 431 1843 458 Philodami

1050 467 1160 500 (Iptmtii
1175 467 1355 497 resciderunt.
1375 467 1448 502 qumi
1467 468 1489 494 in
1504 477 1555 495 non
1570 468 1667 495 absens
1681 478 1743 495 reus
1758 469 1844 495 tactus

1050 508 1133 533 essct,
1154 513 1223 538 qurw
1242 513 1283 530 res
1303 504 1474 539 iniquissima
1491 509 1519 531 et
1535 505 1706 532 acerbissima
1720 511 1773 536 eat.
1796 505 1842 533 sed

1049 550 1134 575 quum
1150 542 1172 567 ei
1189 541 1284 574 legatio
1294 542 1346 567 iam
1357 542 1466 568 Romam
1477 551 1490 567 a
1501 543 1560 568 suia
1569 542 1676 570 civibus
1685 548 1756 570 esset
1765 542 1845 570 data?

1050 578 1126 609 Quod
1142 578 1179 604 illi
1196 579 1298 604 iudices
1313 579 1398 605 multo
1412 580 1437 605 in
1454 579 1551 605 leviore
1569 588 1663 606 caussa
1681 585 1840 609 statuerunt.

1050 616 1209 650 aequitatem
1237 617 1336 643 secuti:
1365 625 1412 642 vos
1439 616 1466 643 id
1492 621 1608 644 statut-re
1634 617 1661 644 in
1683 618 1842 654 gravissima

1049 661 1153 682 caussa.
1172 654 1326 687 prat-sertim
1342 654 1454 680 aliorum
1469 655 1623 680 auctoritate
1637 655 1690 681 iam
1703 654 1843 681 confirma-

1051 695 1106 716 tum
1121 690 1299 716 dubitabitis?

1105 727 1184 753 XLV.
1210 729 1265 754 llo.
1288 728 1320 754 At
1333 736 1414 762 quem
1430 727 1579 758 hominem.
1595 728 1625 755 C.
1640 728 1744 759 Verres.
1761 733 1841 759 tanta.

1050 769 1101 790 tam
1121 765 1221 798 insigni
1242 766 1337 791 iniuria
1356 765 1486 791 affecisti?
1511 766 1589 792 cuius
1607 766 1728 792 absentis
1747 775 1842 792 nomen

1049 802 1192 836 rect-pisti?
1204 811 1284 837 quem
1299 803 1447 833 absentem,
1464 811 1515 829 non
1530 802 1609 829 modo
1622 803 1680 829 sine
1693 804 1807 830 crimine
1818 808 1844 829 et

1049 839 1107 865 sine
1127 843 1205 869 teste.
1231 848 1323 866 verum
1347 841 1427 866 etiam
1446 840 1504 866 sine
1523 845 1674 866 accusatore
1691 839 1845 866 damnasti?

1048 878 1133 907 Qut-m
1149 876 1304 903 hominem?
1316 876 1352 903 dii
1369 877 1545 903 immortates!
1562 886 1613 904 non
1628 877 1714 904 dicam
1726 878 1841 904 amicum

1049 918 1134 944 tuum.
1146 913 1218 948 quod
1229 914 1299 948 apud
1311 914 1433 940 homines
1442 915 1612 941 carissimum
1623 919 1676 941 est:
1690 924 1741 941 non
1753 915 1843 949 hospi-

1049 955 1110 980 tem.
1126 951 1198 985 quod
1213 952 1414 977 sanctissimum
1426 956 1478 978 est:
1495 951 1562 978 nihil
1573 952 1644 978 enim
1655 953 1746 978 minus
1758 952 1843 978 liben-

1025 986 1027 993 ’
1049 993 1087 1014 ter
1100 987 1134 1014 de
1147 988 1258 1015 Sthenio
1270 997 1462 1015 commemoro:
1491 988 1558 1014 nihil
1573 988 1646 1015 aliud
1662 990 1688 1015 in
1707 998 1750 1019 eo.
1770 988 1842 1024 quod

1049 1025 1207 1059 reprehendi
1223 1026 1316 1060 possit.
1334 1026 1454 1056 invenio,
1471 1026 1523 1052 nisi
1537 1025 1610 1060 quod
1625 1026 1704 1052 homo
1718 1025 1843 1062 frugalis-

1025 1082 1026 1085 .
1048 1063 1135 1088 simus
1149 1068 1228 1097 atque
1243 1063 1432 1098 integerrimus
1448 1068 1485 1094 te,
1507 1063 1642 1089 hominem
1661 1063 1771 1098 plenum
1785 1068 1843 1090 stu-

1049 1100 1102 1134 pri.
1124 1099 1231 1135 flagitii,
1252 1101 1374 1130 secteris.
1399 1100 1509 1126 domum
1528 1109 1604 1126 suam
1623 1100 1762 1132 invitavit;
1790 1100 1842 1127 nisi

1047 1137 1130 1172 quod.
1145 1138 1192 1172 qui
1208 1137 1236 1163 C.
1254 1138 1337 1168 Marii,
1354 1137 1402 1164 Cn.
1418 1137 1547 1172 Pompeii,
1563 1137 1593 1164 C.
1609 1137 1739 1168 Marcelli,
1756 1137 1785 1164 L.
1800 1137 1843 1164 Si-

1048 1183 1159 1205 sennae.
1185 1175 1223 1200 tui
1241 1174 1402 1205 defensoris,
1427 1180 1574 1201 ceterorum
1593 1175 1710 1201 virorum
1729 1174 1842 1201 tortissi-

1048 1220 1152 1238 morum
1168 1211 1266 1246 hospes
1282 1212 1378 1238 fuisset
1391 1216 1470 1247 atque
1480 1216 1565 1243 esset;
1581 1211 1614 1238 ad
1624 1221 1686 1238 eum
1699 1221 1841 1238 numerum

1047 1249 1256 1275 clarissimorum
1276 1249 1415 1275 hominum
1434 1254 1510 1276 tuum
1528 1257 1636 1284 quoque
1651 1258 1746 1275 nomen
1761 1249 1842 1275 ascri—

1048 1287 1110 1321 psit.
1153 1288 1209 1312 lll.
1232 1286 1318 1318 Quare
1336 1286 1369 1312 de
1389 1287 1504 1321 hospitio
1524 1285 1621 1313 violato
1638 1291 1663 1312 et
1680 1286 1713 1312 de
1733 1286 1783 1313 isto
1797 1291 1842 1312 tuo

1048 1323 1150 1350 nefario
1163 1323 1262 1350 scelere
1276 1323 1343 1350 nihil
1357 1332 1467 1358 queror:
1497 1323 1546 1350 hoc
1563 1323 1635 1353 dico.
1656 1332 1707 1350 non
1727 1323 1774 1353 iis,
1794 1324 1841 1358 qui

1017 1365 1018 1378 1
1047 1360 1188 1387 Sthenium
1204 1365 1313 1391 norunt,
1331 1361 1380 1387 hoe
1393 1365 1445 1391 est.
1461 1361 1562 1387 nemini
1577 1369 1682 1391 eorum.
1697 1360 1746 1396 qui
1760 1361 1786 1387 in
1801 1360 1842 1387 Si—

1047 1398 1106 1424 cilia
1121 1397 1243 1424 suerunt:
1265 1406 1343 1424 nemo
1356 1399 1427 1424 enim
1442 1399 1553 1433 ignorat.
1569 1406 1624 1433 quo
1637 1398 1680 1424 hic
1694 1398 1720 1424 in
1735 1398 1841 1424 civitate

1046 1444 1095 1461 sua
1109 1435 1264 1469 splendore,
1284 1443 1337 1470 qua
1351 1435 1422 1470 apud
1436 1444 1530 1461 omnes
1543 1435 1646 1462 Siculos
1660 1435 1790 1471 dignitate
1803 1440 1842 1461 at-

1045 1481 1098 1507 que
1112 1473 1310 1499 existimatione
1323 1473 1371 1499 sit:
1399 1472 1460 1503 sed,
1478 1477 1506 1498 ut
1520 1472 1559 1498 illi
1573 1481 1693 1507 quoque,
1709 1473 1756 1507 qui
1771 1472 1797 1499 in
1812 1480 1840 1498 ea

1046 1510 1182 1545 provincia
1197 1519 1249 1536 non
1264 1509 1381 1541 suerunt,
1397 1509 1546 1545 intelligere
1561 1510 1673 1544 possint.
1689 1510 1716 1536 in
1729 1518 1784 1545 quo
1793 1509 1841 1536 ho-

1047 1589 1153 1619 propter
1171 1585 1339 1619 iniquitatem
1359 1585 1410 1615 rei,
1431 1589 1488 1610 tum
1506 1583 1585 1610 etiam
1603 1588 1710 1619 propter
1724 1583 1840 1610 hominis

1046 1622 1216 1657 dignitatem,
1245 1621 1370 1647 acerbum
1393 1621 1520 1648 omnibus
1542 1626 1622 1656 atque
1645 1620 1839 1647 intolerandum

1047 1659 1191 1685 videretur.
1217 1658 1309 1685 XLVI.
1327 1660 1383 1684 ΗΞ.
1399 1659 1480 1684 Estne
1494 1658 1623 1685 Sthenius
1638 1658 1669 1689 is,
1685 1659 1732 1693 qui
1747 1666 1841 1685 omnes

1046 1696 1158 1722 honores
1179 1695 1252 1722 domi
1275 1704 1339 1722 suae
1361 1695 1487 1722 facillime
1509 1704 1595 1730 quum
1621 1695 1734 1730 adeptus
1759 1700 1839 1725 esset.

1045 1733 1211 1768 amplissime
1224 1741 1254 1759 ac
1265 1733 1529 1768 magnificentissime
1538 1731 1640 1768 gessit?
1652 1733 1700 1768 qui
1710 1733 1840 1768 oppidum

1046 1845 1072 1872 in
1083 1845 1277 1879 rempublicam
1288 1845 1520 1871 Thermitanorum
1530 1844 1688 1880 Siculosque
1700 1845 1840 1871 universos

1047 1882 1097 1909 [uit
1110 1891 1190 1908 aenea
1206 1882 1294 1908 tabula
1305 1882 1357 1908 (ixa
1367 1882 1490 1908 Thermis
1499 1883 1527 1908 in
1537 1882 1619 1913 curia,
1632 1882 1658 1908 in
1669 1890 1722 1916 qua
1733 1881 1840 1917 publice

1046 1925 1099 1946 erat
1118 1919 1151 1946 de
1170 1919 1251 1946 huius
1270 1919 1408 1946 beneficiis
1426 1920 1556 1954 scriptum
1575 1923 1601 1945 et
1619 1919 1747 1952 incisumg
1771 1927 1840 1954 quae

1046 1957 1135 1984 tabula
1155 1961 1211 1983 tum
1231 1957 1344 1991 imperio
1362 1961 1407 1983 tuo
1424 1956 1545 1988 revulsa,
1569 1965 1641 1983 nunc
1657 1965 1673 1982 a
1691 1964 1733 1982 me
1751 1960 1839 1982 tamen

1045 1995 1181 2029 deportata
1200 1998 1252 2025 est,
1275 1999 1304 2020 ut
1321 2002 1414 2020 omnes
1432 1994 1514 2020 huius
1529 1993 1642 2020 honores
1656 1994 1724 2020 iuter
1737 2001 1801 2020 suos
1814 1997 1841 2020 et

1045 2031 1251 2066 amplitudinem
1271 2036 1381 2065 possent
1396 2039 1563 2067 cognoscere.
1606 2032 1663 2057 tta.
1684 2030 1766 2057 Estne
1785 2030 1837 2061 hic,

1015 2070 1017 2076 '
1045 2070 1092 2104 qui
1106 2068 1178 2103 apud
1192 2069 1240 2095 Cn.
1256 2069 1426 2103 Pompeium,
1446 2068 1626 2095 clarissimum
1640 2068 1738 2099 virum,
1752 2076 1838 2103 quum

1045 2111 1185 2133 accusatus
1198 2110 1278 2137 esset.
1294 2105 1367 2141 quod
1380 2110 1488 2140 propter
1501 2105 1530 2132 C.
1543 2105 1618 2131 Marii
1633 2103 1837 2131 familiaritatem

1044 2148 1070 2170 et
1084 2143 1245 2178 hospitium,
1266 2148 1355 2169 contra
1374 2142 1567 2177 rempublicam
1580 2142 1698 2168 sensisse
1711 2150 1773 2168 eum
1786 2142 1839 2168 ini-

1044 2182 1107 2207 mici
1125 2185 1151 2207 et
1168 2184 1334 2207 accusatores
1352 2181 1411 2206 eius
1433 2180 1565 2211 dicerent,
1589 2187 1729 2214 quumque
1751 2179 1838 2215 magis

1043 2218 1178 2245 invidioso
1202 2218 1328 2248 crimine,
1355 2225 1438 2252 quam
1464 2225 1527 2244 vero
1548 2220 1738 2243 arcesseretur:
1766 2216 1802 2242 ita
1823 2225 1837 2242 a

1044 2256 1092 2283 Cn.
1104 2255 1230 2290 Pompeio
1243 2254 1384 2281 absolutus
1397 2259 1446 2286 est,
1463 2259 1492 2281 ut
1505 2255 1532 2280 in
1543 2262 1574 2280 eo
1583 2254 1642 2288 ipso
1651 2252 1750 2279 iudicio
1759 2253 1839 2280 Pom-

1044 2293 1121 2328 peius
1140 2292 1212 2318 hunc
1229 2292 1346 2327 hospitio
1360 2300 1411 2318 suo
1427 2291 1619 2327 dignissimum
1632 2289 1777 2316 statueret?
1801 2291 1837 2317 ita

1044 2339 1121 2365 porro
1139 2329 1263 2356 laudatus
1280 2328 1463 2364 defensusque
1480 2328 1514 2355 ab
1530 2327 1657 2354 omnibus
1675 2326 1788 2359 Siculis,
1807 2331 1838 2354 ut

1043 2367 1115 2394 idem
1130 2367 1274 2401 Pompeius
1292 2375 1345 2393 non
1363 2366 1397 2392 ab
1415 2366 1523 2392 homine
1540 2364 1642 2395 solum,
1662 2364 1711 2391 sed
1729 2365 1809 2391 etiam
1821 2373 1837 2391 a

1043 2405 1179 2439 provincia
1193 2408 1246 2430 tota
1258 2412 1288 2430 se
1301 2403 1384 2430 huius
1397 2402 1562 2429 absolutione
1580 2402 1648 2428 inire
1664 2402 1777 2437 gratiam
1794 2410 1837 2428 ar-

1042 2440 1203 2469 bitraretur?
1228 2445 1376 2476 postremo,
1395 2444 1470 2466 estne
1487 2439 1544 2470 hic.
1565 2439 1614 2474 qui
1631 2443 1658 2465 et
1673 2439 1795 2465 animum
1807 2439 1835 2466 in

1043 2478 1237 2514 rempublicam
1251 2478 1346 2504 habuit
1357 2476 1504 2508 eiusmodi,
1526 2481 1552 2502 et.
1566 2481 1669 2503 tautum
1682 2476 1836 2502 auctoritate

1042 2517 1115 2552 apud
1127 2524 1192 2542 suos
1204 2516 1278 2542 cives
1290 2515 1390 2550 potuit,
1411 2518 1440 2540 ut
1452 2513 1591 2548 perficeret
1603 2514 1631 2540 in
1645 2512 1736 2539 Sicilia
1749 2512 1833 2544 solus,

1042 2559 1068 2580 te
1086 2557 1218 2589 praetore,
1237 2551 1311 2587 quod
1328 2560 1381 2578 non
1399 2551 1477 2577 modo
1495 2550 1603 2577 Siculus
1620 2558 1712 2581 nemo,
1735 2549 1785 2576 sed
1802 2558 1834 2576 ne

1043 2591 1134 2618 Sicilia
1147 2589 1258 2625 quidem
1272 2593 1324 2616 tota
1338 2588 1482 2623 potuisset,
1502 2592 1532 2614 ut
1549 2596 1583 2614 ex
1599 2586 1698 2623 oppido
1711 2586 1834 2613 Thermis

1043 2628 1149 2655 nullum
1162 2627 1282 2663 signum,
1297 2625 1403 2652 nullum
1416 2629 1612 2656 ornamentum,
1627 2623 1695 2651 nihil
1705 2632 1739 2651 ex
1749 2632 1831 2655 sacro,

1043 2665 1109 2692 nihil
1123 2665 1157 2691 de
1170 2663 1279 2699 publico
1291 2663 1448 2698 attingeres3
1475 2670 1561 2698 quum
1578 2661 1734 2697 praesertim
1752 2665 1778 2688 et
1791 2669 1834 2687 es—
