1941 3052
236 131 299 156 ⁴092
798 128 854 154 ⁴30.
888 127 923 154 ht.

957 127 987 154 Τ.
1022 126 1298 155 CICERONIS

235 200 301 227 lium
318 197 1021 232 furniliaritatibus,etconsuetudins·propinquorum;
1052 198 1055 223 1
1077 203 1128 227 ter,
1147 203 1175 223 ut
1191 198 1285 225 vada-m
1302 207 1382 225 suum
1399 198 1535 230 liberaret,
1555 206 1659 235 praesto
1671 200 1766 227 fuisset
1776 200 1810 227 nd
1821 200 1870 227 ho-

236 238 343 264 hnbcrct
354 239 443 267 ctiam,
459 246 528 262 more
541 236 680 264 (irat-ciac,
697 235 827 269 quomlnm
843 235 1024 261 adolescenti-a

1077 244 1132 261 rnm
1145 237 1237 261 nmrtis
1248 236 1421 262 destinatam:
1438 237 1539 263 Vtinam
1550 246 1601 271 eqo,
1616 239 1712 273 inquit,
1726 241 1816 264 terti-u
1827 247 1870 264 ro-

234 285 322 300 arnor«¹
334 276 501 300 conium-tos:
515 272 639 298 credi-bat
649 281 676 297 sc
688 280 779 297 eorum
793 272 907 303 nemini3
921 272 967 297 sed
981 273 1022 302 iis,
1053 271 1055 309 j
1077 275 1114 297 bia
1124 275 1222 298 unu'cun
1233 275 1390 299 currem-rer!
1408 273 1493 305 Quam
1506 274 1568 300 huic
1578 280 1633 301 erat
1645 277 1783 305 miserum,
1795 283 1870 301 care-

234 321 302 346 quos
313 320 343 336 cx
359 311 467 336 [mutilis
481 310 641 343 locupletum
653 318 745 334 servoli
760 308 907 341 delegerat,
924 309 1025 343 quibus

235 358 329 375 nomen
342 348 478 373 servitutis
495 348 550 381 ips-u·
566 347 727 375 detraxerat,
741 350 766 371 ct
781 345 945 380 quibusdam
961 355 1025 372 con-

236 386 310 411 venis
325 390 349 410 et
365 384 426 410 seris
444 384 562 409 barbaris
578 384 696 417 corporis
709 382 859 408 custodiam
874 385 1025 409 committe-

235 423 287 448 bnt.
329 423 363 447 Ita
381 426 486 455 propter
503 421 628 446 iniustam
644 420 797 446 dominatus
811 420 984 454 cupiditati-m
999 422 1024 446 in

233 458 568 493 carceremquodnnunodo
581 458 637 491 ipse
649 467 676 483 se
685 457 838 483 incluserat.
855 458 925 489 Quin
933 458 1022 487 etiam,

234 505 265 522 ne
278 496 374 522 tonsori
387 495 484 520 rollum
497 495 685 525 committeret,
705 494 811 520 tondere
824 494 892 520 lilias
904 503 966 520 suas
977 495 1026 521 do—

232 534 296 559 cuit.
338 533 372 558 Ita
389 532 497 558 sordido
512 531 687 566 ancillarique
703 531 814 557 artificio
833 533 920 565 regiae
942 533 1026 567 virgi-

233 579 293 600 nes,
317 574 344 596 ut
361 570 544 599 tonstriculae,
568 569 711 595 tondebant
727 569 836 594 barbam
852 574 878 595 et
896 569 1024 604 capillum

232 607 324 642 patris,
356 607 387 632 Et
400 611 486 633 tamen
499 607 532 632 ab
545 606 586 632 bis
600 607 674 640 ipsis,
687 615 773 641 quum
786 607 837 632 iam
849 611 937 632 essent
948 606 1025 632 adul-

233 649 285 675 tae,
305 643 402 670 ferrum
419 645 531 670 removit
548 644 730 678 instituitque.
755 643 971 670 utcandentibus
984 644 1026 669 iu-

231 681 370 716 glandium
388 681 574 716 putaminibus
591 681 700 706 barbam
717 681 806 706 sibiet
817 680 946 715 capillum
958 680 1026 706 adu-

232 724 327 745 rerent.
368 720 410 745 59.
432 720 576 753 Quumque
590 718 657 743 duas
670 727 766 744 uxores
784 717 905 749 baberet,
924 718 1026 744 Aristo-

232 756 353 786 machen,
369 757 456 782 civem
468 765 554 785 suam,
568 755 690 781 Doridem
703 760 792 781 autem
805 756 972 787 Locrensem,
986 757 1025 782 sic

232 798 309 820 noctu
322 793 354 819 ad
367 802 411 829 eas
424 793 577 823 ventitabat,
595 797 623 819 ut
633 793 722 819 onmia
734 792 918 827 specularetur
928 797 954 819 et
964 802 1026 828 per-

231 835 393 857 scrutaretur
404 836 473 857 ante.
513 831 557 861 Et,
575 839 658 865 quum
675 829 771 856 fossam
785 830 863 856 latam
875 830 1025 856 cubiculari

232 867 298 894 lecto
312 868 534 894 circumdedisset
549 868 662 902 eiusque
679 867 763 894 fossae
780 868 921 894 transitum
937 869 1026 903 ponti-

231 905 292 931 culo
308 905 395 939 ligneo
411 906 607 936 coniunxisset,
630 914 692 931 eum
712 906 816 940 ipsum,
839 914 924 940 quum
942 905 1024 932 sorem

231 943 350 969 cubiculi
362 943 506 973 clauserat,
519 943 703 977 detorquebat.
744 942 887 977 Idemque,
900 951 984 978 quum
998 943 1024 969 in

230 980 421 1006 communibus
432 981 567 1015 suggestis
579 981 722 1006 consistere
734 988 786 1006 non
793 980 1026 1010 auderet,concio-

231 1019 288 1043 nari
307 1026 341 1044 ex
361 1019 426 1044 turri
443 1017 493 1044 alta
510 1017 621 1044 solebat.
661 1019 703 1044 00.
726 1018 812 1052 Atque
831 1018 854 1044 is
869 1026 954 1052 quum
971 1018 1024 1052 pila

232 1054 323 1081 ludere
340 1055 420 1081 vellet
431 1055 560 1089 (studiose
572 1056 643 1081 enim
656 1055 682 1081 id
696 1054 840 1090 factitabat)
852 1056 1024 1090 tunicamque

230 1097 347 1127 poneret.
365 1092 574 1123 adolescentulo,
588 1101 668 1127 quem
680 1092 798 1123 amabat,
813 1092 955 1119 tradidisse
967 1092 1026 1128 gla-

229 1129 305 1155 dium
327 1129 436 1156 dicitur.
477 1131 523 1156 llic
544 1139 628 1164 quum
644 1130 756 1165 quidam
777 1129 918 1156 familiaris
934 1131 1024 1156 iocans

229 1166 356 1193 dixisset:
380 1168 446 1193 Huic
458 1170 557 1201 quidem
569 1173 634 1193 certe
645 1171 723 1193 citum
735 1173 803 1194 tuam
821 1170 968 1197 committis,
983 1177 1026 1194 ar-

230 1204 387 1239 risissetque
399 1205 561 1235 adolescens,
571 1209 716 1239 utrumque
728 1205 807 1231 iussit
820 1205 946 1231 interfici:
959 1205 1026 1232 alte·-

230 1250 303 1272 rum,
319 1243 382 1276 quia
396 1243 465 1268 viam
477 1242 716 1268 demonstravisset
727 1242 899 1269 interimendi
911 1243 967 1275 sui;
986 1242 1026 1269 al-

228 1283 329 1309 terum,
343 1280 405 1314 quia
418 1279 518 1306 dictum
535 1279 560 1305 id
573 1280 628 1305 risu
642 1280 856 1314 approbavisset.
897 1280 983 1314 Atque
994 1289 1025 1307 eo

229 1315 297 1342 facto
308 1317 346 1342 sic
357 1316 451 1348 doluit,
466 1317 533 1343 nibil
547 1321 575 1343 ut
586 1316 676 1343 tulerit
686 1318 797 1352 gravius
810 1318 836 1343 in
849 1318 912 1343 vita.
938 1318 1024 1350 Quem

228 1354 300 1380 enim
312 1353 484 1380 vehementer
499 1359 612 1385 amarat,
628 1355 772 1381 occiderat.
813 1354 858 1381 Sic
868 1355 1025 1381 distrahun-

229 1396 271 1417 tur
296 1391 323 1417 in
349 1392 494 1418 contrarias
518 1397 605 1426 partes
636 1392 825 1426 impotentium
851 1393 1022 1427 cupiditates.

227 1428 317 1460 Quum
341 1428 404 1455 huic
427 1429 571 1455 obsecutus
594 1429 646 1459 sis,
674 1428 714 1455 illi
741 1435 781 1456 est
805 1430 1022 1465 repugnandum.

227 1466 396 1500 Quamquam
410 1466 453 1492 hic
463 1466 574 1501 quidem
586 1471 716 1502 tyrannus
728 1467 785 1501 ipse
796 1467 934 1498 indicavit,
943 1476 1023 1502 quam

227 1503 414 1530 essetbeatus.
454 1503 528 1530 XXI.
550 1505 591 1530 6⁴.
614 1504 680 1530 Nam
697 1512 782 1538 quum
797 1504 908 1539 quidam
921 1514 954 1531 ex
965 1505 1024 1531 cius

228 1541 438 1567 assentatoribus
456 1540 594 1568 Damocles
613 1546 834 1568 commemoraret
854 1543 881 1568 in
901 1550 1024 1568 sermone

228 1578 318 1612 copias
343 1579 415 1609 eius,
442 1587 521 1613 opes,
548 1579 713 1605 maiestatem
739 1579 906 1609 dominatus,
934 1588 1022 1605 rerum

228 1614 430 1646 abundantiam,
445 1615 671 1651 magnificentiam
684 1616 792 1642 aedium
804 1617 953 1651 regiarum,
977 1625 1024 1642 ne-
1053 1612 1054 1644 J

227 1657 354 1687 garetque
366 1661 495 1687 umquam
507 1653 651 1679 beatiorem
663 1662 829 1688 quemquam
836 1654 933 1680 fuisse:
953 1655 1025 1680 Visne
1053 1651 1054 1682 J

1053 1691 1054 1695 ’
1076 1696 1129 1721 tas,
1146 1690 1283 1725 quondam
1295 1699 1358 1716 vero
1371 1691 1451 1717 etiam
1463 1690 1617 1717 doctissima
1626 1711 1632 1721 ,
1647 1690 1691 1716 sui
1707 1690 1776 1716 civis
1787 1689 1870 1715 unius

228 1691 322 1722 wilm,
340 1689 441 1724 inquit,
458 1691 590 1720 Damocle,
606 1693 726 1724 qnoniam
737 1693 799 1717 haec
810 1696 832 1717 le
843 1694 896 1717 vita
907 1693 1022 1721 delectui,

228 1728 281 1758 ipsc
299 1729 409 1752 eumdem
429 1730 563 1761 dequstar‘e
587 1733 610 1754 et
630 1731 761 1761 fortunam
785 1731 901 1761 experiri
925 1727 1024 1754 meum?

228 1762 316 1795 Quum
333 1772 361 1789 se
378 1763 422 1790 ille
437 1773 534 1799 cupere
551 1764 678 1795 dixisset,
700 1764 824 1791 collocari
844 1765 922 1791 iussit
937 1765 1024 1791 homi·
1053 1793 1055 1801 ἲ

228 1808 290 1826 nem
303 1801 328 1826 in
342 1801 592 1832 aureolecto,strato
605 1802 785 1836 pulcherrime
797 1802 883 1828 textili
893 1802 1021 1837 stragulo,

228 1837 379 1872 magnificis
395 1839 523 1873 operibus
541 1839 626 1873 picto,
648 1839 798 1874 abacosque
813 1839 966 1874 complures
981 1848 1025 1865 or-

228 1875 302 1900 navit
313 1880 422 1910 argento
432 1884 550 1910 auroque
561 1875 671 1902 caelato.
709 1877 777 1902 Tum
789 1876 822 1902 ad
833 1885 954 1902 mensam
965 1877 1024 1902 exi-

229 1911 281 1937 mia
299 1911 380 1937 forma
397 1921 493 1946 pueros
509 1912 625 1939 delectos
642 1913 721 1939 iussit
741 1914 901 1943 consistere,
923 1922 1023 1948 eosque

229 1953 324 1974 nutum
350 1949 425 1975 illius
451 1950 586 1975 intuentes
604 1949 749 1985 diligenter
777 1950 939 1976 ministrare.
980 1952 1022 1977 62.

228 1985 345 2012 Aderant
363 1991 512 2021 unguenta,
535 1995 660 2013 coronae:
685 1987 898 2013 incendebantur
911 1987 1020 2014 odores:

228 2031 336 2049 mensae
350 2024 590 2058 conquisitissimis
601 2024 689 2058 epulis
701 2024 917 2051 exstruebantur.
960 2026 1023 2051 For-

228 2064 337 2086 tunatus
353 2060 405 2086 sibi
422 2060 558 2086 Damocles
575 2061 727 2087 videbatur.
767 2062 795 2087 In
813 2061 862 2088 hoc
874 2062 963 2088 medio
975 2071 1023 2097 ap-

227 2101 321 2131 paratu
343 2096 489 2132 fulgentem
512 2097 648 2133 gladium,
671 2107 684 2124 e
706 2097 824 2124 lacunari
846 2104 900 2125 seta
923 2100 1022 2134 equina

227 2139 319 2168 aptum
328 2155 334 2165 ,
351 2134 454 2161 demitti
468 2135 559 2166 iussit,
578 2139 607 2161 ut
619 2135 784 2170 impenderet
796 2135 870 2162 illius
883 2136 952 2163 beati
965 2145 1024 2163 cer-

227 2171 345 2197 vicibus.
370 2172 461 2206 Itaque
473 2180 521 2198 nec
533 2171 659 2206 pulchros
671 2172 731 2198 illos
743 2173 938 2200 ministratores
949 2175 1023 2208 aspi-

227 2208 314 2235 ciebat
325 2217 373 2234 nec
384 2209 494 2243 plenum
507 2210 570 2235 artis
581 2215 734 2245 argentum3
754 2218 802 2236 nec
813 2219 923 2237 manum
935 2212 1023 2246 porri-

226 2245 306 2281 gebat
318 2246 344 2272 in
362 2254 495 2278 mensam3
519 2247 571 2272 iam
584 2247 657 2281 ipsae
669 2246 821 2274 defluebant
830 2256 956 2274 coronae:
974 2248 1023 2275 de-

227 2283 309 2318 nique
321 2283 440 2309 exoravit
450 2288 607 2319 tyrannum,
626 2289 655 2310 ut
669 2285 743 2310 abire
758 2284 861 2316 liceret,
879 2285 951 2320 quod
968 2286 1021 2311 iam

226 2319 320 2346 heatus
332 2320 413 2346 nollet
424 2329 492 2347 esse.
527 2321 631 2347 Satisne
643 2321 750 2348 videtur
760 2322 910 2348 declarasse
922 2323 1022 2358 Diony-

226 2357 296 2388 sius,
315 2357 383 2383 nihil
399 2366 457 2384 esse
473 2359 496 2384 ei
513 2358 635 2389 beatum,
656 2360 701 2385 cui
717 2367 824 2394 semper
838 2359 923 2394 aliqui
939 2365 1021 2386 terror

227 2394 396 2428 impendeat?
416 2395 502 2430 Atque
514 2396 538 2421 ei
550 2404 582 2421 ne
593 2397 728 2431 integrum
739 2397 850 2431 quidem
862 2402 925 2427 erat,
944 2402 973 2424 ut
987 2397 1020 2423 ad

227 2431 355 2458 iustitiam
371 2433 540 2467 remigraret,
561 2432 669 2459 civibus
686 2432 835 2460 libertatem
851 2439 875 2460 et
890 2435 947 2460 iura
959 2434 1021 2460 red-

226 2467 313 2494 deret:
336 2469 369 2494 iis
385 2470 457 2495 enim
473 2478 501 2495 se
517 2469 672 2496 adolescens
690 2471 840 2505 improvida
856 2476 939 2498 aetate
954 2472 1021 2498 irre-

227 2505 302 2530 tierat
317 2506 422 2536 erratis,
439 2515 524 2541 eaque
540 2508 726 2538 commiserat,
743 2513 771 2534 ut
787 2507 879 2533 salvus
893 2517 952 2535 esse
967 2517 1019 2535 non
1042 2514 1043 2522 ¹

226 2546 328 2574 posset,
351 2543 374 2568 si
389 2551 470 2569 sanus
485 2552 544 2570 esse
563 2545 704 2579 coepisset.
745 2544 830 2571 XXII.
852 2547 893 2571 63.
916 2546 1019 2577 Quanto

226 2586 305 2611 opere
317 2587 378 2603 vero
391 2580 521 2607 amicitias
530 2581 702 2612 desideraret,
711 2582 1018 2616 quaruminlidelitatem

226 2615 428 2645 extimescebat,
446 2617 591 2644 declaravit
604 2618 632 2645 ’ω
645 2619 817 2654 Pythagoreis
828 2619 936 2646 duobus
948 2619 1016 2646 illis:

225 2659 339 2686 quorum
351 2660 435 2687 quum
449 2653 562 2681 alterum
576 2655 673 2682 vadem
689 2657 782 2683 mortis
797 2657 956 2691 accepisset,
979 2656 1019 2683 al-

1078 318 1104 334 re
1116 310 1310 336 consuetudine
1321 311 1467 336 amicorum
1476 331 1482 341 ,
1498 312 1622 338 societate
1634 313 1734 341 victus.
1748 320 1870 338 sermone

1054 358 1055 364 ι
1076 347 1186 372 omnino
1198 346 1338 373 familiari!
1357 347 1458 374 homini
1471 351 1627 382 praesertim
1637 349 1714 376 docto
1725 358 1739 375 ιι
1751 358 1834 384 puem
1844 353 1871 376 et

1054 468 1055 473 ¹
1078 466 1155 488 num,
1173 458 1241 484 nibil
1258 458 1290 484 ad
1307 468 1372 485 rem.

1052 1591 1054 1599 ι
1075 1579 1177 1610 aditus,
1201 1578 1234 1605 ad
1249 1578 1390 1605 adversam
1406 1579 1493 1605 basim
1505 1580 1678 1605 accessimus.

1077 383 1180 409 artibus
1193 384 1318 416 ingenuis
1329 385 1446 411 erudito!
1470 385 1632 412 Musicorum
1645 396 1707 413 vero
1718 386 1871 422 perstudio-

1077 429 1136 446 sum
1153 422 1321 455 accepimus.
1343 427 1446 456 poetam
1463 423 1541 448 etiam
1559 424 1702 458 tragicum:
1723 432 1805 459 quam
1822 424 1872 449 bo-

1413 459 1440 485 In
1458 459 1506 485 boc
1522 461 1594 486 enim
1608 469 1704 496 genere
1716 461 1806 487 nescio
1816 468 1871 496 quo

1078 500 1153 529 pacto
1168 496 1267 530 magis,
1285 504 1366 530 quam
1383 497 1408 522 in
1425 496 1499 526 aliis,
1516 506 1596 523 suum
1612 498 1711 532 cuique
1725 497 1870 533 pulchrum

1077 537 1129 564 est;
1151 532 1240 558 adbuc
1260 534 1394 559 neminem
1411 535 1524 568 cognovi
1541 539 1654 568 poetam,
1677 535 1716 568 (et
1736 535 1803 561 mibi
1820 534 1871 561 luit

1076 578 1137 595 eum
1150 569 1267 604 Aquinio
1280 571 1419 605 amieitia,)
1434 572 1481 606 qui
1493 571 1546 597 sibi
1563 580 1613 598 non
1631 573 1750 606 optimus
1765 572 1871 598 videre-

1078 612 1132 634 tur:
1155 608 1194 632 sic
1206 616 1234 633 se
1246 616 1287 634 res
1300 608 1392 634 babet:
1406 613 1430 634 te
1443 614 1499 638 tua,
1513 617 1554 634 me
1565 608 1696 635 delectant
1708 617 1775 635 mea.
1806 608 1869 640 Sed,

1078 643 1148 670 utad
1161 645 1318 680 Dionysium
1335 645 1489 676 redeamus,
1511 647 1584 672 omni
1599 646 1673 673 cultu
1689 651 1714 672 et
1730 647 1801 672 victu
1818 645 1871 672 hu-

1078 690 1155 707 mano
1165 682 1285 709 carebat:
1300 682 1408 709 vivebat
1418 691 1480 709 cum
1493 682 1624 718 fugitivis.
1633 692 1694 709 cum
1703 683 1868 713 facinorosis.

1076 727 1138 744 cum
1152 718 1285 746 barbaris:
1298 721 1446 750 neminem,
1469 720 1517 755 qui
1528 726 1573 747 aut
1585 720 1705 747 libertate
1716 720 1816 756 dignus
1827 728 1871 746 es-

1077 760 1116 782 set
1127 761 1173 783 aut
1185 757 1263 784 vellet
1273 758 1383 784 omnino
1395 757 1462 784 liber
1472 766 1531 784 esse
1539 778 1545 789 ,
1565 758 1618 784 sibi
1630 759 1746 784 amicum
1757 758 1870 784 arbitra-

1077 793 1164 820 batur.

1132 831 1229 858 XXIII.
1251 832 1292 858 65.
1315 832 1371 858 Non
1383 840 1432 867 ego
1444 833 1496 858 iam
1507 840 1568 858 cum
1582 832 1663 859 huius
1675 832 1738 862 vita,
1751 840 1803 867 qua
1815 837 1871 858 tae·

1077 868 1153 899 trius,
1162 869 1297 898 miserius,
1307 869 1493 896 detestabilius
1507 871 1657 906 excogitare
1669 869 1736 896 nihil
1748 877 1868 904 possum.

1078 905 1193 932 Platonis
1205 911 1249 932 aut
1261 906 1391 942 Archytae
1403 907 1483 933 vitam
1495 908 1663 942 comparabo.
1672 907 1809 933 doctorum
1822 906 1871 933 ho-

1078 943 1181 969 minum
1192 948 1217 969 et
1229 943 1306 978 plane
1318 945 1495 978 sapientium:
1511 953 1544 971 ex
1555 945 1648 971 eadem
1660 944 1726 971 urbe
1739 944 1870 971 humilem

1078 979 1273 1007 homunculum
1285 990 1299 1006 a
1311 981 1421 1016 pulvere
1432 986 1458 1007 et
1469 982 1542 1008 radio
1553 982 1690 1011 excitabo,
1712 982 1760 1016 qui
1777 981 1871 1007 multis

1077 1019 1154 1044 annis
1176 1023 1235 1053 post
1254 1017 1317 1049 fuit,
1339 1018 1538 1045 Archimedem.
1578 1019 1663 1046 Cuius
1681 1028 1731 1055 ego
1745 1023 1872 1054 quaestor

1078 1056 1228 1091 ignoratum
1240 1055 1274 1082 ab
1285 1055 1475 1092 Syracusanis,
1493 1065 1578 1091 quum
1594 1065 1652 1082 esse
1667 1057 1778 1082 omnino
1789 1064 1871 1091 nega-

1078 1097 1148 1124 rent,
1166 1097 1272 1127 septum
1287 1093 1408 1128 undique
1424 1098 1450 1119 et
1461 1094 1587 1120 vestitum
1599 1094 1727 1128 vepribus
1738 1098 1764 1119 et
1774 1093 1872 1119 dume-

1077 1131 1125 1161 tis,
1149 1130 1275 1166 indagavi
1295 1130 1461 1165 sepulcrum.
1501 1131 1635 1157 Tenebam
1651 1131 1722 1157 enim
1738 1129 1869 1165 quosdam

1077 1167 1236 1198 senariolos,
1257 1176 1326 1203 quos
1347 1168 1374 1194 in
1394 1168 1452 1194 eius
1468 1173 1640 1194 monumento
1652 1176 1711 1194 esse
1727 1168 1871 1202 inscriptos

1077 1213 1246 1240 acceperam:
1276 1205 1324 1240 qui
1351 1205 1535 1236 declarabant,
1567 1206 1594 1232 in
1619 1214 1726 1232 summo
1746 1204 1871 1240 sepulcro

1077 1243 1219 1278 sphaeram
1235 1250 1294 1268 esse
1310 1243 1424 1277 positam
1440 1251 1502 1269 cum
1518 1242 1650 1278 cylindro.
1690 1244 1732 1269 65.
1754 1242 1811 1278 Ego
1821 1250 1871 1268 au-

1078 1285 1143 1311 tem,
1165 1288 1251 1315 quum
1266 1280 1356 1306 omnia
1370 1279 1554 1306 collustrarem
1569 1280 1668 1311 oculis,
1685 1280 1734 1315 (est
1749 1280 1822 1306 enim
1836 1279 1870 1305 ad

1077 1322 1165 1352 portas
1186 1317 1352 1343 Achradinas
1376 1326 1471 1353 magua
1493 1317 1642 1353 frequentia
1663 1316 1872 1352 sepulcrorum.)

1076 1354 1255 1381 animadverti
1274 1354 1445 1381 columellam
1466 1364 1517 1381 non
1537 1354 1652 1381 multum
1668 1363 1682 1381 e
1697 1354 1788 1380 dumis
1802 1355 1871 1380 emi-

1077 1397 1198 1419 nentem:
1224 1392 1251 1419 in
1271 1401 1324 1427 qua
1346 1394 1430 1419 inerat
1450 1392 1578 1427 sphaerae
1598 1392 1681 1428 ligura
1699 1397 1725 1418 et
1742 1391 1869 1427 cylindri.

1077 1430 1163 1464 Atque
1179 1438 1228 1466 ego
1243 1430 1332 1456 statim
1344 1430 1521 1466 Syracusanis
1536 1430 1619 1465 (erant
1633 1434 1722 1456 autem
1733 1429 1871 1464 principes

1077 1467 1193 1502 mecum)
1213 1466 1280 1497 dixi,
1303 1475 1346 1493 me
1366 1467 1434 1494 illud
1454 1468 1543 1502 ipsum
1564 1467 1687 1493 arbitrari
1702 1475 1775 1497 esse,
1797 1465 1869 1501 quod

1076 1512 1242 1539 quaererem.
1282 1505 1401 1531 Immissi
1415 1513 1477 1531 cum
1494 1504 1609 1531 falcibus
1624 1503 1702 1530 multi
1721 1507 1872 1539 purgarunt

1076 1546 1101 1568 et
1112 1546 1274 1576 aperuerunt
1285 1541 1384 1568 locum.
1415 1543 1456 1568 66.
1473 1542 1531 1574 Quo
1543 1550 1628 1576 quum
1641 1541 1788 1576 patefactus
1799 1544 1872 1566 esset

1718 1577 1872 1613 Apparebat

1076 1617 1255 1652 epigramma,
1272 1617 1362 1642 exesis
1377 1616 1571 1651 posterioribus
1584 1616 1707 1651 partibus
1722 1613 1871 1641 versiculo-

1076 1662 1149 1684 rum,
1165 1652 1316 1679 dimidiatis
1328 1653 1391 1680 l'ere.
1432 1654 1468 1680 Ita
1480 1653 1649 1679 nobilissima
1663 1653 1791 1679 Graeciae
1801 1652 1872 1678 civi·

1076 1728 1226 1754 acutissimi
1243 1733 1447 1754 monumentum
1463 1728 1624 1763 ignorasset,
1643 1727 1696 1753 nisi
1712 1726 1745 1753 ab
1761 1726 1871 1752 bomine

1075 1765 1202 1799 Arpinate
1209 1764 1359 1791 didicisset.
1367 1764 1462 1791 —Sed
1469 1764 1567 1793 redeat,
1577 1764 1648 1791 unde
1654 1764 1797 1794 aberravit,
1810 1772 1871 1790 ora-

1077 1803 1122 1828 tio.
1162 1801 1229 1834 Quis
1245 1806 1285 1828 est
1299 1803 1435 1832 omnium,
1452 1803 1500 1837 qui
1515 1802 1593 1828 modo
1603 1810 1665 1827 cum
1676 1801 1774 1831 Musis,
1790 1800 1818 1827 id
1830 1805 1871 1827 est

1075 1847 1137 1865 cum
1149 1838 1315 1865 humanitate
1322 1844 1414 1865 etcum
1425 1838 1554 1869 doctrina,
1569 1839 1664 1865 habeat
1675 1837 1785 1873 aliquod
1795 1846 1871 1864 com-

1076 1877 1308 1911 mercium,quise
1319 1885 1371 1902 non
1383 1876 1454 1902 hunc
1466 1876 1683 1902 mathematicum
1696 1875 1779 1905 malit,
1787 1883 1870 1910 quam

1076 1913 1153 1939 illum
1165 1913 1327 1949 tyrannum?
1345 1914 1373 1939 Si
1388 1914 1457 1940 vitae
1467 1913 1577 1940 modum
1588 1914 1775 1948 actionemque
1785 1920 1870 1947 quae·-

1075 1951 1176 1977 rimus:
1195 1950 1305 1976 alterius
1321 1959 1396 1976 mens
1413 1951 1562 1977 rationibus
1577 1950 1711 1986 agitandis
1723 1951 1870 1984 exquiren-

1074 1987 1172 2022 disque
1186 1987 1320 2019 alebatur,
1337 1997 1400 2014 cum
1415 1988 1591 2015 oblectatione
1607 1987 1753 2019 sollertiae3
1769 1987 1818 2022 qui
1829 1991 1870 2013 est

1075 2034 1146 2051 unus
1158 2025 1339 2051 suavissimus
1350 2030 1444 2060 pastus
1454 2026 1619 2052 animorum:
1633 2024 1742 2051 alterius
1753 2025 1780 2051 in
1787 2023 1870 2050 caede

1075 2067 1099 2088 et
1115 2062 1238 2093 iniuriis,
1260 2070 1322 2088 cum
1338 2067 1364 2089 et
1378 2062 1476 2089 diurno
1490 2067 1515 2089 et
1531 2067 1659 2089 nocturno
1677 2067 1761 2088 metu.
1800 2061 1866 2097 Age,

1074 2099 1164 2125 confer
1175 2099 1364 2130 Democritum,
1378 2100 1564 2135 Pythagoram,
1578 2100 1773 2135 Anaxagoram.
1794 2097 1869 2130 Quae

1074 2145 1155 2172 regna
1163 2157 1169 2167 ,
1182 2145 1251 2170 quas
1261 2145 1325 2171 opes
1337 2137 1435 2163 studiis
1446 2145 1538 2163 eorum
1549 2141 1575 2163 et
1585 2135 1809 2163 delectationibus
1819 2143 1869 2162 an-

1074 2174 1202 2208 tepones?
1221 2174 1262 2200 67.
1279 2174 1384 2200 Etenim
1394 2183 1463 2209 quae
1475 2182 1537 2209 pars
1547 2174 1647 2208 optima
1658 2178 1698 2200 est
1709 2174 1736 2199 in
1747 2173 1866 2203 homine,

1074 2211 1100 2237 in
1111 2219 1141 2237 ea
1152 2212 1234 2236 situm
1246 2219 1305 2237 esse
1316 2220 1425 2238 necesse
1436 2216 1476 2238 est
1487 2211 1568 2241 illud,
1583 2210 1656 2245 quod
1667 2210 1784 2245 quaeris,
1796 2209 1868 2244 opti-

1074 2257 1159 2274 mum.
1181 2247 1251 2280 Quid
1264 2253 1304 2274 est
1315 2254 1404 2275 autem
1415 2249 1442 2275 in
1454 2249 1563 2275 homine
1573 2248 1663 2283 sagaci
1674 2247 1779 2274 acbona
1790 2255 1868 2273 men-

1051 2293 1052 2296 ’
1073 2290 1098 2312 te
1112 2284 1228 2311 melius‘?
1241 2285 1307 2311 Eius
1319 2285 1388 2312 bono
1399 2285 1542 2312 fruendum
1552 2290 1593 2311 est
1603 2286 1694 2320 igitur,
1706 2285 1731 2310 si
1741 2283 1813 2310 beati
1823 2291 1868 2309 es-

1072 2331 1101 2349 se
1112 2322 1249 2349 volumus.
1288 2323 1391 2349 Bonum
1403 2328 1490 2349 autem
1503 2322 1600 2348 mentis
1610 2326 1651 2348 est
1661 2322 1757 2347 virtus.
1796 2321 1868 2356 Ergo

1073 2360 1122 2386 hac
1135 2360 1239 2386 beatam
1252 2360 1335 2386 vitam
1346 2361 1476 2386 contineri
1487 2367 1596 2386 necesse
1606 2363 1656 2385 est.
1686 2359 1753 2384 Hinc
1763 2358 1864 2388 omnia,

1071 2406 1141 2432 quae
1152 2396 1274 2432 pulchra,
1288 2397 1412 2428 honesta,
1425 2397 1560 2432 praeclara
1571 2400 1646 2425 sunt,
1660 2400 1781 2430 utsupra
1791 2395 1864 2421 dixi:

1071 2434 1120 2461 sed
1131 2434 1276 2461 dicendum
1287 2434 1359 2460 idem
1371 2434 1439 2460 illud
1449 2433 1540 2469 paullo
1550 2432 1662 2459 uberius
1673 2432 1794 2458 videtur:
1807 2431 1867 2466 ple-

1072 2480 1105 2498 na
1120 2472 1282 2507 gaudiorum
1297 2476 1369 2498 sunt.
1408 2472 1451 2498 Ex
1464 2470 1601 2506 perpetuis
1616 2474 1705 2495 autem
1722 2469 1866 2504 plenisque

1070 2509 1179 2545 gaudiis
1189 2517 1275 2544 quum
1286 2509 1461 2544 perspicuum
1472 2509 1507 2534 sit
1520 2507 1603 2533 vitam
1613 2506 1718 2533 beatam
1724 2507 1862 2537 exsistere,

1071 2547 1202 2581 sequitur,
1216 2551 1245 2572 ut
1255 2555 1285 2572 ea
1296 2546 1408 2572 exsistat
1418 2553 1451 2572 ex
1463 2545 1608 2571 honestate.

1126 2583 1224 2610 xxiv.
1246 2585 1287 2609 68.
1309 2583 1374 2613 Sed,
1393 2590 1426 2608 ne
1441 2581 1532 2607 verbis
1546 2580 1634 2606 solum
1648 2581 1811 2616 attingamus
1821 2588 1862 2610 ea,

1070 2628 1139 2655 quae
1154 2620 1280 2646 volumus
1290 2619 1443 2650 ostendere,
1456 2617 1627 2653 proponenda
1642 2618 1775 2652 quaedam
1785 2617 1864 2652 quasi

1047 2664 1050 2683 l
1070 2658 1205 2684 moventia
1215 2662 1278 2684 sunt
1286 2677 1292 2689 ‚
1309 2665 1378 2692 quae
1390 2664 1438 2683 nos
1449 2656 1536 2691 magis
1547 2655 1581 2682 ad
1591 2655 1772 2691 coguitionem
1784 2653 1864 2681 intel-
