1941 3052
342 140 672 168 EPISTOLARUM
703 141 756 167 AD
786 140 989 167 ATTICUM
1022 141 1102 166 LIB.
1134 140 1200 166 XII.
1232 140 1291 166 ΕΡ.
1318 141 1463 166 155—-23,

83 218 136 240 tam
147 216 293 246 occupatus
304 212 355 243 sis,
369 221 422 238 non
433 212 549 238 multum
563 221 658 247 operae
670 211 753 238 velim
765 220 873 246 ponere.

83 252 120 277 De
139 250 254 276 Antonio
274 258 383 283 quoque
403 249 502 275 Balbus
526 249 558 275 ad
575 258 617 275 me
633 258 694 275 cum
709 249 797 284 Oppio
812 257 876 275 con-

83 287 200 321 scripsit,
224 285 306 321 idque
322 286 372 312 tibi
388 286 537 321 placuisse,
555 295 588 313 ne
600 286 779 321 perturbarer.
819 285 876 312 Illis

83 325 127 360 egi
137 324 246 359 gratias.
281 324 317 349 Te
328 328 426 355 tamen,
440 328 470 350 ut
480 325 533 350 iam
545 329 605 350 ante
617 324 650 350 ad
664 329 689 350 te
701 324 809 358 scripsi,
823 324 877 349 sci—

84 370 112 388 re
134 361 206 391 volo,
225 369 267 387 me
282 369 370 395 neque
383 361 433 387 isto
444 362 538 388 nuntio
548 370 606 387 esse
618 361 814 395 perturbatum,
828 369 877 386 nec

84 399 137 425 iam
146 398 200 425 ullo
207 398 392 432 perturbatum
399 399 442 424 iri.
466 400 490 424 3.
498 399 582 425 Pansa
589 398 707 429 sihodie,
716 403 745 425 ut
752 398 874 433 putabaS,

85 435 220 471 profectus
231 440 279 466 est,
293 436 404 470 posthac
416 436 469 461 iam
481 436 592 470 incipito
605 436 722 462 scrihere
734 435 767 461 ad
779 444 830 465 me,
844 435 877 461 de

83 474 158 500 Bruti
179 472 296 499 adventu
312 473 378 507 quid
396 478 548 508 exspectes,
570 473 597 499 id
608 477 660 504 est,
681 481 749 507 quos
760 472 793 499 ad
808 473 876 498 dies.

84 510 123 541 ld,
146 511 170 536 si
190 511 260 536 scies
281 510 330 536 ubi
346 510 399 536 iam
411 511 454 541 sit,
469 510 546 536 facile
558 511 710 536 coniectura
722 518 876 545 assequere.

85 550 109 574 4.
125 547 203 580 Quod
219 547 250 574 ad
268 547 393 573 Tironem
411 547 444 573 de
460 548 582 574 Terentia
594 548 705 578 scribis,
721 547 832 573 obsecro
844 552 876 577 te,

86 586 122 611 mi
134 585 228 616 Attice,
242 585 350 618 suscipe
363 589 446 611 totum
458 586 606 620 negotium.
627 584 709 611 Vides
720 589 745 610 et
758 584 879 610 officium
900 589 901 595 ¹

85 623 129 658 agi
146 631 237 648 meum
252 621 403 657 quoddam,
421 623 505 648 cuitu
517 630 545 648 es
557 623 694 652 conscius,
709 626 746 652 et,
768 626 798 648 ut
813 630 880 647 non-

86 659 155 686 nulli
178 664 286 694 putant,
304 659 441 686 Ciceronis
458 668 524 686 rem.
564 660 605 685 Me
621 659 733 694 quidem
751 658 779 684 id
795 658 880 685 multo

85 697 172 733 magis
189 701 290 727 movet,
307 696 379 731 quod
391 697 459 722 mihi
471 701 511 723 est
522 701 547 723 et
557 698 677 723 sanctius
688 700 714 722 et
725 697 877 731 antiquius,

85 735 243 769 praesertim
254 742 339 769 quum
350 734 400 760 hoc
411 734 524 760 alterurn
536 742 623 769 neque
634 735 779 764 sincerum,
793 741 880 768 neque

87 772 195 798 firmum
207 776 298 806 putem
310 770 374 797 fore.

138 842 193 862 XX.
217 843 313 864 (Anum-ae,
323 842 400 859 Caesare
411 842 443 860 lv.
455 842 498 860 Cos.
508 848 523 860 ³.
535 843 579 859 coll.
590 843 645 862 709.)

268 883 436 911 CICERO
468 883 636 911 ATTICO
665 883 693 910 S.

143 925 166 948 4.
187 917 320 948 Nondum
331 921 432 948 videris
443 923 604 956 perspicere,
618 930 700 956 quarn
712 929 754 948 me
766 929 814 948 nec
825 922 881 947 An-

85 961 174 987 tonius
186 960 369 989 commoverit,
383 958 881 994 necquidquamiameiusmodipossit

85 1005 264 1024 commovere.
305 997 341 1023 De
359 997 482 1023 Terentia
498 1001 587 1023 autem
599 997 697 1031 scripsi
709 996 742 1022 ad
754 1001 778 1023 te
791 997 824 1023 iis
837 996 881 1023 lit-

86 1035 160 1066 teris,
174 1043 241 1070 quas
252 1034 378 1060 dederam
390 1034 489 1069 pridie.
515 1034 592 1066 Quod
604 1043 646 1060 me
658 1034 782 1065 hortaris,
796 1034 880 1069 idque

85 1081 100 1099 a
120 1073 216 1099 ceteris
237 1071 385 1098 desiderari
400 1071 510 1103 scribis,
530 1076 559 1098 ut
570 1071 756 1102 dissimulem,
772 1080 815 1098 me
827 1076 880 1098 tam

85 1110 204 1146 graviter
219 1109 322 1135 dolere:
345 1118 491 1144 possumne
506 1110 602 1145 magis,
616 1110 664 1144 qui
676 1113 742 1135 totos
750 1108 808 1135 dies
815 1118 882 1136 con—

86 1156 164 1174 sumo
176 1148 203 1173 in
218 1146 331 1173 litteris‘?
362 1146 439 1179 Quod
450 1147 499 1173 etsi
512 1155 563 1173 non
574 1146 815 1177 dissimulationis,
832 1146 881 1173 sed

85 1185 175 1220 potius
188 1184 306 1210 leniendi
316 1188 341 1210 et
355 1183 468 1210 sanandi
479 1185 563 1210 animi
573 1192 668 1210 caussa
680 1183 761 1210 facio:
780 1189 878 1215 tamen,

86 1223 110 1248 si
126 1222 195 1248 mihi
211 1222 301 1248 minus
318 1221 442 1256 proficio,
460 1221 627 1248 simulationi
642 1226 712 1248 certe
725 1221 793 1248 facio
803 1222 878 1248 satis.

85 1261 111 1287 2.
128 1260 218 1286 Minus
234 1258 317 1285 multa
329 1258 361 1285 ad
373 1264 398 1285 te
411 1260 522 1294 scripsi,
536 1259 608 1294 quod
620 1259 809 1294 exspectabam
821 1264 880 1286 tuas

86 1297 188 1323 litteras
209 1296 242 1323 ad
257 1305 315 1327 eaS,
333 1305 400 1331 quas
416 1296 449 1323 ad
464 1301 489 1323 te
500 1297 587 1331 pridie
599 1296 736 1323 dederam.
775 1297 882 1332 Exspe-

86 1334 192 1361 ctabam
212 1338 301 1360 autem
321 1334 439 1360 maxime
459 1334 492 1360 de
513 1333 587 1365 fano,
611 1334 734 1361 nonnihil
750 1335 831 1360 etiam
847 1334 881 1361 de

86 1372 220 1398 Terentia.
260 1371 347 1398 Velim
368 1379 410 1397 me
431 1370 512 1398 facias
532 1372 673 1398 certiorem
688 1372 821 1406 proximis
838 1371 883 1398 lit-

86 1409 160 1441 teris,
172 1406 471 1443 Cn.Caepi0‚Serviliae
481 1408 587 1435 Claudii
599 1413 682 1444 pater,
696 1409 794 1435 vivone
807 1414 882 1444 patre

85 1455 135 1473 suo
147 1446 287 1482 naufragio
298 1446 414 1481 perierit,
423 1455 455 1473 an
468 1451 584 1479 mortuo:
599 1447 662 1473 item
672 1446 772 1473 Rutilia
784 1447 882 1473 vivone

85 1484 115 1511 C.
128 1484 215 1515 Cotta,
229 1483 284 1510 filio
295 1492 357 1515 suo,
371 1488 474 1510 mortua
485 1484 533 1515 sit,
547 1493 580 1510 an
592 1488 706 1510 mortuo.
747 1484 883 1511 Pertinent

86 1521 119 1547 ad
131 1530 193 1548 eum
206 1521 316 1552 librum,
330 1529 411 1556 quem
423 1523 453 1547 de
463 1523 534 1548 luctu
544 1524 679 1548 minuendo
690 1522 861 1557 scripsimus.

140 1590 205 1611 ΧΧΙ.
234 1592 332 1616 (Asturae,
343 1593 421 1610 (liu-me
432 1593 465 1610 lv.
477 1599 514 1610 un.
525 1599 540 1610 s.
551 1594 594 1610 mil.
606 1594 662 1615 709.)

271 1635 439 1663 CICERO
468 1635 636 1663 ATTICO
665 1635 692 1663 S.

143 1675 167 1699 4.
182 1668 253 1708 Legi
265 1673 338 1699 Bruti
350 1672 500 1708 epistolam,
514 1682 628 1709 eamque
638 1673 688 1700 tibi
700 1674 801 1704 remisi,
818 1681 882 1700 sane

87 1719 137 1737 non
159 1710 305 1745 prudenter
324 1711 480 1745 rescriptam
501 1710 535 1737 ad
555 1719 599 1742 ea,
621 1719 691 1746 quae
707 1711 880 1746 requisieras.

85 1747 139 1774 Sed
156 1748 213 1782 ipse
230 1747 341 1774 viderit:
364 1756 529 1783 quamquam
546 1748 614 1775 illud
636 1749 749 1784 turpiter
766 1749 880 1785 ignorat.

85 1785 211 1812 Catonem
218 1785 337 1820 primum
344 1786 503 1812 sententiam
515 1790 590 1820 putat
600 1786 633 1812 de
647 1785 882 1813 animadversione

85 1822 202 1849 dixisse:
227 1831 309 1858 quam
329 1831 423 1849 omnes
442 1828 502 1850 ante
522 1823 646 1850 dixerant
666 1828 770 1858 praeter
785 1824 883 1851 Caesa-

85 1868 156 1886 rem:
173 1864 199 1886 et
213 1868 298 1894 quum
314 1860 402 1895 ipsius
413 1861 534 1887 Caesaris
546 1865 598 1887 tam
614 1869 706 1887 severa
724 1860 815 1892 fuerit,
834 1862 882 1896 qui

85 1901 143 1924 tum
155 1897 286 1932 praetorio
298 1897 354 1924 loco
365 1897 472 1929 dixerit,
486 1898 669 1925 consularium
680 1902 756 1933 putat
768 1898 882 1925 leniores

87 1933 185 1965 fuisse,
199 1934 300 1965 Catuli,
314 1934 437 1966 Servilii,
452 1935 639 1966 Lucullorum,
661 1935 799 1967 Curionis,
817 1936 882 1962 Tor-

85 1972 170 2007 quati,
185 1971 289 2005 Lepidi,
303 1971 394 2003 Gellii,
409 1972 530 2002 Volcatii.
545 1973 643 2008 Figuli,
657 1973 760 2004 Cottae,
774 1973 803 1999 L.
816 1973 883 1999 Cae-

85 2009 164 2039 saris,
180 2008 210 2035 C.
223 2009 341 2039 l'isonis‚
355 2009 435 2035 etiam
447 2009 489 2035 Μ’.
502 2009 669 2041 Glabrionis,
682 2009 780 2041 Silani,
793 2011 883 2037 Mure·-

87 2055 149 2077 nae,
172 2045 373 2081 designatorum
389 2046 541 2072 consulum.
582 2047 635 2073 Cur
650 2055 713 2082 ergo
732 2048 758 2073 in
774 2052 883 2074 senten-

87 2085 151 2111 tiam
163 2082 288 2110 Catonis‘?
302 2083 371 2115 Quia
383 2083 473 2109 verbis
486 2083 710 2110 luculentioribus
720 2089 746 2111 et
757 2084 882 2119 pluribus

87 2129 142 2148 rem
155 2120 276 2147 eamdem
288 2120 536 2155 comprehenderat.
572 2121 614 2147 Me
625 2126 713 2148 autem
726 2121 769 2148 hic
782 2121 880 2152 laudat,

85 2158 159 2194 quod
171 2157 317 2189 retulerim,
331 2166 383 2184 non
395 2157 467 2193 quod
478 2157 658 2192 patefecerim,
675 2158 747 2194 quod
761 2159 883 2186 cohorta-

86 2201 130 2223 tus
141 2196 207 2226 sim,
223 2195 296 2230 quod
307 2195 426 2230 denique
437 2200 510 2226 ante,
528 2204 610 2230 quam
625 2195 807 2227 consulerem,
825 2197 883 2231 ipse

87 2233 275 2260 indicaverim.
316 2232 389 2265 Quae
404 2233 494 2259 omnia
510 2233 573 2267 quia
585 2233 648 2260 Cato
663 2233 790 2260 laudibus
805 2239 884 2260 extu-

88 2270 153 2298 lerat
163 2271 190 2297 in
201 2269 306 2296 caelum
318 2270 565 2305 perscribendaque
575 2275 728 2301 censuerat,
746 2271 845 2297 idcirco
857 2272 883 2297 in

86 2308 146 2335 eius
165 2308 325 2334 sententiam
347 2312 388 2334 est
407 2307 473 2334 sacta
495 2307 636 2334 discessio.
677 2308 724 2334 llic
745 2313 834 2335 alitem
855 2317 884 2334 se

87 2345 167 2372 etiam
182 2345 299 2372 tribuere
317 2345 432 2372 multum
449 2345 517 2371 mihi
536 2349 624 2379 putat,
646 2345 718 2380 quod
734 2346 881 2380 scripserit,

86 2385 208 2416 optimum
223 2384 360 2409 consulem.
399 2382 467 2415 Quis
482 2382 554 2408 enim
572 2382 690 2408 ieiunius
704 2382 775 2409 dixit
791 2383 884 2409 inimi-

86 2419 153 2447 cus?
172 2419 212 2446 Ad
228 2424 313 2446 cetera
335 2428 398 2446 vero
419 2419 468 2446 tibi
483 2419 712 2454 quemadmodum
729 2420 884 2455 rescripsit?

86 2457 201 2483 Tantum
217 2461 303 2492 rogat,
321 2457 354 2484 de
369 2461 477 2483 senatus
488 2456 610 2483 consulto
622 2457 788 2493 utcorrigus.
830 2457 884 2484 Hoc

86 2493 198 2529 quidem
214 2493 339 2526 fecisses,
359 2494 465 2521 etiamsi
480 2502 493 2520 a
512 2494 613 2520 Rannio
628 2493 781 2520 admonitus
798 2503 881 2521 esses.

87 2531 140 2558 Sed
153 2531 218 2558 haee
229 2532 327 2558 iterum
339 2532 397 2567 ipse
409 2531 516 2558 viderit.
557 2533 582 2558 ⁶2.
601 2532 635 2557 De
647 2531 740 2561 hortis,
754 2533 883 2566 quoniam

88 2568 194 2603 probas,
206 2568 282 2595 effice
294 2568 408 2605 aliquid.
450 2569 574 2595 Rationes
586 2577 657 2595 meas
669 2570 747 2595 nosti.
779 2569 808 2595 Si
821 2578 883 2596 vero

87 2606 168 2632 etiam
179 2614 193 2632 a
205 2605 316 2632 Faberio
326 2606 431 2642 aliquid
443 2606 554 2638 accedit,
568 2606 635 2633 nihil
649 2606 748 2640 negotii
759 2611 808 2633 est.
831 2606 883 2633 Sed

86 2643 168 2670 etiam
179 2643 237 2669 sine
249 2651 279 2670 eo
290 2652 368 2678 posse
381 2644 474 2671 videor
484 2644 655 2671 contendere.
688 2643 801 2670 Venales
812 2648 882 2671 certe

86 2684 150 2708 sunt
165 2681 257 2713 Drusi:
276 2679 387 2710 fortasse
402 2686 428 2709 et
443 2682 563 2709 Lamiani
579 2686 605 2709 ot
620 2681 754 2709 Cassiani:
776 2681 824 2708 sed
837 2687 883 2708 co-

1673 142 1720 165 9¹3

927 220 993 238 ram.
1028 213 1052 237 3.
1074 211 1110 237 De
1122 211 1243 237 Terentia
1255 219 1307 237 non
1319 219 1430 245 possum
1441 209 1609 236 commodius
1621 210 1723 236 scribe-

928 258 968 280 re,
991 257 1072 284 quam
1088 253 1116 274 tu
1132 249 1240 274 scribis.
1280 247 1407 274 Officium
1423 248 1458 274 sit
1472 247 1550 274 nobis
1565 247 1724 282 antiquissi-

928 295 1013 312 mum.
1054 286 1083 312 Si
1095 285 1161 320 quid
1173 294 1220 312 nos
1236 285 1374 316 fefellerit,
1392 285 1467 311 illius
1483 284 1553 311 malo
1568 293 1624 315 me,
1642 293 1724 319 quam

929 324 982 350 mei
993 324 1139 358 poenitere.
1162 324 1185 349 4.
1201 323 1284 349 Oviae
1296 323 1325 349 C.
1338 322 1417 349 Lollii
1430 322 1547 348 curanda
1559 326 1622 348 sunt
1632 321 1687 348 H-S
1699 330 1723 348 C.

929 362 1013 396 Negat
1028 361 1093 387 Eros
1110 369 1188 395 posse
1206 362 1265 386 sine
1282 369 1337 392 me:
1360 359 1453 390 eredo,
1477 359 1549 394 quod
1568 358 1724 393 accipienda

929 398 1020 433 aliqua
1034 399 1069 424 sit
1080 403 1105 424 et
1116 397 1203 424 danda
1219 398 1378 424 aestimatio.
1419 396 1521 423 Vellem
1536 397 1585 423 tibi
1599 396 1724 422 dixisset.

929 436 957 462 Si
968 437 1041 462 enim
1053 443 1094 461 res
1106 440 1154 465 est,
1171 440 1200 461 ut
1213 435 1279 461 mihi
1292 434 1394 465 scribit,
1409 439 1513 470 parata:
1526 435 1613 460 necin
1625 442 1655 460 eo
1667 435 1726 468 ipso

931 473 1071 499 mentitur:
1090 481 1138 507 per
1153 477 1177 499 te
1189 472 1284 498 confici
1295 473 1391 507 potuit.
1432 472 1460 498 ld
1471 480 1616 507 cognoscas
1627 476 1652 498 et
1663 479 1728 497 con-

931 510 1006 536 ficias
1018 509 1109 536 velim.
1150 511 1175 536 5.
1197 509 1274 541 Quod
1291 518 1333 535 me
1345 511 1372 535 in
1384 508 1471 535 sorum
1483 517 1575 535 vocas:
1593 517 1623 535 eo
1635 517 1723 537 vocas.

907 557 908 562 ¹
931 547 1012 578 unde,
1025 548 1105 573 etiam
1118 547 1196 573 bonis
1208 547 1275 573 meis
1287 547 1377 577 rebus,
1391 546 1539 582 fugiebam.
1571 545 1642 578 Quid
1654 546 1726 572 enim

931 585 1000 611 mihi
1011 593 1073 611 cum
1085 584 1149 615 foro,
1163 585 1221 610 sine
1233 584 1356 614 iudiciis,
1370 584 1429 610 sine
1440 585 1528 614 curia,
1544 584 1571 610 in
1582 583 1674 610 oculos
1686 584 1728 609 in-

931 622 1102 649 currentibus
1118 622 1166 651 iis,
1187 630 1256 656 quos
1271 630 1358 656 aequo
1374 622 1463 647 animo
1482 621 1574 647 videre
1595 629 1646 646 non
1666 629 1728 655 pos-

931 659 1011 686 sum?
1031 659 1107 692 Quod
1119 663 1207 685 autem
1220 659 1343 685 homines
1354 667 1367 684 a
1379 667 1421 684 me
1434 658 1568 693 postulare
1578 658 1685 688 scribis,
1700 662 1729 684 ut

932 698 1030 723 Romae
1045 697 1112 727 sim,
1130 705 1218 731 neque
1235 696 1316 726 mihi,
1335 700 1364 722 ut
1379 696 1480 726 absim,
1499 695 1657 726 concedere,
1671 699 1726 725 aut,

931 739 1074 769 quatenus,
1088 742 1133 760 eos
1145 734 1212 759 mihi
1224 733 1382 760 concedere:
1397 734 1450 759 iam
1463 733 1568 768 pridem
1580 733 1646 759 scito
1658 740 1726 761 esse,

931 780 1018 806 quum
1029 780 1114 798 unum
1126 776 1150 797 te
1161 771 1258 805 pluris,
1271 780 1353 806 quam
1364 779 1457 797 omnes
1469 770 1539 801 illos,
1552 775 1655 804 putem.
1690 770 1729 795 Ne

933 818 974 835 me
995 809 1107 843 quidem
1127 813 1281 839 contemno,
1304 817 1418 843 meoque
1439 807 1541 834 iudicio
1561 806 1644 833 multo
1660 812 1729 833 stare

932 846 1010 876 malo,
1024 855 1107 881 quam
1117 847 1240 872 omnium
1252 845 1429 880 reliquorum.
1462 845 1556 879 Neque
1568 849 1656 870 tamen
1667 853 1731 879 pro-

931 883 1039 920 gredior
1051 884 1172 919 longius,
1190 892 1272 917 quam
1288 883 1356 909 mihi
1368 882 1519 909 doctissimi
1531 882 1654 908 homines
1666 890 1731 907 con-

932 921 1043 953 cedunt,
1063 929 1179 956 quorum
1195 921 1294 954 scripta
1308 921 1411 951 omnia,
1428 928 1616 955 quaecumque
1628 919 1729 945 suntin

931 967 991 985 eam
1002 959 1171 989 sententiam,
1186 966 1238 984 non
1250 958 1304 993 legi
1315 957 1413 988 solum,
1425 957 1498 992 quod
1510 957 1601 992 ipsum
1612 961 1666 983 erat
1678 955 1731 982 for-

931 997 965 1024 tis
976 997 1086 1032 aegroti,
1095 996 1215 1030 accipere
1227 996 1400 1025 medicinam,
1409 995 1490 1021 sedin
1501 1003 1560 1021 mea
1572 994 1653 1020 etiam
1664 994 1731 1020 scri-

932 1039 976 1069 pta
999 1033 1104 1065 tratuli,
1126 1033 1200 1068 quod
1219 1038 1290 1060 certe
1310 1032 1402 1059 afflicti
1426 1038 1452 1059 et
1476 1032 1553 1059 fracti
1573 1032 1656 1057 animi
1677 1039 1730 1057 non

932 1072 992 1099 fuit.
1007 1072 1049 1098 Ab
1062 1071 1104 1098 his
1116 1079 1158 1097 me
1169 1070 1297 1097 remediis
1309 1070 1363 1097 noli
1375 1071 1402 1096 in
1415 1071 1494 1097 istam
1506 1069 1612 1096 turbam
1625 1077 1728 1098 vocare,

932 1118 965 1136 ne
976 1109 1104 1136 recidam.

985 1179 1062 1200 XXII.
1092 1180 1189 1203 (Asturae,
1199 1181 1278 1197 Caesare
1290 1180 1321 1197 iv.
1332 1186 1369 1197 cos.
1380 1186 1395 1197 s.
1406 1180 1449 1196 cull-
1462 1179 1517 1200 709.)

989 1263 1012 1288 l.
1029 1256 1075 1287 De
1090 1261 1226 1292 Terentia,
1248 1260 1321 1296 quod
1337 1260 1406 1286 mihi
1421 1268 1500 1287 omne
1515 1267 1584 1285 onus
1598 1259 1728 1293 imponis:

933 1307 985 1326 non
1001 1307 1133 1335 cognosco
1148 1303 1221 1325 tuam
1239 1299 1266 1324 in
1284 1306 1326 1324 me
1342 1297 1550 1333 indulgentiam.
1592 1297 1642 1322 [sta
1659 1296 1731 1321 enim

932 1341 996 1363 sunt
1006 1337 1065 1371 ipsa
1077 1336 1198 1367 vulnera,
1214 1345 1283 1371 quae
1295 1344 1347 1362 non
1359 1344 1470 1370 possum
1482 1339 1592 1361 tractare
1604 1334 1663 1359 sine
1676 1341 1733 1359 ma-

933 1375 1007 1401 ximo
1026 1374 1140 1410 gemitu.
1182 1373 1319 1400 Moderare
1342 1373 1438 1408 igitur.
1464 1380 1577 1407 quaeso,
1597 1376 1626 1397 ut
1646 1375 1729 1405 potes.

934 1412 1026 1446 Neque
1038 1411 1111 1437 enim
1123 1420 1136 1437 a
1149 1416 1172 1438 te
1184 1411 1255 1446 plus,
1272 1419 1354 1445 quam
1366 1415 1449 1445 potes,
1465 1409 1583 1444 postulo:
1598 1413 1673 1443 potes
1684 1416 1732 1434 au-

933 1453 996 1480 tem,
1010 1449 1077 1484 quid
1091 1449 1146 1474 veri
1158 1449 1201 1479 sit,
1216 1449 1368 1483 perspicere
1380 1452 1407 1474 tu
1421 1455 1502 1473 unus.
1534 1448 1559 1472 2²,
1575 1447 1610 1472 De
1623 1444 1730 1472 Rutilia.

933 1487 1061 1522 quoniam
1073 1486 1175 1512 videris
1187 1486 1320 1516 dubitare,
1330 1485 1433 1511 scribes
1444 1484 1477 1510 ad
1490 1493 1541 1514 me,
1550 1491 1635 1518 quum
1646 1483 1729 1509 scies:

933 1524 980 1550 sed
992 1524 1209 1559 quamprimum,
1224 1528 1250 1549 et
1261 1531 1324 1550 num
1337 1522 1437 1553 Clodia,
1451 1522 1481 1548 D.
1496 1522 1574 1547 Bruto
1585 1519 1729 1549 consulari,

933 1561 988 1588 tilio
999 1570 1062 1592 suo,
1080 1565 1197 1592 mortuo,
1217 1561 1324 1587 vixerit.
1366 1560 1394 1586 ld
1406 1559 1438 1585 de
1451 1558 1588 1589 Marcello,
1607 1563 1652 1584 aut
1663 1562 1733 1583 certe

933 1599 966 1625 (le
977 1599 1113 1625 Postumia
1125 1599 1188 1624 sciri
1202 1603 1301 1633 potest:
1317 1597 1383 1623 illud
1396 1601 1484 1623 autem
1496 1596 1528 1622 de
1539 1596 1575 1622 M.
1588 1595 1671 1625 Cotta,
1688 1598 1733 1621 aut

933 1636 966 1663 de
978 1636 1045 1673 Syro
1057 1641 1101 1662 aut
1113 1636 1145 1662 de
1157 1636 1262 1671 Satyro.
1277 1638 1302 1661 3.
1315 1636 1350 1661 De
1363 1635 1455 1665 bortis,
1469 1634 1548 1660 etiam
1562 1638 1640 1667 atque
1652 1632 1732 1658 ctiam

934 1679 957 1700 te
970 1683 1042 1709 rogo.
1084 1673 1219 1700 Omnibus
1231 1674 1311 1703 meis,
1330 1680 1492 1707 eorumque,
1509 1679 1577 1706 quos
1592 1671 1648 1696 scio
1664 1669 1732 1695 mihi

933 1720 985 1738 non
997 1710 1151 1742 defuturos,
1171 1710 1343 1737 facultatibus
1352 1730 1358 1740 ,
1371 1709 1418 1736 sed
1431 1714 1521 1744 potero
1533 1709 1614 1738 meis,
1628 1708 1733 1733 eniten-

933 1748 999 1775 dum
1012 1749 1078 1775 mihi
1091 1753 1140 1774 est.
1181 1748 1249 1774 Sunt
1261 1748 1355 1779 etiam,
1372 1755 1441 1781 quae
1453 1745 1569 1773 vendere
1581 1744 1658 1771 facile
1670 1753 1732 1779 pos-

933 1787 996 1812 sim.
1037 1785 1099 1817 Sed,
1117 1790 1208 1812 utnon
1221 1785 1346 1815 vendam,
1359 1785 1439 1819 eique
1452 1792 1561 1810 usuram
1575 1782 1705 1817 pendam,
1719 1790 1733 1806 a

932 1832 987 1859 quo
1002 1832 1105 1854 emero,
1128 1832 1179 1849 non
1195 1822 1257 1857 plus
1275 1830 1376 1849 annum
1393 1830 1503 1856 possum
1520 1820 1642 1855 assequi:
1660 1818 1733 1854 quod

934 1861 1007 1892 volo,
1024 1862 1047 1887 si
1059 1865 1086 1887 tu
1099 1869 1141 1887 mc
1153 1860 1276 1886 adiuvas
1317 1859 1484 1886 Paratissimi
1499 1863 1562 1884 sunt
1574 1858 1665 1883 Drusi:
1684 1865 1734 1882 cu-

933 1899 973 1933 pit
984 1899 1056 1925 enim
1069 1898 1195 1924 vendere.
1227 1898 1365 1923 Proximos
1377 1901 1441 1931 puto
1454 1896 1574 1922 Lamiae:
1588 1894 1635 1920 sed
1646 1894 1731 1920 abest.

933 1937 973 1963 Tu
985 1941 1087 1966 tamen,
1103 1936 1126 1961 si
1139 1935 1205 1970 quid
1219 1940 1302 1970 potes,
1315 1934 1435 1961 odorare.
1477 1934 1514 1959 Ne
1526 1932 1610 1959 Silius
1621 1931 1732 1966 quidem

933 1973 1084 2009 quidquam
1097 1973 1194 2003 utitur,
1215 1978 1241 1999 et
1257 1971 1313 2009 [i]is
1326 1972 1417 1998 usuris
1430 1970 1557 1997 facillime
1568 1968 1733 1996 sustentabi-

934 2015 986 2038 tur.
1027 2011 1100 2037 llabe
1111 2015 1188 2037 tuum
1200 2010 1352 2045 negotium;
1372 2018 1434 2039 nec,
1452 2008 1519 2044 quid
1531 2016 1573 2034 res
1584 2016 1642 2033 meu
1656 2006 1734 2032 sami-

935 2047 1008 2075 liaris
1020 2047 1145 2083 postulet.
1159 2056 1241 2082 quam
1253 2056 1303 2083 ego
1315 2055 1366 2073 non
1377 2055 1452 2077 curo,
1465 2045 1512 2072 sed
1524 2044 1591 2080 quid
1603 2044 1695 2075 velim,
1709 2049 1732 2069 et

933 2094 981 2112 cur
993 2085 1085 2116 velim,
1098 2085 1234 2111 existima.

988 2171 1074 2192 ΧΧΙΙΙ.
1104 2173 1200 2196 (Asturae,
1211 2173 1289 2189 (Ruunt-‹-
1300 2172 1331 2189 tv.
1342 2178 1380 2189 cus.
1390 2179 1404 2188 s.
1416 2172 1460 2189 tull.
1472 2172 1525 2191 70¹0.)

1120 2223 1289 2250 ClCERO
1318 2223 1486 2249 ATTtffli
1516 2222 1543 2247 S.

996 2272 1016 2296 Ι.
1040 2266 1167 2295 Putaram
1185 2274 1208 2295 te
1224 2268 1328 2303 aliquid
1346 2268 1421 2295 novi:
1440 2267 1513 2302 quod
1528 2267 1661 2293 eiusmodi
1676 2266 1732 2292 sm·-

936 2313 975 2334 rat
987 2308 1094 2334 initium
1108 2307 1269 2333 litterarum:
1283 2306 1409 2340 quumvis
1422 2314 1472 2331 uon
1483 2313 1614 2333 curarem,
1628 2303 1693 2339 quid
1706 2305 1732 2330 in

936 2345 1062 2379 llispauia
1083 2344 1169 2374 tieret,
1193 2349 1280 2370 tumen
1297 2348 1321 2369 te
1342 2343 1520 2377 scripturum:
1543 2342 1590 2367 sed
1608 2341 1733 2367 videlicet

936 2383 1003 2409 meis
1016 2382 1111 2408 litteris
1124 2381 1300 2415 respondisti.
1319 2385 1347 2406 ut
1363 2380 1396 2405 dc
1410 2379 1464 2405 foro
1475 2384 1499 2405 et
1513 2379 1641 2405 decuria.
1680 2378 1732 2404 Sed

934 2420 1032 2446 domus
1043 2424 1092 2450 est,
1106 2424 1135 2445 ut
1146 2419 1194 2448 ais,
1209 2418 1306 2444 sorum.
1339 2417 1410 2449 Quid
1427 2418 1482 2451 ipsa
1494 2416 1574 2443 domo
1586 2416 1652 2442 milii
1664 2424 1732 2451 opus

934 2462 982 2487 est.
995 2457 1095 2483 carenti
1108 2455 1181 2483 soro‘?
1196 2455 1366 2484 occidimus,
1381 2454 1545 2482 occidimus.
1564 2454 1662 2482 Attice,
1679 2454 1731 2480 inm

935 2494 1040 2529 pridem
1057 2503 1104 2520 nos
1119 2492 1246 2528 quidem,
1263 2492 1309 2518 sed
1327 2501 1398 2518 num-
1414 2491 1540 2521 l'utemur,
1558 2496 1731 2526 {uisu-aquam

935 2540 1030 2561 unum,
1043 2539 1097 2566 quo
1109 2530 1275 2559 tenebamur,
1290 2530 1442 2555 amisimus.
1469 2530 1560 2563 itaque
1571 2527 1732 2555 solitudines

934 2578 1045 2603 sequor:
1059 2573 1193 2597 ettamen,
1206 2569 1229 2594 si
1241 2576 1294 2602 qua
1307 2575 1348 2593 me
1361 2575 1402 2592 res
1414 2567 1464 2592 isto
1475 2566 1627 2595 adduxerit.
1636 2566 1730 2593 enitar.

933 2607 956 2632 si
969 2615 1022 2640 quo
1035 2605 1113 2632 modo
1124 2610 1222 2640 potero,
1235 2606 1336 2639 (potero
1346 2604 1493 2638 autem.)ut
1505 2608 1607 2638 praeter
1619 2608 1642 2629 te
1655 2612 1732 2629 nemo

934 2643 1052 2670 dolorem
1063 2651 1152 2670 meum
1164 2644 1274 2671 sentiat:
1289 2642 1312 2668 si
1324 2641 1379 2668 ullo
1391 2641 1470 2667 modo
1477 2641 1581 2676 poterit,
1591 2649 1622 2667 ne
1631 2646 1657 2667 tu
1669 2642 1732 2675 qui-

934 2680 1005 2708 dem.
1048 2680 1134 2716 Atque
1145 2681 1224 2707 etiam
1238 2679 1282 2706 illa
1293 2688 1388 2706 caussa
1399 2683 1439 2706 est
1451 2687 1502 2705 non
1515 2678 1650 2705 veniendi.
1677 2678 1732 2704 Me-

1480 2728 1526 2752 115
