1941 3052
250 117 310 141 tuan
832 118 838 139 t
849 117 885 141 tn.
919 115 951 141 M.

248 186 294 212 lui-r
305 191 352 214 est,
367 186 558 218 ύιιυκιιριιριΐιν,
567 184 637 218 quud
649 193 662 208 n
676 185 726 209 vita
738 183 848 218 quidam
862 193 908 218 per
921 184 1035 211 inediam

247 223 388 249 «Ημςς-ιΙι-ιμ
410 226 545 247 revocatur
560 221 592 246 ali
608 222 714 246 amicis:
739 221 840 255 quibus
861 222 1034 255 respondens.

250 262 316 285 vitae
335 260 464 285 liuinnniw
479 262 616 283 enutrierat
629 258 804 284 invonunmla.
847 258 952 284 Possem
966 259 1036 285 idem

249 297 345 324 fin-ere,
360 297 408 321 vui
422 303 522 322 nunus.
536 303 617 328 quam
632 294 689 324 ille,
706 295 754 329 qui
765 295 874 321 omnino
886 296 975 321 vivs-re
990 305 1037 323 ex-

249 334 339 368 pedit·-
356 332 454 358 iia-mini
469 336 550 365 putat.
592 332 665 357 Mitto
676 331 755 357 alios:
774 333 888 358 etiamne
901 333 978 359 nobis
989 342 1037 360 ex·

248 371 338 405 pedit?
356 370 402 403 qui
423 374 447 394 et
467 368 618 393 tlmnt'sllt'is
634 374 659 394 et
676 368 828 394 forensibus
843 369 946 396 solatiis
959 379 1037 396 orna-

249 408 398 440 mentisque
410 406 520 439 privati,
537 411 619 434 certe,
636 406 658 431 si
671 410 730 431 ante
741 406 947 436 occidissemus,
967 416 1036 433 mors

1063 185 1066 189 ’
1088 185 1148 211 ἀνω
1169 187 1288 221 »suspicio
1304 195 1399 213 sensus
1415 186 1589 223 relinquatur.

248 454 294 470 nos
306 454 318 469 a
332 443 417 470 malis.
431 451 480 468 nnn
493 451 505 467 a
518 442 594 468 lionis
606 443 789 469 abstraxisset.
812 443 923 470 XXXV.
941 446 981 470 85.
998 446 1037 470 Sit
1058 466 1059 470 ,

249 482 329 514 igitur
340 480 447 514 aliquis,
461 480 508 513 qui
521 479 587 505 nillil
601 480 663 506 mali
677 480 781 510 lrabeat,
791 480 895 506 nullum
907 490 920 506 a
934 481 1036 508 fortuna

249 518 346 543 vulnus
358 517 500 550 acceperit:
525 517 646 542 Metellus
658 517 711 547 illc.
727 517 860 543 honoratis
871 523 995 553 qitattuor
1006 519 1037 544 fi-

248 555 303 586 lii-33
318 559 342 580 nt
353 555 548 589 quinquaginta
557 554 691 586 Priamus-3
705 563 718 580 e
729 555 830 589 quibus
842 561 943 590 septem
955 561 979 582 et
990 556 1037 582 de-

245 601 303 618 cem
317 592 385 617 iusta
399 600 479 616 uxore
491 592 554 617 nati.
583 592 609 617 ln
622 597 733 626 utroque
745 592 865 618 eamdem
879 593 973 619 habuit
985 593 1037 619 for-

247 635 308 655 tuna
321 633 489 663 potestatem;
503 628 550 654 sed
563 637 609 654 usa
621 629 646 654 in
659 629 740 655 altero
751 634 799 655 est.
816 629 952 656 Metellum
964 631 1036 656 enim
1058 656 1059 672 χ

247 666 322 692 multi
337 665 398 696 tilii,
412 665 494 696 tiliae,
512 671 633 700 nepotes.
652 671 744 700 neptes
755 667 781 692 in
794 675 887 701 rogum
901 667 1037 702 imposue-

247 707 319 730 runt:
348 703 482 729 Priamum
504 707 573 729 tanta
594 704 719 739 progenie
739 703 876 734 orbatum,
903 713 987 739 quum
1010 706 1035 731 in

246 749 317 766 aram
335 739 513 775 confugisset,
535 740 640 767 hostilis
656 749 751 766 manus
767 741 909 767 interemit.
950 742 998 768 llic
1013 743 1036 768 si

248 787 257 803 x
267 778 317 804 ivis
329 777 400 807 filiis,
416 777 542 803 incolumi
555 786 636 813 regno
645 777 799 811 occidissem

356 830 392 834 —
405 830 441 834 —
451 819 550 841 astante
561 824 605 847 ope
616 817 762 845 barbarica,

357 855 427 878 lectis
439 853 552 878 caelatis.
567 854 706 885 laqueatis:

247 894 335 915 utrum
348 889 453 915 tandem
466 889 581 919 abonis,
600 898 632 915 an
646 898 660 915 a
675 889 752 915 malis
768 889 954 917 discessisset?
968 890 1036 916 Tum
1066 895 1067 901 ¹

246 926 362 961 profecto
374 926 510 952 videretur
520 935 533 952 a
546 926 632 953 bonis.
664 927 696 953 At
705 932 774 953 certe
786 927 810 953 ei
823 927 919 954 melius
930 929 1037 954 evenis—

232 968 294 993 .st=t.
309 972 356 990 nec
369 968 420 990 tam
433 963 556 990 flebiliter
568 963 612 990 illa
623 969 789 994 canerentur,

356 1001 426 1027 Ilaec
439 1003 523 1026 armum
534 1003 587 1027 vida·
601 1003 765 1033 inflammari,

356 1039 457 1064 Priamo
468 1040 493 1063 vi
505 1040 580 1064 ritum
592 1042 692 1069 evitari,

356 1076 423 1101 loris
433 1079 507 1101 (iram
520 1079 642 1108 sanquine
652 1078 763 1109 turpari.

245 1113 327 1144 Quasi
343 1120 406 1138 vero
417 1112 466 1138 ista
479 1112 505 1138 vi
518 1113 527 1124 ’
540 1112 688 1147 quidquam
701 1117 757 1139 tum
769 1113 883 1147 potuerit
898 1114 922 1139 ei
939 1113 1036 1140 melius

245 1149 376 1175 accidere.
397 1149 497 1181 Quodsi
510 1155 568 1175 ante
579 1149 730 1180 occidisset,
744 1154 800 1176 tum
812 1155 937 1176 eventum
948 1152 1037 1177 omni-

245 1195 279 1212 no
290 1187 438 1212 amisisset:
457 1186 505 1213 hoc
521 1192 609 1213 autem
627 1191 743 1221 tempore
757 1195 866 1213 sensum
879 1188 968 1214 amisit
980 1197 1037 1214 ma-

246 1222 342 1249 lorum.
383 1225 423 1249 86.
440 1224 564 1258 Pompeio
575 1229 663 1250 nostro
675 1223 810 1255 familiari,
823 1233 908 1259 quum
919 1226 1037 1260 graviter

245 1265 406 1295 aegrotasset
430 1260 554 1295 Neapoli,
582 1261 679 1287 melius
704 1266 743 1287 cst
765 1261 873 1288 factum.
913 1262 1036 1289 Coronati

245 1297 411 1332 Neapolitani
429 1297 548 1330 fuerunt;
567 1299 695 1324 nimirum
711 1299 790 1325 etiam
803 1298 1036 1335 Puteolani3vulgo

243 1343 277 1360 ex
288 1334 395 1369 oppidis
407 1334 514 1369 publice
524 1335 736 1370 gratulabantur.
776 1337 899 1371 Ineptum
911 1345 975 1363 sane
990 1345 1037 1363 ne-

242 1373 344 1407 gotium
358 1372 568 1404 etGraeculun13
585 1372 632 1399 sed
644 1377 731 1399 tamen
743 1372 916 1401 fortunatum.
941 1375 1034 1401 Utrum

244 1409 334 1443 igitur,
348 1410 371 1434 si
383 1413 438 1435 tum
450 1414 520 1436 esset
531 1410 688 1440 exstinctus,
697 1418 710 1436 a
721 1410 799 1437 bonis
811 1411 900 1442 rebus,
909 1420 942 1438 an
953 1420 967 1437 a
979 1420 1036 1437 ma-

244 1445 276 1471 lis
292 1445 478 1473 discessisset?
491 1447 566 1473 Certe
581 1456 595 1473 a
610 1447 726 1473 miseris.
767 1448 824 1474 Non
836 1449 908 1475 enim
919 1457 981 1475 cum
993 1457 1036 1475 so-

243 1491 302 1509 cero
313 1483 416 1509 bellum
431 1484 573 1519 gessisset;
592 1493 644 1510 non
660 1485 807 1519 imparatus
818 1494 890 1512 arma
901 1487 1036 1521 sumpsis-

242 1524 295 1552 set3
314 1529 366 1547 non
382 1520 492 1547 domum
508 1521 675 1556 reliquisset;
699 1530 751 1548 non
767 1531 800 1549 ex
815 1523 890 1550 Italia
906 1523 1032 1559 fugisset;
1064 1522 1065 1530 ¹

243 1566 308 1587 non,
330 1558 449 1584 exercitu
464 1559 577 1589 amisso,
595 1558 685 1585 nudus
701 1560 728 1585 in
743 1568 882 1587 servorum
898 1559 998 1587 ferrum
1011 1565 1036 1587 et

243 1603 339 1620 manus
359 1595 510 1627 incidisset;
542 1604 593 1622 non
616 1595 694 1622 liberi
713 1595 814 1629 defleti3
841 1606 894 1624 non
914 1597 1034 1624 fortunae

241 1640 334 1658 omnes
350 1641 364 1658 a
381 1633 528 1658 victoribus
546 1633 757 1667 possiderentur.
797 1633 862 1666 Qui,
884 1635 907 1661 si
923 1639 1035 1662 mortem

243 1669 414 1699 tumohisset,
424 1670 450 1696 in
457 1669 634 1704 amplissimis
646 1669 759 1697 fortunis
770 1671 925 1698 occidisset:
938 1673 962 1699 is
973 1681 1036 1707 pro-

243 1707 382 1741 pagatione
395 1707 464 1733 vitae
475 1712 548 1742 quot,
557 1712 679 1741 quantas,
688 1716 769 1742 quam
781 1709 955 1736 incredibiles
967 1709 1036 1736 hau-

242 1744 278 1770 sit
297 1743 473 1770 calamitates!
515 1744 639 1771 xxxvt.
661 1745 729 1770 Haec
753 1750 836 1772 morte
858 1746 1032 1782 effugiuntur,

243 1781 321 1806 etiam
337 1781 360 1806 si
376 1789 428 1807 non
442 1782 593 1811 evenerint,
615 1786 704 1808 tamen
714 1783 778 1816 quia
789 1788 901 1817 possunt
911 1785 1032 1810 evenire:

242 1817 289 1843 sed
302 1818 423 1844 homines
434 1827 464 1844 ea
475 1818 528 1844 sibi
540 1818 660 1845 accidere
670 1827 748 1853 posse
761 1828 812 1846 non
826 1821 951 1855 cogitant.
979 1821 1035 1847 Me-

243 1854 299 1880 telli
314 1860 402 1890 sperat
417 1855 470 1881 sibi
481 1856 598 1890 quisque
610 1855 756 1882 fortunam:
777 1857 889 1891 perinde
899 1858 978 1892 quasi
989 1862 1035 1884 aut

242 1891 333 1925 plures
346 1891 471 1918 fortunati
482 1893 548 1923 sint,
565 1901 647 1927 quam
663 1892 798 1925 infelices;
819 1899 864 1920 aut
877 1895 942 1921 certi
952 1894 1035 1930 quid-

242 1936 324 1962 quam
339 1929 374 1954 sit
389 1929 416 1955 in
432 1929 513 1955 rebus
529 1929 668 1962 humanis,
686 1935 731 1957 aut
745 1939 852 1965 sperare
867 1932 902 1958 sit
915 1931 1034 1967 pruden-

242 1966 305 1996 tius,
319 1974 399 2000 quam
411 1966 515 1992 timere.

298 2003 339 2028 87.
355 2002 407 2028 Sed
420 2003 468 2029 hoc
480 2004 570 2037 ipsum
581 2003 750 2035 concedatur,
763 2004 842 2031 bonis
853 2005 934 2032 rebus
946 2005 1034 2033 homi-

243 2047 290 2065 nes
310 2045 393 2066 morte
413 2041 525 2074 privari.
551 2041 620 2076 Ergo
635 2041 714 2067 etiam
725 2050 814 2068 carere
830 2047 948 2069 mortuos
963 2044 1033 2070 vitae

242 2076 404 2107 commodis,
423 2077 503 2112 idque
515 2086 574 2104 esse
585 2078 733 2104 miserum‘.>
752 2079 827 2106 Certe
839 2080 873 2106 ita
885 2079 975 2107 dicant
986 2089 1034 2107 ne-

241 2121 316 2139 cesse
326 2118 375 2140 est.
414 2114 454 2140 An
471 2120 557 2149 potest
572 2116 608 2146 is,
627 2116 738 2150 quinon
749 2121 802 2147 est,
820 2125 847 2142 re
858 2116 913 2143 ulla
926 2117 1034 2144 carere?

241 2150 327 2177 Triste
338 2151 410 2177 enim
421 2157 461 2177 est
472 2160 566 2178 nomen
579 2153 669 2187 ipsum
681 2156 797 2183 carendi,
814 2154 878 2188 quia
889 2154 1034 2181 subiicitur

242 2187 307 2214 haec
318 2188 373 2214 vis:
392 2188 499 2219 habuit.
513 2189 670 2216 nonhabet:
687 2190 834 2221 desiderat,
851 2192 977 2226 requirit,
990 2192 1034 2218 in-

241 2223 324 2260 diget.
364 2225 442 2256 Haec,
454 2227 561 2260 opinor,
575 2227 744 2253 incommoda
754 2233 817 2254 sunt
827 2229 952 2255 carentis.
984 2229 1034 2255 Ca—

241 2267 279 2288 ret
289 2261 385 2293 oculis,
397 2263 489 2289 odiosa
500 2264 627 2296 caecitas3
642 2263 744 2295 liberis,
756 2265 867 2291 orbitas.
898 2265 973 2292 Valet
983 2266 1033 2293 hoc

241 2299 268 2324 in
285 2300 369 2325 vivis:
388 2305 552 2327 mortuorum
568 2306 657 2327 autem
673 2310 725 2327 non
742 2301 820 2328 modo
833 2304 904 2329 vitae
915 2311 1033 2330 commo-

241 2335 297 2366 dis,
319 2336 367 2362 sed
388 2345 420 2363 ne
440 2338 494 2364 vita
515 2338 626 2372 quidem
643 2339 701 2373 ipsa
716 2339 862 2374 quisquam
876 2345 956 2366 caret.
996 2341 1032 2367 De

242 2373 353 2399 mortuis
366 2373 467 2408 loquor,
479 2376 527 2409 qui
538 2375 606 2401 nulli
617 2380 689 2402 sunt.
706 2376 769 2406 Nos,
782 2377 830 2411 qui
841 2385 946 2408 sumus,
955 2385 1029 2408 num,

241 2410 290 2435 etsi
301 2410 428 2437 cornibus
441 2420 563 2438 caremus
577 2417 623 2439 aut
632 2413 742 2447 penniS,
758 2413 805 2443 sit,
819 2414 868 2448 qui
879 2414 906 2440 id
917 2414 1033 2441 dixerit?

241 2445 315 2471 Certe
327 2456 413 2474 nemo.
453 2448 524 2481 Quid
540 2448 594 2475 ita‘?
607 2448 689 2481 Quia,
706 2458 792 2484 quum
808 2450 837 2476 id
852 2459 904 2477 non
921 2451 1029 2482 habeas,

241 2482 313 2516 quod
329 2484 377 2510 tibi
392 2493 440 2511 nec
454 2494 507 2512 usu
519 2494 568 2512 nec
579 2491 673 2513 natura
688 2487 723 2512 sit
738 2492 844 2521 aptum,
861 2496 914 2514 non
929 2496 1029 2519 careas,

242 2520 320 2544 etiam
332 2521 355 2546 si
366 2523 464 2548 sentias
475 2528 498 2549 te
510 2531 562 2549 non
574 2523 681 2549 habere.
722 2525 764 2549 88.
785 2524 839 2550 Hoc
853 2525 1031 2559 premendum

242 2556 322 2581 etiam
334 2561 411 2591 atque
422 2561 502 2586 etiam
512 2565 552 2586 est
562 2564 760 2596 argumentum,
768 2561 923 2588 confirmato
933 2562 989 2594 illo,
997 2562 1030 2588 de

241 2600 308 2626 quo,
321 2594 345 2618 si
356 2596 478 2622 mortales
489 2597 572 2624 animi
583 2602 658 2628 sunt,
675 2597 798 2624 dubitare
810 2606 862 2624 non
873 2607 1028 2633 possumus,

241 2630 307 2664 quin
324 2634 411 2656 tantus
427 2633 549 2661 interitus
565 2635 592 2661 in
603 2638 686 2661 morte
697 2635 744 2665 sit,
762 2639 835 2661 utne
846 2636 958 2662 minima
968 2636 1031 2671 qui-

1058 753 1067 839 i]

1058 842 1067 854 ,1
1090 816 1138 843 hoc
1150 817 1347 852 philosophari,
1364 827 1448 854 quum
1464 828 1518 845 rem
1531 828 1582 845 non
1594 828 1691 855 magno
1701 828 1780 854 opere
1791 819 1880 854 phito-

985 115 1015 143 T.
1046 116 1317 143 CICERONIS

1631 189 1683 215 lloc
1700 190 1782 224 igitur
1797 190 1878 224 probe

1088 222 1206 249 »tabilito
1215 228 1240 249 ct
1252 223 1313 253 fixo,
1324 224 1389 250 illud
1401 226 1591 251 excutiendum
1598 231 1647 255 ent,
1657 231 1684 252 ut
1695 228 1803 256 sciatur,
1811 227 1878 262 quid

1088 261 1122 286 sit
1134 269 1229 290 curere,
1243 269 1274 286 ne
1287 261 1559 297 relinquaturaliquid
1571 264 1668 289 erroris
1681 264 1706 289 in
1720 263 1809 290 verbo.
1829 265 1880 290 Ca—

1088 306 1144 322 rere
1156 297 1238 331 igitur
1250 297 1298 323 hoc
1309 299 1451 332 significat,
1464 307 1542 333 egere
1552 308 1592 329 eo,
1607 300 1678 335 quod
1692 301 1789 326 habere
1801 301 1877 327 velia.

1089 335 1158 360 Inest
1168 334 1240 360 enirn
1254 334 1322 360 velle
1335 335 1360 361 in
1372 336 1498 365 carendo.
1515 337 1567 362 nini
1579 345 1663 371 quum
1676 339 1728 367 sic,
1742 344 1878 372 tamquam

1089 371 1115 397 in
1129 370 1206 401 febri,
1220 371 1327 400 dicitur,
1343 372 1394 398 alia
1407 372 1523 407 quadam
1535 374 1640 400 notione
1653 375 1737 401 verbi.
1779 375 1881 401 Dicitur

1088 408 1159 434 enim
1175 408 1228 434 alio
1244 408 1322 435 modo
1337 410 1416 436 etiam
1433 419 1533 439 curere,
1549 419 1634 445 quum
1650 411 1752 446 aliquid
1769 421 1819 438 non
1833 412 1880 438 lin-

1089 445 1151 471 beas
1163 450 1188 471 et
1199 454 1250 471 non
1264 446 1360 472 habere
1373 451 1396 473 te
1407 448 1632 477 sentias.etiamsi
1642 448 1667 474 id
1679 448 1756 475 facile
1768 450 1878 483 patiare.

1091 483 1184 507 (arere
1196 483 1221 509 in
1235 483 1304 509 malo
1315 492 1366 510 non
1377 483 1489 510 dicitur:
1504 492 1552 510 nec
1562 486 1634 511 enirn
1646 485 1878 512 essetdolendum.

1089 520 1189 545 Dicitur
1201 519 1281 549 illud,
1300 520 1368 547 bono
1380 530 1480 551 carere,
1499 521 1571 556 quod
1583 527 1623 548 est
1634 522 1744 549 matum.
1784 523 1835 549 Sed
1847 532 1879 549 ne

1089 558 1168 582 vivus
1179 557 1289 591 quidem
1303 558 1370 584 bono
1381 564 1461 588 caret,
1470 559 1492 585 si
1504 567 1535 584 eo
1546 568 1597 585 non
1610 559 1725 594 indiget:
1738 559 1823 586 sedin
1840 562 1880 586 vi-

1089 602 1122 619 vo
1135 594 1247 628 intelligi
1263 599 1349 621 tamen
1362 601 1460 630 potest,
1478 604 1559 631 regno
1570 601 1594 622 te
1604 605 1708 622 carere:
1724 597 1879 624 dictantem

1090 631 1137 657 linc
1152 631 1177 657 in
1189 636 1212 657 te
1224 633 1288 658 satis
1299 632 1434 658 subtiliter
1445 642 1496 659 non
1508 638 1605 668 potest,
1625 638 1713 668 posset
1729 635 1756 660 in
1767 634 1880 669 Tarqui-

1089 669 1146 697 nio,
1163 677 1248 702 quum
1267 678 1348 704 regno
1362 675 1431 696 esset
1443 670 1587 704 expulsus:
1604 675 1629 696 at
1641 672 1667 697 in
1681 676 1783 697 mortuo
1794 679 1826 697 ne
1838 672 1881 698 in-

1089 705 1172 741 telligi
1185 706 1294 740 quidem
1309 706 1426 743 [ραι-51],
1466 707 1560 733 Carere
1571 708 1642 734 enim
1651 728 1657 738 .
1674 709 1814 734 sentientis
1824 713 1878 735 est:

1089 752 1136 768 nec·
1148 752 1244 769 sensus
1257 745 1282 769 in
1295 749 1410 770 mortuo:
1425 752 1457 770 ne
1469 754 1556 770 carere
1565 744 1766 780 quidemigitur
1776 746 1880 772 inmor-

1089 784 1133 805 tuo
1144 785 1192 806 est.
1234 780 1366 808 xxxvii.
1389 783 1432 807 89.
1453 782 1622 817 Quamquam
1638 782 1703 817 quid
1718 791 1787 817 opus
1801 783 1880 809 estin

1058 870 1067 880 .,
1088 854 1182 888 sophia
1198 863 1276 890 egere
1295 855 1453 882 videamus?
1472 857 1581 888 Quoties
1597 865 1647 882 non
1663 856 1742 882 modo
1756 856 1879 883 ductores

1089 893 1184 921 nostri,
1207 892 1254 918 sed
1270 893 1389 919 universi
1408 894 1487 919 etiam
1503 894 1636 920 exercitus
1652 893 1683 919 ad
1701 902 1752 920 non
1767 893 1878 920 dubiam

1089 934 1199 955 mortem
1210 931 1414 956 concurrerunt!
1428 930 1500 962 Quae
1511 930 1622 965 quidem
1633 932 1655 957 si
1668 931 1814 960 timeretur.
1827 939 1879 957 non

1058 999 1059 1003 Ἰ
1089 966 1118 992 L.
1135 966 1244 997 Brutus,
1262 976 1355 993 arcens
1370 976 1431 993 eum
1448 967 1534 994 reditu
1551 973 1707 1003 tyrannum,
1724 976 1805 1003 quem
1822 968 1880 1002 ipse

1088 1003 1235 1038 expulerat,
1250 1005 1276 1030 in
1289 1004 1389 1039 praelio
1399 1004 1574 1031 concidisset:
1588 1013 1639 1031 non
1651 1013 1712 1031 cum
1721 1005 1821 1031 Latinis
1832 1005 1880 1031 de-

1066 1053 1067 1062 1
1088 1045 1190 1066 certans
1202 1046 1276 1075 pater
1287 1043 1390 1072 Decius,
1404 1050 1465 1068 curn
1479 1042 1598 1068 Etruscis
1609 1042 1690 1072 filius,
1706 1051 1767 1068 cum
1780 1042 1880 1078 Pyrrho

1065 1082 1067 1106 ,¹
1088 1086 1171 1112 nepos
1182 1087 1210 1104 se
1223 1078 1339 1105 hostium
1352 1079 1411 1105 telis
1421 1079 1596 1109 obiecissent3
1614 1088 1665 1106 non
1682 1088 1735 1105 uno
1748 1079 1819 1105 bello
1833 1087 1880 1114 pro

1087 1115 1172 1149 patria
1182 1115 1306 1142 cadentes
1318 1116 1456 1151 Scipiones
1468 1117 1594 1150 IIispania
1611 1116 1737 1147 vidisset.
1756 1115 1879 1143 Paullum

1065 1171 1066 1180 η
1088 1157 1113 1178 et
1127 1152 1272 1179 Geminum
1284 1153 1402 1184 Cannae,
1420 1154 1535 1180 Venusia
1546 1153 1715 1184 Marcellum,
1732 1154 1819 1180 Latini
1833 1153 1881 1180 Al-

1088 1189 1196 1219 binum,
1216 1190 1314 1217 Lucani
1331 1190 1493 1217 Gracchum.
1533 1191 1604 1217 Num
1619 1191 1682 1225 quis
1692 1190 1787 1217 horum
1799 1191 1882 1217 miser

1089 1226 1186 1253 liodie‘?
1200 1228 1238 1253 Ne
1253 1232 1308 1254 tum
1321 1227 1432 1263 quidem
1444 1233 1503 1263 post
1513 1228 1638 1262 spiritum
1649 1232 1814 1254 extremum:
1832 1236 1880 1254 nec

1064 1281 1066 1289 ,
1087 1264 1159 1290 enim
1171 1269 1326 1299 potestesse
1337 1266 1419 1291 miser
1428 1265 1573 1300 quisquam
1585 1273 1666 1291 sensu
1677 1270 1824 1300 perempto.
1837 1266 1878 1292 90.

1064 1297 1066 1326 Ξ
1087 1301 1119 1327 At
1131 1301 1158 1327 id
1171 1302 1260 1336 ipsum
1271 1302 1394 1329 odiosum
1405 1308 1446 1329 est
1456 1304 1514 1329 sine
1525 1311 1606 1328 sensu
1616 1311 1729 1329 esse.—
1738 1302 1878 1333 Odiosum.

1087 1339 1110 1364 si
1123 1338 1148 1364 id
1160 1343 1231 1365 esset
1241 1348 1339 1366 carere.
1379 1339 1468 1372 Quum
1481 1348 1543 1366 vero
1554 1341 1728 1374 perspicuum
1744 1340 1793 1371 sit,
1811 1338 1880 1366 nihil

1064 1384 1065 1406 ι
1086 1384 1165 1410 posse
1179 1376 1206 1402 in
1218 1385 1249 1403 eo
1259 1385 1331 1407 esse,
1347 1378 1395 1412 qui
1407 1378 1464 1412 ipse
1476 1385 1527 1403 non
1539 1378 1587 1404 sit:
1604 1377 1670 1412 quid
1681 1381 1768 1411 potest
1781 1384 1840 1403 esse
1850 1377 1881 1403 in

1058 1412 1065 1447 κῇ
1086 1421 1117 1439 eo
1130 1413 1268 1445 odiosum,
1285 1415 1333 1449 qui
1345 1423 1393 1441 nec
1404 1419 1504 1445 careat,
1521 1422 1569 1440 nec
1579 1414 1692 1440 sentiat?
1711 1414 1879 1449 Quamquam

1088 1450 1137 1476 Iioc
1151 1450 1263 1485 quidem
1279 1453 1360 1478 nimis
1378 1460 1471 1487 saepe:
1493 1451 1541 1478 sed
1556 1460 1600 1481 eo.
1615 1451 1688 1486 quod
1703 1452 1730 1478 in
1746 1451 1796 1478 hoc
1811 1452 1881 1478 inest

1086 1488 1174 1514 omnis
1185 1489 1267 1515 animi
1278 1489 1422 1515 contractio
1432 1498 1466 1515 ex
1477 1494 1549 1516 metu
1561 1490 1663 1515 mortis.
1690 1488 1742 1521 Qui
1753 1489 1825 1515 enim
1837 1496 1881 1515 sa-

1087 1525 1120 1551 tis
1133 1524 1242 1557 viderit,
1259 1525 1287 1552 id
1297 1526 1370 1561 quod
1381 1532 1421 1553 est
1433 1526 1491 1552 luce
1505 1525 1618 1556 clarius,
1635 1527 1724 1553 animo
1734 1530 1760 1552 et
1769 1533 1879 1560 corpore

1085 1567 1246 1597 consumpto
1261 1568 1366 1598 totoque
1380 1564 1514 1590 animante
1528 1563 1628 1593 deleto,
1647 1568 1673 1590 et
1686 1563 1754 1590 facto
1770 1563 1878 1590 interitu

1064 1610 1065 1622 ι
1086 1600 1222 1630 universo,
1235 1600 1304 1626 illud
1315 1601 1424 1631 animal,
1437 1600 1509 1636 quod
1521 1600 1610 1631 fuerit,
1619 1600 1718 1627 factum
1729 1608 1788 1627 esse
1799 1599 1877 1631 nihil,

1064 1653 1065 1662 i
1087 1636 1110 1662 is
1121 1636 1199 1670 plane
1212 1638 1368 1672 perspiciet,
1386 1638 1454 1664 inter
1465 1638 1724 1672 Hippocentaurum,
1740 1638 1789 1673 qui
1800 1645 1881 1663 num-

1086 1682 1168 1708 quam
1184 1673 1277 1705 fuerit,
1293 1679 1318 1700 et
1330 1683 1419 1710 regem
1430 1675 1659 1710 Agamemnonem
1670 1674 1738 1701 nihil
1751 1676 1879 1701 interesse

1086 1719 1135 1736 nec
1145 1710 1231 1745 pluris
1243 1720 1314 1738 nunc
1325 1711 1410 1738 facere
1417 1712 1451 1737 M.
1459 1711 1602 1738 Camillum
1614 1711 1663 1738 hoc
1673 1711 1754 1738 civile
1765 1711 1877 1742 bellum,

1064 1765 1065 1772 ,
1085 1756 1166 1782 quam
1179 1756 1236 1783 ego,
1249 1748 1296 1775 illo
1306 1749 1377 1779 vivo,
1392 1748 1499 1775 fecerim
1506 1749 1615 1775 Romam
1626 1755 1741 1784 captam.
1762 1749 1816 1776 Cur
1827 1750 1880 1785 igi-

1087 1789 1130 1810 tur
1138 1790 1162 1811 et
1174 1784 1304 1812 Camillus
1315 1785 1424 1816 doleret,
1440 1787 1464 1812 si
1476 1786 1540 1812 haec
1552 1791 1611 1821 post
1622 1791 1752 1813 trecentos
1762 1791 1786 1812 et
1796 1788 1880 1821 quin—

1086 1822 1213 1857 quaginta
1224 1821 1278 1848 fere
1289 1831 1372 1849 annos
1384 1828 1511 1849 eventura
1523 1823 1645 1858 putaret?
1663 1829 1689 1850 et
1702 1832 1751 1859 ego
1762 1823 1876 1854 doleam,

1085 1859 1109 1885 si
1120 1859 1154 1885 ad
1163 1858 1256 1885 decem
1268 1859 1351 1886 millia
1363 1869 1494 1887 annorum
1505 1865 1612 1896 gentem
1627 1860 1746 1896 aliquam
1760 1859 1878 1897 urbe[m]

1086 1895 1223 1932 nostra[m]
1236 1898 1379 1931 potituram
1391 1897 1501 1932 putem?
1511 1897 1578 1930 Quia
1591 1903 1662 1924 tanta
1672 1899 1768 1924 caritas
1779 1898 1880 1932 patriae

1085 1938 1133 1963 est,
1145 1938 1174 1960 ut
1184 1942 1242 1960 eam
1253 1943 1305 1960 non
1317 1943 1398 1961 sensu
1410 1940 1512 1965 nostro,
1530 1935 1577 1961 sed
1589 1934 1675 1961 salute
1685 1936 1773 1970 ipsius
1785 1935 1880 1961 metia-

1086 1978 1155 1996 mur.
1196 1971 1344 1998 XXXVIII.
1369 1973 1411 1998 9⁴.
1436 1972 1527 2007 Itaque
1542 1980 1594 1998 non
1605 1972 1719 1998 deterret
1730 1973 1878 2007 sapientem

1064 2028 1065 2033 .
1086 2016 1170 2037 mors,
1192 2016 1261 2043 quae
1276 2014 1383 2043 propter
1397 2009 1512 2035 incertos
1522 2018 1602 2035 casus
1611 2009 1734 2044 quotidie
1745 2009 1877 2040 imminet,

1085 2050 1192 2080 propter
1203 2045 1361 2072 brevitatem
1373 2046 1444 2073 vitae
1455 2055 1604 2082 numquam
1616 2046 1693 2082 longe
1704 2051 1790 2081 potest
1799 2045 1878 2072 abes—

1063 2087 1065 2106 ÷
1085 2090 1127 2113 se,
1148 2090 1202 2117 quo
1217 2083 1308 2109 minus
1324 2083 1351 2109 in
1366 2092 1445 2110 omne
1459 2088 1566 2119 tempus
1581 2083 1746 2118 reipublicae
1765 2083 1878 2118 suisque

1063 2145 1065 2151 ,
1084 2119 1205 2146 consulat
1216 2125 1242 2146 et
1251 2121 1432 2154 posteritatem
1444 2121 1531 2156 ipsam
1539 2141 1545 2151 ,
1561 2121 1640 2147 cuius
1649 2129 1760 2146 sensum
1770 2119 1878 2146 habitu-

1085 2164 1131 2182 rus
1143 2164 1194 2183 non
1208 2158 1257 2187 sit,
1273 2157 1306 2183 ad
1318 2166 1346 2183 se
1356 2163 1431 2192 putet
1444 2159 1588 2193 pertinere.
1627 2157 1714 2190 Quare
1726 2156 1788 2184 licet
1796 2157 1877 2183 etiam

1062 2197 1064 2221 !
1085 2193 1222 2220 mortalem
1243 2202 1301 2220 esse
1317 2195 1452 2226 animum,
1475 2195 1639 2221 iudicantem
1656 2199 1762 2221 aeterna
1777 2193 1875 2224 moliri,

1085 2239 1136 2256 non
1150 2230 1252 2266 gloriae
1266 2231 1426 2266 cupiditate,
1448 2240 1531 2267 quam
1545 2240 1676 2258 sensurus
1691 2239 1744 2257 non
1759 2231 1807 2261 sit,
1829 2230 1878 2257 sed

1062 2267 1064 2288 l
1084 2268 1205 2299 virtutis,
1227 2276 1309 2303 quam
1325 2270 1476 2295 necessario
1490 2268 1589 2305 gloria,
1606 2270 1688 2296 etiam
1701 2269 1726 2294 si
1740 2272 1769 2294 tu
1785 2267 1812 2293 id
1823 2275 1875 2294 non

1062 2290 1064 2335 i
1083 2312 1155 2339 agas,
1171 2311 1360 2340 consequatur.
1395 2307 1495 2332 Natura
1506 2314 1569 2332 vero
1579 2307 1619 2332 sic
1629 2313 1658 2332 se
1669 2304 1758 2334 habet,
1771 2308 1809 2335 ut,
1823 2313 1877 2339 quo

1083 2341 1162 2368 modo
1178 2342 1286 2368 initium
1302 2343 1380 2370 nobis
1395 2351 1485 2369 rerum
1496 2343 1618 2369 omnium
1628 2346 1702 2368 ortus
1713 2346 1802 2367 noster
1812 2341 1878 2368 affe-

1083 2383 1130 2409 rat,
1138 2379 1177 2405 sic
1187 2380 1291 2406 exitum
1302 2389 1386 2413 mors;
1401 2385 1429 2406 ut
1441 2379 1509 2406 nihil
1520 2379 1649 2414 pertinuit
1659 2378 1693 2404 ad
1703 2386 1752 2404 nos
1762 2382 1822 2404 ante
1832 2387 1876 2405 or·

1061 2439 1063 2447 ,
1083 2420 1153 2446 tum,
1171 2416 1210 2442 sic
1224 2416 1293 2443 nihil
1308 2422 1368 2452 post
1383 2422 1494 2443 mortem
1507 2415 1662 2451 pertinebit.
1701 2415 1730 2441 In
1740 2423 1795 2449 quo
1807 2415 1875 2450 quid

1060 2460 1063 2482 t
1082 2457 1169 2487 potest
1183 2461 1242 2480 esse
1257 2454 1336 2485 mali,
1358 2463 1444 2489 quum
1459 2462 1530 2480 mors
1541 2461 1590 2479 nec
1600 2452 1634 2479 ad
1645 2453 1722 2478 vivos
1732 2452 1873 2486 pertineat,

1060 2490 1061 2494 ’
1083 2498 1131 2516 nec
1140 2489 1174 2516 ad
1185 2491 1322 2518 mortuos?
1332 2491 1415 2518 Alteri
1426 2490 1494 2517 nulli
1504 2494 1576 2521 sunt,
1587 2489 1682 2516 alteros
1694 2497 1747 2515 non
1756 2489 1873 2525 attingit.

1060 2517 1061 2559 ζ
1082 2528 1123 2553 9Ξ,
1136 2527 1222 2559 Quam
1233 2529 1281 2563 qui
1292 2527 1420 2555 leviorem
1431 2527 1540 2557 faciunt.
1548 2527 1636 2553 somni
1646 2525 1815 2552 simillimam
1826 2535 1874 2553 vo-

1060 2561 1061 2595 }
1083 2563 1140 2590 lunt
1155 2572 1227 2590 esse:
1250 2566 1328 2600 quasi
1343 2573 1407 2591 vero
1421 2564 1566 2599 quisquam
1581 2564 1617 2590 ita
1633 2563 1776 2598 nonaginta
1790 2571 1874 2590 annos

1060 2604 1061 2608 ¹
1082 2600 1147 2627 velit
1157 2601 1263 2632 vivere,
1277 2607 1319 2632 ut,
1335 2610 1420 2637 quum
1431 2601 1570 2636 sexaginta
1580 2600 1737 2631 confecerit,
1754 2599 1873 2635 reliquos

1059 2659 1061 2662 .
1081 2637 1204 2664 dormiat.
1245 2639 1283 2665 Ne
1293 2647 1357 2665 sues
1367 2637 1477 2673 quidem
1489 2637 1517 2663 id
1528 2637 1624 2669 velint,
1646 2646 1699 2664 non
1714 2637 1793 2664 modo
1803 2638 1871 2672 ipse.
