1941 3052
240 160 288 182 3116
809 155 848 178 28.
885 152 918 178 Μ.

238 233 342 261 tempus
361 226 499 260 exemplu.
542 226 636 251 I'umam
658 223 722 249 illud
747 232 843 248 unum:
869 223 898 248 (Σ.
919 222 1021 252 Getam,

237 274 321 299 (11111111
341 273 354 289 11
370 265 397 289 I..
415 262 518 289 Metello
531 268 555 287 et
570 264 616 287 1111.
634 262 745 286 Domitio
762 260 917 285 cvm-mribus
936 267 967 284 ex
982 267 1024 283 se-

239 307 299 328 natu
319 303 417 327 eiectus
435 304 516 328 essct,
541 307 674 324 censorem
695 298 781 330 ipsum
803 301 890 330 postea
909 305 967 320 esse
986 295 1024 321 fa-

237 344 322 364 vtum:
339 343 372 366 et,
388 339 465 362 cuius
481 345 565 361 mores
580 345 592 360 a
607 334 762 360 censoribus
776 338 849 358 erant
860 332 1022 366 reprehensi.
1044 342 1046 349 ’

239 376 308 401 1111111·
321 379 408 408 postea
419 379 443 399 et
454 373 544 408 populi
557 372 665 398 Itomani
680 376 705 396 et
719 379 819 400 eorum,
836 371 882 404 qui
895 371 920 396 in
934 370 1022 403 ipsum
1044 378 1045 403 ζ

237 412 341 438 auimml
347 415 482 439 verterant,
500 410 618 435 moribus
634 407 723 443 praesu
729 408 789 433 isse.

830 407 904 438 Quod
919 407 940 432 si
957 406 1023 432 illud
1044 422 1046 443 ¹.

238 449 365 475 indiviam
382 452 528 482 putaretur;
551 451 578 472 ut
591 446 683 475 ceteri,
700 445 768 478 turpi
785 444 883 470 iudicio
896 444 1021 474 damnati,
1044 446 1045 459 ³

238 487 263 512 in
287 489 443 519 perpetuum
467 484 538 509 omni
562 483 658 509 honore
681 491 709 507 ac
728 482 855 515 dignitate
875 482 1021 515 privantur,
1044 480 1045 485 ¹

237 524 274 548 1110
294 522 447 547 horninibus
466 520 609 555 ignominia
629 520 724 546 notatis
743 528 828 553 neque
847 519 878 544 ad
899 518 1022 544 honorem
1044 543 1046 552 7

236 560 323 585 aditus
339 567 423 592 neque
439 559 463 584 in
478 558 577 583 curiam
593 557 694 583 reditus
707 562 786 582 esset.
828 557 883 582 ⁴20.
900 556 984 583 Nunc.
1001 555 1023 580 si

235 605 314 631 (1110111
329 596 377 621 (’11.
395 595 498 621 Lentuli
517 599 562 621 aut
576 595 605 621 L.
621 594 700 621 Gellii
721 593 831 619 libertus
851 592 912 618 furti
927 592 1024 618 conde-

237 633 340 662 mnarit,
358 633 380 658 is
393 633 519 658 omnibus
533 632 694 658 ornamentis
708 631 815 656 amissis
830 638 976 665 numquam
992 629 1025 655 il-

237 670 286 696 lam
303 670 446 696 honestatis
460 678 524 695 suae
539 674 638 704 partem
653 668 832 703 recuperabit:
853 676 920 702 quos
935 672 1023 693 autem

237 708 292 742 ipsc
308 708 336 733 L.
353 707 456 733 Gellius
470 711 495 733 et
505 707 553 733 Cn.
566 706 705 736 Lentulus.
721 705 775 731 duo
785 714 916 735 censores,
932 704 1024 730 claris-

235 745 296 770 simi
312 744 375 774 viri.
395 744 641 779 sapientissimique
656 743 791 773 homines,
811 742 874 768 furti
893 747 919 768 et
936 746 1024 775 capta-

235 791 293 808 rum
309 782 481 816 pecuniarum
497 782 611 812 nomine,
628 784 797 810 notaverunt,
815 780 832 805 ii
848 788 898 806 non
910 779 987 805 modo
998 779 1023 804 in

234 823 357 845 senatum
373 819 516 849 redierunt,
533 818 580 844 sed
593 819 671 844 etiam
687 817 793 844 illarum
806 817 924 851 ipsarum
936 824 1023 842 rerum

235 856 343 883 iudiciis
361 855 476 882 absoluti
495 860 567 882 sunt.
608 856 698 881 XLIII.
725 855 863 880 Neminem
884 854 1025 879 voluerunt

235 894 348 920 maiores
363 893 444 919 nostri
457 902 506 919 non
518 893 595 919 modo
605 893 637 919 de
648 892 843 919 existimatione
852 892 1022 925 cuiusquam,

235 931 282 957 sed
301 939 333 957 ne
351 931 502 965 pecuniaria
521 930 630 965 quidem
649 930 681 956 de
700 938 727 955 rc
746 929 854 955 minima
873 938 931 954 esse
955 927 1025 954 iudi-

234 977 301 999 cem,
318 968 369 994 nisi
384 969 430 1002 qui
445 968 512 994 inter
526 968 690 994 adversarios
704 967 880 993 convenisset.
906 966 1025 1000 Quapro-

235 1010 293 1041 pter
311 1005 337 1032 in
355 1005 481 1032 omnibus
501 1005 619 1041 legibus,
644 1004 744 1039 quibus
762 1008 901 1038 exceptum
917 1007 968 1033 est,
993 1002 1025 1028 de

236 1043 338 1077 quibus
351 1043 454 1068 caussis
469 1047 513 1069 aut
527 1043 711 1078 magistratum
725 1050 817 1076 capere
833 1050 882 1067 non
895 1040 970 1066 liceat
980 1044 1025 1065 aut

208 1089 212 1096 ¹
236 1080 351 1106 iudicem
367 1079 418 1115 legi
432 1084 478 1106 aut
491 1080 602 1106 alterum
621 1087 756 1109 accusare,
783 1079 846 1104 haec
864 1078 1025 1113 ignominiae
1046 1104 1047 1111 ἵ

235 1126 328 1144 caussa
343 1117 528 1152 praetermissa
542 1121 590 1143 est.
613 1117 726 1143 Timoris
740 1116 810 1142 enim
825 1124 956 1146 caussam,
973 1123 1024 1140 non
1046 1118 1047 1135 ἰ

235 1155 305 1181 vitae
324 1163 434 1189 poenam
453 1155 480 1180 in
499 1154 544 1181 illa
563 1159 690 1189 potestate
704 1162 762 1179 esse
777 1152 926 1179 voluerunt.
966 1153 1023 1178 121.

235 1192 326 1227 Itaque
340 1200 392 1218 non
405 1191 502 1222 solum,
519 1192 629 1222 iudices,
646 1191 714 1218 illud
727 1190 874 1221 ostendam,
889 1190 961 1225 quod
973 1190 1024 1215 iam

235 1229 345 1260 videtis,
366 1229 458 1264 populi
477 1229 587 1255 Romani
605 1229 737 1264 suffragiis
756 1236 947 1262 saepenumero
963 1236 1026 1253 cen-

235 1267 318 1293 sorias
333 1267 543 1300 subscriptiones
557 1275 615 1292 esse
629 1266 738 1296 deletas.
755 1274 846 1291 verum
861 1265 940 1291 etiam
954 1264 1026 1290 iudi-

234 1304 283 1329 ciis
298 1312 403 1333 eorum,
423 1304 471 1338 qui
490 1304 568 1330 iurati
583 1308 697 1330 statuere
711 1303 810 1329 maiore
823 1311 884 1329 cum
899 1302 1025 1337 religione

234 1345 260 1367 et
273 1340 411 1376 diligentia
424 1340 584 1367 debuerunt.
624 1341 744 1367 Primum
760 1340 876 1371 iudices,
892 1344 1025 1365 senatores

234 1378 393 1412 equitesque
411 1378 521 1404 Romani
540 1379 566 1404 in
585 1377 770 1412 compluribus
792 1378 844 1403 iam
868 1377 933 1407 reis,
957 1384 1026 1411 quos

235 1419 322 1441 contra
339 1415 411 1450 leges
425 1415 552 1450 pecunias
567 1416 670 1450 cepisse
688 1415 870 1449 subscriptum
890 1418 942 1445 est,
962 1421 1026 1440 suae

235 1453 323 1487 potius
337 1452 472 1487 religioni,
488 1461 569 1487 quam
583 1461 723 1479 censorum
737 1452 856 1486 opinioni
871 1455 1024 1486 paruerunt.

234 1489 333 1515 Deinde
348 1494 479 1524 praetores
494 1490 602 1521 urbani,
622 1491 669 1525 qui
688 1490 766 1516 iurati
784 1489 882 1515 debent
894 1490 1025 1523 optimum

234 1535 370 1561 quemque
385 1527 411 1552 in
426 1526 536 1553 selectos
556 1527 658 1554 iudices
676 1526 787 1557 referre,
807 1535 955 1562 numquam
973 1525 1026 1552 sibi

234 1564 267 1590 ad
286 1573 343 1590 eam
357 1573 413 1590 rem
427 1565 574 1591 censoriam
589 1565 762 1600 ignominiam
777 1563 969 1599 impedimento
984 1572 1027 1589 05-

234 1610 263 1628 se
281 1605 399 1636 oportere
417 1601 561 1628 duxerunt.
603 1603 660 1628 ⁴22.
685 1602 813 1628 Censores
835 1601 952 1636 denique
973 1600 1026 1634 ipsi

235 1647 426 1673 saepenumero
443 1639 612 1673 superiorum
631 1647 771 1665 censorum
791 1638 898 1665 iudiciis
921 1638 954 1673 (si
977 1638 1026 1663 ista

235 1675 334 1702 iudicia
351 1675 479 1710 appellari
493 1676 586 1711 vultis)
603 1685 656 1702 non
669 1680 807 1702 steterunt.
846 1675 933 1710 Atque
947 1675 1026 1701 etiam

235 1713 288 1748 ipsi
307 1713 375 1739 inter
392 1721 420 1739 se
433 1722 556 1739 censores
571 1722 620 1739 sua
633 1713 731 1739 iudicia
746 1713 810 1739 tanti
825 1721 883 1739 esse
896 1712 1027 1738 arbitran-

235 1754 291 1781 tur,
311 1755 340 1776 ut
358 1749 423 1776 alter
441 1750 550 1777 alterius
569 1751 699 1777 iudicium
718 1758 769 1776 non
789 1749 866 1776 modo
884 1749 1027 1784 reprelien-

235 1787 293 1817 dat,
313 1787 361 1813 sed
374 1788 453 1813 etiam
468 1787 615 1814 rescindat:
639 1792 668 1814 ut
685 1787 751 1814 alter
768 1787 800 1813 de
818 1792 911 1813 senatu
926 1786 1025 1813 moveri

236 1824 308 1854 velit,
325 1823 390 1850 alter
403 1825 515 1851 retineat
528 1830 553 1851 et
566 1825 659 1851 ordine
673 1824 840 1859 amplissimo
853 1824 965 1859 dignum
980 1832 1027 1850 ex-

234 1862 349 1888 istimet:
370 1866 400 1887 ut
417 1861 482 1888 alter
499 1862 526 1888 in
545 1863 659 1888 aerarios
677 1861 768 1888 referri
782 1866 827 1887 aut
841 1861 911 1887 tribu
926 1861 1026 1887 moveri

235 1898 339 1929 iubeat,
360 1898 425 1925 alter
439 1903 518 1925 vetet.
558 1899 644 1931 Quare
657 1899 705 1934 qui
720 1898 795 1925 vobis
810 1899 836 1925 111
851 1903 966 1924 mentem
981 1907 1027 1924 ve-

237 1935 377 1967 nit,-haec
395 1936 528 1970 appellare
546 1937 658 1967 iudicia,
684 1944 752 1971 quae
769 1944 784 1962 a
798 1935 896 1970 populo
910 1937 1027 1962 Romano

236 1972 360 2003 rescindi.
377 1973 410 1999 ab
423 1974 517 2000 iuratis
532 1973 667 2000 iudicibus
682 1973 825 2008 repudiari,
841 1982 856 1999 a
866 1973 1028 2009 magistrati-

237 2010 288 2036 bus
305 2009 419 2046 negligi,
440 2010 473 2036 ab
492 2011 540 2042 iis,
560 2011 607 2046 qui
625 2010 745 2037 eamdem
764 2015 920 2045 potestatem
939 2010 1027 2044 adepti

235 2051 307 2078 sunt,
323 2048 490 2078 commutari,
507 2048 574 2074 inter
587 2047 702 2083 collegas
715 2048 865 2082 discrepare
880 2047 1010 2074 videatis?

291 2084 382 2111 XLIV.
400 2086 457 2112 ¹23.
476 2084 549 2117 Quae
562 2094 646 2120 quum
662 2086 696 2111 ita
710 2085 776 2116 siut,
793 2085 945 2116 videamus,
960 2084 1027 2120 quid

237 2121 343 2148 tandem
357 2130 479 2149 censores
493 2122 526 2149 de
540 2122 586 2149 illo
601 2122 699 2149 iudicio
710 2127 833 2157 corrupto
843 2122 976 2148 iudicasse
986 2122 1028 2148 di-

235 2163 338 2185 cantur.
377 2158 415 2186 Ac
433 2159 550 2194 primum
569 2159 638 2186 illud
655 2164 816 2190 statuamus,
841 2164 944 2190 utrum,
965 2160 1028 2194 quia

235 2204 359 2222 censores
376 2196 598 2232 subscripserint,
619 2197 654 2223 ita
672 2197 719 2227 sit.
740 2206 786 2228 an.
806 2197 869 2232 quia
888 2197 922 2222 ita
938 2196 1026 2228 fuerit,

236 2232 276 2259 illi
290 2233 508 2268 subscripserint.
549 2234 577 2261 Si
592 2234 659 2265 ideo,
675 2235 737 2269 quia
752 2234 970 2269 subscripserint,
987 2235 1028 2260 vi-

235 2270 304 2301 dete,
320 2271 387 2305 quid
400 2272 493 2307 agatiS,
508 2280 541 2298 110
555 2272 582 2298 111
594 2281 678 2298 unum
689 2280 824 2306 quemque
836 2276 956 2298 nostrum
966 2280 1028 2298 cen-

236 2307 343 2334 soribus
362 2308 388 2334 in
407 2313 543 2343 posterum
562 2313 718 2343 potestatem
736 2310 836 2344 regiam
854 2309 1026 2344 permittatis:

236 2353 269 2370 ne
286 2345 449 2380 subscriptio
466 2347 585 2372 censoria
603 2355 654 2373 non
673 2347 765 2372 minus
783 2346 939 2372 calamitatis
961 2346 1029 2373 civi-

236 2381 297 2412 bus,
313 2391 394 2417 quam
407 2382 453 2409 illa
466 2383 641 2410 acerbissima
654 2384 812 2419 proscriptio
826 2385 910 2419 possit
920 2383 1025 2410 afferre:

237 2427 269 2444 ne
283 2420 434 2446 censorium
448 2420 555 2452 stilum,
575 2422 653 2447 cuius
667 2429 821 2447 mucronem
836 2421 928 2447 multis
942 2429 1028 2447 reme-

237 2455 289 2481 diis
307 2457 419 2483 maiores
437 2458 520 2484 nostri
539 2458 708 2489 retuderunt,
727 2466 811 2493 aeque
825 2458 934 2493 posthac
948 2463 1027 2492 atque

237 2491 314 2518 illum
329 2493 496 2521 dictatorium
510 2495 631 2531 gladium
644 2495 874 2530 pertimescamus.
906 2497 964 2523 ⁴24.
979 2495 1027 2522 Sin

238 2533 335 2560 autem,
351 2531 423 2564 quod
435 2532 619 2567 subscriptum
633 2537 682 2563 est,
697 2533 762 2567 quia
775 2541 869 2559 verum
883 2537 931 2564 est,
947 2532 1028 2560 idcir-

238 2573 269 2591 co
281 2574 360 2600 grave
373 2567 452 2594 debet
464 2577 536 2596 esse:
562 2570 612 2596 1100
624 2578 799 2605 quaeramus,
820 2578 913 2596 verum
927 2570 975 2600 sit,
994 2578 1028 2596 an

239 2602 351 2644 falsum:
371 2611 556 2633 removeantur
569 2607 735 2633 auctoritates
748 2607 896 2633 censoriae:
921 2606 1028 2633 tollatur

238 2639 266 2665 111
280 2648 313 2666 011
326 2649 429 2672 caussa,
444 2643 516 2677 quod
526 2643 553 2669 in
564 2652 658 2670 caussa
669 2652 720 2670 non
730 2648 784 2670 est:
799 2643 872 2674 doce,
887 2652 969 2678 quam
981 2652 1029 2678 pe-

239 2677 346 2704 cuniam
360 2677 498 2706 Cluentius
511 2680 626 2712 dederit,
642 2680 713 2708 unde
725 2680 837 2712 dederit,
852 2681 1028 2716 (1110111311ωο-
1048 2701 1050 2711 ,

953 152 982 177 Τ.
1016 150 1288 177 CICERONIS

1075 222 1138 247 dum
1153 221 1267 251 dederit:
1294 229 1376 247 unum
1391 220 1506 256 denique
1520 222 1626 257 aliquod
1640 231 1654 248 ο
1668 222 1790 249 Cluentio
1803 232 1864 258 pro-

1077 258 1156 284 fectae
1180 259 1306 292 pecuniae
1331 259 1473 293 vestigium
1495 260 1613 286 ostende.
1655 260 1734 286 Vince
1755 260 1861 291 deinde,

1077 297 1162 321 virum
1175 295 1272 321 bonum
1285 295 1559 330 fuisse()ppianicun1,
1572 297 1706 323 hominem
1718 299 1861 333 integrum,

1076 332 1142 358 1111111
1157 332 1190 358 de
1204 332 1250 358 illo
1265 341 1392 366 umquam
1406 341 1483 359 aecus
1502 342 1560 360 011110
1579 334 1774 364 cirinum-tum.
1795 334 1863 361 1111111

1075 370 1192 404 denique
1206 370 1426 404 praeiudicatum.
1447 371 1514 397 Tum
1529 372 1708 397 auctoritatem
1722 380 1863 398 censorum

1075 406 1238 440 amplexato:
1255 411 1310 433 tum
1326 407 1432 433 illorum
1443 407 1572 434 iudicium
1583 417 1643 434 cum
1656 417 1682 434 re
1691 409 1862 435 coniunctum

1075 453 1133 469 esse
1144 443 1288 470 defendite.
1311 446 1366 470 ⁴25.
1375 444 1441 470 Dum
1454 453 1514 471 vero
1524 454 1586 471 eum
1597 445 1862 480 tuisscOppianicum

1075 481 1218 509 constabit.
1242 482 1288 516 qui
1308 481 1411 507 tabulas
1431 482 1552 516 publicas
1567 483 1706 517 municipii
1721 492 1800 509 manu
1816 492 1863 509 sua

1074 518 1224 552 corrupisse
1239 518 1371 544 iudicatus
1385 519 1432 544 ait:
1452 520 1499 553 qui
1519 524 1704 546 testamentum
1724 520 1865 547 1111011ον0-

1076 555 1121 581 rit:
1137 556 1197 590 qui,
1213 556 1352 590 supposita
1368 564 1488 590 persona,
1504 556 1601 583 falsum
1617 562 1802 584 testamentum
1816 557 1865 584 ob-

1075 592 1236 625 signandum
1251 594 1362 619 curarit:
1382 594 1428 627 qui
1443 602 1518 623 eum,
1538 594 1617 620 cuius
1632 594 1737 620 nomine
1752 594 1778 620 id
1791 594 1865 621 obni-

1075 634 1184 664 gnatum
1199 635 1251 660 est,
1272 630 1442 656 interfecerit:
1467 631 1513 665 qui
1532 631 1695 657 avunculum
1714 630 1761 657 filii
1780 632 1822 658 sui
1837 632 1864 658 in

1075 668 1203 693 servitute
1221 676 1250 693 ac
1270 667 1384 693 vinculis
1403 669 1547 694 necaverit:
1571 669 1619 703 qui
1639 669 1787 703 municipes
1801 677 1864 695 suos

1076 704 1276 738 proscribendos
1290 704 1502 740 occidendosque
1512 706 1658 732 curaverit:
1673 706 1719 740 qui
1729 706 1788 732 eius
1799 714 1865 732 uxo-

1075 750 1144 771 rem,
1164 750 1245 776 quem
1259 742 1402 772 occiderat,
1419 742 1446 768 in
1460 743 1658 769 matrimonium
1672 742 1792 769 duxerit:
1816 743 1864 778 qui

1076 780 1215 813 pecuniam
1239 788 1286 813 pro
1307 779 1442 805 abortione
1463 780 1580 806 dederit:
1604 781 1651 815 qui
1673 789 1792 810 socrum.
1816 781 1865 815 qui

1077 825 1184 847 uxores,
1200 817 1247 851 qui
1259 825 1312 842 uno
1326 821 1442 851 tempore
1457 817 1544 843 fratris
1559 826 1676 847 uxorem.
1693 822 1866 852 speratosque

1077 853 1186 884 liberos,
1206 853 1367 889 fratremque
1381 855 1484 889 ipsum,
1499 855 1546 889 qui
1560 855 1676 889 denique
1690 863 1753 881 suos
1768 854 1866 881 liberos

1076 890 1248 917 interfecerit:
1265 891 1322 925 qui.
1337 900 1422 926 quum
1438 900 1569 918 venenum
1585 892 1708 927 privigno
1721 900 1770 918 suo
1783 900 1866 927 quat.h

1075 933 1151 958 reret,
1165 928 1305 954 manifesto
1315 929 1350 954 sit
1360 928 1557 963 deprehensus:
1572 930 1650 955 cuius
1662 929 1791 955 ministris
1802 938 1866 955 con-

1075 966 1192 1000 sciisque
1210 965 1354 996 damnatis.
1375 967 1433 1001 ipse
1451 966 1582 993 adductus
1600 967 1626 993 in
1641 966 1771 993 iudicium
1786 974 1866 1001 pecu-

1077 1003 1146 1029 niam
1166 1002 1247 1029 iudiei
1266 1003 1368 1029 dederit
1386 1003 1418 1029 ad
1437 1005 1582 1030 sententias
1604 1004 1724 1030 iudicum
1747 1012 1867 1030 corrum-

1077 1040 1190 1074 pendas;
1206 1040 1270 1066 dum
1282 1040 1354 1070 haec.
1368 1041 1487 1075 inquam,
1498 1041 1531 1067 de
1541 1041 1688 1076 Oppianico
1696 1040 1864 1071 constabunt,

1076 1086 1124 1104 nec
1142 1077 1197 1104 ullo
1215 1082 1371 1112 argumento
1385 1078 1555 1105 Cluentianae
1574 1079 1701 1113 pecuniae
1713 1078 1814 1104 crimen
1829 1082 1867 1104 te-

1076 1115 1197 1141 nebitur:
1221 1115 1286 1149 quid
1306 1120 1358 1145 est.
1379 1115 1451 1150 quod
1467 1121 1490 1142 te
1505 1117 1553 1142 ista
1567 1116 1685 1142 censoria
1699 1116 1758 1142 sive
1771 1114 1868 1142 volun-

1076 1156 1115 1178 tas
1133 1152 1190 1178 sive
1207 1153 1296 1187 opinio
1314 1152 1439 1179 adiuvare
1453 1158 1498 1179 aut
1513 1153 1583 1180 1111110
1597 1154 1763 1180 innocentem
1777 1153 1867 1187 oppri-

1076 1198 1147 1216 mere
1161 1198 1238 1224 posse
1254 1189 1392 1216 videatur‘?
1423 1190 1502 1217 XLV.
1521 1192 1576 1217 ⁴26.
1595 1190 1666 1222 Quid
1680 1190 1762 1226 igitur
1774 1198 1868 1217 censo-

1076 1235 1118 1253 res
1135 1227 1218 1253 secuti
1237 1226 1318 1253 sunt?
1344 1235 1376 1253 ne
1395 1228 1447 1262 ipsi
1465 1228 1589 1262 quidem,
1610 1232 1639 1254 ut
1653 1227 1812 1263 gravissime
1825 1227 1868 1253 di-

1075 1268 1144 1295 cant,
1159 1264 1308 1299 quidquam
1322 1264 1395 1290 aliud
1408 1264 1496 1291 dicent
1510 1270 1612 1300 praeter
1625 1273 1774 1291 sermonem
1788 1268 1868 1299 atque

1077 1301 1184 1328 famam.
1225 1301 1296 1328 Niliil
1311 1310 1340 1328 se
1355 1302 1481 1333 testibus,
1501 1302 1568 1328 1111111
1583 1302 1695 1332 tabulis,
1712 1301 1778 1328 nihil
1792 1302 1867 1337 gravi

1076 1339 1167 1374 aliquo
1179 1343 1336 1374 argumento
1349 1340 1525 1374 comperisse,
1541 1339 1609 1366 nihil
1623 1339 1753 1374 denique,
1773 1347 1867 1365 caussa

1075 1376 1189 1412 cognita,
1205 1376 1331 1402 statuisse
1344 1376 1441 1403 dicent.
1463 1376 1539 1409 Quod
1549 1376 1572 1403 si
1584 1377 1619 1403 ita
1631 1376 1763 1406 fecissent.
1780 1380 1868 1403 tamen

1076 1414 1103 1441 id
1118 1422 1170 1440 non
1183 1414 1218 1440 ita
1233 1413 1316 1440 fixum
1330 1422 1389 1440 esse
1402 1413 1518 1446 deberet,
1535 1419 1564 1441 ut
1575 1413 1691 1441 convelli
1704 1422 1756 1440 non
1767 1413 1867 1439 liceret.

1077 1452 1135 1477 Non
1149 1456 1208 1477 utar
1221 1450 1405 1486 exemplorum
1418 1452 1508 1486 copia,
1528 1459 1596 1487 quae
1614 1459 1720 1478 summa
1737 1455 1790 1481 est.
1815 1459 1868 1478 non

1077 1497 1132 1515 rem
1152 1493 1280 1519 veterem,
1305 1497 1356 1515 non
1375 1488 1510 1515 1101111110111
1529 1493 1662 1524 potentem
1683 1487 1801 1523 aliquem
1822 1492 1870 1514 aut

1076 1526 1222 1562 gratiosum
1236 1525 1376 1560 proferam.
1417 1527 1508 1561 Nuper
1521 1526 1656 1553 hominem
1671 1530 1786 1555 tenuem,
1802 1525 1869 1551 scri-

1077 1564 1139 1590 bam
1157 1563 1324 1594 aedilicium,
1343 1563 1374 1589 D.
1394 1563 1561 1595 Matrinium,
1585 1571 1670 1598 quum
1687 1562 1868 1590 defendissem

1079 1600 1151 1635 apud
1164 1601 1200 1626 M.
1211 1601 1328 1631 lunium.
1344 1600 1376 1632 Q.
1391 1600 1543 1627 Publicium
1558 1605 1691 1636 praetores
1704 1604 1730 1626 et
1742 1600 1778 1626 M.
1794 1599 1869 1626 Plae-

1078 1638 1188 1668 torium.
1209 1637 1239 1664 C.
1254 1637 1417 1664 Flaminium
1434 1637 1534 1664 aediles
1551 1637 1673 1664 curules:
1693 1637 1824 1672 persuasi.
1840 1640 1869 1663 ut

1077 1675 1193 1702 scribam
1206 1674 1285 1701 iurati
1300 1674 1418 1710 legerent
1431 1683 1506 1705 eum,
1526 1683 1607 1710 quem
1621 1674 1703 1701 iidem
1717 1674 1762 1700 isti
1775 1682 1870 1700 censo-

1078 1721 1119 1739 res
1133 1711 1264 1738 aerarium
1279 1711 1421 1746 reliquisse
1434 1712 1662 1747 subscripserunt.
1692 1711 1782 1744 Quum
1796 1711 1869 1737 enim

1078 1750 1105 1776 in
1119 1749 1226 1776 1101111110
1240 1748 1313 1775 1111113
1327 1748 1405 1783 culpa
1419 1749 1592 1784 reperiretur:
1611 1748 1677 1784 quid
1695 1748 1741 1775 ille
1754 1748 1870 1775 meruis-

1077 1791 1126 1818 set,
1142 1795 1194 1813 non
1208 1786 1274 1821 quid
1288 1785 1321 1812 de
1334 1794 1365 1813 00
1378 1791 1508 1812 statutum
1522 1791 1600 1817 esset,
1616 1785 1800 1821 quaerendum
1810 1793 1869 1812 ωδε

1077 1824 1222 1850 duxerunt.
1263 1824 1320 1850 ⁴27.
1340 1824 1407 1850 Nam
1421 1823 1485 1850 haec
1498 1823 1622 1858 quidem,
1641 1831 1710 1858 quae
1723 1823 1757 1849 de
1770 1822 1870 1849 iudicio

1078 1865 1201 1896 corrupto
1219 1860 1450 1895 subscripserunt,
1470 1862 1532 1896 quis
1551 1866 1604 1892 est,
1623 1861 1672 1896 qui
1690 1860 1724 1886 ab
1736 1859 1791 1886 illis
1803 1860 1869 1886 satis

1077 1899 1182 1935 cognita
1196 1902 1222 1924 et
1235 1897 1377 1933 diligenter
1389 1898 1504 1924 iudicata
1513 1897 1672 1925 arbitretur?
1684 1897 1713 1924 ln
1723 1895 1870 1932 M'.Aqui1-

1079 1936 1145 1962 lium
1159 1940 1185 1962 et
1198 1936 1225 1961 in
1240 1935 1270 1961 T.
1286 1936 1395 1962 Guttam
1409 1935 1488 1962 video
1499 1943 1559 1962 esse
1571 1935 1765 1970 subscriptum.
1798 1933 1869 1966 Quid

1078 1978 1118 2000 est
1131 1972 1198 1999 11οοῖ
1211 1972 1278 1999 duos
1293 1981 1351 1999 esse
1364 1977 1502 2008 corruptos
1515 1972 1586 2000 solos
1599 1971 1730 2008 pecunia?
1740 1971 1813 2004 Quid
1824 1979 1870 1998 ce-

1079 2009 1144 2037 teri‘?
1169 2009 1294 2036 videlicet
1310 2010 1393 2046 gratis
1411 2010 1630 2037 condemnarunt.
1661 2010 1719 2036 Non
1732 2013 1774 2035 est
1786 2009 1870 2044 igitur

1077 2048 1290 2078 circumventus,
1315 2056 1368 2074 non
1381 2052 1422 2074 est
1438 2056 1583 2082 oppressus
1601 2047 1726 2082 pecunia,
1750 2054 1815 2077 non.
1839 2050 1870 2073 ut

1078 2085 1139 2111 illae
1149 2084 1308 2117 Quintianae
1317 2085 1457 2111 conciones
1469 2085 1642 2115 habebantur,
1650 2092 1752 2114 omnes,
1760 2082 1869 2118 quiOp-

1079 2123 1215 2157 pianicum
1229 2122 1447 2153 condemnarunt.
1462 2122 1490 2148 111
1504 2121 1583 2157 0111113
1596 2126 1661 2148 sunt
1673 2129 1702 2148 ac
1715 2120 1869 2155 suspicione

1078 2160 1204 2195 ponendi.
1230 2160 1302 2186 Duos
1315 2159 1386 2186 solos
1399 2159 1477 2186 video
1489 2159 1643 2185 auctoritate
1656 2166 1796 2185 censorum
1811 2157 1870 2184 affi-

1080 2206 1127 2223 nes
1141 2197 1165 2223 ei
1179 2196 1341 2231 turpitudini
1351 2196 1473 2223 iudicari.
1494 2197 1548 2223 Aut
1557 2196 1625 2222 illud
1635 2195 1752 2226 afferant,
1765 2194 1869 2230 aliquid

1079 2243 1146 2265 sese,
1165 2234 1239 2269 quod
1256 2234 1289 2260 de
1307 2234 1341 2260 iis
1355 2233 1461 2260 duobus
1476 2233 1617 2260 habuerint
1630 2237 1811 2267 compertum,
1835 2231 1869 2258 de

1078 2272 1172 2298 ceteris
1186 2280 1239 2298 non
1249 2271 1261 2284 *
1274 2271 1447 2305 comperisse.
1469 2271 1558 2297 XLVI.
1573 2272 1630 2297 ⁴28.
1646 2271 1712 2296 Nam
1725 2268 1794 2296 illud
1807 2269 1870 2304 qui-

1078 2309 1139 2335 dem
1154 2309 1264 2335 minime
1279 2308 1444 2343 probandum
1459 2313 1507 2339 est,
1522 2307 1556 2334 ad
1570 2307 1716 2334 notationes
1729 2306 1869 2333 auctorita—

1079 2351 1186 2381 temque
1208 2346 1355 2372 censoriam
1377 2345 1532 2380 exemplum
1554 2344 1615 2371 illos
1638 2353 1653 2370 a
1675 2343 1869 2370 consuetudine

1079 2383 1189 2410 militari
1203 2382 1381 2410 transtulisse.
1403 2383 1558 2409 Statuerunt
1571 2383 1643 2408 enim
1653 2382 1689 2408 ita
1699 2381 1811 2407 maiores
1820 2389 1870 2407 no-

1078 2421 1138 2452 stri,
1159 2425 1202 2452 ut,
1222 2421 1246 2447 si
1264 2429 1279 2446 a
1297 2420 1390 2446 multis
1408 2424 1478 2446 esset
1490 2418 1620 2455 flagitium
1634 2419 1671 2445 rei
1685 2417 1808 2444 militaris
1821 2416 1869 2444 ad-

1078 2459 1206 2490 missum,
1222 2458 1358 2484 sortitione
1371 2457 1399 2483 in
1412 2456 1543 2492 quosdam
1556 2456 1823 2482 animadverteretur:
1839 2459 1868 2481 ut

1078 2500 1165 2522 metus
1179 2494 1303 2522 videlicet
1315 2494 1349 2520 ad
1361 2503 1466 2525 omnes,
1487 2502 1572 2528 poena
1585 2493 1618 2520 ad
1632 2501 1730 2528 paucos
1743 2491 1868 2527 perveni-

1077 2537 1126 2559 ret.
1159 2532 1236 2564 Quod
1249 2532 1320 2558 idem
1335 2531 1419 2558 facere
1432 2539 1556 2557 censores
1569 2531 1598 2557 in
1610 2530 1715 2557 delectu
1728 2529 1866 2565 dignitatis

1077 2574 1103 2596 et
1120 2570 1148 2596 in
1165 2569 1265 2596 iudicio
1281 2569 1382 2595 civium
1400 2573 1425 2594 et
1442 2568 1470 2594 in
1491 2567 1722 2594 aniinadversione
1738 2566 1865 2593 vitiorum

1077 2607 1125 2642 qui
1138 2605 1280 2633 convenit?
1296 2606 1363 2632 Nam
1377 2605 1464 2636 miles,
1479 2605 1527 2640 qui
1542 2605 1629 2632 locum
1642 2613 1696 2631 non
1710 2603 1802 2633 tenuit,
1817 2603 1866 2638 qui

1077 2643 1196 2670 hostium
1217 2643 1348 2678 impetum
1371 2643 1482 2677 vimque
1506 2643 1656 2677 pertimuit,
1683 2645 1770 2676 potest
1793 2639 1866 2666 idem

1077 2685 1170 2716 postea
1183 2685 1209 2708 et
1221 2680 1300 2707 miles
1313 2688 1374 2706 esse
1387 2679 1480 2707 melior
1493 2684 1518 2706 et
1532 2680 1573 2706 vir
1585 2680 1672 2707 bonus
1689 2682 1716 2706 et
1730 2677 1799 2705 civis
1813 2677 1866 2704 uti-
