1941 3052
244 148 291 172 (l‘st)
821 145 859 167 ¹38.
895 142 917 167 M
924 161 929 167 .
964 141 993 167 Τ.

246 221 345 242 vestrm·
362 224 438 250 posse
452 214 596 240 (tumidum.
642 214 695 238 ¹:33.
716 212 781 243 Quis
795 212 865 237 enim
881 211 913 237 de
928 211 1035 237 bomine

244 253 339 279 nudent
358 253 447 286 puullo
465 251 610 277 iunioribus
625 249 721 283 opibus
736 249 854 283 praedito
869 257 929 274 vere
943 253 968 274 et
983 247 1035 274 for-

245 292 304 316 titer
319 290 447 318 iudicare,
473 297 556 322 (μιιιιιι
575 286 673 316 vult-at,
690 286 740 311 stibi
756 286 788 311 dt·
803 294 841 315 co,
858 285 929 320 quod
944 284 1036 311 coierit

244 332 288 353 uut
303 327 473 355 consumserit,
490 333 610 349 trutissant
625 332 683 348 css«-
697 322 855 349 dicendam?
880 322 942 348 Lvt.
959 321 980 348 O
995 322 1035 348 vi·
1062 347 1063 354 ἵ

1062 363 1063 374 ³
1087 359 1113 385 in
1128 359 1247 385 omnium
1263 359 1389 394 periculis
1403 358 1588 387 defendendis.

1062 410 1063 415 =
1086 405 1167 431 quam
1183 396 1330 431 periculosa
1345 401 1370 423 et
1383 405 1463 431 quam
1479 397 1579 424 infinita
1590 398 1712 433 quaestio
1722 403 1836 425 tentetur
1845 399 1879 425 ab

245 374 286 390 ros
306 364 397 393 fortes,
418 363 520 396 equites
536 362 679 389 ltomanos,
699 360 746 394 qui
767 360 867 386 bomini
887 359 1035 385 clarissimo

244 411 272 427 ut·
288 400 483 435 potentissimo,
510 398 543 423 M.
562 398 656 426 Druso.
683 397 790 422 tribuno
804 396 904 431 plebis,
931 396 1034 422 restite-

245 443 316 466 runt,
337 446 421 471 quum
443 435 486 461 ille
506 434 571 461 nibil
591 434 663 459 uliud
682 438 771 467 ageret
789 442 849 460 cum
870 432 915 460 illa
929 438 1032 463 cuneta,
1062 461 1063 471 ἵ

242 484 310 509 «pino
325 479 380 500 tum
395 478 462 502 erat,
484 471 633 501 nobilitate,
654 471 705 497 nisi
726 471 777 501 uti,
798 471 844 506 qui
864 480 905 497 res
920 470 1036 497 iudicas-

243 516 313 541 sent,
341 509 523 536 huiuscemodi
543 509 746 543 quaestionibus
766 508 792 534 in
812 508 942 534 iudicium
959 516 1035 534 voca-

244 553 342 575 rentur.
383 548 457 573 Tunc
476 547 504 572 (J.
526 545 634 572 Flavius
655 546 746 576 l'usio,
768 546 815 572 Cn.
837 545 984 575 Titinnius.
1004 545 1032 571 C.

244 586 388 615 Maecenas,
405 584 449 610 illa
464 583 556 609 robora
572 583 663 618 populi
680 583 798 613 Romani,
815 583 948 617 ceterique
962 582 1035 609 eius·

242 623 301 648 dem
316 622 430 652 ordinis,
455 630 506 647 non
521 620 640 646 fecerunt
655 620 737 651 idem,
762 620 833 655 quod
853 629 923 646 nunc
937 619 1035 646 Cluen-

243 661 308 689 tius,
331 664 359 684 ut
377 659 479 693 aliquid
497 657 591 692 culpae
610 658 745 692 suscipere
764 666 792 683 se
816 662 939 692 putarent
958 665 1034 683 recu·

241 697 336 728 sendo,
357 696 404 722 sed
419 696 586 730 apertissime
601 700 796 731 repugnarunt,
816 703 900 730 quum
916 695 980 721 haec
994 703 1035 720 rc-
1054 720 1056 728 ,

239 738 363 760 cusat-ent
380 738 405 760 et
424 733 509 767 palam
532 732 674 759 fortissime
693 737 771 767 atque
792 733 979 758 honestissime
993 731 1034 757 di-
1054 736 1055 743 ¹

240 776 341 802 cerent,
362 780 390 797 se
405 771 523 805 potuisse
539 770 636 796 indu-io
651 770 742 805 populi
759 770 867 796 ltomani
882 770 909 796 in
923 768 1034 804 amplis-
1054 781 1055 788 .

240 809 340 835 simum
361 808 447 834 locuni
468 808 619 842 pervenire,
646 807 668 833 si
686 816 735 833 sua
753 807 842 833 studia
865 807 897 833 ad
921 807 1033 834 bonores
1054 828 1055 834 .

241 846 367 881 petendos
381 845 499 871 conferre
515 844 675 871 voluissent:
696 853 754 870 sese
770 844 878 875 vidisse,
895 845 921 871 in
936 853 964 870 ea
981 844 1032 870 vita

239 883 328 918 qualis
342 882 468 917 splendor
483 883 593 913 inesset,
610 886 708 917 quanta
723 887 888 913 ornamenta,
909 891 977 917 quae
992 881 1034 907 di-

238 921 341 956 gnitas:
358 929 425 955 quae
440 929 468 945 se
484 928 534 946 non
549 919 749 954 contempsisse,
765 919 811 946 sed
825 919 917 946 ordine
927 928 977 945 suo
987 927 1034 953 pu-

239 963 365 993 trumque
387 966 497 983 suorum
521 961 656 983 contentos
679 956 775 987 fuisse,
803 961 828 983 et
852 957 932 983 vitam
959 956 1032 982 illam

240 994 412 1030 tranquillam
426 999 451 1020 et
466 995 592 1029 quietam,
610 998 737 1020 remotam
751 1003 764 1020 a
780 993 903 1028 procellis
918 993 1033 1020 invidia·
1054 1011 1055 1017 .

239 1041 298 1059 rum
317 1037 342 1058 et
361 1032 547 1058 huiuscemodi
566 1031 726 1058 iudiciorum
745 1031 864 1058 anfractu
880 1032 958 1066 sequi
977 1040 1033 1057 ma-
1053 1034 1055 1048 ²

209 1088 213 1096 .
239 1070 332 1096 luisse.
356 1071 412 1096 ⁴5¹5.
428 1070 480 1095 Aut
494 1069 544 1095 sibi
559 1069 591 1095 ad
608 1069 718 1095 bonores
731 1069 857 1103 petendos
869 1073 979 1095 aetatem
992 1069 1033 1094 in-

238 1112 339 1143 tegram
355 1107 457 1133 restitui
471 1111 599 1141 oportere,
616 1111 669 1137 aut,
686 1107 813 1141 quoniam
828 1106 853 1133 id
869 1115 921 1133 non
932 1111 1029 1141 posset,

237 1153 295 1171 eam
314 1145 492 1170 conditionem
513 1145 594 1175 vitae,
614 1153 695 1179 quam
714 1145 798 1170 secuti
817 1144 971 1179 petitionem
991 1152 1032 1170 re·
1052 1142 1054 1146 ⁴

239 1181 389 1217 liquisseut,
407 1190 525 1207 manere:
547 1181 670 1216 iniquum
685 1190 753 1212 esse,
769 1190 822 1213 eos,
838 1181 885 1217 qui
901 1181 1031 1208 honorum

237 1223 391 1246 ornamenta
409 1223 516 1253 propter
535 1218 713 1253 periculorum
733 1218 932 1245 multitudinem
956 1226 1032 1253 prae-

237 1257 427 1287 termisissent,
444 1256 537 1291 populi
552 1256 687 1282 beneficiis
703 1264 761 1282 esse
775 1257 901 1291 privatos,
917 1256 1032 1282 iudicio-

237 1302 297 1320 rum
321 1303 449 1320 novorum
470 1293 596 1328 periculis
616 1302 667 1320 non
686 1302 788 1320 carere:
816 1299 963 1320 senatorem
983 1293 1031 1319 boc

236 1332 312 1366 queri
327 1340 378 1357 non
393 1339 479 1365 posse,
497 1336 633 1366 propterea
648 1330 719 1366 quod
734 1339 763 1357 ea
774 1331 924 1358 conditione
934 1339 1031 1366 propo-

235 1369 286 1395 sita
300 1373 387 1403 petere
401 1369 544 1403 coepisset,
565 1368 692 1403 quodque
706 1368 837 1403 permulta
851 1374 941 1396 essent
954 1377 1031 1395 orna-

237 1410 336 1437 menta.
357 1406 458 1440 quibus
477 1414 533 1432 eam
555 1405 677 1442 mitigare
695 1405 843 1433 molestiam
863 1410 965 1442 posset,
993 1405 1031 1432 lo-

235 1452 292 1474 cus,
309 1444 459 1474 auctoritas,
475 1443 547 1470 domi
562 1443 696 1478 splendor,
713 1443 785 1478 apud
796 1449 899 1470 exteras
910 1444 1030 1470 nationes

236 1489 332 1507 nomen
346 1485 371 1507 et
384 1482 482 1517 gratia,
503 1485 561 1517 toga
577 1485 723 1515 praetexta,
740 1480 804 1508 sella
819 1481 934 1513 curulis,
953 1480 1031 1518 [insi-

234 1516 318 1554 gnia,]
335 1518 429 1549 fasces,
445 1519 587 1549 exercitus,
604 1518 725 1554 imperia,
742 1519 907 1554 provinciae:
928 1518 1029 1554 quibus

235 1556 262 1582 in
285 1556 365 1582 rebus
387 1565 471 1591 quum
495 1564 600 1582 sumnia
624 1560 693 1582 recte
715 1555 792 1582 factis
814 1557 928 1583 maiores
946 1556 1029 1583 nostri

235 1593 364 1627 praemia,
386 1598 442 1619 tum
463 1593 538 1628 plura
557 1594 672 1628 peccatis
690 1593 808 1629 pericula
822 1594 957 1629 proposita
971 1601 1029 1620 esse

235 1630 387 1657 voluerunt.
421 1630 463 1657 Illi
477 1640 529 1657 non
544 1631 593 1657 boc
606 1631 773 1662 recusabant,
790 1639 819 1657 ea
834 1640 866 1658 ne
880 1631 938 1667 lege
951 1639 1030 1658 accu-

234 1672 369 1699 sarentur¹
386 1676 438 1703 qua
453 1677 524 1695 nunc
538 1668 633 1694 Avitus
647 1672 799 1700 accusatur,
815 1677 884 1704 quae
898 1673 962 1695 tunc
975 1672 1030 1695 erat

234 1705 400 1740 Sempronia,
417 1714 488 1732 nunc
502 1710 543 1732 est
556 1704 690 1738 Cornelia;
707 1705 892 1741 intelligebant
905 1706 985 1736 enim,
999 1714 1028 1732 ea

235 1742 293 1778 lege
306 1747 457 1777 equestrem
471 1742 592 1769 ordinem
608 1751 660 1769 non
676 1743 771 1769 teneri:
787 1743 835 1770 sed
849 1751 882 1769 ne
893 1752 959 1770 nova
971 1743 1029 1779 lege

234 1779 415 1815 alligarentur,
432 1780 593 1806 laborabant.
626 1781 682 1806 ⁴55.
698 1781 794 1807 Avitus
809 1789 841 1807 ne
855 1780 904 1807 hoc
918 1780 1028 1816 quidem

234 1825 363 1852 umquam
382 1817 528 1848 recusavit,
548 1825 602 1853 quo
620 1817 711 1844 minus
729 1817 771 1844 vel
785 1826 814 1844 ea
829 1817 886 1853 lege
900 1819 1027 1844 rationem

234 1855 303 1881 vitae
317 1862 381 1881 suae
395 1854 525 1886 redderet,
540 1863 594 1890 qua
609 1863 661 1881 non
672 1859 815 1881 teneretur.
837 1855 910 1888 Quae
919 1856 943 1882 si
952 1856 1028 1882 vobis

233 1891 349 1919 conditio
362 1891 457 1927 placet,
473 1900 565 1919 omnes
579 1891 607 1918 id
620 1900 741 1928 agamus,
757 1896 787 1919 ut
800 1892 865 1919 haec
878 1901 958 1928 quam
973 1893 1029 1928 pri—

234 1938 308 1956 mum
323 1930 350 1955 in
364 1938 457 1956 omnes
471 1929 578 1956 ordines
591 1930 713 1965 quaestio
727 1929 884 1965 perferatur.

290 1967 364 1993 Lvtt.
382 1967 481 1993 interea
494 1966 614 2002 quidem,
630 1975 677 2002 per
690 1967 754 1994 deos
768 1967 946 1994 immortales!
961 1976 1029 2003 quo-

235 2004 305 2030 niam
319 2004 408 2030 onmia
421 2004 559 2031 commoda
574 2009 677 2034 nostra,
693 2005 764 2036 iura,
781 2004 939 2036 libertatem,
955 2005 1028 2032 salu-

234 2047 286 2068 tem
300 2041 416 2076 denique
430 2041 536 2078 legibus
549 2042 716 2073 obtinemus,
736 2051 750 2068 a
770 2041 876 2078 legibus
891 2051 942 2069 non
956 2051 1029 2069 rece-

233 2078 342 2111 damus;
358 2079 440 2105 simul
451 2084 476 2105 et
487 2079 555 2105 illud
563 2088 645 2114 quam
655 2079 690 2105 sit
700 2079 851 2115 indignum,
867 2081 1025 2116 cogitemuS,

233 2115 364 2150 populum
378 2117 528 2143 Romanum
543 2116 616 2143 aliud
630 2125 702 2143 nunc
715 2125 806 2153 agere:
827 2117 904 2144 vobis
918 2127 1028 2153 rempu—

232 2153 330 2180 blicam
344 2157 369 2180 et
383 2153 501 2180 fortunas
514 2162 577 2180 suas
591 2154 772 2180 commisisse:
788 2155 879 2190 ipsum
893 2155 951 2182 sine
965 2164 1026 2182 cura

231 2199 304 2218 esse:
326 2199 378 2217 non
392 2195 520 2222 metuere,
537 2200 570 2218 ne
583 2191 641 2227 lege
655 2200 693 2223 ea,
709 2201 790 2227 quam
805 2201 954 2228 numquam
969 2194 1027 2228 ipse

231 2228 353 2260 iusserit,
374 2233 399 2254 et
416 2229 586 2263 quaestione,
605 2237 659 2264 qua
677 2238 707 2255 se
723 2229 842 2256 solutum
858 2230 1027 2266 liberumque

232 2274 291 2292 esse
304 2265 456 2297 arbitretur,
473 2275 519 2301 per
532 2275 631 2301 paucos
644 2266 748 2293 iudices
761 2267 932 2303 astringatur.
968 2270 1024 2295 ⁴56.

232 2303 295 2339 Agit
311 2304 383 2329 enim
401 2303 440 2330 sic
457 2312 581 2330 caussam
595 2303 625 2330 T.
640 2303 751 2336 Accius,
771 2304 925 2332 adolescens
939 2305 1026 2332 bonus

231 2345 257 2367 et
270 2340 400 2372 disertus¹
416 2349 508 2367 omnes
522 2342 595 2367 cives
610 2340 715 2377 legibus
726 2342 809 2368 teneri
822 2343 962 2370 omnibus:
979 2352 1026 2370 vos

232 2377 368 2404 attenditis
381 2383 407 2405 et
421 2378 520 2405 auditis
533 2378 649 2410 silentio,
665 2379 735 2405 sicut
749 2379 835 2406 facere
849 2380 964 2407 debetis.
994 2380 1024 2407 A.

232 2414 385 2446 Cluentius,
409 2424 492 2451 eques
510 2416 660 2448 Romanus,
683 2425 807 2443 caussam
825 2417 889 2444 dicit
907 2426 937 2444 ea
955 2417 1023 2453 lege,

231 2460 284 2486 qua
299 2452 356 2488 lege
369 2457 503 2480 senatores
518 2458 543 2480 et
556 2454 584 2485 ii,
600 2454 649 2489 qui
663 2455 848 2490 magistratum
863 2455 1022 2486 habuerunt,

232 2488 282 2515 soli
295 2493 430 2517 tenentur:
452 2491 518 2517 mihi
532 2499 579 2526 per
592 2499 654 2517 eum
669 2500 791 2518 recusare
804 2496 830 2518 et
844 2493 871 2519 in
885 2501 944 2519 arce
957 2491 1025 2528 legis

233 2526 364 2560 praesidia
377 2528 538 2554 constituere
552 2527 716 2555 defensionis
730 2537 804 2555 meae
818 2538 871 2556 non
885 2529 956 2556 licet.
996 2529 1025 2556 Si

232 2562 375 2590 obtinuerit
387 2573 510 2591 caussam
525 2565 674 2597 Cluentius,
689 2565 779 2601 (sicuti
792 2571 880 2593 vestra
893 2567 1026 2602 aequitate

233 2600 289 2626 nixi
303 2601 483 2637 confidimus,)
500 2611 592 2629 omnes
606 2603 811 2635 existimabunt,
832 2603 860 2630 id
877 2604 950 2639 quod
964 2605 1023 2636 erit,

232 2636 382 2664 obtinuisse
399 2643 506 2673 propter
523 2639 714 2671 innocentiam,
734 2641 861 2676 quoniam
879 2641 916 2668 ita
933 2641 1026 2668 defen-

233 2682 280 2700 sus
295 2675 343 2706 sit,
359 2676 387 2702 in
397 2675 455 2712 lege
465 2681 562 2707 autem,
579 2685 662 2712 quam
671 2678 800 2714 attingere
810 2678 933 2711 notuerit.
948 2687 1026 2714 prae-
1046 2701 1048 2703 .

1062 214 1063 234 l
1087 210 1148 236 uidii
1164 210 1230 236 nibil
1246 210 1339 237 fuisse.

1029 140 1302 167 tztsstittotssS

1381 211 1437 237 157.
1455 211 1500 237 liic
1515 219 1585 238 nunc
1599 216 1638 237 est
1651 211 1789 246 quiddam,
1804 213 1876 248 quod

1087 247 1118 273 ad
1134 256 1174 273 me
1189 248 1332 282 pertineat,
1352 246 1386 274 de
1398 256 1452 282 quo
1466 252 1525 275 unte
1539 248 1608 278 dixi,
1629 248 1700 284 quod
1715 257 1764 285 ego
1778 250 1878 285 populo

1087 285 1204 310 nomano
1222 289 1354 320 praestare
1371 284 1496 316 debeam,
1525 286 1651 321 quoniam
1671 286 1693 312 is
1716 295 1790 313 meae
1810 288 1877 314 vitae

1087 326 1171 348 status
1185 326 1237 353 cst,
1259 326 1288 348 ut
1300 322 1387 348 omnis
1403 322 1468 348 mibi
1483 331 1544 349 cura
1560 328 1639 358 atque
1653 332 1730 358 opera
1745 324 1829 359 posita
1844 326 1878 351 sit

1631 360 1724 390 video.
1740 366 1838 396 quanta
1853 367 1879 388 et

1086 433 1297 465 accusatoribus,
1323 443 1407 469 quum
1423 443 1479 460 earn
1499 434 1597 470 legem.
1623 444 1692 470 quae
1712 436 1737 461 in
1758 441 1877 463 nostrum

1086 470 1205 497 ordinem
1220 471 1317 506 scripta
1331 472 1374 501 sit,
1391 472 1417 498 in
1432 471 1562 506 populum
1574 472 1721 499 Romanum
1737 473 1879 500 transferre

1061 513 1064 523 ³
1086 513 1222 534 conentur.
1249 507 1306 540 Qua
1321 509 1347 535 in
1364 508 1420 544 lege
1434 513 1482 539 est.
1498 518 1546 540 oct
1561 518 1693 536 cote-ir:
1709 510 1781 545 quod
1795 519 1877 546 quam

1088 545 1137 571 late
1151 550 1246 580 pateat,
1264 546 1370 572 videtis.
1393 555 1591 572 convenam:
1607 555 1691 582 aeque
1706 547 1839 574 infinitum
1853 553 1879 575 et

1087 583 1215 609 incertum
1231 588 1280 610 est.
1315 593 1528 610 conensem:
1550 583 1599 610 boc
1618 592 1679 610 vero
1692 593 1776 619 quum
1792 585 1878 612 incer-

1087 624 1142 646 tum
1166 626 1190 646 et
1213 620 1360 652 infinitum.
1387 625 1442 647 tum
1465 621 1609 647 obscurum
1628 626 1653 648 et
1671 621 1804 648 ooeultum
1823 627 1875 649 est:

1087 667 1238 684 russisve
1262 667 1462 685 instruontur
1486 667 1616 686 nixznir.
1656 658 1722 691 Quis
1745 658 1778 685 de
1800 659 1878 695 plebe

1087 696 1200 722 Romana
1217 695 1398 722 testimonium
1411 695 1479 722 dixit
1495 704 1632 731 umquam,
1648 696 1691 722 cui
1707 705 1757 723 non
1773 696 1878 732 hucpe-

1086 732 1213 763 riculum,
1243 733 1272 759 T.
1292 733 1362 759 Attio
1385 737 1503 763 auctore,
1532 738 1652 768 paratum
1671 742 1730 759 esse
1750 733 1879 761 videatis‘?

1086 771 1150 796 Nam
1166 770 1300 796 dicturum
1315 770 1424 806 quidem
1443 775 1525 801 certe,
1546 771 1568 796 si
1588 770 1637 797 hoc
1655 771 1785 798 iudicium
1805 771 1877 807 plebi

1086 808 1216 834 Romanae
1229 809 1394 843 propositum
1407 809 1449 838 sit,
1459 808 1591 835 neminem
1603 817 1731 843 umquam
1746 817 1804 835 esse
1815 818 1878 836 con-

1086 845 1170 871 firmo.
1213 847 1270 872 ⁴58.
1295 845 1347 872 Sed
1363 845 1411 872 hoc
1425 845 1551 880 polliceor
1564 845 1699 876 omnibus.
1716 846 1738 872 si
1753 847 1796 873 cui
1811 845 1877 873 forte

1086 882 1134 909 hac
1149 882 1206 918 lege
1221 884 1356 918 negotium
1374 882 1530 914 facessetur.
1546 884 1593 918 qui
1609 883 1666 919 lege
1681 892 1732 910 non
1747 888 1875 914 teneatur,

1085 920 1108 946 si
1123 920 1145 946 is
1161 921 1197 946 uti
1213 929 1254 946 me
1269 920 1407 947 defensore
1423 920 1549 951 voluerit,
1571 929 1612 946 me
1630 921 1688 946 eius
1702 929 1824 948 caussam
1840 921 1878 947 le—

1084 957 1126 993 gis
1141 958 1274 992 praesidio
1287 957 1475 988 defensurum,
1495 962 1521 984 et
1539 957 1580 984 vel
1600 957 1642 984 bis
1660 957 1810 989 iudicibus,
1836 957 1876 985 vel

1085 995 1179 1021 horum
1194 995 1341 1027 similibus,
1358 995 1434 1022 facile
1449 994 1637 1030 probaturum,
1653 1000 1679 1021 et
1691 996 1764 1022 omni
1779 1004 1821 1022 me
1830 995 1879 1022 de-

1084 1031 1203 1059 fensione
1218 1041 1331 1059 usurum
1347 1042 1405 1059 esse
1420 1033 1499 1068 legis:
1516 1041 1568 1068 qua
1584 1041 1654 1059 nunc
1668 1037 1697 1059 ut
1711 1037 1777 1064 utar,
1793 1032 1826 1060 ab
1836 1042 1875 1065 eo,

1083 1070 1160 1096 cuius
1175 1069 1304 1097 voluntati
1319 1070 1384 1097 mibi
1399 1070 1636 1105 obtemperandum
1652 1075 1700 1101 est,
1719 1079 1770 1097 non
1784 1079 1878 1098 conee-

1053 1103 1055 1112 ¹
1083 1106 1164 1133 ditur.
1187 1107 1274 1134 LVlil.
1288 1107 1344 1134 Non
1356 1109 1426 1134 enim
1438 1108 1522 1134 debeo
1531 1107 1662 1138 dubitare,
1676 1107 1787 1139 iudices,
1799 1109 1875 1143 quin.

1083 1145 1106 1171 si
1121 1153 1174 1179 qua
1188 1144 1220 1171 ad
1236 1154 1282 1172 vos
1296 1154 1390 1172 caussa
1405 1144 1536 1172 eiusmodi
1551 1144 1637 1171 delata
1651 1145 1763 1176 siteius,
1780 1146 1827 1180 qui
1839 1145 1878 1172 le-

1083 1190 1116 1217 ge
1130 1191 1182 1209 non
1197 1187 1329 1214 teneatur,
1350 1183 1455 1209 etiamsi
1468 1183 1491 1209 is
1507 1182 1657 1209 invidiosus
1672 1186 1717 1208 aut
1731 1182 1824 1209 multis
1837 1182 1878 1210 of-

1083 1218 1175 1246 fensus
1194 1228 1253 1246 esse
1272 1219 1406 1251 videatur,
1427 1220 1530 1246 etiamsi
1549 1228 1610 1246 eum
1629 1219 1751 1251 oderitis.
1772 1220 1877 1247 etiamsi

1083 1257 1159 1283 inviti
1179 1257 1327 1284 absoluturi
1345 1257 1418 1288 sitis,
1443 1261 1530 1284 tamen
1549 1257 1693 1283 absolvatis
1711 1262 1735 1283 et
1754 1257 1877 1294 religioni

1082 1295 1171 1329 potius
1191 1299 1308 1326 vestrae,
1328 1303 1409 1330 quam
1428 1294 1626 1330 odi0,pareatis.
1668 1295 1724 1321 ⁴59.
1743 1294 1792 1321 Est
1805 1295 1875 1321 enim

1082 1332 1211 1366 sapientis
1225 1332 1336 1363 iudicis,
1352 1333 1480 1368 cogitare,
1501 1336 1604 1358 tantum
1618 1331 1670 1358 sibi
1684 1340 1698 1358 a
1712 1331 1812 1367 populo
1825 1332 1878 1359 Ro-

1084 1378 1162 1396 mano
1175 1378 1234 1396 esse
1248 1369 1425 1405 permissum,
1445 1374 1575 1404 quantum
1593 1369 1769 1396 commissum
1782 1374 1808 1396 et
1820 1378 1878 1396 cre-

1082 1406 1168 1433 ditum
1183 1407 1231 1434 sit:
1253 1411 1278 1433 et
1292 1416 1344 1434 non
1357 1407 1444 1434 solum
1463 1406 1515 1434 sibi
1534 1411 1689 1441 potestatem
1707 1406 1810 1439 datam,
1830 1415 1877 1434 ve-

1082 1453 1141 1471 rum
1165 1445 1243 1471 etiam
1267 1444 1346 1471 fidem
1370 1444 1487 1471 habitam
1509 1452 1568 1471 esse
1590 1444 1759 1471 meminisse:
1788 1453 1874 1480 posse,

1081 1491 1161 1517 quem
1175 1482 1270 1514 oderit,
1286 1481 1437 1513 absolvere,
1453 1490 1534 1517 quem
1545 1490 1597 1508 non
1608 1481 1700 1513 oderit,
1716 1481 1877 1508 condemna-

1081 1528 1122 1546 re:
1142 1524 1168 1546 et
1180 1528 1299 1555 semper,
1320 1529 1372 1546 non
1390 1519 1457 1555 quid
1475 1520 1533 1555 ipse
1548 1518 1624 1550 velit,
1644 1518 1692 1546 sed
1709 1519 1776 1554 quid
1795 1519 1839 1546 lex
1851 1524 1877 1546 et

1050 1553 1053 1561 '
1081 1557 1175 1593 religio
1189 1562 1273 1593 cogat,
1289 1558 1418 1593 cogitare;
1439 1556 1658 1587 animadvertere,
1674 1565 1727 1592 qua
1743 1556 1800 1593 lege
1814 1565 1875 1583 reus

1080 1595 1184 1625 citetur,
1201 1594 1233 1621 de
1247 1603 1302 1630 quo
1315 1603 1359 1621 reo
1372 1598 1523 1630 cognoscat,
1539 1602 1608 1629 quae
1621 1602 1664 1620 res
1678 1594 1706 1620 in
1719 1594 1876 1629 quaestione

1081 1636 1211 1658 versetur.
1251 1631 1341 1664 Quum
1355 1631 1420 1658 haec
1433 1636 1497 1658 sunt
1510 1631 1638 1662 videnda,
1659 1635 1716 1657 tum
1731 1639 1793 1658 vero
1806 1631 1876 1658 illud

1081 1673 1121 1695 est
1134 1669 1251 1696 hominis
1266 1669 1370 1705 magni,
1390 1668 1508 1699 iudices,
1527 1673 1607 1704 atque
1621 1669 1763 1704 sapientis,
1789 1677 1875 1704 quum

1080 1705 1155 1733 illam
1174 1706 1311 1733 iudicandi
1329 1715 1424 1733 caussa
1441 1705 1566 1733 tabellam
1584 1706 1744 1740 sumpserit,
1771 1714 1824 1733 non
1846 1715 1876 1733 se

1081 1749 1202 1779 reputare
1216 1743 1305 1770 solum
1316 1752 1384 1775 esse,
1400 1752 1487 1779 neque
1496 1743 1558 1774 sibi.
1574 1743 1764 1779 quodcumque
1777 1752 1876 1770 concu-

1080 1781 1171 1816 pierit,
1193 1781 1285 1814 licere;
1308 1781 1356 1808 sed
1370 1781 1467 1808 habere
1482 1781 1508 1807 in
1522 1780 1634 1807 consilio
1647 1780 1748 1816 legem,
1767 1780 1876 1817 religio-

1080 1827 1155 1849 nem,
1175 1819 1350 1854 aequitatem,
1371 1818 1464 1845 fidem:
1490 1818 1630 1844 libidinem
1648 1822 1751 1850 autem,
1770 1818 1874 1850 odium,

1080 1855 1223 1887 invidiam,
1249 1861 1364 1887 metum,
1389 1855 1603 1891 cupiditatesque
1625 1864 1718 1882 omnes
1736 1864 1872 1889 amovere;

1079 1892 1244 1928 maximique
1255 1893 1394 1920 aestimare
1404 1893 1593 1920 conscientiam
1603 1893 1701 1919 mentis
1712 1901 1785 1924 suae,
1793 1901 1874 1928 quam

1079 1931 1112 1957 ab
1125 1931 1178 1957 diis
1192 1931 1389 1957 immortalibus
1403 1931 1564 1965 accepimus,
1579 1939 1649 1966 quae
1661 1939 1676 1957 a
1690 1930 1767 1957 nobis
1781 1929 1875 1957 divelli

1079 1977 1131 1995 non
1146 1973 1245 2003 potest:
1261 1977 1329 2004 quae
1343 1969 1367 1994 si
1381 1969 1542 2003 optimorum
1556 1967 1728 1994 consiliorum
1742 1972 1822 2003 atque
1835 1967 1875 1995 fa-

1078 2010 1181 2033 ctorum
1197 2007 1271 2032 testis
1286 2006 1314 2032 in
1328 2006 1401 2033 omni
1415 2006 1468 2032 vita
1483 2005 1560 2032 nobis
1574 2005 1636 2036 erit,
1655 2005 1714 2031 sine
1731 2004 1788 2031 ullo
1801 2009 1874 2032 metu

1079 2049 1105 2070 et
1123 2052 1228 2069 summa
1246 2052 1308 2069 cum
1322 2043 1458 2070 honestate
1472 2043 1606 2069 vivemus.
1649 2044 1706 2069 460.
1721 2042 1790 2069 Haec
1803 2043 1827 2069 si
1841 2043 1872 2069 T.

1079 2080 1168 2108 Attius
1182 2085 1227 2107 aut
1241 2081 1412 2116 cognovisset
1425 2085 1471 2106 aut
1483 2080 1640 2116 cogitasset:
1655 2079 1772 2115 profecto
1787 2088 1819 2106 ne
1829 2088 1874 2107 eo-

1079 2123 1157 2145 natus
1179 2118 1291 2153 quidem
1313 2122 1384 2144 esset
1407 2117 1507 2148 dicere,
1535 2117 1564 2143 id
1581 2116 1654 2152 quod
1671 2116 1765 2143 multis
1783 2117 1873 2144 verbis

1079 2156 1145 2192 egit,
1162 2155 1293 2187 iudicem,
1309 2155 1383 2190 quod
1396 2155 1420 2181 ei
1435 2154 1566 2186 videatur,
1582 2159 1705 2186 statuere,
1722 2158 1747 2181 et
1761 2163 1813 2181 non
1826 2154 1875 2181 de-

1079 2194 1199 2220 vinctum
1213 2192 1320 2229 legibus
1333 2201 1392 2219 esse
1405 2197 1534 2227 oportere.
1557 2191 1662 2224 Quibus
1672 2191 1705 2218 de
1715 2191 1795 2218 rebus
1805 2192 1873 2218 mihi

1078 2239 1126 2265 pro
1144 2230 1261 2257 Cluentii
1279 2229 1415 2257 voluntate
1432 2230 1560 2260 nimium,
1585 2237 1632 2264 pro
1650 2228 1814 2264 reipublicae
1831 2229 1875 2256 di-

1077 2272 1177 2304 gnitate
1191 2276 1300 2303 parum,
1321 2276 1369 2302 pro
1381 2271 1469 2294 vestra
1483 2266 1624 2302 prudentia
1637 2267 1702 2292 satis
1715 2266 1818 2293 dixisse
1831 2267 1872 2293 vi—

1077 2305 1151 2332 deor.
1171 2305 1284 2340 Reliqua
1294 2313 1426 2340 perpauca
1437 2309 1509 2335 sunt,
1525 2312 1594 2339 quae
1603 2303 1666 2339 quia
1677 2308 1779 2330 vestrae
1789 2312 1873 2338 quae-

1077 2343 1173 2369 stionis
1187 2347 1268 2374 erant,
1284 2342 1384 2369 idcirco
1396 2341 1437 2368 illi
1450 2345 1601 2368 statuerunt
1614 2340 1738 2376 fingenda
1750 2349 1810 2367 esse
1819 2341 1872 2368 sibi

1078 2385 1103 2406 et
1116 2379 1282 2415 proferenda,
1298 2388 1331 2406 ne
1344 2380 1466 2406 omnium
1480 2378 1631 2413 turpissimi
1645 2378 1831 2413 reperirentur,
1847 2379 1870 2404 si

1077 2417 1105 2444 in
1119 2417 1251 2444 iudicium
1265 2416 1332 2443 nihil
1347 2421 1450 2452 praeter
1463 2415 1593 2442 iuvidiam
1607 2415 1768 2442 attulissent.

1132 2455 1201 2481 th.
1222 2455 1310 2490 Atque
1328 2459 1358 2481 ut
1371 2454 1543 2484 existimetis,
1563 2453 1711 2479 necessario
1725 2461 1768 2479 me
1781 2453 1814 2479 de
1827 2452 1870 2479 his

1076 2491 1171 2524 rebus,
1191 2492 1224 2519 de
1237 2492 1339 2527 quibus
1352 2491 1406 2518 iam
1419 2491 1546 2522 dixerim,
1566 2489 1692 2525 pluribus
1709 2490 1798 2526 egisse
1812 2498 1872 2516 ver-

1075 2529 1127 2561 bis,
1143 2529 1270 2556 attendite
1283 2528 1395 2564 reliqua.
1435 2527 1554 2554 Profecto
1567 2526 1731 2563 intelligetis,
1746 2535 1785 2559 ea,
1801 2535 1870 2562 quae

1076 2567 1170 2601 paucis
1192 2566 1369 2594 demonstrari
1389 2565 1538 2601 potuerint,
1565 2565 1726 2592 brevissime
1747 2573 1806 2591 esse
1823 2563 1871 2591 de-

1076 2603 1160 2631 fensa.

1133 2642 1190 2668 461.
1213 2640 1262 2668 Cn.
1281 2638 1412 2677 Deci[di]o
1430 2639 1557 2671 Samniti,
1578 2639 1615 2670 ei,
1639 2639 1687 2673 qui
1704 2639 1868 2674 proscriptus

1076 2683 1129 2710 est,
1149 2679 1276 2705 iniuriam
1295 2679 1324 2705 in
1337 2677 1486 2705 calamitate
1499 2677 1558 2703 eius
1572 2676 1605 2703 ab
1619 2675 1701 2703 buius
1715 2675 1816 2703 familia
1829 2674 1867 2702 sa-
