1941 3052
371 168 556 195 ORATIO
588 168 676 196 PRO
707 168 738 195 A.
773 166 1035 194 CLUENTIO.
1070 167 1166 194 CAP.
1201 168 1352 193 56-61,

48 243 117 266 ctam
131 247 190 265 esse
203 239 319 266 dixistis.
359 239 400 266 Ab
414 239 488 265 nullo
501 239 546 265 ille
561 239 711 270 liberalius,
727 247 808 274 quam
822 247 836 264 a
857 239 859 251 ³

49 276 183 308 Cluentio,
204 281 330 303 tractatus
349 281 398 303 est.
438 277 523 303 Huius
542 276 619 303 illum
637 285 701 311 opes
715 277 742 302 in
756 276 836 302 rebus

48 314 107 340 eius
121 314 374 340 incommodissimis
388 313 571 340 sublevarunt.
592 314 678 349 Atque
693 314 742 340 hoc
752 322 837 348 quum

47 351 114 385 ipse,
131 355 188 377 tum
202 360 294 377 omnes
307 352 365 377 eius
379 351 457 377 amici
472 352 666 386 necessariique
680 355 836 386 cognorunt.

48 388 173 414 Ancharii
192 393 217 414 et
235 389 329 415 Paceni
347 389 498 423 pastoribus
517 389 599 414 huius
618 388 721 414 villicos
740 388 794 414 vim
813 391 838 413 et

49 434 144 451 manus
158 425 288 452 attulisse.
326 425 415 458 Quum
429 425 558 461 quaedam
573 426 601 452 in
615 425 728 452 collibus
742 425 782 460 (ut
795 433 839 450 so-

50 462 94 498 let)
116 464 292 489 controversia
316 468 453 497 pastorum
475 468 545 489 esset
566 467 634 494 orta,
663 463 734 488 Aviti
755 462 837 487 villici

48 508 104 526 rem
122 499 223 526 domini
242 504 267 526 et
284 501 413 535 privatam
433 501 628 535 possessionem
651 499 836 525 defenderunt.

48 536 137 569 Quum
156 542 225 563 esset
243 538 419 572 expostulatio
437 537 517 569 facta,
542 545 637 563 caussa
656 536 709 562 illis
727 536 838 562 demon-

48 578 141 605 strata,
166 575 224 601 sine
241 575 341 602 iudicio
363 575 594 609 controversiaque
615 574 764 600 discessum
787 577 836 599 est.

50 613 108 639 462.
136 612 164 638 P.
192 612 260 639 Aelii
287 617 443 639 testamento
468 612 636 647 propinquus
661 610 837 637 exheredatus

48 657 133 684 quum
148 654 226 681 esset,
242 650 319 676 heres
333 650 376 676 1110
390 650 499 676 alienior
512 649 649 675 institutus
664 652 712 674 est.
742 648 771 673 P.
787 647 838 673 Ae-

50 686 102 713 lius
120 687 191 713 Aviti
210 688 303 714 merito
320 687 394 713 fecit:
415 695 501 721 neque
520 686 563 712 hic
580 687 608 712 in
626 689 781 711 testamento
800 684 839 710 fa-

48 724 143 750 ciendo
156 724 288 751 interfuit:
309 724 390 759 idque
403 728 590 750 testamentum
605 723 638 749 ab
652 723 733 748 huius
748 722 839 748 inimi-

48 771 79 788 co
92 762 238 797 Oppianico
251 766 291 788 est
304 762 484 797 obsignatum.
523 760 609 787 Florio
624 760 738 795 legatum
754 768 786 785 ex
801 764 839 784 te-

48 804 178 826 stamento
192 799 332 825 infitiatum
345 807 412 825 esse.
434 799 492 824 Non
505 802 545 824 est
557 799 602 824 ita.
625 797 676 823 Sed
688 805 772 832 quum
783 796 837 822 H-S

47 845 108 862 xxx
121 837 217 871 scripta
231 840 331 866 essent,
348 845 395 870 pro
408 835 463 862 H-S
477 843 539 866 cce,
560 843 646 870 neque
659 835 683 860 ei
697 835 761 860 satis
775 842 839 860 cau-

49 879 106 900 tum
122 873 267 904 videretur,
288 873 373 900 voluit
390 882 451 899 eum
470 872 572 907 aliquid
590 876 726 906 acceptum
741 871 838 897 referre

50 910 198 938 liberalitati
209 919 282 936 suae.
304 911 392 937 Primo
403 910 494 936 deberi
504 910 624 945 negavit:
637 914 696 944 post
706 909 764 935 sine
775 917 838 935 con-

48 949 174 976 troversia
193 948 279 974 solvit.
320 947 400 975 Caelii
418 947 559 974 cuiusdam
578 946 705 973 Samnitis
727 955 837 973 uxorem

48 990 108 1021 post
121 985 221 1012 bellum
236 985 268 1011 ab
283 985 332 1012 hoc
345 994 404 1011 esse
417 985 565 1020 repetitam.
599 984 737 1010 Mulierem
752 992 837 1019 quum

48 1023 157 1050 emisset
170 1022 203 1049 de
216 1023 378 1049 sectoribus:
402 1031 455 1058 quo
469 1026 587 1056 tempore
601 1030 657 1048 eam
673 1022 790 1056 primum
806 1021 839 1047 li-

48 1060 139 1087 beram
153 1068 212 1086 esse
226 1060 337 1091 audivit,
354 1060 411 1086 sine
424 1059 524 1086 iudicio
538 1059 653 1085 reddidit
665 1059 761 1085 Caelio.
780 1060 835 1090 163.

47 1098 164 1124 Ennium
183 1106 241 1124 esse
258 1097 415 1132 quemdam,
443 1097 522 1123 cuius
540 1097 608 1123 bona
626 1101 713 1123 teneat
730 1096 836 1122 Avitus.

47 1136 95 1162 Est
107 1135 152 1161 hic
161 1135 264 1161 Ennius
275 1143 356 1171 egens
369 1134 488 1170 quidam,
504 1133 686 1165 calumniator,
702 1142 839 1160 mercena-

48 1174 104 1200 rius
118 1172 267 1207 Oppianici,
283 1173 331 1207 qui
345 1172 492 1207 permultos
505 1180 588 1198 annos
601 1172 718 1206 quievit:
742 1170 838 1197 deinde

48 1210 192 1245 aliquando
205 1218 266 1236 cum
281 1210 366 1236 servis
380 1209 451 1236 Aviti
466 1209 529 1235 furti
543 1210 609 1245 egit:
634 1217 719 1243 nuper
732 1208 765 1234 ab
779 1209 838 1243 ipso

47 1247 126 1274 Avito
143 1251 231 1282 petere
248 1247 343 1282 coepit.
383 1247 432 1273 Hic
449 1246 495 1273 illo
513 1247 615 1281 privato
628 1246 740 1277 iudicio,
760 1245 838 1281 (mihi

47 1284 166 1319 credite)
185 1284 261 1311 nobis
279 1284 374 1311 iisdem
393 1284 504 1310 fortasse
522 1284 652 1318 patronis,
676 1283 838 1310 calumniam

48 1331 101 1349 non
114 1321 231 1358 effugiet.
261 1321 348 1357 Atque
362 1322 450 1353 etiam,
467 1325 496 1347 ut
509 1321 585 1348 nobis
600 1321 773 1352 renuntiatur,
790 1321 839 1347 110-

48 1360 161 1390 minem,
178 1358 322 1385 multorum
338 1359 479 1394 hospitem,
495 1359 527 1385 A.
542 1359 668 1385 Binnium
682 1358 836 1393 quemdam,

47 1405 194 1432 cauponem
205 1395 238 1422 de
248 1397 289 1422 via
301 1397 401 1427 Latina,
415 1396 579 1427 subornatis,
596 1397 643 1431 qui
653 1396 705 1422 sibi
715 1405 729 1421 a
741 1395 839 1422 Cluen-

47 1435 84 1461 tio
103 1434 243 1468 servisque
261 1434 319 1460 eius
337 1435 364 1460 in
378 1434 486 1460 taberna
500 1442 549 1460 sua
562 1442 658 1460 manus
672 1433 764 1459 allatas
779 1441 838 1459 esse

47 1471 126 1498 dicat.
160 1470 218 1503 Quo
232 1471 265 1498 de
279 1471 385 1498 homine
400 1471 466 1497 nihil
480 1471 560 1497 etiam
575 1479 646 1497 nunc
659 1470 746 1497 dicere
761 1471 838 1497 nobis

48 1513 88 1536 est
102 1517 219 1535 necesse.
260 1508 288 1535 Si
302 1509 466 1539 invitaverit,
483 1509 509 1534 id
523 1508 595 1543 quod
609 1507 684 1539 solet,
700 1509 739 1534 sic
752 1508 840 1535 homi-

48 1555 109 1573 nem
123 1546 298 1581 accipiemus,
318 1551 347 1572 ut
361 1546 469 1572 moleste
485 1545 550 1572 ferat
563 1554 592 1572 se
605 1546 638 1572 de
653 1546 694 1572 via
708 1545 839 1572 decessis-

47 1592 86 1610 se.
128 1584 184 1610 ⁴64.
204 1583 324 1614 Habetis,
344 1583 460 1615 iudices,
480 1591 549 1618 quae
566 1583 593 1609 in
613 1587 692 1609 totam
711 1583 792 1610 vitam
805 1582 840 1609 de

47 1620 168 1648 moribus
181 1620 213 1647 A.
229 1620 358 1652 Cluentii,
374 1629 454 1656 quem
468 1621 508 1646 illi
522 1620 687 1647 invidiosum
702 1629 777 1647 reum
792 1628 839 1646 vo—

49 1658 107 1685 lunt
123 1666 195 1689 esse,
221 1667 302 1685 annos
321 1663 378 1684 octo
400 1657 519 1684 meditati
542 1662 706 1684 accusatores
724 1657 840 1693 college-

46 1700 119 1722 runt.
144 1694 229 1728 Quam
245 1695 312 1722 levia
327 1704 422 1731 genere
436 1696 508 1730 ipso!
525 1704 606 1730 quam
620 1695 686 1721 falsa
700 1695 741 1722 re!
757 1703 838 1730 quam

47 1732 138 1760 brevia
152 1733 296 1768 responsu!
330 1733 386 1759 LX.
407 1733 562 1769 Cognoscite
576 1741 647 1759 nunc
661 1733 701 1764 id.
719 1733 792 1768 quod
806 1732 838 1758 ad

47 1774 166 1797 vestrum
188 1769 376 1796 iusiurandum
399 1771 523 1806 pertinet,
551 1770 624 1805 quod
646 1770 728 1796 vestri
746 1769 838 1796 iudicii

47 1812 99 1839 est,
123 1807 195 1843 quod
214 1807 290 1834 vobis
309 1809 396 1834 oneris
414 1809 543 1843 imposuit
560 1816 589 1834 ea
609 1807 664 1839 lex,
689 1816 742 1843 qua
756 1807 838 1834 coacti

47 1844 100 1872 huc
113 1845 288 1877 convenistis,
304 1844 337 1871 de
350 1846 509 1872 criminibus
523 1845 633 1872 veneni:
649 1849 678 1872 ut
691 1854 783 1872 omnes
798 1845 839 1871 in-

47 1882 180 1918 telligant,
205 1891 286 1917 quam
305 1883 397 1917 paucis
417 1883 505 1909 verbis
523 1883 588 1910 haec
605 1891 699 1910 caussa
722 1883 838 1917 perorari

47 1920 170 1954 potuerit,
186 1924 212 1946 et
224 1928 306 1954 quam
320 1919 403 1946 multa
417 1929 431 1946 a
444 1929 487 1946 me
500 1921 568 1947 dicta
582 1921 644 1951 sint,
660 1929 729 1956 quae
742 1921 775 1947 ad
787 1920 839 1946 hu-

47 1957 90 1983 ius
104 1956 265 1983 voluntatem
280 1957 409 1989 maxime,
433 1957 466 1984 ad
480 1962 598 1984 vestrum
612 1957 744 1985 iudicium
758 1959 840 1985 mini-

48 2002 90 2021 me
104 1994 274 2029 pertinerent.

105 2032 162 2057 165.
174 2030 314 2058 Obiectum
328 2035 376 2063 est,
389 2031 534 2059 C.Vibium
545 2032 728 2067 Cappadocem
743 2032 776 2059 ab
789 2032 839 2060 hoc

47 2068 79 2096 Α.
95 2068 218 2096 Cluentio
231 2077 333 2095 veneno
346 2077 404 2095 esse
419 2069 565 2096 sublatum.
596 2070 750 2104 Opportune
765 2070 839 2097 adest

48 2105 128 2133 homo
141 2114 247 2132 summa
261 2106 312 2132 fide
326 2110 352 2132 et
364 2107 437 2133 omni
452 2107 549 2133 virtute
564 2107 707 2142 praeditus,
724 2108 752 2134 L.
763 2107 839 2134 Plae—

47 2143 144 2175 torius,
164 2148 282 2175 senator,
302 2143 349 2178 qui
368 2143 442 2170 illius
456 2144 619 2178 Cappadocis
639 2145 736 2179 hospes
751 2144 801 2171 fuit
814 2149 839 2171 et

47 2180 196 2208 familiaris.
237 2180 316 2215 Apud
335 2181 406 2207 hunc
424 2181 469 2207 ille
487 2182 584 2208 Romae
602 2182 742 2213 habitavit,
767 2182 838 2217 apud

48 2217 120 2245 hune
133 2219 290 2254 aegrotavit,
313 2218 394 2244 huius
407 2218 479 2245 domi
493 2224 533 2245 est
547 2224 676 2246 mortuus
716 2220 749 2246 At
762 2220 838 2246 lieres

48 2260 88 2282 est
97 2255 246 2283 Cluentius.
269 2257 423 2282 intestatum
434 2256 494 2283 dico
503 2265 560 2283 esse
572 2261 716 2288 mortuum,
732 2266 839 2292 posses-

49 2293 206 2328 sionemque
220 2294 278 2319 eius
293 2293 437 2324 bonorum,
457 2302 491 2320 ex
509 2294 635 2328 praetoris
649 2294 743 2327 edicto,
765 2295 836 2326 huic,

47 2329 123 2357 illius
135 2331 233 2357 sororis
248 2330 310 2361 filio,
327 2330 486 2357 adolescenti
502 2331 698 2366 pudentissimo
711 2337 736 2358 et
747 2333 773 2358 in
785 2333 836 2367 pri-

48 2367 100 2394 mis
114 2367 237 2399 honesto,
253 2369 336 2403 equiti
350 2369 468 2395 Romano
482 2368 583 2400 datam,
599 2369 726 2396 Numerio
740 2369 839 2396 Cluen-

48 2404 93 2436 tio,
107 2413 188 2440 quem
202 2405 309 2432 videtis.

103 2443 160 2469 166.
183 2442 303 2470 Alterum
327 2443 447 2470 veneficii
470 2443 583 2474 crimen,
608 2442 754 2478 Oppianico
776 2443 840 2469 huic

49 2478 217 2511 adolescenti,
233 2489 318 2516 quum
334 2481 392 2507 eius
407 2481 434 2507 in
449 2481 560 2515 nuptiis,
576 2489 649 2508 more
664 2481 836 2511 Larinatium,

49 2516 191 2544 multitudo
211 2518 349 2545 hominum
368 2518 519 2553 pranderet,
540 2527 672 2545 venenum
686 2518 758 2544 Aviti
776 2526 840 2544 con-

48 2553 110 2580 silio
123 2559 257 2589 paratum:
273 2555 301 2582 id
314 2564 399 2591 quum
413 2555 520 2582 daretur
534 2556 560 2582 in
573 2555 669 2587 mulso,
685 2555 837 2582 Balbutium

48 2591 205 2633 quemdam,
220 2593 279 2619 eius
290 2592 456 2624 familiarem,
473 2593 658 2627 intercepisse,
672 2592 772 2619 bibisse
785 2596 840 2619 sta-

50 2631 151 2663 timque
164 2637 223 2656 esse
237 2634 382 2657 mortuum.
422 2631 477 2657 Hoc
490 2639 538 2666 ego
552 2631 575 2657 si
589 2631 628 2657 sic
641 2638 755 2666 agerem,
772 2634 839 2656 tam-

48 2672 129 2700 quam
148 2666 215 2693 mihi
231 2668 332 2694 crimen
350 2672 420 2694 esset
437 2667 610 2699 diluendum,
631 2667 695 2694 haec
714 2667 838 2702 pluribus

50 2701 138 2729 verbis
161 2702 289 2736 dicerem,
314 2713 383 2741 quae
405 2714 477 2733 nunc
499 2705 591 2740 paucis
609 2705 739 2741 percurrit
756 2705 839 2732 oratio
866 2722 869 2731 .

1630 166 1672 191 :39t

889 247 954 264 mea.
997 239 1053 264 ⁴67.
1073 237 1143 269 Quid
1161 246 1289 272 umquam
1302 236 1398 263 Avitus
1416 236 1443 262 in
1463 244 1491 261 se
1505 235 1625 266 admisit,
1650 240 1680 262 ut

888 276 937 301 hoc
959 280 1062 301 tantum
1084 275 1117 301 ab
1135 283 1165 301 eo
1183 275 1286 301 facinus
1305 283 1357 300 non
1375 274 1515 300 abhorrere
1540 272 1680 299 videatur'?

887 313 952 347 quid
963 317 1050 338 autem
1061 321 1157 347 magno
1166 321 1244 347 opere
1250 311 1427 347 Oppianicum
1438 310 1580 340 metuebat,
1593 318 1678 344 quum

888 349 933 375 ille
947 350 1058 376 verbum
1072 350 1180 375 omnino
1194 350 1220 375 in
1236 349 1284 375 hac
1296 350 1353 383 ipsa
1367 356 1460 374 caussa
1475 347 1580 374 nullum
1596 347 1680 373 facere

890 387 1016 421 potuerit,
1033 387 1096 413 huic
1110 392 1197 412 autem
1211 391 1387 416 accusatores,
1404 390 1486 411 matre
1501 385 1570 415 viva,
1587 384 1680 410 deesse

890 433 941 450 non
956 423 1081 459 possent‘?
1094 424 1166 459 quod
1180 424 1232 450 iam
1247 423 1412 458 intelligetis
1442 423 1483 449 An
1497 427 1526 448 ut
1539 422 1572 448 de
1585 430 1680 448 caussa

890 462 948 487 eius
962 461 1074 496 periculi
1089 461 1156 487 nihil
1171 461 1316 491 decederet,
1333 460 1365 486 ad
1379 468 1500 486 caussam
1515 468 1614 486 novum
1629 459 1680 485 cri—

889 507 949 524 men
963 498 1115 525 accederet‘?
1132 498 1208 530 Quod
1222 503 1309 524 autem
1325 503 1429 532 tempus
1444 498 1539 523 veneni
1553 496 1634 522 dandi
1647 495 1681 522 il-

872 534 875 541 '
890 535 914 561 lo
930 535 992 561 die‘?
1016 537 1043 562 in
1061 535 1106 561 illa
1126 535 1292 570 frequentia?
1318 544 1364 570 per
1381 543 1461 569 quem
1482 542 1558 568 porro
1571 532 1682 560 datum?

890 573 960 599 unde
974 572 1131 607 sumptum?
1144 581 1212 607 quae
1227 572 1323 598 deinde
1336 572 1490 606 interceptio
1505 570 1611 606 poculi?
1633 579 1681 596 cur

890 619 941 636 non
955 610 987 636 de
1000 611 1103 645 integro
1117 615 1205 636 autem
1219 609 1330 635 datum?
1352 609 1434 635 Multa
1449 613 1524 639 sunt,
1545 616 1613 643 quae
1627 607 1679 634 dici

889 651 1015 682 possunt:
1039 647 1086 673 sed
1101 656 1151 673 non
1166 647 1338 677 committam,
1356 651 1384 672 ut
1399 646 1488 672 videar
1503 655 1554 672 non
1568 644 1680 671 dicendo

890 684 1007 710 voluisse
1021 684 1116 710 dicere.
1139 685 1190 710 Res
1204 685 1274 710 enim
1290 685 1342 710 iam
1357 692 1384 709 se
1400 684 1456 718 ipsa
1471 682 1597 708 defendit.
1622 683 1678 708 168.

889 722 970 757 Nego,
986 721 1064 747 illum
1078 721 1281 752 adolescentem,
1298 730 1378 756 quem
1393 721 1481 746 statim
1496 725 1572 754 epoto
1586 719 1680 754 poculo

889 763 1023 785 mortuum
1036 767 1093 784 esse
1104 758 1220 789 dixistis,
1237 759 1345 784 omnino
1355 757 1401 784 illo
1411 758 1453 783 die
1465 766 1523 783 esse
1534 762 1678 783 mortuum.

889 797 1016 831 Magnum
1030 800 1055 822 et
1067 796 1211 830 impudens
1226 795 1405 821 mendacium.
1428 795 1570 828 Perspicite
1584 799 1678 820 cetera.

889 834 963 865 Dico,
980 833 1071 864 illum,
1087 842 1172 868 quum
1187 833 1219 859 ad
1233 833 1301 859 illud
1316 832 1457 867 prandium
1472 831 1578 857 crudior
1593 831 1676 857 venis-

889 876 941 902 set,
958 875 996 902 et,
1012 875 1042 897 ut
1054 875 1124 897 aetas
1138 870 1183 896 illa
1198 870 1256 901 fert,
1272 870 1324 896 sibi
1340 874 1426 896 tamen
1442 878 1492 895 non
1507 869 1679 903 pepercisset,

889 908 990 943 aliquot
1003 908 1059 934 dies
1073 913 1235 944 aegrotasse,
1256 912 1281 934 et
1298 908 1333 934 ita
1352 916 1410 933 esse
1428 911 1574 932 mortuum.
1614 905 1681 938 Quis

889 946 951 972 huic
965 947 1003 972 rei
1016 946 1091 972 testis
1106 945 1163 971 est‘?
1185 945 1270 976 Idem,
1286 945 1334 980 qui
1348 945 1390 970 sui
1406 944 1506 974 luctus,
1527 948 1613 978 pater,
1634 951 1682 977 pa-

889 988 934 1014 ter,
951 984 1071 1018 inquam,
1084 983 1157 1009 illius
1170 982 1358 1009 adolescentis:
1375 990 1465 1016 quem,
1482 986 1588 1015 propter
1599 980 1681 1006 animi

888 1021 1018 1051 dolorem,
1040 1021 1176 1055 pertenuis
1190 1020 1309 1055 suspicio
1323 1020 1454 1054 potuisset
1467 1027 1500 1044 ex
1513 1018 1560 1044 illo
1574 1018 1629 1044 loco
1644 1022 1682 1044 te-

888 1063 955 1085 stem
971 1059 997 1084 in
1011 1059 1042 1084 A.
1059 1058 1212 1084 Cluentium
1226 1058 1399 1084 constituere:
1419 1057 1443 1082 is
1457 1056 1529 1082 hunc
1543 1064 1592 1082 suo
1607 1055 1683 1081 testi-

889 1096 977 1122 monio
990 1095 1123 1122 sublevat.
1153 1094 1229 1127 Quod
1243 1096 1332 1121 recita.
1362 1095 1402 1120 Tu
1418 1098 1515 1124 autem,
1533 1093 1584 1119 nisi
1600 1091 1683 1118 mole·

888 1138 959 1159 stum
978 1138 1030 1164 est,
1052 1133 1199 1168 paullisper
1216 1141 1344 1168 exsurge;
1370 1131 1456 1166 perfer
1475 1130 1546 1157 hunc
1564 1129 1681 1156 dolorem

888 1171 1145 1197 commemorationis
1160 1171 1336 1196 necessariae:
1352 1169 1379 1195 in
1393 1177 1446 1204 qua
1458 1176 1506 1204 ego
1516 1167 1618 1194 diutius
1630 1175 1681 1193 non

889 1209 1021 1240 morabor,
1038 1208 1179 1243 quoniam,
1195 1207 1268 1242 quod
1282 1207 1333 1233 fuit
1346 1207 1396 1233 viri
1410 1206 1513 1241 optimi,
1531 1205 1626 1235 fecisti,
1643 1205 1681 1230 uti

889 1255 921 1272 ne
939 1247 982 1272 cui
1001 1246 1135 1272 innocenti
1155 1254 1256 1271 maeror
1275 1249 1336 1271 tuus
1353 1244 1529 1270 calamitatem
1544 1247 1569 1269 et
1582 1241 1680 1268 falsum

889 1284 989 1310 crimen
1003 1283 1115 1309 afferret.
1144 1291 1344 1309 TESTIMONIUM
1361 1289 1496 1308 1111111111
1511 1289 1621 1306 PATRIS.

944 1321 1012 1347 LXI.
1035 1322 1088 1347 169.
1107 1320 1195 1347 Unum
1213 1320 1293 1346 etiam
1311 1319 1378 1345 mihi
1397 1318 1531 1353 reliquum
1550 1316 1680 1343 eiusmodi

889 1359 989 1385 crimen
1003 1362 1056 1389 est,
1072 1358 1184 1388 iudices,
1200 1366 1234 1384 ex
1247 1366 1301 1392 quo
1315 1356 1383 1383 illud
1398 1355 1547 1390 perspicere
1562 1354 1679 1389 possitis,

889 1395 961 1431 quod
975 1405 989 1422 a
1003 1404 1044 1422 me
1058 1395 1133 1421 initio
1147 1395 1271 1421 orationis
1284 1403 1356 1420 meae
1366 1393 1467 1420 dictum
1479 1397 1532 1419 est:
1547 1391 1681 1426 quidquid

889 1433 951 1460 mali
971 1442 1017 1468 per
1035 1433 1083 1459 hos
1102 1441 1184 1459 annos
1202 1432 1234 1458 A.
1254 1431 1393 1458 Cluentius
1413 1430 1522 1460 viderit,
1547 1428 1681 1464 quidquid

890 1471 939 1497 1100
953 1475 1070 1506 tempore
1084 1470 1179 1496 habeat
1192 1469 1381 1496 sollicitudinis
1395 1477 1425 1494 ac
1439 1467 1546 1503 negotii,
1563 1466 1590 1492 id
1604 1474 1681 1492 omne

890 1517 903 1534 a
918 1512 1000 1534 matre
1013 1516 1073 1534 esse
1086 1506 1237 1533 conflatum.
1259 1506 1436 1541 Oppianicum
1447 1512 1548 1531 veneno
1559 1508 1681 1530 necatum

889 1554 958 1577 esse,
968 1545 1040 1581 quod
1051 1546 1075 1572 ei
1086 1545 1177 1571 datum
1190 1545 1225 1570 sit
1235 1544 1261 1570 in
1272 1552 1338 1578 pane
1349 1543 1436 1578 1101111.
1445 1541 1575 1569 Asellium
1586 1549 1682 1575 quem-

889 1583 964 1614 dam,
985 1582 1142 1609 familiarem
1161 1582 1248 1612 illius,
1268 1581 1350 1616 idque
1364 1580 1435 1606 Aviti
1453 1579 1564 1606 consilio
1583 1578 1681 1604 factum

889 1629 956 1651 esse,
972 1620 1071 1647 dicitis.
1093 1621 1121 1646 In
1132 1629 1186 1655 quo
1197 1620 1314 1654 primum
1327 1618 1393 1644 illud
1405 1626 1512 1652 quaero,
1524 1624 1592 1651 quae
1605 1624 1683 1641 caus-

889 1667 918 1684 sa
935 1658 1014 1685 Avito
1036 1657 1128 1688 fuerit,
1152 1666 1200 1683 cur
1222 1656 1368 1683 interficere
1389 1654 1567 1689 Oppianicum
1592 1652 1680 1679 vellet.

890 1695 1044 1722 Inimicitias
1058 1695 1129 1721 enim
1144 1695 1212 1721 inter
1226 1694 1299 1728 ipsos
1314 1693 1396 1719 fuisse
1415 1692 1552 1722 0011111001,
1573 1689 1620 1716 sed
1634 1689 1683 1716 ho-

890 1733 976 1760 mines
999 1732 1121 1759 inimicos
1144 1740 1208 1758 suos
1231 1735 1314 1757 morte
1333 1729 1401 1757 affici
1421 1729 1527 1759 volunt,
1553 1727 1594 1754 vel
1609 1727 1682 1762 quod

890 1775 1021 1801 metuunt,
1038 1769 1079 1796 vel
1094 1769 1166 1805 quod
1180 1768 1300 1795 oderunt.
1338 1768 1394 1794 470.
1409 1766 1467 1799 Quo
1482 1765 1586 1792 tandem
1601 1765 1683 1800 igitur

890 1808 985 1835 Avitus
997 1811 1069 1834 metu
1080 1806 1220 1837 adductus,
1239 1810 1340 1832 tantum
1352 1805 1378 1830 in
1392 1813 1420 1831 se
1432 1803 1535 1830 facinus
1545 1803 1683 1837 suscipere

889 1850 1000 1872 conatus
1013 1844 1071 1871 est‘?
1084 1844 1150 1879 quid
1165 1848 1227 1874 erat,
1244 1843 1316 1878 quod
1331 1843 1383 1869 iam
1394 1841 1582 1876 Oppianicum,
1599 1847 1682 1874 poena

890 1883 1011 1909 affectum
1026 1891 1073 1917 pro
1087 1881 1233 1912 maleficiis,
1249 1881 1363 1907 eiectum
1378 1888 1391 1906 e
1407 1879 1522 1909 civitate,
1537 1877 1682 1912 quisquam

890 1919 1010 1947 timeret?
1032 1919 1098 1955 quid
1113 1917 1264 1945 metuebat?
1278 1926 1309 1944 ne
1322 1920 1523 1952 oppugnaretur
1536 1924 1549 1941 a
1565 1913 1684 1949 perdito?

890 1967 922 1984 1111
937 1966 970 1984 ne
983 1961 1152 1984 accusaretur
1165 1965 1178 1982 11
1193 1954 1385 1983 condemnato?
1398 1963 1430 1980 an
1446 1962 1478 1980 ne
1492 1952 1594 1979 exsulis
1609 1951 1683 1978 testi-

891 1996 979 2022 monio
994 1993 1158 2021 laederetur‘.>
1176 1994 1203 2020 Si
1218 1998 1316 2024 autem,
1332 1991 1404 2027 quod
1418 1991 1507 2017 oderat
1521 1990 1625 2020 Avitus,
1642 1988 1684 2015 id—

889 2033 959 2059 circo
977 2032 1054 2059 illum
1074 2032 1126 2058 vita
1146 2031 1197 2057 frui
1212 2030 1309 2057 noluit:
1330 2030 1429 2055 adeone
1447 2033 1502 2054 erat
1519 2026 1632 2058 stultus,
1654 2030 1683 2052 ut

890 2070 974 2101 illam,
989 2078 1069 2104 quam
1083 2074 1138 2095 tum
1151 2068 1196 2094 ille
1208 2068 1322 2098 vivebat,
1341 2067 1419 2093 vitam
1431 2074 1491 2092 esse
1501 2065 1680 2094 arbitraretur,

890 2107 1016 2138 damnati,
1032 2106 1148 2137 exsulis,
1165 2106 1263 2132 deserti
1277 2105 1310 2131 ab
1324 2102 1468 2130 omnibus?
1481 2111 1562 2138 quem
1577 2105 1683 2136 propter

890 2145 971 2171 animi
986 2143 1214 2179 importunitatem
1230 2151 1307 2169 nemo
1321 2142 1437 2176 recipcre
1452 2145 1528 2170 tecm,
1546 2147 1622 2166 nemo
1635 2146 1683 2164 au-

889 2182 955 2213 dire,
972 2190 1050 2208 nemo
1063 2181 1172 2216 alloqui,
1190 2188 1267 2206 nemo
1281 2180 1411 2214 respicere
1426 2176 1684 2211 1011017111ιίυεὶἕί-

891 2224 933 2246 tur
952 2219 1020 2245 vitae
1037 2219 1132 2245 Avitus
1152 2216 1306 2244 invidebat?
1333 2217 1389 2242 171.
1413 2216 1487 2241 1111110
1505 2214 1528 2240 si
1547 2213 1639 2240 acerbe
1658 2217 1684 2239 et

890 2257 997 2291 penitus
1011 2256 1109 2286 oderat,
1126 2264 1178 2281 11011
1192 2263 1254 2280 011111
1269 2262 1350 2289 quam
1361 2253 1514 2279 diutissime
1527 2252 1615 2277 vivere
1628 2249 1683 2275 vel-

891 2294 914 2320 le
927 2292 1058 2320 debebat?
1084 2293 1146 2319 huic
1160 2296 1270 2318 mortem
1286 2290 1434 2317 maturabat
1448 2289 1586 2317 inimicus,
1611 2286 1682 2321 quod

890 2330 930 2358 illi
949 2339 1033 2357 unum
1048 2330 1076 2356 in
1090 2329 1168 2356 malis
1183 2328 1336 2363 perfugium
1351 2324 1594 2354 011110111111111111115Ῡ
1619 2324 1680 2356 Qui,

890 2369 913 2394 si
927 2367 993 2403 quid
1007 2367 1089 2394 animi
1107 2375 1137 2393 ac
1156 2366 1261 2392 virtutis
1280 2365 1431 2395 habuisset,
1451 2364 1489 2398 (ut
1508 2362 1585 2388 multi
1604 2369 1683 2396 saepe

891 2405 970 2432 fortes
986 2405 1035 2431 viri
1050 2405 1076 2430 in
1091 2403 1222 2430 eiusmodi
1237 2401 1348 2436 doloro.)
1362 2406 1472 2428 mortem
1486 2400 1537 2426 sibi
1553 2400 1610 2434 ipse
1620 2407 1683 2425 con-

890 2443 997 2469 scisset:
1024 2441 1087 2468 huic
1103 2441 1277 2476 quamobrem
1297 2438 1323 2465 id
1343 2438 1422 2465 vellet
1440 2438 1565 2464 inimicus
1579 2436 1680 2467 ofl'errc,

890 2479 961 2515 quod
973 2480 1029 2514 ipse
1039 2479 1090 2505 sibi
1101 2483 1191 2513 optare
1201 2476 1327 2504 deberet?
1338 2477 1403 2502 Nam
1416 2484 1486 2502 1111110
1496 2474 1605 2509 quidem
1616 2472 1682 2508 quid

891 2517 996 2543 tandem
1015 2516 1054 2542 illi
1073 2516 1135 2542 mali
1154 2524 1225 2542 mors
1243 2513 1350 2541 attulit?
1371 2514 1422 2540 nisi
1446 2512 1509 2539 forte
1529 2511 1635 2546 ineptiis
1653 2519 1682 2536 ac

891 2554 989 2581 fabulis
1003 2553 1136 2583 ducimur,
1153 2557 1182 2579 ut
1195 2552 1390 2581 existimemus,
1407 2550 1482 2576 illum
1498 2548 1569 2584 apud
1584 2547 1682 2575 inferos

890 2592 1034 2626 impiorum
1048 2591 1181 2626 supplicia
1192 2589 1316 2624 perferre,
1332 2597 1361 2614 110
1372 2587 1463 2623 plures
1474 2586 1529 2613 illic
1539 2585 1682 2613 offendisse

891 2629 1023 2659 inimicos,
1039 2637 1119 2664 quam
1135 2627 1177 2654 hic
1192 2626 1347 2661 reliquisse:
1363 2634 1377 2651 a
1390 2633 1491 2655 socrus,
1507 2623 1541 2650 ab
1556 2631 1679 2653 uxorum,

890 2675 904 2693 a
919 2666 1015 2697 fratris,
1031 2675 1045 2692 a
1061 2665 1174 2692 liberum
1189 2664 1282 2699 poenis
1296 2667 1384 2690 actum
1398 2670 1457 2689 csso
1471 2661 1644 2697 praecipitem
1655 2659 1680 2686 in

890 2703 1077 2731 sceleratorum
1095 2703 1186 2730 sedem
1204 2706 1284 2737 atquc
1302 2701 1446 2737 regionem.
1487 2698 1560 2732 Quae
1578 2698 1600 2725 si
1616 2695 1680 2724 falsa
