1941 3052
16 2959 29 3052 θαι-,ον
18 2929 24 2940 ,ι

646 132 837 160 TOPICA.
872 131 969 158 CAP.

78 209 112 234 cti
131 212 190 233 ante
208 207 270 237 sint,
290 211 321 232 ut
341 211 436 242 augeat
455 214 548 232 eorum
566 209 654 232 motus
669 209 714 230 aut
728 203 802 230 sedet
814 211 872 229 ora-

79 246 124 271 tio.
152 245 193 270 99.
217 244 285 270 Huic
307 244 407 279 generi,
433 244 461 269 in
478 251 533 278 quo
550 247 576 269 et
588 241 769 268 misericordia
782 245 808 266 et
820 241 873 266 ira-

78 282 176 309 cundia
193 286 219 308 et
241 281 333 308 odium
351 285 377 307 et
394 280 496 307 invidia
510 285 536 306 et
548 285 648 306 ceterae
661 279 743 305 animi
757 277 873 304 affectio-

79 328 126 346 nes
151 318 352 354 perturbantur,
376 322 515 353 praecepta
540 317 745 352 suppeditantur
767 315 826 341 aliis
845 315 873 341 in

80 357 165 388 libris,
181 365 250 391 quos
263 356 362 390 poteris
376 364 482 381 mecum
497 355 592 390 legere,
609 363 694 389 quum
708 352 792 379 voles.
831 351 873 378 Ad

79 394 107 421 id
125 398 223 424 autem,
243 393 316 428 quod
334 397 358 419 te
377 392 445 418 velle
459 401 603 423 senseram,
619 391 754 417 cumulate
768 388 873 416 satissa-

80 436 153 458 ctum
175 439 234 457 esse
247 430 326 456 debet
338 429 467 456 voluntati
482 434 551 456 tuae.
583 431 640 455 ⁴00.
658 429 735 459 Nam,
752 435 784 453 ne
798 434 874 461 prae-

80 469 186 496 terirem
204 467 315 502 aliquid,
335 467 408 502 quod
421 467 454 493 ad
467 470 654 503 argumentum
668 466 696 492 in
710 465 782 492 omni
796 464 875 490 ratio-

795 568 908 582 ,404

572 814 606 843 M.
655 812 854 842 TULLII

869 905 887 924 D

1004 132 1036 156 23
1055 145 1092 149 -
1112 130 1153 156 22
1667 132 1714 156 ⁴8⁹

922 210 955 228 ne
977 200 1165 236 reperiendum
1187 200 1337 235 pertineret,
1358 198 1435 234 plura
1453 208 1534 234 quam
1549 209 1562 226 a
1574 205 1597 226 te
1611 199 1718 227 deside-

923 244 978 266 rata
1000 243 1081 268 erant.
1095 247 1155 264 sum
1169 237 1326 272 complexus
1340 236 1454 272 fecique,
1470 237 1543 272 quod
1557 246 1636 272 saepe
1650 237 1717 264 libe-

924 276 991 303 rales
1014 275 1164 302 venditores
1181 274 1280 306 solent,
1305 278 1346 305 ut,
1370 283 1457 309 quum
1475 274 1553 300 aedes
1568 273 1718 300 fundumve

925 313 1093 340 vendiderint
1106 313 1173 339 rutis
1186 313 1271 338 caesis
1282 311 1557 346 receptis‚concedant
1567 316 1656 338 tamen
1669 312 1718 338 ali-

924 351 991 386 quid
1013 350 1134 384 emptori,
1154 349 1227 385 quod
1241 349 1352 376 ornandi
1369 357 1464 375 caussa
1481 353 1540 384 apte
1559 354 1584 375 et
1601 348 1658 376 loco
1672 358 1719 384 po-

925 389 1007 414 situm
1029 396 1088 413 esse
1103 387 1239 419 videatur;
1270 387 1309 413 sic
1326 386 1375 413 tibi
1394 395 1442 413 nos
1455 386 1489 412 ad
1502 386 1538 417 id,
1554 386 1627 420 quod
1641 387 1718 421 quasi

925 425 1058 459 mancipio
1075 424 1137 450 dare
1150 424 1304 455 debuimus,
1319 428 1472 451 ornamenta
1485 423 1615 459 quaedam
1633 423 1719 450 volui-

926 471 987 489 mus
1002 471 1054 489 non
1067 461 1155 488 debita
1168 461 1302 488 accedere.

911 568 1016 580 05——

902 808 1226 840 CICERONIS

909 905 926 923 E.

427 977 913 1017 PARTITIONE
967 972 1372 1014 ORATORIA

657 1069 1143 1122 DIALOGUS.

605 1244 824 1273 NOTITIA
864 1240 1201 1269 LITTERARIA.

194 1319 226 1340 M.
246 1319 333 1340 Tullius
349 1320 423 1340 Cicero
439 1320 520 1340 ,Murro
531 1318 586 1346 filio
602 1318 705 1346 roganti,
716 1321 750 1342 ut,
763 1318 787 1338 de
799 1316 873 1344 quibu:
885 1318 939 1336 aute
952 1314 1036 1335 Graece
1046 1314 1189 1341 exposuisset.
1202 1313 1342 1334 Pur-eiciam:
1355 1313 1474 1333 oratorius
1489 1315 1558 1333 natm
1572 1312 1624 1333 illm
1636 1311 1723 1339 quidem

83 1363 93 1376 e
110 1354 272 1383 philosophiae
290 1356 439 1377 Ara-iemicac
453 1356 535 1376 studiis
551 1355 595 1383 (cf.
612 1362 662 1382 cup.
676 1356 723 1380 40.)
734 1353 804 1375 etiam
822 1351 913 1373 Latinis
924 1350 1006 1371 litteris
1025 1350 1158 1374 illustraret,
1181 1350 1242 1371 Ῐιιιητ
1255 1356 1386 1372 sermonem,
1403 1356 1444 1377 quo
1460 1349 1538 1376 filium
1558 1355 1628 1368 nsum
1639 1348 1723 1371 ‚culla-

82 1396 186 1420 qnenlem
197 1392 291 1416 inducit,
305 1392 440 1420 conscripsit
447 1391 589 1413 c..1ul.‹7aes.
601 1391 647 1411 111.
659 1390 793 1412 M.Aemilio
807 1388 894 1416 Lepido
908 1387 966 1408 Coss.
977 1389 1049 1413 ((ιιιηο
1064 1386 1089 1406 V.
1099 1389 1160 1414 708.)

130 1524 206 1544 ARG.
231 1523 309 1544 Cicero
328 1523 368 1543 hoe
383 1522 441 1543 libro
456 1530 539 1543 omnem
551 1523 640 1544 dicendi
658 1522 780 1543 doctrinam
795 1521 819 1541 in
833 1524 878 1542 tres

82 1562 156 1586 partes
166 1558 289 1582 distribuit,
301 1557 325 1578 in
335 1558 431 1578 oraturis
440 1558 492 1583 vim,
503 1558 625 1579 orationem
636 1561 658 1578 et
666 1557 824 1585 quaestionem.
845 1556 878 1576 Ad

81 1593 125 1614 vim
141 1593 236 1620 requirit
249 1592 407 1618 inventionem,
422 1593 598 1617 col-locationem,
610 1593 756 1614 elocutionem
767 1596 789 1613 et
799 1599 878 1612 memo-

82 1628 137 1649 riun
147 1636 194 1649 cum
203 1628 393 1656 pronuntiatione,
405 1635 418 1648 a
427 1636 445 1649 e.
456 1631 524 1649 3—7.
540 1628 653 1649 Orationis
664 1631 738 1655 portes
749 1627 805 1648 fucit
814 1634 878 1648 exor-

82 1663 150 1688 dium,
160 1663 317 1688 narrationem,
328 1663 516 1684 confirmationem
528 1666 550 1684 et
559 1663 732 1687 conclusionem,
744 1670 756 1683 ι
766 1670 784 1683 c.
796 1665 878 1684 8—17.

83 1699 116 1719 De
134 1698 302 1725 quaestionibus
319 1705 384 1725 quum
403 1698 499 1719 infinitis
519 1702 563 1719 turn
577 1699 660 1723 finitis,
681 1706 705 1719 ne
719 1698 746 1718 de
761 1697 879 1723 generibus

82 1740 208 1754 caussarum
220 1736 241 1754 et
250 1733 450 1754 constitutionibus
461 1733 507 1758 agit
517 1741 529 1754 a
539 1741 558 1754 e.
570 1736 602 1755 18.
613 1741 683 1761 usque
693 1734 719 1754 nd
729 1734 801 1754 finem.

137 1817 158 1844 1.
172 1818 196 1843 t.
219 1812 338 1844 Cim-:no
357 1825 470 1844 FILIUS:
497 1815 610 1847 studeo.
632 1817 669 1843 mi
688 1821 769 1851 pater,
787 1817 879 1843 Latine

83 1863 116 1882 ex
130 1859 154 1881 te
168 1854 261 1881 audire
274 1863 313 1886 ea,
326 1863 394 1890 quae
409 1854 475 1880 mihi
490 1858 519 1880 tu
533 1853 566 1880 de
577 1854 880 1881 rationedicendiGrae-

83 1900 112 1919 ce
123 1892 269 1925 tradidisti3
285 1892 307 1918 si
322 1891 400 1918 modo
411 1891 459 1918 tibi
470 1896 510 1918 est
523 1892 617 1923 otium,
626 1896 651 1918 et
661 1892 683 1918 si
695 1893 746 1918 vis.
767 1892 880 1919 thsno

83 1938 189 1956 »Arent
211 1929 251 1956 An
266 1934 314 1960 est,
331 1930 368 1956 mi
383 1928 483 1960 Cicero,
499 1928 571 1963 quod
586 1937 635 1964 ego
646 1929 746 1960 malim,
760 1938 841 1964 qoam
855 1934 880 1955 te

82 1975 164 2002 quam
183 1966 370 1993 doctissimum
387 1965 464 1992 esse?
488 1965 577 1992 Otium
597 1971 684 1992 autem
704 1967 821 2001 primum
840 1971 881 1993 est

83 2013 231 2035 summum,
247 2004 374 2039 quoniam
389 2003 533 2038 aliquando
544 2004 627 2030 Roma
637 2004 753 2030 exeundi
764 2008 880 2039 potestas

83 2041 143 2068 data
157 2045 210 2073 est,
233 2041 330 2067 deinde
344 2041 394 2067 ista
408 2045 453 2066 tua
466 2040 555 2066 studia
570 2041 611 2067 vel
626 2042 752 2067 maximis
766 2050 881 2076 occupa-

83 2078 202 2106 tionibus
224 2078 291 2104 meis
315 2077 471 2104 anteferrem
495 2078 616 2104 libenter.
657 2080 680 2105 2.
701 2078 730 2105 C.
750 2079 780 2105 F.
800 2079 880 2105 Visne

83 2117 176 2152 igitur,
195 2120 224 2142 ut
242 2120 270 2142 tu
289 2124 331 2142 me
350 2115 448 2142 Graeco
466 2115 536 2141 soles
549 2115 642 2142 ordine
655 2116 826 2151 interrogare,
842 2116 881 2142 sic

83 2162 133 2190 ego
151 2157 176 2180 te
199 2153 318 2179 vicissim
338 2152 439 2179 eisdem
458 2152 491 2178 de
504 2152 585 2179 rebus
599 2153 691 2179 Latine
703 2153 882 2187 interrogem?

85 2190 114 2218 C.
126 2191 155 2217 P.
172 2190 250 2221 Sane,
267 2191 290 2216 si
304 2189 399 2225 placet.
440 2189 485 2216 Sic
498 2190 570 2216 enim
584 2194 610 2216 et
622 2199 672 2225 ego
686 2195 710 2217 te
724 2188 881 2217 meminisse

84 2227 243 2264 intelligam,
263 2236 332 2262 quae
351 2227 485 2261 accepisti,
505 2231 531 2253 et
545 2232 572 2253 tu
586 2227 679 2254 ordine
693 2228 796 2259 audies,
812 2237 881 2263 quae

83 2265 214 2301 requires.
256 2267 280 2292 3.
300 2264 328 2292 C.
349 2265 378 2290 F.
399 2264 469 2296 Quot
485 2265 514 2290 in
532 2269 620 2299 partes
638 2265 823 2292 distribuenda
842 2270 882 2292 est

85 2303 172 2330 omnis
195 2302 313 2329 doctrina
332 2301 460 2328 dicendi?
484 2301 513 2328 C.
529 2302 558 2328 P.
574 2302 602 2328 In
616 2306 679 2328 tres.
719 2302 749 2329 C.
765 2303 795 2329 F.
810 2302 882 2329 Cedo

85 2339 170 2376 quas?
193 2339 221 2366 C.
236 2340 266 2366 P.
281 2340 400 2366 Primum
413 2340 439 2365 in
454 2340 540 2373 ipsam
551 2339 605 2365 vim
616 2340 734 2371 oratoris,
747 2340 844 2367 deinde
853 2340 881 2366 in

85 2378 239 2408 orationem,
266 2381 322 2403 tum
346 2377 373 2403 in
392 2377 586 2411 quaestionem.
627 2376 656 2403 C.
676 2377 706 2403 F.
722 2378 750 2403 In
768 2386 823 2412 quo
841 2381 881 2403 est

85 2415 144 2450 ipsa
158 2413 217 2441 vis‘?
237 2414 266 2441 C.
282 2415 310 2440 P.
326 2415 354 2440 In
369 2414 449 2440 rebus
463 2419 489 2440 et
502 2413 601 2440 verbis.
623 2413 676 2440 Sed
689 2419 715 2440 et
728 2423 770 2440 res
783 2419 809 2441 et
823 2423 883 2441 ver-

85 2451 119 2478 ba
132 2451 292 2478 invenienda
309 2456 373 2478 sunt
390 2455 416 2477 et
428 2450 590 2477 collocanda.
630 2451 738 2485 Proprie
752 2455 840 2478 autem
855 2452 882 2477 in

87 2489 167 2516 rebus
180 2489 314 2520 invenire,
334 2489 361 2515 iu
380 2488 470 2515 verbis
489 2488 578 2523 eloqui
597 2487 704 2514 dicitur.
749 2488 883 2515 Collocare

87 2531 184 2558 autem,
200 2527 249 2553 etsi
263 2531 304 2553 est
315 2534 467 2557 commune,
488 2530 575 2552 tamen
590 2525 622 2551 ad
635 2525 828 2552 inveniendum
842 2534 884 2552 re-

87 2562 179 2590 fertur.
219 2563 285 2595 Vox,
306 2568 403 2594 motus,
433 2563 524 2590 vultus
546 2567 625 2597 atque
638 2563 726 2589 omnis
739 2563 807 2589 actio
829 2562 885 2589 elo-

87 2600 187 2636 quendi
209 2609 298 2628 comes
311 2605 360 2631 est,
379 2609 526 2635 earumque
548 2609 636 2626 rerum
655 2600 776 2626 omnium
794 2604 884 2626 custos

89 2639 224 2665 memoria.
254 2639 278 2665 4.
293 2638 322 2665 C.
336 2638 366 2665 F.
381 2637 471 2670 Quid?
490 2638 614 2664 orationis
625 2642 690 2672 quot
703 2642 767 2664 sunt
779 2636 885 2672 partes‘?

88 2674 117 2702 C.
137 2675 166 2702 P.
185 2675 324 2708 Quattuor.
364 2675 463 2702 Earum
481 2675 550 2702 duae
568 2675 657 2702 valent
670 2675 703 2702 ad
717 2684 772 2702 rem
787 2675 884 2702 docen-

930 1517 1001 1549 dam,
1019 1518 1133 1544 narratio
1147 1521 1172 1543 et
1184 1517 1362 1549 confirmatio;
1384 1515 1418 1543 ad
1431 1515 1608 1551 impellendos
1622 1516 1725 1541 animos

930 1555 1008 1586 duae,
1028 1555 1191 1589 principium
1210 1559 1235 1581 et
1253 1554 1392 1589 peroratio.
1433 1554 1462 1580 C.
1482 1554 1511 1580 F.
1531 1552 1620 1585 Quid‘?
1639 1552 1726 1585 Quae-

930 1593 981 1619 stio
999 1601 1129 1627 quasnam
1148 1592 1228 1618 habet
1246 1591 1351 1626 partes?
1376 1591 1406 1617 C.
1426 1591 1455 1617 P.
1475 1590 1618 1621 Infinitam,
1644 1598 1725 1625 quam

930 1629 1151 1657 consultationem
1173 1629 1286 1664 appello,
1307 1634 1333 1655 et
1349 1628 1495 1659 definitam,
1507 1636 1589 1662 quam
1603 1636 1725 1654 caussam

931 1667 1048 1694 nomino.
1094 1667 1124 1693 11.
1158 1668 1182 1692 5.
1212 1666 1241 1693 C.
1272 1667 1300 1693 F.
1333 1666 1464 1698 Quoniam
1492 1666 1574 1701 igitur
1607 1665 1726 1691 invenire

931 1705 1049 1740 primum
1071 1709 1111 1730 est
1137 1704 1260 1735 oratoris,
1289 1704 1356 1738 quid
1379 1702 1505 1738 quaeret‘?
1533 1702 1562 1730 C.
1588 1703 1616 1728 P.
1640 1702 1671 1728 Ut
1685 1703 1727 1728 in-

930 1742 1028 1773 veniat,
1049 1741 1277 1776 quemadmodum
1293 1741 1371 1767 fidem
1387 1740 1465 1767 faciat
1478 1741 1525 1771 eis,
1541 1740 1642 1775 quibos
1657 1739 1727 1765 volet

931 1779 1100 1814 persuadere,
1121 1784 1146 1805 et
1160 1778 1389 1813 quemadmodum
1408 1783 1509 1804 motum
1524 1786 1615 1804 eorum
1631 1777 1728 1803 animis

931 1816 1028 1843 afferat.
1053 1817 1082 1843 C.
1098 1817 1127 1843 F.
1143 1815 1248 1848 Quibus
1263 1816 1343 1842 rebus
1355 1815 1421 1842 fides
1432 1815 1477 1841 sn?
1491 1815 1520 1842 C.
1535 1815 1564 1841 P.
1578 1815 1727 1850 Argumen-

931 1855 974 1885 tis,
995 1863 1064 1889 quae
1081 1853 1218 1880 ducuntur
1235 1862 1269 1880 ex
1287 1852 1352 1879 locis
1366 1857 1412 1879 aut
1424 1853 1452 1879 in
1467 1862 1494 1879 re
1508 1853 1566 1887 ipsa
1580 1853 1668 1878 insitis
1683 1857 1728 1878 aut

931 1891 1087 1926 assumptis.
1128 1891 1157 1917 C.
1178 1891 1207 1917 F.
1226 1890 1298 1923 Quos
1317 1899 1396 1917 vocas
1415 1889 1503 1917 locos‘?
1529 1890 1558 1916 C.
1574 1890 1602 1915 P.
1624 1890 1683 1917 Eos,
1700 1890 1727 1914 in

930 1929 1032 1964 quibus
1049 1928 1130 1955 latent
1147 1933 1312 1964 argumenta.
1353 1928 1382 1954 C.
1402 1928 1432 1955 F.
1447 1927 1518 1960 Quid
1532 1932 1572 1953 est
1585 1936 1728 1962 argumen-

932 1965 1007 1993 tum‘?
1027 1966 1056 1992 C.
1074 1966 1101 1992 P.
1118 1965 1257 1992 Probabile
1271 1966 1411 1992 inventum
1426 1965 1459 1991 ad
1474 1964 1621 1991 faciendam
1637 1964 1726 1990 tidem.

931 2006 956 2030 ὃ.
976 2004 1007 2031 C.
1026 2004 1055 2030 F.
1071 2003 1208 2035 Quomodo
1224 2003 1305 2038 igitur
1319 2003 1373 2029 duo
1386 2011 1481 2038 genera
1496 2003 1546 2028 ista
1560 2001 1678 2028 dividis‘?
1698 2002 1726 2027 C.

931 2041 960 2067 P.
980 2040 1054 2073 Quae
1068 2041 1125 2067 sine
1140 2045 1194 2066 arte
1209 2045 1344 2075 putantur,
1361 2049 1390 2066 ea
1406 2044 1504 2066 remota
1519 2039 1632 2074 appello,
1647 2044 1676 2065 ut
1691 2044 1728 2064 te·

931 2079 1066 2105 stimonia.
1107 2078 1136 2104 C.
1157 2078 1185 2104 F.
1206 2078 1275 2110 Quid
1293 2077 1389 2104 insita?
1414 2078 1444 2104 C.
1460 2078 1488 2103 P.
1504 2077 1577 2109 Quae
1592 2076 1728 2103 inhaerent

932 2116 959 2142 in
974 2116 1032 2150 ipsa
1046 2124 1081 2142 re.
1122 2115 1151 2142 C.
1172 2115 1200 2142 F.
1217 2115 1441 2141 Testimoniorum
1455 2123 1524 2149 quae
1538 2118 1602 2140 sunt
1615 2112 1730 2149 genera?

933 2153 962 2180 C.
978 2153 1006 2179 P.
1024 2153 1149 2179 Divinum
1160 2158 1185 2179 et
1196 2152 1358 2178 humanum:
1386 2152 1519 2182 divinum,
1533 2151 1686 2179 utoracnla,
1701 2156 1728 2176 ot

933 2191 1061 2225 auspicia,
1083 2195 1112 2216 ut
1126 2190 1336 2219 vaticinationes.
1358 2194 1387 2216 ut
1406 2198 1532 2224 responsa
1551 2188 1726 2215 sacordonnn,

933 2227 1118 2262 haruspicum,
1134 2228 1327 2259 coniectorum,
1343 2227 1500 2255 humanum,
1513 2226 1584 2261 quod
1595 2230 1730 2260 spectatur

933 2273 966 2291 ex
979 2265 1133 2291 auctoritate
1147 2269 1172 2290 et
1185 2273 1219 2290 ex
1233 2264 1368 2290 voluntate
1383 2269 1407 2290 et
1418 2272 1450 2290 ex
1464 2265 1581 2289 oratione
1592 2268 1636 2288 aot
1648 2262 1729 2288 libera

933 2307 979 2328 aut
996 2310 1131 2336 expressa,
1148 2302 1175 2328 in
1189 2310 1243 2336 quo
1257 2302 1348 2327 insunt
1362 2302 1468 2335 scripta,
1487 2306 1570 2335 pat-tn,
1588 2300 1726 2334 promissa.

934 2340 1027 2369 iurata,
1043 2339 1173 2373 quaesita.
1189 2339 1214 2364 7.
1231 2338 1260 2365 C.
1274 2338 1302 2365 F.
1313 2338 1386 2370 Quae
1396 2343 1459 2364 sunt
1473 2347 1541 2372 quae
1555 2337 1623 2363 (licis
1634 2336 1730 2363 insito&³

933 2376 962 2403 C.
979 2377 1006 2402 P.
1023 2376 1095 2408 Quae
1109 2376 1190 2402 infixa
1200 2380 1264 2402 sunt
1275 2375 1355 2402 rebus
1365 2376 1440 2410 ipsis.
1454 2380 1481 2401 ut
1492 2375 1620 2404 delinitio.
1633 2379 1730 2400 utcon-

935 2414 1054 2444 trarium,
1063 2418 1135 2443 ntea,
1144 2417 1281 2448 quaesunt
1288 2413 1338 2447 ipsi
1346 2411 1729 2439 contrarios-eeiusmnsimilin

934 2455 979 2477 aut
997 2450 1138 2477 dissimilia
1153 2455 1382 2476 nutconsentanea
1396 2449 1632 2479 nutdissentanem
1655 2454 1728 2477 ntea.

934 2496 1002 2523 quae
1018 2492 1082 2514 sunt
1099 2488 1175 2522 quasi
1194 2488 1343 2517 coniuncta,
1364 2492 1408 2513 nut
1426 2496 1465 2517 ea,
1485 2495 1554 2521 quae
1572 2491 1635 2512 sunt
1653 2488 1730 2521 quusi

935 2525 1081 2560 pugnantia
1102 2525 1170 2551 inter
1185 2533 1227 2556 se;
1250 2529 1278 2550 ιιι
1293 2533 1384 2550 earmn
1399 2533 1497 2554 rerum,
1513 2524 1546 2550 de
1560 2524 1662 2559 quibus
1673 2525 1731 2560 agi-

935 2568 986 2593 tur,
1010 2570 1133 2593 caussam
1164 2567 1209 2588 aut
1226 2570 1382 2588 caussarum
1405 2566 1526 2592 eventus,
1548 2561 1574 2587 id
1589 2566 1641 2592 est,
1661 2570 1731 2596 quae

934 2604 998 2626 sunt
1016 2599 1105 2626 effecta
1124 2599 1157 2625 de
1171 2599 1289 2630 caussis;
1313 2604 1340 2625 ut
1354 2599 1566 2629 distributiones,
1588 2604 1617 2625 ut
1634 2608 1730 2633 genera

936 2638 1051 2672 partium
1069 2645 1233 2672 generumve
1252 2641 1351 2671 partes:
1380 2641 1409 2663 ιιι
1431 2636 1574 2671 primordia
1594 2645 1682 2662 rerum
1706 2641 1731 2662 et

935 2675 1012 2710 quasi
1035 2674 1245 2709 praecurrentia,
1271 2673 1297 2700 in
1320 2674 1420 2709 quibus
1440 2674 1507 2700 inest
1530 2673 1631 2708 aliquid
1651 2682 1731 2707 ιιιχειιι-
