1941 3052
244 97 292 123 72⁸
812 97 853 121 79.
890 95 923 121 M,
957 95 986 121 Τ.

246 166 502 201 veniunt,prn1=tr·rea
511 174 542 192 οι(
556 165 711 200 municipiis
723 165 876 200 frequentes
888 166 1030 191 necessarii

245 204 296 230 mci
307 204 322 238 :)
334 204 399 237 quin
413 212 514 232 ‹unm-s,
531 212 614 237 qunm
628 207 651 228 ιι·
665 203 778 227 summis
792 202 917 227 laudibus
929 202 960 227 ad
972 211 1031 227 cae-

246 241 300 266 lum
313 240 472 268 vxi-ntorum.
483 240 680 265 :nitito-‹uitium›
692 239 822 264 maximas
833 240 930 273 gratias
942 244 1029 272 agant.

245 278 347 310 Negant
358 278 428 302 onim
440 286 467 301 sc
479 277 614 306 dubitare,
632 277 698 310 quin
711 281 752 305 tu,
771 277 838 301 meis
848 277 996 310 praeceptis
1007 281 1032 302 et

243 314 364 339 consilii-1
375 314 575 347 obtemperans,
597 313 855 347 praestantissimum
873 318 896 338 te
908 313 994 339 civem
1006 318 1031 339 ct

243 351 406 385 singularem
432 350 569 376 consulem
596 350 732 384 prat-licus.
782 352 806 376 ¹2.
837 350 943 382 Quibus
970 359 1028 385 ego,

242 395 405 421 quamquam
428 388 567 413 verissime
584 396 692 422 possum
709 387 882 421 respondere,
902 392 939 417 tc,
961 395 1030 422 (quae

243 424 333 453 facias,
343 429 387 449 tuo
400 424 498 449 iudicio
510 429 535 450 ct
547 429 588 450 tua
601 429 694 459 sponte
706 424 800 453 facere,
809 433 857 450 nec
868 425 1029 459 cuiusquam

241 470 319 496 ogeri·
335 461 461 487 consilio:
485 465 571 487 tmnen
589 470 674 496 neque
692 461 769 496 plane
784 462 921 490 assentior,
937 470 968 487 ne
981 462 1030 487 im-

242 499 360 524 minuam
377 502 448 524 tunm
465 497 570 524 laudem
580 520 585 528 ,
601 499 623 524 si
635 500 722 525 omnis
734 508 747 524 a
760 499 826 524 mois
838 498 958 524 consitiis
970 507 1031 533 pro-

242 535 307 561 secta
321 535 450 565 videatur,
466 545 551 570 neque
564 536 640 562 valde
653 545 729 571 nego.
769 536 833 561 Sum
846 536 916 561 enirn
928 536 1031 562 avidior

241 573 329 602 etiam,
343 581 423 607 quam
435 574 500 599 satis
511 578 559 603 cst,
572 573 681 608 gloriae.
704 573 735 599 Et
747 578 833 599 tamen
846 582 896 599 non
911 573 1029 599 alienum

240 614 279 635 cst
290 609 418 644 dignitate
431 610 564 645 tua,quod
579 611 629 645 ipsi
641 610 843 644 Agamemnoni,
858 619 950 646 regum
962 619 988 636 re
1012 611 1028 641 i,

241 645 291 672 suit
307 646 462 677 honestum,
478 648 575 674 lia'bcrc
587 647 704 682 aliquem
718 648 743 673 in
756 647 876 673 consiliis
888 620 1030 682 capiunffis

240 684 391 716 Nestort‘1113
409 685 475 710 milii
488 694 549 711 vcro
560 685 715 720 gloriosum,
726 689 749 711 te
762 685 886 711 iuvenem
893 684 1030 710 consulem

240 720 331 747 llorere
355 720 495 753 laudibus,
514 723 592 757 quasi
609 722 748 748 alumnum
769 721 928 756 disciplinae
945 731 1028 748 meac.
1051 732 1053 748 ;

1059 168 1062 180 l

241 759 266 784 3.
280 758 308 784 L.
322 758 432 793 quidem
445 759 549 789 Cacsar,
563 768 647 794 quum
659 759 691 785 ad
704 767 765 785 eum
777 763 914 794 aegrotum
927 760 1030 794 Neapo—
1051 776 1053 790 ,

241 794 287 821 lim
305 796 453 827 venissem,
472 805 635 831 quamquam
652 801 706 823 erat
720 805 865 831 oppressus
881 797 960 822 totius
972 805 1030 823 cor-

241 833 314 867 poris
325 832 473 864 doloribus,
488 838 574 860 tamen
587 839 655 865 ante,
668 842 749 868 qnam
761 833 1027 868 meplanesalutavit,

240 869 262 896 O
273 870 310 895 mi
322 869 421 899 Cicero.
437 871 533 906 inquit,
547 871 665 905 gratulor
676 871 734 900 tibi,
748 879 831 905 quum
845 875 945 896 tantum
958 871 1030 897 vales
1052 895 1053 898 ,

239 906 311 941 apud
324 907 500 939 Dolabellam,
513 913 644 943 quantum
656 909 679 934 si
691 917 740 943 ego
751 908 821 942 apud
834 909 932 934 sororis
945 908 1029 934 tilium
1051 938 1052 942 Ἰ

211 962 215 968 .
239 943 370 974 valerem,
388 945 440 971 iam
457 945 525 972 salvi
541 955 599 972 esse
615 954 766 981 possemus.

239 986 284 1008 tuo
300 987 325 1008 et
340 982 458 1017 gratulor
473 988 498 1009 et
513 984 611 1019 gratias
626 992 687 1018 ago3
711 991 792 1017 quem
809 982 919 1017 quidem
935 988 995 1017 post
1007 987 1030 1009 te

238 1018 377 1045 consulem
403 1019 490 1046 solum
516 1029 660 1055 possumus
686 1028 747 1046 vere
772 1019 909 1046 consulem
930 1020 1028 1046 dicere.

238 1056 339 1082 Deinde
356 1056 438 1083 multa
454 1058 486 1084 de
504 1057 570 1084 facto
585 1067 614 1084 ac
630 1058 663 1083 de
679 1062 802 1093 regesta,
827 1061 882 1083 tum
894 1057 961 1083 nihil
974 1066 1028 1083 ma-

237 1093 424 1129 gnisscentius,
439 1095 506 1121 nillil
522 1095 684 1130 praeclarius
701 1099 789 1121 actum
804 1103 947 1129 umquam,
961 1094 1029 1120 nihil

237 1131 403 1165 reipublicae
414 1132 568 1159 salutarius.
608 1132 694 1167 Atque
707 1132 771 1158 haec
782 1140 834 1157 una
846 1141 897 1158 vox
907 1133 1029 1158 omnium

237 1173 287 1194 cst.
320 1169 344 1194 4.
364 1168 384 1194 A
397 1174 420 1195 te
432 1174 519 1196 autem
532 1175 600 1204 peto,
614 1174 643 1196 ut
655 1178 696 1195 me
708 1169 776 1196 hanc
787 1170 864 1204 quasi
876 1169 970 1195 salsam
983 1169 1030 1195 hc-

239 1205 378 1232 reditatem
391 1206 492 1233 alienae
503 1207 603 1242 gloriae
615 1208 688 1233 sinas
699 1215 817 1238 cernere,
831 1215 928 1242 meque
939 1206 1029 1242 aliqua

237 1250 271 1268 ex
282 1247 355 1277 parte
367 1243 393 1269 in
405 1244 558 1270 societatem
570 1249 675 1270 tuarum
691 1244 801 1270 laudum
814 1245 905 1270 venire
917 1245 1027 1279 patiare.

237 1279 419 1315 Quamquam,
434 1281 471 1307 mi
482 1281 626 1312 Dolabella,
640 1281 705 1308 haec
715 1282 787 1307 enim
799 1281 900 1308 iocatus
912 1290 982 1312 sum,
997 1281 1030 1307 li-

237 1316 345 1343 bentius
356 1326 449 1344 omnes
463 1327 545 1349 meas,
558 1318 670 1345 simodo
681 1323 743 1345 sunt
754 1318 859 1353 aliquae
870 1327 953 1350 meae,
971 1318 1029 1345 lau-

236 1353 284 1380 des
298 1354 332 1380 ad
343 1359 366 1381 te
378 1355 580 1387 transfuderim,
593 1365 675 1391 quam
685 1356 803 1391 aliquam
816 1360 917 1391 partem
925 1356 1029 1382 exhau—

235 1391 316 1417 serim
329 1400 362 1418 ex
377 1393 440 1419 tuis.
480 1393 548 1420 Nam
559 1402 643 1428 quum
654 1398 678 1420 te
692 1402 798 1428 semper
812 1397 914 1420 tantum
925 1393 1029 1420 dilexe-

236 1429 300 1459 rim,
317 1434 449 1464 quantum
464 1435 491 1457 tu
509 1431 657 1467 intelligere
668 1431 788 1466 potuisti.
803 1435 859 1457 tum
871 1431 913 1457 his
924 1431 977 1457 tuis
990 1430 1029 1457 fa-

235 1466 285 1492 ctis
301 1467 340 1492 sic
352 1467 478 1494 incensus
489 1477 559 1499 sum,
572 1473 601 1494 ut
613 1468 681 1495 nihil
693 1477 821 1503 umquam
833 1468 860 1494 in
871 1477 959 1495 amore
970 1467 1029 1494 fue-

236 1504 270 1529 rit
289 1503 436 1531 ardentius.
478 1505 551 1532 Nihil
571 1510 611 1531 est
635 1506 722 1537 enim,
740 1505 915 1537 mihicrede,
929 1506 1027 1532 virtute

235 1539 388 1573 formosius,
403 1542 471 1568 nihil
487 1543 636 1578 pulchriuS,
649 1543 717 1569 nihil
729 1542 884 1569 amabilius.
913 1544 938 1569 5.
951 1542 1028 1569 Sem-

234 1585 283 1613 per
294 1579 395 1611 amavi,
409 1585 437 1606 ut
448 1581 511 1611 scis,
527 1581 561 1607 M.
575 1581 686 1606 Brutum
698 1585 806 1615 propter
815 1581 874 1607 eius
889 1589 1027 1607 summum

235 1615 386 1651 ingenium,
402 1618 580 1644 suavissimos
591 1626 687 1648 mores,
696 1617 860 1653 singularem
867 1617 1027 1652 probitatem

237 1656 317 1687 atque
332 1655 517 1681 constantiam.
558 1655 658 1681 Tamen
674 1655 743 1681 ldib.
756 1655 857 1681 Martiis
869 1659 971 1681 tanturn
983 1663 1028 1681 ac-
1048 1666 1049 1686 t

234 1690 316 1717 cessit
330 1690 363 1717 ad
379 1699 510 1722 amorem,
527 1696 557 1719 ut
572 1693 696 1723 mirarer,
714 1692 803 1718 locum
815 1692 898 1719 fuisse
909 1692 1027 1728 augendi

234 1727 262 1752 in
279 1735 321 1759 eo,
339 1728 412 1762 quod
426 1730 494 1756 mihi
509 1729 668 1764 iampridem
680 1729 848 1756 cumulatum
859 1730 939 1756 etiam
950 1729 1027 1756 vide-

233 1763 322 1791 batur.
358 1764 424 1797 Quis
436 1771 500 1798 erat,
513 1767 561 1802 qui
572 1766 726 1801 putaret,ad
737 1775 799 1793 eum
811 1775 936 1797 amorem,
945 1775 1026 1802 quem

234 1809 296 1837 erga
309 1807 333 1828 te
345 1802 486 1834 habebam,
500 1812 578 1838 posse
590 1803 695 1839 aliquid
706 1804 848 1830 accedere‘?
861 1805 975 1831 Tantum
982 1813 1027 1831 ac—

233 1838 328 1870 cessit,
346 1845 375 1866 ut
390 1840 457 1867 milii
469 1850 540 1867 nunc
551 1841 668 1876 denique
679 1850 767 1868 amare
780 1842 880 1873 videar,
897 1847 972 1868 antea
983 1842 1026 1868 di-

235 1875 342 1902 lexisse.

233 1912 358 1949 dignitati
374 1919 399 1940 et
415 1914 516 1950 gloriae
527 1915 648 1942 servias‘?
668 1924 815 1951 proponam
825 1917 876 1943 tibi
887 1916 971 1942 claros
983 1917 1026 1943 vi-

233 1949 294 1976 ros‘?
322 1951 395 1985 quod
415 1951 501 1978 facere
522 1952 608 1979 solent
627 1953 676 1988 qui
695 1953 842 1981 hortantur.
883 1954 1024 1980 Neminem

233 1987 320 2014 habeo
331 1987 479 2020 clariorem,
493 1998 574 2025 quam
586 1991 721 2025 teipsum.
743 1991 779 2018 Te
791 1991 895 2018 imitere
906 1996 1021 2026 oportet:

232 2028 322 2051 tecum
337 2025 395 2060 ipse
411 2031 505 2053 certes.
546 2027 584 2053 Ne
606 2027 668 2054 licet
681 2028 792 2063 quidem
804 2028 853 2055 tibi
865 2029 927 2060 iam,
944 2030 1024 2056 tantis

232 2061 314 2088 rebus
329 2063 412 2098 gestis
428 2072 481 2090 non
497 2064 536 2091 tui
551 2065 672 2091 similem
687 2073 756 2092 esse.
796 2067 821 2092 7.
843 2065 919 2098 Quod
938 2075 1023 2102 quum

231 2099 268 2126 ita
279 2100 323 2130 sit,
337 2100 449 2127 hortatio
461 2110 512 2128 non
524 2106 564 2128 est
574 2103 737 2135 necessaria;
753 2103 930 2139 gratulatione
936 2105 1023 2140 magis

231 2136 363 2163 utendum
379 2142 428 2164 est.
467 2138 585 2175 Contigit
599 2139 672 2166 enim
683 2140 743 2172 tibi,
756 2140 828 2176 quod
839 2141 912 2167 haud
923 2142 978 2168 scio
989 2151 1022 2168 an

231 2175 343 2205 nemini,
357 2179 386 2201 ut
396 2184 501 2202 summa
512 2177 640 2204 severitas
652 2178 895 2205 animadversionis
902 2188 954 2206 non
965 2188 1023 2205 mo—

230 2210 266 2238 do
280 2220 333 2238 non
349 2211 491 2244 invidiosa,
505 2213 552 2240 sed
563 2213 643 2241 etiam
655 2214 793 2250 popularis
807 2220 886 2248 esset,
900 2221 925 2243 et
936 2225 1021 2252 quum

230 2247 309 2275 bonis
324 2249 465 2281 omnibus,
478 2255 536 2277 tum
552 2250 644 2278 infimo
655 2253 754 2287 cuique
765 2253 928 2289 gratissima.
968 2254 1021 2280 Hoc

229 2286 254 2312 si
266 2285 316 2312 tibi
326 2285 431 2313 fortuna
442 2287 558 2322 quadam
569 2289 736 2325 contigisset,
749 2290 897 2326 gratularer
907 2289 1021 2317 felicita-

230 2323 251 2349 ti
267 2327 341 2350 tuae:
364 2324 411 2350 sed
425 2325 537 2361 contigit
552 2326 739 2362 magnitudine
754 2336 840 2363 quum
851 2328 949 2360 animi,
962 2333 1020 2355 tum

230 2359 311 2386 etiam
327 2361 430 2396 ingenii
446 2366 525 2398 atque
540 2363 657 2391 consilii.
698 2365 763 2400 Legi
780 2365 854 2392 enim
864 2366 1019 2392 concionem

230 2400 314 2424 tuam.
354 2398 428 2425 Nihil
440 2399 485 2425 illa
496 2401 657 2435 sapientius.
697 2402 734 2428 Ita
744 2402 909 2437 pedetentim
920 2407 946 2429 et
958 2411 1020 2438 gra-

231 2432 314 2460 datim
329 2438 386 2461 tum
402 2444 526 2463 accessus
538 2446 552 2463 a
563 2441 588 2464 te
599 2437 632 2464 ad
643 2446 767 2465 caussam
778 2439 850 2471 facti,
863 2444 919 2466 tum
931 2448 1020 2466 reces-

231 2477 302 2512 sus,-
318 2476 348 2497 ut
371 2481 413 2498 res
438 2474 496 2508 ipsa
515 2475 696 2502 maturitatem
716 2476 768 2502 tibi
788 2477 1018 2504 animadvertendi

230 2514 352 2533 omnium
373 2517 501 2537 concessu
515 2511 599 2538 daret.
640 2514 664 2539 8.
686 2513 818 2540 Liberasti
834 2515 916 2550 igitur
930 2519 956 2541 et
969 2514 1019 2541 Ur-

231 2542 293 2568 bem
312 2545 444 2578 periculo,
467 2552 492 2574 et
511 2549 646 2576 civitatem
667 2555 753 2576 metu:
775 2559 863 2586 neque
882 2551 969 2578 solum
985 2551 1018 2578 ad

230 2583 338 2615 tempus
357 2583 502 2610 maximam
522 2585 665 2613 utilitatem
680 2587 807 2619 attulisti,
825 2588 873 2615 sed
888 2589 969 2616 etiam
984 2589 1017 2616 ad

231 2616 396 2653 exemplum.
436 2619 494 2652 Quo
508 2621 576 2650 facto
591 2623 740 2661 intelligere
755 2624 851 2657 debes,
870 2626 897 2653 in
909 2631 933 2653 te
942 2627 1018 2662 posi·-

807 945 956 971 Dolabellae
969 954 1030 971 vero
1052 976 1053 982 1

383 1879 408 1903 6.
435 1877 522 1910 Quare
537 1878 605 1913 quid
621 1883 673 1908 est,
691 1878 763 1914 quod
778 1888 827 1915 ego
843 1884 867 1905 te
882 1879 983 1910 horter,
997 1884 1026 1906 ut
1046 1894 1048 1915 y

1021 96 1292 123 ClCERONlS

1084 171 1135 192 tam
1147 175 1205 192 esne
1217 167 1420 201 rempublicam.
1430 168 1532 203 tibique
1545 176 1595 194 non
1608 167 1814 199 modoiuondos.
1824 168 1870 195 sed

1083 204 1161 229 etiam
1177 204 1309 230 ornandos
1327 213 1385 230 csse
1403 204 1461 230 illos
1478 206 1562 235 viros,
1581 215 1594 231 s
1605 206 1706 240 quibus
1719 206 1825 231 initium
1838 206 1871 232 li·

1083 241 1192 266 bertatis
1208 241 1354 274 profectum
1367 246 1415 267 est.
1455 241 1505 267 Sed
1519 242 1560 268 his
1571 242 1604 267 de
1616 243 1696 268 rebus
1707 252 1794 268 coram
1810 242 1871 277 plu-

1083 287 1109 303 ra
1131 278 1299 312 propt-diem,
1323 283 1350 303 ut
1371 287 1457 312 spero.
1498 279 1536 304 Tu
1553 279 1660 314 quando
1676 280 1870 314 rempublicam

1084 323 1185 349 nosque
1200 323 1354 344 conservas,
1371 315 1410 340 tac
1422 321 1450 342 ut
1460 315 1669 351 diligentissime
1683 322 1707 343 te
1720 317 1819 352 ipsum,
1834 317 1870 343 mi

1083 352 1226 382 Dolabella,
1239 352 1383 379 custodias.

1136 421 1185 442 XV.
1197 421 1273 441 Atto.
1289 422 1380 442 unnim·
1396 421 1499 448 epi-tnu-
1510 422 1634 449 πορεύει,
1646 422 1715 449 priori
1725 423 1752 442 de
1762 422 1871 443 utet-›dt-

1083 463 1109 476 ne
1120 461 1141 476 et
1151 456 1215 477 Paeti
1226 456 1248 476 in
1259 463 1283 476 ne
1293 463 1372 479 amore.
1388 456 1461 480 nturi,
1473 456 1529 477 nihil
1540 457 1629 480 referre,
1645 461 1716 477 utrum
1728 457 1821 484 Neapoli
1833 457 1870 481 sit.

1083 499 1109 511 nn
1119 493 1208 516 Rtnmaoe,
1219 491 1256 512 ulai
1267 498 1324 512 unus
1334 491 1364 512 sit
1373 491 1482 512 daminus.

1259 529 1347 548 (num-1,
1357 530 1433 545 (amn
1446 529 1477 546 tn.
1490 528 1562 551 Ικςιηιη
1573 535 1611 544 m..

1257 571 1442 598 ClCERt)
1472 571 1636 597 PAETO
1664 571 1692 597 S.

1139 617 1160 640 1.
1185 610 1301 641 Duabus
1317 616 1370 642 tuis
1385 615 1506 650 epistolis
1519 615 1697 650 respondebo:
1720 617 1775 647 uni,
1789 625 1870 652 quam

1081 651 1224 687 quatriduo
1243 657 1302 679 ante
1316 661 1470 687 acceperam
1481 653 1595 679 azetho:
1618 653 1869 688 alteri,quamattu-

1083 689 1146 716 lerat
1162 690 1280 716 Phileros
1296 690 1462 716 tabellarius.
1503 690 1543 716 Ex
1559 690 1693 724 prioribus
1710 691 1764 716 tuis
1776 690 1871 718 litteris

1079 727 1206 757 intellexi,
1220 734 1367 762 pergratam
1380 728 1427 754 tibi
1440 735 1498 753 esse
1509 734 1600 752 curam
1613 735 1697 752 meam
1710 726 1872 754 valetudinis

1078 769 1151 795 tuae,
1167 773 1248 800 quam
1262 762 1308 791 tibi
1321 769 1485 799 perspectam
1497 772 1556 789 esse
1567 763 1681 798 gaudeo.
1721 763 1786 795 Sed,
1805 765 1871 791 mihi

1081 801 1168 830 crede,
1183 810 1233 827 non
1246 801 1365 835 perinde,
1374 806 1402 827 ut
1413 807 1453 828 est
1464 810 1606 836 reapse,ex
1619 801 1713 828 litteris
1720 803 1871 837 perspicere

1082 839 1201 873 potuisti.
1224 839 1291 864 Nam
1301 847 1386 873 quum
1401 848 1414 864 a
1427 839 1490 865 satis
1503 838 1596 864 multis
1608 839 1668 865 “non
1681 840 1751 865 enim
1759 848 1869 874 possum

1082 875 1158 902 aliter
1173 875 1271 909 dicere)
1282 880 1307 902 et
1318 875 1369 902 coli
1382 884 1423 901 me
1436 876 1540 902 videam
1553 881 1578 902 et
1588 875 1680 911 diligi:
1695 885 1773 902 nemo
1784 881 1823 902 est
1835 876 1868 902 il-

1083 912 1168 939 lorum
1188 913 1309 939 omnium
1331 913 1397 939 milii
1418 918 1442 939 te
1459 913 1610 939 iucundior.
1652 914 1717 939 Nam
1739 913 1811 948 quod
1829 922 1871 940 me

1082 959 1164 979 amas,
1180 950 1252 984 quod
1265 950 1291 976 id
1303 955 1328 976 ct
1340 950 1498 985 iampridem
1511 955 1692 976 etconstanter
1703 950 1782 976 sacis:
1796 950 1870 977 estid

1081 987 1191 1022 quidem
1208 996 1349 1022 magnum,
1366 992 1446 1022 atque
1458 987 1528 1013 haud
1540 989 1595 1013 scio
1607 997 1639 1013 an
1651 988 1809 1017 maximum.
1823 987 1870 1014 sed

1082 1025 1130 1051 tibi
1142 1033 1283 1051 commune
1295 1033 1356 1050 cum
1369 1024 1473 1050 multis:
1492 1024 1564 1059 quod
1577 1030 1603 1050 tu
1617 1025 1674 1059 ipse
1681 1029 1732 1050 tam
1740 1025 1871 1051 amandus

1081 1071 1122 1093 es,
1141 1067 1248 1097 tamque
1264 1061 1352 1088 dulcis
1368 1067 1476 1096 tamque
1493 1062 1518 1087 in
1530 1062 1602 1087 omni
1613 1070 1710 1097 genere
1725 1061 1868 1092 iucundus,

1082 1099 1108 1125 id
1119 1104 1158 1125 est
1169 1100 1276 1134 proprie
1287 1104 1373 1125 tuurn.
1399 1100 1424 1125 2.
1446 1098 1584 1125 Accedunt
1594 1107 1645 1125 nou
1657 1099 1746 1129 Attici,
1759 1098 1806 1125 sed
1817 1099 1872 1125 sal-

1081 1137 1173 1168 siores,
1187 1145 1268 1171 quam
1281 1136 1321 1162 illi
1332 1137 1489 1166 Atticorum,
1498 1137 1608 1162 Romani
1620 1141 1723 1162 veteres
1734 1141 1813 1170 atque
1825 1145 1870 1162 ur-

1082 1174 1144 1200 bani
1160 1174 1239 1200 sales.
1279 1174 1336 1209 Ego
1347 1178 1435 1200 autem
1447 1173 1595 1199 (existimes
1608 1173 1677 1202 licet,
1690 1173 1762 1208 quod
1776 1173 1870 1208 lubet.)

1081 1211 1192 1238 mirifice
1208 1211 1299 1246 capior
1311 1210 1422 1241 facetiis,
1436 1211 1553 1237 maxime
1565 1210 1736 1239 nostratibus,
1750 1219 1870 1245 praeser-

1081 1249 1128 1275 tim
1149 1257 1234 1284 quum
1255 1257 1300 1274 eas
1321 1248 1428 1274 videam
1449 1248 1568 1282 primum
1583 1247 1681 1274 oblitas
1697 1248 1784 1278 Latio.
1800 1253 1867 1278 tum,

1080 1295 1164 1321 quum
1178 1287 1204 1312 in
1216 1286 1310 1312 urbem
1322 1290 1438 1312 nostram
1449 1290 1489 1311 est
1500 1284 1587 1312 infusa
1600 1285 1785 1321 peregrinitas,
1798 1293 1870 1311 nunc

1081 1332 1143 1350 vero
1163 1324 1242 1349 etiam
1263 1323 1393 1349 braccatis
1413 1327 1439 1349 et
1454 1322 1638 1357 Transalpinis
1654 1322 1821 1352 nationibus,
1841 1326 1871 1349 ut

1081 1360 1187 1387 nullum
1203 1361 1300 1387 veteris
1316 1360 1414 1395 leporis
1429 1361 1576 1395 vestigium
1591 1364 1726 1394 appareat.
1766 1360 1868 1394 Itaque,

1081 1403 1104 1425 te
1114 1407 1200 1433 quum
1216 1398 1304 1429 video,
1316 1406 1410 1425 omnes
1422 1397 1488 1424 mihi
1501 1398 1624 1427 Granios,
1637 1405 1730 1423 omnes
1740 1397 1868 1428 Lucilios,

1080 1444 1142 1462 vere
1158 1440 1187 1462 ut
1201 1435 1303 1466 dicam,
1321 1435 1431 1462 Crassos
1446 1443 1554 1470 quoque
1569 1439 1595 1461 et
1610 1434 1714 1461 Laelios
1725 1433 1817 1460 videre
1828 1435 1871 1460 vi-

1079 1473 1153 1499 deor.
1194 1473 1299 1503 Moriar,
1313 1473 1335 1499 si
1348 1477 1452 1507 praeter
1462 1477 1486 1498 te
1497 1480 1661 1507 quemquam
1673 1471 1808 1506 reliquum
1821 1471 1870 1497 ha-

1080 1510 1143 1541 beo,
1160 1511 1187 1536 in
1198 1519 1252 1545 quo
1263 1510 1365 1544 possim
1378 1510 1524 1545 imaginem
1535 1509 1660 1544 antiquae
1672 1513 1697 1535 et
1711 1508 1870 1535 vernaculae

1080 1547 1231 1574 festivitatis
1252 1555 1406 1583 agnoscere.
1445 1546 1487 1573 Ad
1508 1546 1556 1572 hos
1577 1545 1680 1581 lepores
1694 1555 1779 1581 quum
1795 1554 1870 1572 amor

1079 1593 1140 1620 erga
1153 1593 1195 1610 me
1207 1589 1295 1610 tantus
1307 1584 1422 1614 accedat,
1436 1584 1543 1610 miraris
1555 1592 1596 1609 me
1608 1588 1678 1609 tanta
1689 1583 1870 1618 perturbatio-

1079 1630 1111 1648 ne
1124 1621 1286 1648 valetudinis
1297 1626 1367 1651 tuae,
1381 1626 1435 1647 tam
1448 1621 1566 1656 graviter
1575 1621 1758 1647 exanimatum
1766 1619 1870 1646 fuisse?

1078 1661 1102 1685 3.
1115 1658 1192 1691 Quod
1203 1664 1292 1685 autem
1304 1658 1384 1685 altera
1396 1657 1507 1692 epistola
1522 1666 1621 1693 purgas
1631 1662 1656 1683 te
1667 1666 1719 1684 non
1730 1657 1870 1684 dissuaso-

1079 1705 1133 1722 rem
1147 1696 1214 1722 mihi
1225 1695 1369 1730 emptionis
1376 1694 1565 1730 Neapolitanae
1577 1694 1670 1724 fuisse,
1680 1694 1726 1720 sed
1733 1699 1868 1721 auctorem

1079 1733 1268 1759 moderationis
1280 1733 1410 1759 urbanae:
1428 1740 1516 1766 neque
1528 1740 1577 1765 ego
1587 1731 1774 1766 aliteraccepi:
1789 1731 1868 1758 intel-

1079 1770 1131 1797 lexi
1143 1776 1231 1797 tamen
1243 1770 1324 1799 idem.
1338 1769 1409 1804 quod
1422 1769 1465 1795 his
1476 1769 1598 1804 intelligo
1610 1768 1704 1795 litteris
1714 1777 1766 1795 non
1773 1769 1868 1795 existi-

1078 1817 1165 1834 masse
1176 1812 1209 1838 te,
1223 1807 1291 1834 mihi
1304 1807 1392 1837 licere,
1405 1806 1433 1832 id
1444 1806 1517 1841 quod
1531 1814 1580 1841 ego
1591 1806 1751 1836 arbitrabar,
1765 1814 1807 1832 res
1819 1805 1868 1832 has

1077 1853 1129 1872 non
1143 1845 1253 1872 omnino
1266 1844 1387 1879 quidem,
1401 1843 1448 1870 sed
1460 1852 1584 1879 magnam
1591 1847 1693 1878 partem
1704 1842 1866 1878 relinquere.

1076 1882 1201 1910 Catulum
1218 1882 1286 1908 mihi
1301 1890 1392 1908 narras
1403 1886 1428 1907 et
1444 1880 1489 1907 illa
1505 1885 1634 1915 tempora.
1674 1880 1746 1912 Quid
1760 1879 1869 1907 simile?

1076 1920 1114 1946 Ne
1135 1922 1172 1946 mi
1192 1919 1304 1955 quidem
1325 1919 1378 1953 ipsi
1393 1923 1457 1945 tunc
1472 1917 1595 1952 placebat
1609 1917 1713 1944 diutius
1727 1917 1822 1944 abesse
1833 1917 1867 1944 ab

1077 1956 1242 1992 reipublicae
1257 1956 1388 1982 custodia.
1428 1955 1595 1982 Sedebamus
1609 1955 1681 1981 enim
1698 1955 1727 1981 in
1742 1955 1828 1990 puppi
1841 1959 1868 1982 et

1075 1994 1182 2021 clavum
1193 1994 1363 2021 tenebamus:
1382 2001 1454 2019 nunc
1465 1997 1553 2019 autem
1565 1993 1612 2019 vix
1623 1993 1701 2019 estin
1712 1993 1816 2018 sentina
1827 1991 1867 2018 lo-

1074 2040 1132 2058 cus.
1174 2033 1197 2058 b.
1210 2031 1250 2058 An
1262 2032 1354 2057 minus
1368 2030 1451 2057 multa
1462 2034 1571 2056 senatus
1581 2028 1703 2056 consulta
1714 2028 1803 2056 futura
1813 2037 1867 2064 pu·-

1074 2074 1128 2100 tas,
1146 2069 1170 2095 si
1185 2077 1234 2104 ego
1249 2069 1301 2095 sim
1316 2067 1447 2102 Neapoli?
1465 2067 1563 2094 Romae
1578 2075 1664 2102 quum
1675 2074 1737 2093 sum
1747 2070 1773 2093 et
1782 2074 1866 2102 urgeo

1074 2105 1175 2137 forum,
1198 2111 1307 2132 senatus
1326 2104 1448 2132 consulta
1462 2104 1620 2130 scribuntur
1633 2103 1706 2138 apud
1721 2108 1865 2130 amatorem

1073 2149 1160 2174 tuum.
1174 2142 1335 2170 familiarem
1347 2150 1448 2168 meum.
1488 2141 1521 2168 Et
1531 2141 1642 2176 quidem
1653 2149 1739 2176 quum
1749 2141 1778 2167 in
1788 2148 1866 2167 men-

1073 2186 1127 2207 tem
1138 2181 1220 2211 venit,
1236 2189 1322 2215 ponor
1331 2180 1364 2206 ad
1375 2178 1582 2206 scribendum‘:
1598 2182 1690 2204 etante
1696 2177 1862 2204 audiosena·

1073 2223 1116 2244 tus
1127 2217 1281 2244 consultum
1292 2217 1319 2244 in
1330 2217 1485 2243 Armeniam
1495 2220 1521 2242 et
1531 2215 1638 2251 Syriam
1648 2223 1708 2241 esse
1719 2213 1862 2249 perlatum,

1072 2255 1144 2290 quod
1156 2255 1184 2281 in
1198 2263 1286 2281 meam
1299 2254 1459 2281 sententiam
1470 2253 1570 2280 factum
1581 2260 1640 2279 esse
1649 2251 1767 2282 dicatur,
1780 2259 1864 2287 quam

1071 2292 1181 2319 omnino
1196 2293 1360 2318 mentionem
1377 2290 1462 2317 ullam
1476 2290 1509 2317 de
1520 2299 1550 2317 ea
1561 2298 1589 2316 re
1599 2297 1659 2315 esse
1670 2288 1776 2315 factam.
1815 2288 1864 2316 At-

1071 2338 1124 2364 que
1136 2329 1186 2356 hoc
1197 2329 1280 2356 nolim
1293 2337 1335 2355 me
1346 2328 1427 2355 iocari
1436 2333 1529 2363 putes:
1551 2335 1613 2354 nam
1625 2326 1694 2352 mihi
1705 2327 1772 2353 scito
1783 2327 1837 2352 iam
1846 2334 1863 2353 a

1071 2366 1182 2403 regibus
1197 2366 1302 2393 ultimis
1313 2365 1405 2392 allatas
1415 2373 1474 2391 esse
1486 2364 1595 2395 litteras,
1608 2363 1711 2398 quibus
1722 2363 1790 2389 mihi
1800 2371 1862 2399 gra-

1071 2404 1121 2430 tias
1133 2409 1226 2440 agant,
1239 2403 1313 2438 quod
1323 2411 1352 2429 se
1363 2410 1422 2429 mea
1431 2401 1562 2428 sententia
1569 2409 1645 2436 reges
1651 2400 1860 2435 appellaverim:

1071 2450 1138 2476 quos
1154 2450 1204 2477 ego
1219 2449 1272 2467 non
1287 2440 1366 2467 modo
1377 2448 1453 2475 reges
1464 2437 1620 2474 appellatos,
1634 2437 1682 2464 sed
1692 2437 1802 2464 omnino
1812 2445 1861 2463 na-

1069 2483 1109 2505 tos
1124 2477 1287 2504 nesciebam.
1308 2479 1333 2504 5.
1355 2476 1427 2509 Quid
1443 2484 1507 2511 ergo
1517 2474 1574 2501 est‘?
1607 2475 1716 2505 Tamen,
1729 2473 1861 2509 quamdiu

1069 2515 1114 2541 hic
1127 2516 1178 2542 erit
1193 2520 1282 2542 noster
1296 2515 1341 2541 hic
1355 2512 1505 2549 praefectus
1517 2512 1647 2543 moribus,
1660 2511 1760 2546 parebo
1769 2515 1861 2538 aucto-

1069 2552 1140 2579 ritati
1154 2557 1228 2579 tuae:
1241 2560 1327 2587 quum
1340 2559 1403 2577 vero
1413 2549 1512 2580 aberit,
1525 2549 1558 2575 ad
1570 2549 1667 2585 fungos
1682 2553 1860 2575 metuoscon-

1069 2589 1162 2616 feram.
1202 2590 1315 2616 Domum
1331 2588 1355 2614 si
1370 2587 1488 2617 habebo,
1507 2587 1534 2613 in
1550 2586 1634 2613 denos
1646 2585 1719 2616 dies,
1736 2584 1859 2621 singulos

1068 2626 1251 2662 sumptuariae
1266 2626 1335 2662 legis
1350 2624 1408 2652 dies
1423 2624 1568 2651 conferam.
1608 2623 1657 2650 Sin
1667 2627 1756 2650 autem
1767 2623 1858 2649 minus

1629 530 1683 546 7⁰⁵⁸.=
