1941 3052
489 130 686 158 LAELIUS
715 131 766 157 DE
797 131 1021 159 AMICITIA.
1053 132 1145 159 CAP.
1176 135 1325 161 23—27.

85 201 216 237 gravitas!
238 205 338 236 quanta
354 200 381 227 in
397 201 515 227 oratione
531 202 669 228 maiestas!
692 207 722 228 ut
735 202 812 228 facile
828 202 880 228 du-

85 247 144 265 cem
154 237 248 273 populi
259 238 370 265 Romani
383 236 446 274 [nou
457 238 592 275 comitem]
608 239 721 266 diceres.
767 239 820 265 Sed
833 239 880 265 ad-

86 275 186 306 fuistis,
199 280 224 301 et
234 281 274 302 est
285 276 312 302 in
324 275 450 301 manibus
461 276 553 302 oratio.
585 277 676 311 ltaque
689 276 731 303 lex
743 276 879 311 popularis

85 312 222 348 suffragiis
233 312 326 347 populi
338 312 477 347 repudiata
491 318 540 339 est.
580 314 681 348 Atque,
699 319 728 340 ut
741 314 772 339 ad
786 323 827 340 me
839 322 881 340 re-

85 349 178 380 deam,
191 351 363 380 meministis,
377 349 408 382 Q.
421 350 547 380 Maximo,
561 350 639 376 fratre
654 350 798 385 Scipionis,
813 356 837 377 et
849 352 878 377 L.

84 387 207 413 Mancino
222 387 395 417 consulibus,
411 395 493 421 quam
510 387 647 421 popularis
660 387 702 414 lex
713 388 745 413 de
757 388 881 414 sacerdo—

85 425 129 451 tiis
140 424 170 451 C.
184 425 280 451 Licinii
291 424 380 451 Crassi
392 423 547 450 videbatur!
570 424 705 458 Cooptatio
717 426 787 451 enim
800 425 881 451 colle-

83 462 191 497 giorum
205 462 237 488 ad
253 461 347 497 populi
362 461 524 487 beneficium
535 461 754 488 transferebatur.
794 463 880 496 Atque

84 499 107 525 is
118 499 223 533 primus
235 499 352 525 instituit
362 499 389 524 in
402 498 488 524 forum
501 507 597 525 versus
608 507 685 534 agere
696 508 757 525 cum
769 499 879 534 populo.

84 536 183 562 Tamen
204 536 280 562 illius
301 535 467 562 vendibilem
488 537 633 562 orationem
654 536 749 571 religio
769 537 879 563 deorum

83 573 277 600 immortalium
289 573 366 600 nobis
378 572 670 599 defendentibusfacile
678 574 812 600 vincebat.
834 573 881 599 At-

83 619 136 645 que
152 610 179 636 id
190 615 279 637 actum
291 615 331 637 est
342 615 462 645 praetore
474 619 516 636 me
527 611 714 646 quinquennio
726 616 785 637 ante
798 619 880 645 quam

82 647 177 674 consul
192 657 254 674 sum
270 647 366 674 factus.
407 649 444 674 Ita
463 656 490 673 re
506 649 606 683 magis,
628 657 710 682 quam
727 649 880 674 auctoritate

82 693 178 711 caussa
190 685 236 711 illa
247 685 357 711 defensa
369 689 418 711 est.
458 685 556 711 XXVI.
571 686 612 711 97.
627 685 704 717 Quod
716 686 739 711 si
753 686 777 711 in
791 694 878 715 scena,

82 722 111 749 id
125 727 165 749 est
180 723 208 749 in
225 723 366 754 concione,
384 723 412 748 in
428 731 481 757 qua
496 722 577 748 rebus
590 722 658 748 fictis
674 727 699 749 et
714 722 880 748 adumbratis

83 759 134 786 loci
145 759 295 794 plurimum
306 764 355 791 est,
368 765 457 786 tamen
469 768 564 786 verum
576 760 655 789 valet.
669 760 691 785 si
703 760 782 785 modo
795 759 821 785 id
833 768 882 794 pa—

82 796 209 824 tefactum
221 803 247 824 et
258 797 422 824 illustratum
434 802 487 830 est}
500 797 567 832 quid
580 797 606 823 in
613 798 731 823 amicitia
739 797 881 831 fieriopor-

82 839 126 865 tet,
140 843 210 869 quae
221 839 272 861 tota
284 835 394 861 veritate
406 833 601 869 perpenditur?
614 835 641 860 in
653 843 705 869 qua
718 835 784 864 nisi,
798 839 827 860 ut
838 834 881 859 di-

81 872 160 903 citur,
174 877 296 907 apertum
307 877 401 907 pectus
412 872 506 898 videas
517 877 649 906 tuumque
661 871 794 902 ostendas,
812 870 879 897 nibil

82 908 176 940 fidum,
186 909 255 936 nihil
266 909 434 944 exploratum
446 909 559 942 habeas3
574 918 606 935 ne
618 917 706 935 amare
713 909 824 944 quidem
836 913 881 934 aut

81 947 174 977 amari,
188 955 283 982 quum,
297 947 325 973 id
336 955 418 982 quam
430 955 492 973 vere
504 946 557 977 fiat,
570 947 688 982 ignores.
710 946 879 981 Quamquam

81 985 132 1010 ista
143 985 300 1015 assentatio,
318 985 445 1019 quamvis
456 985 607 1019 perniciosa
618 985 666 1015 sit,
685 992 779 1010 nocere
790 989 879 1010 tamen

81 1021 184 1047 nemini
194 1026 294 1056 potest,
311 1022 364 1048 nisi
380 1022 419 1052 ei,
437 1022 485 1056 qui
499 1030 557 1047 eam
570 1022 665 1056 recipit
675 1026 754 1056 atque
766 1030 795 1047 ea
807 1020 880 1047 dele-

81 1063 176 1085 ctatur.
217 1059 253 1085 Ita
269 1058 311 1090 fit,
334 1064 364 1086 ut
379 1060 402 1085 is
420 1059 631 1085 assentatoribus
645 1058 786 1093 patefaciat
802 1067 879 1085 aures

80 1104 144 1122 suas
160 1096 291 1128 maxime,
309 1097 357 1131 qui
374 1097 433 1131 ipse
448 1096 502 1122 sibi
517 1101 667 1123 assentetur
681 1101 706 1122 et
722 1105 750 1122 se
762 1097 880 1122 maxime

80 1134 140 1168 ipse
160 1133 282 1160 delectet.
331 1134 373 1160 98.
399 1133 516 1160 Omnino
539 1138 580 1160 est
598 1142 691 1159 amans
711 1134 755 1159 sui
777 1134 877 1159 virtus:

80 1171 181 1205 optime
193 1171 265 1197 enim
277 1179 305 1197 se
317 1171 376 1206 ipsa
387 1172 475 1202 novit,
491 1179 628 1206 quamque
640 1170 765 1197 amabilis
776 1171 823 1201 sit,
837 1171 880 1196 in-

80 1207 192 1243 telligit:
205 1216 254 1244 ego
265 1213 353 1234 autem
365 1217 417 1235 non
430 1208 462 1234 de
474 1209 573 1235 virtute
584 1217 656 1235 nunc
669 1208 771 1243 loquor,
787 1208 835 1234 sed
846 1207 878 1233 de

80 1245 189 1271 virtutis
203 1246 340 1280 opinione.
381 1246 484 1272 Virtute
500 1247 572 1272 enim
588 1246 647 1280 ipsa
663 1254 714 1272 non
732 1250 785 1272 tam
801 1244 879 1271 multi

78 1282 195 1318 praediti
211 1291 285 1314 esse,
302 1291 384 1317 quam
400 1283 488 1309 videri
504 1283 607 1309 volunt.
648 1284 700 1309 Hos
712 1282 825 1309 delectat
836 1291 879 1308 as-

79 1321 206 1352 sentatio,
234 1320 277 1346 his
304 1320 381 1346 fictus
407 1320 440 1346 ad
463 1321 585 1355 ipsorum
605 1320 770 1347 voluntatem
792 1328 879 1346 sermo

79 1366 165 1392 quum
176 1357 330 1388 adhibetur,
339 1358 485 1384 orationem
498 1357 572 1384 illam
584 1366 681 1384 vanam
693 1358 877 1384 testimonium

79 1403 138 1421 esse
160 1394 271 1421 laudum
287 1404 398 1421 suarum
414 1399 519 1430 putant.
560 1395 639 1421 Nulla
656 1400 696 1421 est
712 1395 796 1431 igitur
815 1394 878 1420 haec

79 1432 211 1463 amicitia,
227 1441 312 1467 quum
325 1432 391 1459 alter
403 1441 497 1459 verum
509 1432 602 1459 audire
616 1441 667 1459 non
679 1432 751 1463 vult,
769 1432 835 1458 alter
845 1432 878 1458 ad

78 1469 265 1496 mentiendum
279 1474 388 1505 paratus
400 1474 449 1496 est.
476 1470 530 1496 Nec
544 1471 721 1505 parasitorum
734 1470 760 1496 in
772 1478 879 1496 comoe-

78 1506 132 1533 diis
143 1507 287 1534 assentatio
298 1507 377 1534 nobis
388 1507 471 1534 faceta
483 1507 633 1538 videretur,
652 1508 705 1534 nisi
721 1512 811 1534 essent
827 1507 879 1533 mi-

78 1543 139 1571 lites
148 1544 270 1580 gloriosi.

115 1595 226 1628 Maqnas
236 1603 297 1621 vero
306 1603 382 1628 agere
392 1597 494 1628 ,qratias
507 1595 583 1622 Thais
594 1593 675 1621 mihi?

78 1640 150 1666 Satis
179 1645 236 1666 erat
262 1640 438 1675 respondere:
470 1649 591 1674 maynas:
623 1643 748 1674 ingentes,
778 1641 877 1675 inquit.

76 1677 189 1712 Semper
199 1682 279 1713 auget
290 1682 438 1704 assentator
449 1677 491 1708 id,
508 1677 580 1713 quod
593 1678 629 1709 is,
646 1678 725 1704 cuius
737 1677 769 1703 ad
782 1678 879 1705 volun-

77 1719 158 1742 tatem
169 1715 283 1746 dicitur,
301 1714 429 1742 vultesse
441 1724 580 1751 magnum.
621 1716 663 1741 99.
684 1714 875 1747 Quamobrem,

77 1753 204 1787 quamvis
215 1751 314 1779 blanda
325 1753 375 1779 ista
389 1753 491 1779 vanitas
503 1752 575 1788 apud
587 1761 632 1779 eos
647 1752 746 1784 valeat,
763 1754 811 1788 qui
824 1753 877 1787 ipsi

76 1789 151 1816 illam
164 1789 288 1816 allectant
297 1794 324 1816 et
334 1790 463 1823 invitant3
477 1794 566 1817 tamen
578 1790 658 1816 etiam
669 1791 878 1826 graviorescon-

76 1827 273 1862 stantioresque
284 1827 448 1854 admonendi
459 1832 535 1858 sunt,
550 1832 579 1854 ut
592 1828 714 1854 animum
726 1827 874 1858 advertant,

76 1872 110 1890 ne
121 1863 219 1890 callida
235 1865 413 1891 assentatione
424 1865 575 1899 capiantur.
615 1865 713 1899 Aperte
724 1866 797 1891 enim
809 1865 877 1891 adu-

76 1900 176 1928 lantem
188 1909 267 1927 nemo
278 1910 330 1927 non
343 1901 424 1932 videt.
434 1903 487 1928 nisi
498 1902 546 1937 qui
558 1901 704 1928 admodum
716 1907 756 1929 est
766 1911 874 1929 excors:

76 1938 191 1965 callidus
208 1937 253 1964 ille
269 1943 295 1965 et
308 1938 430 1965 occultus
447 1947 480 1965 ne
495 1947 524 1965 se
541 1939 674 1970 insinuet,
697 1939 817 1966 studiose
831 1948 877 1966 ca-

75 1975 196 2002 vendum
207 1980 256 2002 est.
298 1975 352 2002 Nec
363 1976 436 2002 enim
448 1975 575 2002 facillime
587 1977 755 2011 agnoscitur,
773 1978 876 2012 quippe

76 2013 125 2048 qui
136 2013 216 2040 etiam
228 2012 396 2040 adversando
410 2021 490 2047 saepe
506 2017 668 2043 assentetur,
686 2017 712 2039 et
727 2013 832 2049 litigare
847 2021 876 2039 se

75 2050 209 2077 simulans
223 2049 391 2081 blandiatur,
409 2054 489 2085 atque
504 2049 537 2076 ad
553 2054 703 2076 extremum
720 2050 766 2077 det
779 2059 876 2077 manus

76 2088 204 2122 vincique
215 2096 244 2114 se
255 2089 380 2122 patiatur,
394 2092 423 2114 ut
437 2088 468 2118 is,
482 2087 530 2122 qui
542 2087 640 2114 illusus
651 2088 699 2118 sit,
715 2087 777 2122 plus
789 2087 876 2114 vidis-

75 2133 104 2151 se
118 2125 252 2152 videatur.
283 2124 354 2157 Quid
366 2129 454 2151 autem
467 2125 583 2159 turpius,
596 2133 678 2159 quam
691 2123 789 2152 illudi‘?
798 2124 875 2157 Quod

75 2170 108 2189 ne
120 2161 231 2193 accidat,
245 2162 397 2189 cavendum
407 2166 455 2193 est,
470 2162 536 2188 utin
548 2161 685 2196 Epiclero:

112 2208 195 2234 Hodie
203 2216 241 2233 me
251 2213 310 2234 ante
320 2216 404 2234 omnes
416 2210 523 2234 comicos
531 2209 622 2233 stultos
631 2216 702 2234 senes

112 2247 228 2271 versaris
237 2249 314 2278 atque
323 2248 471 2272 einunoeeris
481 2244 491 2257 ’
505 2246 655 2271 lautissinw.

77 2291 133 2316 400.
156 2290 225 2316 Haec
240 2290 313 2316 enim
329 2291 409 2317 etiam
426 2291 453 2316 in
470 2289 570 2316 fabulis
586 2289 746 2317 stultissima
761 2299 873 2325 persona

75 2331 116 2354 est
136 2327 351 2362 improvidorum
370 2332 396 2354 et
415 2327 587 2353 credulorum
607 2336 714 2354 senum.
754 2328 806 2354 Sed
827 2337 875 2354 ne-

74 2365 131 2392 scio
140 2373 195 2400 quo
205 2369 282 2400 pacto
293 2365 327 2392 ab
338 2365 465 2391 amicitiis
477 2364 655 2400 perfectorum
671 2365 811 2392 hominum
821 2386 827 2396 ,
847 2365 873 2391 id

74 2406 116 2429 est
130 2403 305 2437 sapientium,
323 2402 365 2438 (de
378 2402 427 2428 hae
442 2402 503 2429 dico
517 2402 664 2437 sapientia,
682 2411 751 2437 quae
767 2403 874 2429 videtur

74 2439 103 2466 in
118 2439 256 2467 hominem
271 2439 366 2467 cadere
377 2439 478 2476 posse,)
488 2439 522 2467 ad
538 2439 611 2466 leves
621 2440 755 2467 amicitias
765 2439 874 2466 deflexit

1662 139 1723 163 ¹277

932 204 1024 229 oratio.
1065 203 1242 236 Quamobrem
1255 205 1287 231 ad
1304 205 1347 231 illa
1365 206 1450 241 prima
1466 205 1621 238 redeamus,
1639 217 1723 243 eaque

933 241 989 275 ipsa
1001 241 1194 267 concludamus
1205 242 1359 277 aliquando.

988 278 1095 304 XXVII.
1118 279 1221 310 Virtus,
1240 281 1339 310 virtus,
1358 281 1481 315 inquam,
1499 281 1528 307 C.
1546 282 1629 307 Fanni
1645 287 1669 308 et
1685 288 1721 308 tu.

933 314 964 346 Q.
977 315 1056 345 Muci,
1071 320 1095 341 et
1106 316 1229 342 conciliat
1240 318 1370 343 amicitias
1382 323 1406 343 et
1417 323 1565 345 conservat.
1605 319 1632 345 ln
1645 328 1673 344 ea
1685 325 1724 345 est

932 353 1004 377 enim
1016 354 1200 379 convenientia
1214 363 1301 380 rerum
1311 376 1316 384 ,
1335 355 1360 380 in
1372 364 1401 380 ea
1414 355 1559 381 stabilitas.
1578 356 1604 381 in
1620 365 1648 381 ea
1661 366 1725 382 cou-

933 390 1041 415 stantia:
1055 398 1123 423 quae
1135 399 1218 424 quum
1231 400 1258 417 se
1270 392 1365 418 extulit
1377 398 1401 418 et
1412 393 1526 418 ostendit
1535 393 1623 419 lumen
1632 402 1721 421 suum,

933 431 958 452 et
970 426 1039 451 idem
1052 429 1156 460 aspexit
1166 429 1328 463 agnovitque
1342 430 1366 455 in
1380 429 1444 455 alio:
1467 430 1499 455 ad
1517 430 1542 455 id
1560 439 1587 455 se
1599 431 1723 456 admovet

932 463 1108 497 vicissimque
1125 466 1220 498 accipit
1232 465 1311 495 illud,
1335 466 1406 500 quod
1421 468 1446 492 in
1459 466 1539 493 altero
1550 473 1602 493 est:
1626 476 1659 494 ex
1671 476 1724 502 quo

933 509 1025 526 eorum
1037 501 1186 528 exardescit
1199 503 1257 527 sive
1269 511 1341 528 amor
1353 504 1409 529 sive
1421 505 1547 530 amicitia.
1575 505 1724 539 Utrumque

933 538 1004 563 enim
1016 537 1118 564 dictum
1130 544 1169 564 est
1179 539 1212 564 ab
1223 540 1344 566 amando.
1364 541 1459 566 Amare
1471 547 1558 567 autem
1571 542 1637 567 nibil
1649 542 1724 568 aliud

933 579 980 605 est,
994 576 1046 600 nisi
1058 584 1120 601 eum
1132 576 1221 610 ipsum
1233 577 1345 612 diligere
1354 599 1359 604 ,
1375 586 1455 612 quem
1467 587 1553 604 ames.
1568 579 1640 605 nulla
1653 579 1723 605 iudi-

932 613 1030 647 gentia,
1045 612 1117 638 nulla
1128 613 1241 640 utilitate
1253 615 1386 648 quaesita:
1416 617 1469 641 lOl,
1485 625 1553 650 quae
1566 622 1652 642 tamen
1667 617 1722 650 ipsa

933 648 1073 675 efflorescit
1084 658 1117 676 ex
1128 651 1258 681 amicitia,
1282 653 1360 677 etiam
1375 653 1397 677 si
1410 657 1437 678 tu
1449 662 1506 678 eam
1519 654 1608 679 minus
1623 662 1724 688 sequu-

933 691 975 712 tus
987 687 1034 712 sis.
1075 687 1127 713 Hac
1139 696 1186 713 nos
1200 688 1380 715 adolescentes
1397 689 1580 716 benevolentia
1598 699 1674 716 senes
1691 691 1723 716 il-

934 723 980 754 los,
995 724 1024 749 L.
1036 724 1169 755 Paullum,
1184 725 1217 751 M.
1231 726 1402 756 Camenis..
1416 727 1532 754 Gallum.
1548 728 1574 753 Ρ.
1588 728 1720 754 Nasicam.

933 761 973 786 Ti.
990 761 1155 793 Gracchum,
1173 762 1305 796 Scipionis
1317 764 1398 789 nostri
1413 773 1547 790 socerum.
1565 765 1721 790 dileximus.

934 798 1000 823 llaec
1012 799 1091 824 etiam
1103 800 1188 833 magis
1200 800 1286 826 elucet
1298 801 1365 826 inter
1375 801 1498 835 aequales
1507 822 1512 831 ,
1527 806 1554 827 ut
1567 803 1686 827 interme
1698 808 1722 827 ct

933 834 1095 869 Scipionem,
1110 837 1139 862 L.
1153 837 1272 867 Furium,
1286 837 1314 863 P.
1329 837 1476 871 Rupilium,
1492 838 1537 872 Sp.
1551 839 1720 864 Mummium.

932 872 1059 898 Vicissim
1080 878 1167 899 autem
1189 882 1266 899 senes
1288 875 1313 900 in
1331 874 1539 901 adolescentium
1556 877 1662 901 caritate
1679 886 1723 901 ac-

932 910 1110 944 quiescimus.
1124 911 1190 936 utin
1203 916 1298 941 vestra,
1308 917 1336 937 ut
1349 912 1583 943 inQ.Tuberonis:
1597 913 1722 947 equidem

932 948 1011 973 etiam
1024 947 1168 973 admodum
1181 948 1370 979 adolescentis,
1389 950 1416 975 Ρ.
1429 949 1535 979 Rutilii,
1550 951 1580 975 A.
1597 950 1721 983 Virginii,

932 983 1112 1010 familiaritate
1122 984 1247 1011 delector.
1287 985 1472 1021 Quoniamque
1490 988 1523 1012 ita
1541 988 1605 1013 ratio
1616 984 1724 1021 coiupa-

932 1027 986 1048 rata
998 1027 1038 1048 est
1050 1023 1119 1048 vitae
1130 1027 1292 1057 naturaeque
1305 1028 1408 1049 nostrae
1417 1045 1422 1054 ,
1440 1030 1468 1050 ut
1483 1023 1533 1050 alia
1544 1030 1614 1050 aetas
1624 1026 1724 1050 oriatur

931 1068 965 1085 ex
980 1059 1044 1092 alia,
1069 1060 1186 1086 maxime
1201 1060 1312 1095 quidem
1327 1061 1473 1094 optandum
1489 1067 1542 1091 est,
1561 1067 1588 1087 ut
1604 1070 1664 1087 cum
1680 1070 1724 1087 ae-

931 1096 1059 1131 qualibus
1075 1097 1176 1131 possis,
1199 1097 1363 1132 quibuscum
1383 1103 1518 1132 tamquam
1539 1108 1552 1124 e
1573 1099 1723 1124 carceribus

931 1135 1048 1160 emissus
1059 1135 1177 1165 sis,cum
1188 1134 1290 1161 eisdem
1302 1135 1335 1161 ad
1345 1135 1455 1166 calcem,
1469 1141 1497 1162 ut
1508 1135 1615 1165 dicitur,
1630 1144 1724 1170 perre-

932 1172 998 1197 nire.
1043 1173 1098 1197 ⁴02.
1119 1171 1172 1198 Sed
1186 1173 1313 1206 quoniam
1325 1182 1367 1198 res
1379 1172 1511 1199 humanae
1523 1172 1630 1208 fragiles
1642 1173 1724 1198 cadu-

931 1217 1032 1243 caeque
1043 1214 1114 1239 sunt,
1128 1218 1234 1243 semper
1244 1209 1328 1244 aliqui
1340 1210 1501 1244 anquirendi
1512 1216 1587 1240 sunt,
1604 1219 1671 1245 quos
1682 1210 1725 1236 di-

933 1246 1048 1281 ligamus
1064 1251 1089 1272 et
1102 1255 1116 1272 a
1127 1246 1228 1281 quibus
1239 1246 1395 1282 diligamur.
1436 1248 1548 1273 Caritate
1559 1248 1630 1273 enim
1643 1248 1724 1273 bene-

932 1283 1102 1318 volentiaque
1118 1283 1223 1310 sublata
1239 1285 1326 1310 omnis
1341 1289 1380 1310 est
1390 1293 1404 1310 e
1417 1285 1470 1310 vita
1481 1284 1585 1311 sublata
1598 1285 1723 1311 iucundi-

932 1326 980 1347 tas.
1021 1321 1087 1347 Mihi
1099 1321 1210 1356 quidem
1222 1321 1327 1355 Scipio,
1339 1330 1503 1356 quamquam
1516 1327 1554 1347 est
1566 1322 1655 1348 subito
1666 1330 1724 1347 ere-

932 1363 1007 1393 ptus,
1030 1359 1099 1384 vivit
1119 1363 1205 1385 tamen
1222 1367 1383 1393 semperque
1400 1360 1485 1385 vivet:
1510 1360 1634 1385 virtutem
1651 1360 1723 1385 enim

931 1396 1019 1421 amavi
1035 1395 1108 1421 illius
1125 1396 1190 1426 viri,
1208 1404 1277 1430 quae
1292 1397 1422 1422 exstincta
1438 1405 1489 1422 non
1500 1402 1549 1422 est.
1591 1397 1644 1422 Nec
1656 1396 1723 1422 milii

931 1432 980 1459 soli
994 1437 1114 1459 versatur
1125 1438 1184 1459 ante
1196 1433 1300 1463 oculos,
1325 1434 1372 1467 qui
1389 1433 1461 1459 illam
1478 1442 1583 1468 semper
1599 1434 1624 1459 in
1639 1434 1724 1459 mani-

931 1471 982 1496 bus
999 1470 1096 1501 habui,
1121 1470 1168 1496 sed
1184 1471 1262 1497 etiam
1280 1471 1392 1505 posteris
1408 1471 1457 1496 erit
1472 1470 1540 1496 clara
1557 1476 1581 1496 et
1597 1471 1722 1506 insignis.

931 1508 1014 1534 Nemo
1025 1516 1155 1542 umquam
1171 1508 1260 1533 animo
1276 1513 1321 1534 aut
1336 1516 1382 1542 spe
1397 1508 1495 1533 maiora
1511 1509 1653 1542 suscipiet,
1675 1509 1723 1542 qui

931 1545 984 1571 sibi
1000 1554 1051 1571 non
1070 1545 1143 1571 illius
1160 1545 1315 1571 memoriam
1327 1550 1405 1579 atque
1418 1546 1561 1580 imaginem
1574 1554 1724 1579 proponen-

930 1582 991 1609 dam
1007 1586 1088 1617 putet.
1131 1584 1186 1608 403.
1208 1582 1340 1617 Equidem
1357 1591 1389 1608 ex
1403 1583 1529 1608 omnibus
1545 1582 1638 1610 rebus,
1656 1591 1723 1616 quas

931 1620 998 1646 mihi
1013 1625 1057 1646 aut
1069 1619 1171 1646 fortuna
1183 1625 1227 1646 aut
1241 1624 1331 1646 natura
1345 1620 1447 1649 tribuit,
1464 1619 1531 1646 nihil
1544 1619 1637 1648 babeo,
1651 1619 1723 1654 quod

930 1666 991 1683 cum
1013 1657 1130 1683 amicitia
1151 1658 1284 1691 Scipionis
1305 1658 1405 1691 possim
1423 1666 1586 1691 comparare.
1627 1657 1654 1682 ln
1676 1657 1723 1683 hac

931 1695 998 1721 mihi
1014 1694 1046 1721 de
1063 1694 1202 1729 republica
1217 1703 1378 1724 cousensus,
1397 1695 1424 1720 in
1441 1694 1489 1720 hac
1506 1703 1593 1720 rerum
1607 1694 1723 1728 privata-

931 1741 989 1759 rum
1003 1731 1146 1758 consilium
1155 1752 1161 1762 ‚
1186 1733 1211 1758 in
1224 1731 1316 1757 eadem
1329 1732 1435 1766 requies
1450 1731 1527 1766 plena
1538 1731 1724 1757 oblectationis

930 1769 990 1796 fuit.
1031 1770 1185 1804 Numquam
1198 1769 1273 1795 illum
1286 1778 1318 1795 ne
1330 1769 1440 1794 minima
1452 1768 1563 1803 quidem
1576 1777 1602 1794 rc
1613 1768 1721 1795 ollendi.

930 1807 1001 1842 quod
1017 1806 1128 1841 quidem
1144 1807 1289 1832 senserim:
1313 1806 1379 1832 nihil
1397 1806 1489 1832 audivi
1508 1815 1540 1832 ex
1557 1807 1628 1840 ipso,
1651 1805 1722 1841 quod

930 1844 1038 1871 nollem.
1066 1844 1121 1870 Una
1133 1844 1230 1869 domus
1241 1848 1305 1873 erat,
1319 1843 1390 1869 idem
1404 1844 1499 1873 victus,
1515 1844 1590 1877 isque
1602 1852 1723 1869 commu-

930 1883 985 1908 nis:
1008 1889 1094 1916 neque
1111 1881 1198 1907 solum
1215 1880 1324 1911 militia,
1341 1880 1388 1906 sed
1404 1881 1483 1906 etiam
1496 1881 1724 1914 peregrinationes

929 1919 1170 1953 rusticationesque
1186 1926 1352 1944 couuuuncs.
1397 1919 1451 1944 ⁴05.
1475 1918 1539 1943 Nam
1551 1917 1618 1951 quid
1630 1926 1679 1952 ego
1690 1917 1723 1943 de

929 1956 1028 1982 studiis
1045 1956 1132 1982 dicam
1148 1955 1327 1991 cognoscendi
1343 1963 1449 1989 semper
1464 1954 1566 1989 aliquid
1584 1960 1662 1989 atque
1681 1954 1723 1980 di-

928 1993 1034 2024 scendi,
1058 1994 1085 2019 in
1097 1993 1198 2028 quibus
1211 1993 1303 2019 remoti
1315 1992 1348 2018 ab
1359 1992 1444 2019 oculis
1459 1991 1551 2027 populi
1563 2000 1642 2018 oium·
1657 1993 1723 2018 otio-

928 2039 988 2057 sum
1006 2036 1112 2065 tempus
1127 2029 1323 2056 contrivimus?
1343 2030 1461 2062 Quarum
1479 2038 1566 2055 rerum
1579 2029 1723 2055 recordatio

928 2072 954 2094 et
968 2068 1096 2094 memoria
1117 2068 1140 2094 si
1160 2076 1212 2094 una
1232 2076 1294 2094 cum
1315 2066 1361 2093 illo
1379 2066 1535 2097 occidisset,
1558 2066 1722 2092 desiderium

927 2105 1144 2131 coniunctissimi
1158 2110 1237 2139 atque
1249 2105 1427 2130 amantissimi
1440 2105 1490 2130 viri
1504 2103 1569 2129 ferre
1582 2103 1655 2129 nullo
1667 2112 1722 2129 mo-

928 2142 961 2168 do
974 2150 1090 2176 possem.
1130 2141 1181 2167 Sed
1197 2150 1244 2167 nec
1261 2141 1305 2167 illu
1321 2142 1452 2168 exstincta
1467 2147 1543 2168 suut.
1561 2140 1722 2175 alunturque

928 2180 1017 2214 potius
1029 2183 1054 2205 ct
1065 2183 1197 2213 augentur
1207 2179 1366 2213 cogitatione
1377 2183 1402 2204 et
1413 2179 1554 2204 memoria:
1577 2183 1614 2205 ct.
1632 2178 1654 2203 si
1669 2176 1722 2202 illis

928 2216 1006 2251 plane
1017 2216 1126 2242 orbatus
1137 2224 1235 2245 essem,
1245 2224 1372 2251 magnum
1385 2220 1472 2241 tunwn
1485 2214 1586 2241 afferret
1600 2214 1666 2240 mibi
1678 2223 1721 2239 at·—

928 2259 966 2280 tus
984 2255 1040 2288 ipsa
1055 2253 1194 2284 solatium,
1219 2252 1322 2278 diutius
1338 2253 1409 2278 cuim
1423 2253 1474 2278 iam
1489 2253 1513 2278 in
1529 2252 1576 2278 hoc
1588 2251 1722 2277 desiderio

926 2300 986 2317 esso
998 2299 1049 2317 non
1062 2299 1183 2325 possum.
1209 2290 1304 2315 Omnia
1317 2295 1405 2315 nutem
1419 2289 1508 2315 brt-vin
1521 2288 1667 2315 tolet-abtim
1679 2297 1721 2313 cs—

927 2337 954 2354 se
966 2327 1073 2358 debent,
1090 2328 1170 2354 etiam
1181 2327 1204 2353 si
1217 2335 1312 2362 magua
1324 2332 1396 2352 sunt.
1424 2327 1491 2353 linet·
1504 2326 1594 2353 habui.
1609 2325 1641 2351 de
1653 2326 1721 2351 atui—

926 2366 988 2391 citia
1000 2374 1069 2400 quae
1080 2365 1207 2391 dicerem.
1231 2364 1282 2390 Vos
1293 2369 1381 2389 niuem
1395 2363 1491 2392 hortor,
1509 2368 1536 2389 ut
1549 2364 1581 2389 ita
1595 2363 1720 2388 virtutem

928 2402 1027 2432 locetis,
1041 2403 1099 2428 sine
1111 2410 1163 2436 qun
1175 2402 1291 2427 amicitia
1303 2410 1361 2426 csso
1373 2410 1423 2427 nou
1435 2405 1533 2435 potest.
1547 2405 1588 2428 ut,
1601 2408 1630 2426 cu
1642 2407 1721 2426 exec-

927 2444 980 2474 ptu,
995 2439 1062 2466 nihil
1075 2440 1193 2466 amicitia
1205 2437 1394 2474 praestabilius
1405 2438 1513 2473 putetis.

800 2572 1001 2588 “nem—-
