1941 3052
393 151 579 180 ORATIO
611 153 658 179 IN
691 153 721 179 L.
755 151 989 179 PISONEM.

3 231 6 238 ¹
37 226 84 252 ubi
99 225 144 252 illa
160 224 294 252 uberrima
305 223 549 259 supplicationibus
560 224 761 259 triumphisque
772 231 834 258 pro-

36 262 143 290 vincia?
161 262 209 289 Sin
219 266 308 288 autem
319 261 423 296 aliquid
433 270 540 296 sperare
551 261 684 292 volueras,
697 261 721 287 si
734 261 834 296 cogita-

36 309 79 327 ras
89 300 130 330 id,
143 299 216 334 quod
227 299 395 334 imperatoris
407 307 517 329 nomen,
530 299 603 334 quod
615 298 725 325 laureati
737 298 832 329 fasces,

4 352 6 363 ιἸ
35 337 109 373 quod
119 337 166 364 illa
177 341 290 371 tropaea.
299 336 378 371 plena
388 336 525 363 dedecoris
537 341 562 362 et
573 337 653 367 risus,
662 340 687 362 te
697 343 834 362 commen-

4 401 7 406 ,
36 379 122 402 tatum
132 382 191 400 esse
202 373 348 400 declarant:
362 374 424 409 quis
438 378 465 400 te
476 374 606 404 miserior,
614 374 677 408 quis
689 377 713 399 te
723 372 834 399 damna-

36 413 95 444 tior,
108 411 156 447 qui
167 419 255 446 neque
266 411 382 437 scribere
393 410 427 437 ad
438 415 570 440 senatum.
584 419 597 437 a
610 415 634 436 te
645 411 714 437 bene
724 418 835 444 rempu-

35 449 134 476 blicam
149 457 209 475 esse
223 453 340 484 gestam,
358 456 445 483 neque
456 456 582 483 praesens
596 448 683 474 dicere
694 456 777 474 ausus
788 445 835 473 es‘?

4 513 7 522 ἱ
36 487 106 514 XLI.
119 487 161 512 98.
173 485 215 512 An
226 490 255 512 tu
267 486 342 516 mihi,
351 486 395 512 cui
405 494 512 520 semper
522 486 559 512 ita
570 493 730 520 persuasum
743 483 832 514 fuerit,

4 524 7 559 'j
36 532 90 551 non
103 523 222 554 eventis,
239 522 287 549 sed
303 522 378 549 factis
393 524 527 557 cuiusque
542 522 676 549 fortunam
694 521 835 556 ponderari

37 560 136 598 [dicere
151 558 260 596 audes],
281 568 367 595 neque
383 561 410 587 in
428 560 532 586 tabellis
544 568 690 594 paucorum
702 559 832 589 iudicum,

4 603 7 635 ξ
36 598 84 626 sed
96 599 124 625 in
135 598 275 624 sententiis
285 598 406 624 omnium
417 597 529 628 civium,
542 597 640 623 samam
652 600 770 623 nostram
781 595 836 622 l'or-

5 655 7 667 ;
36 641 185 670 tunamque
210 634 344 669 pendere?
373 635 409 661 Te
433 634 618 661 indemnatum
641 633 725 660 videri
746 637 832 667 putas,

36 682 119 708 quem
130 672 205 702 socii.
217 680 299 706 quem
313 671 448 703 foederati,
461 680 543 706 quem
554 671 631 697 liberi
642 669 834 705 populi,quem

6 725 7 728 =
37 709 306 745 stipendiarii,quem
317 709 500 744 negotiatores,
508 717 590 743 quem
597 708 744 743 publicani,
752 715 834 742 quem

6 775 7 778 ,
36 748 163 775 universa
174 746 278 777 civitas,
291 754 372 781 quem
384 746 477 781 legati,
489 754 571 781 quem
582 745 683 772 tribuni
694 745 833 775 militares,

1 802 7 818 ·,
36 794 120 821 quem
140 783 238 818 reliqui
259 783 371 814 milites,
393 783 442 818 qui
462 782 576 814 ferrum,
593 783 640 818 qui
657 782 768 813 famem,
786 782 834 816 qui

37 822 162 850 morbum
177 820 339 856 effugerunt,
357 821 430 847 omni
445 821 565 847 cruciatu
578 820 772 856 dignissimum
784 828 836 854 pu-

5 867 7 899 γ1
37 859 112 887 tant?
124 859 168 886 cui
179 866 231 885 non
242 857 313 893 apud
319 861 452 889 senatum,
461 866 513 884 non
524 857 597 893 apud
604 857 690 884 ullum
701 857 832 888 ordinem,

6 901 7 934 j
37 905 90 924 non
101 895 172 931 apud
183 894 287 931 equites
298 895 440 927 Romanos,
454 903 507 922 non
518 895 547 922 in
558 895 638 927 Urbe,
647 903 699 922 non
710 895 737 921 in
748 894 832 926 Italia,

1039 151 1058 178 C
1072 151 1093 178 A
1108 152 1137 178 P.
1172 152 1205 178 37
1225 166 1262 171 —
1282 153 1324 179 40.
1631 153 1680 178 557

886 223 1065 249 maximorum
1076 222 1209 249 scelerum
1219 223 1298 249 venia
1308 221 1364 249 ulla
1374 221 1408 249 ad
1418 221 1615 258 ignoscendum
1625 223 1683 249 dari

885 259 988 295 possit?
1007 260 1056 295 qui
1076 268 1105 286 se
1125 260 1203 295 ipse*
1217 260 1316 291 oderit,
1334 260 1383 295 qui
1401 264 1501 286 metuat
1515 268 1617 291 omnes,
1635 261 1683 295 qui

885 306 962 323 suam
977 306 1100 324 caussam
1115 298 1217 324 nemini
1232 298 1396 324 committere
1407 297 1514 327 audeat,
1525 297 1575 332 qui
1586 306 1615 323 se
1626 298 1684 332 ipse

885 334 1062 361 condemnet?
1089 336 1131 361 99.
1152 335 1308 370 Numquam
1327 343 1376 370 ego
1392 335 1551 370 sanguinem
1566 335 1684 369 expetiti

886 376 977 398 tuum:
1001 380 1150 407 numquam
1165 371 1235 398 illud
1250 377 1414 402 extremum,
1431 371 1505 406 quod
1519 376 1611 406 posset
1625 380 1684 398 esse

886 409 1017 443 improbis
1032 413 1057 435 et
1072 409 1163 444 probis
1178 417 1333 440 commune,
1347 409 1513 443 supplicium
1524 408 1591 444 legis
1602 417 1632 436 ac
1642 409 1686 436 iu-

886 446 963 478 dicii;
981 446 1028 472 sed
1035 446 1177 477 abiectum,
1185 446 1543 481 contemptum,despectum
1554 455 1569 472 a
1579 446 1683 477 ceteris,

886 492 900 509 a
920 488 944 509 te
960 484 1020 518 ipso
1034 483 1206 518 desperatum
1220 488 1247 510 et
1262 484 1399 514 relictum,
1417 484 1685 518 circumspectantem

886 521 988 552 omnin,
1001 520 1136 556 quidquid
1150 521 1341 555 increpuisset,
1356 521 1597 555 pertimescentem,
1614 520 1687 547 diffi-

886 557 994 584 dentem
1010 558 1064 584 tuis
1076 558 1170 588 rebus,
1184 559 1243 584 sine
1254 566 1331 589 voce,
1354 559 1412 584 sine
1424 558 1554 589 libertate,
1568 558 1627 585 sine
1638 567 1687 584 au—

886 596 1019 626 ctoritate,
1042 595 1101 621 sine
1117 595 1172 621 ulla
1188 596 1278 630 specie
1292 594 1440 626 consulari,
1454 595 1620 627 horrentem,
1634 599 1686 622 tre·

887 637 1017 663 mentem,
1040 632 1194 659 adulantem
1215 640 1321 663 omnes,
1344 632 1436 658 videre
1457 637 1482 658 te
1501 632 1590 659 volui:
1617 632 1684 659 vidi.

886 670 986 702 Quare,
1001 670 1024 696 si
1037 669 1085 696 tibi
1096 669 1223 701 evenerit,
1237 669 1310 705 quod
1320 670 1427 700 metuis,
1441 678 1474 695 ne
1484 669 1595 700 accidat,
1609 670 1687 704 equi-

887 707 948 733 dem
961 716 1013 733 non
1024 706 1134 733 moleste
1147 706 1244 733 feram:
1266 707 1309 733 sin
1320 706 1348 733 id
1360 706 1461 733 tardius
1473 706 1539 733 forte
1551 706 1603 738 fiet,
1612 706 1686 734 fruar

887 749 976 770 tamen
988 748 1032 770 tua
1043 743 1214 779 indignitate,
1237 752 1285 770 nec
1295 744 1386 770 minus
1398 743 1511 770 libenter
1522 749 1685 771 metuentem

887 781 994 812 videbo,
1009 789 1040 807 ne
1052 789 1114 807 reus
1125 781 1182 812 fias,
1195 789 1278 816 quam
1288 789 1379 813 reum;
1397 789 1446 807 nec
1456 781 1548 807 minus
1559 781 1683 812 laetabor,

886 827 973 854 quum
989 823 1014 845 te
1020 826 1136 882 dsemper
1150 818 1299 850 sordidum,
1312 827 1394 854 quam
1406 819 1429 845 si
1441 817 1589 854 paullisper
1599 819 1686 846 sordi-

886 856 979 883 datum
992 856 1018 883 vi
1039 856 1098 883 ebo.

748 988 976 1004 duna——

836 1128 879 1153 5⁴.

534 1200 568 1228 M.
609 1199 813 1229 TULLII
850 1198 1186 1229 CICERONIS

818 1283 904 1304 PRO

221 1350 777 1400 CN.PL

453 1451 752 1491 ORATIO

890 1351 927 1399 A
1043 1350 1081 1399 N
1197 1348 1227 1397 C
1343 1349 1354 1397 l
1471 1350 1504 1395 Ο

814 1453 1009 1502 &xxm
1068 1451 1266 1491 xxvm.

599 1608 793 1636 NOTITIA
823 1608 1118 1636 LITTERABIA.

148 1673 188 1695 cn.
204 1672 317 1694 Plancius
331 1679 393 1693 anno
411 1671 435 1693 U.
447 1674 493 1693 89⁶.
509 1671 534 1693 L.
544 1671 659 1700 Appuleio
666 1676 816 1700 propraetore
826 1676 932 1701 quaestor
947 1671 971 1693 in
986 1671 1125 1692 Macedonia
1143 1670 1271 1692 Ciceronem
1285 1670 1385 1691 exnulem
1400 1668 1573 1691 Thettalom'ca‘
1587 1670 1686 1699 Ιιοιρίείο

37 1713 157 1738 exceperat
169 1709 193 1730 in
208 1707 344 1736 quaentorio.
375 1708 399 1729 11
417 1716 440 1728 n.
463 1707 488 1728 U.
506 1710 552 1729 898.
573 1707 681 1728 tribunus
693 1708 727 1736 pl.
743 1708 767 1728 in
781 1707 823 1728 lior
841 1715 933 1728 innuere
949 1711 1042 1736 praeter
1059 1706 1117 1728 alio:
1133 1707 1243 1734 collcgmn
1256 1704 1339 1727 habuit
1352 1705 1378 1727 L.
1393 1705 1521 1726 Racilium.
1547 1706 1607 1726 Idem
1623 1715 1644 1726 ιι.
1661 1706 1679 1726 b*

37 1747 83 1768 898.
99 1752 170 1773 quum
185 1743 327 1765 ‘aedilitatem
340 1742 457 1771 pectinat,
471 1742 588 1771 r'epulmm
597 1742 690 1771 ferente
704 1743 739 1764 M.
753 1743 862 1765 Iuventio
876 1743 1009 1768 Laterense,
1024 1741 1105 1762 aedili:
1140 1742 1276 1769 deriguntur
1315 1741 1344 1761 nb
1357 1739 1399 1761 Ιιοι·
1414 1744 1540 1762 aerumna
1550 1745 1583 1762 est
1591 1742 1638 1768 lege
1648 1741 1683 1762 12·-

37 1780 101 1801 cim'a
118 1781 144 1801 de
162 1778 318 1804 :adal-'eiiam
333 1785 351 1799 e.
368 1777 506 1799 coit-'onibus
525 1779 557 1799 ur!
573 1780 741 1806 corrumpenda
757 1779 843 1807 populi
860 1777 1078 1806 suffraginsuctin.
1097 1775 1147 1804 (Cf.
1162 1784 1187 1804 p.
1205 1776 1265 1797 cael.
1281 1782 1300 1796 c.
1317 1778 1349 1801 7.)
1368 1776 1492 1797 Abrolutm
1510 1780 1544 1797 ent
1561 1780 1638 1797 nutem
1658 1784 1686 1797 ar

35 1818 126 1844 poetero
140 1821 201 1836 unna
215 1814 255 1841 (U.
271 1815 331 1840 700.)
349 1813 491 1835 aedilitatem
504 1813 582 1841 genit-
616 1813 646 1835 ln
659 1815 761 1836 uurndem
772 1821 861 1836 annum
870 1816 918 1835 700.
930 1813 995 1835 cudit
1004 1813 1074 1834 editio
1084 1812 1198 1834 orationi!
1207 1811 1269 1833 curin
1279 1810 1386 1832 tutundit
1396 1811 1533 1832 elaboratae.
1546 1811 1583 1839 Cf.
1595 1812 1639 1839 Ep.
1657 1814 1688 1832 nd

39 1851 64 1876 Q.
74 1850 152 1872 Fratr-
163 1849 212 1875 111,
221 1852 239 1870 t.

89 1952 108 1973 Δ
114 1952 134 1973 R
139 1951 166 1973 Ω.
173 1951 251 1973 Cicero
257 1951 281 1972 in
287 1950 380 1972 exordio
387 1950 431 1972 eni
437 1951 518 1976 gaudet
525 1950 611 1972 iudice·
618 1957 693 1972 oame-
700 1951 745 1972 nibi
751 1952 834 1977 favere,

36 1986 98 2008 dolet
103 1989 175 2008 tamen
182 1986 270 2008 Pindi
277 1985 415 2008 accusationi
426 1986 500 2007 favere
506 1993 558 2007 nuo·
564 1986 668 2008 iuimicu·
673 1987 835 2008 etobtrecmto-

36 2028 108 2047 remae
113 2021 213 2046 mir-tur,
220 2022 294 2043 curM.
300 2021 416 2043 xnvoatiu·
422 2021 622 2048 Laterensi-,quem
629 2021 689 2042 inter
693 2021 776 2042 amico·
782 2029 835 2043 nuo·

37 2059 148 2082 numeret,
159 2055 217 2078 hune
225 2055 322 2077 mxime
331 2055 446 2078 Plancium
459 2056 603 2077 actu-andum
615 2056 659 2077 silli
669 2056 803 2084 sumpserim
814 2060 835 2078 et

36 2092 94 2120 qunti
105 2094 182 2114 contr·
192 2090 284 2112 unicum
295 2091 400 2116 agendum
411 2091 456 2112 sibi
466 2091 504 2116 nit,
516 2091 538 2112 id
548 2091 658 2117 ingratum
669 2090 714 2112 sibi
724 2098 774 2112 ene
783 2098 834 2119 pro-

36 2127 119 2148 fitetur.
143 2126 202 2148 Huic
216 2133 267 2147 varo
282 2126 410 2153 qumonti,
420 2133 464 2153 qun
472 2126 563 2151 virt-ute.
574 2132 617 2153 qu·
625 2125 698 2151 lande,
710 2133 753 2153 qna
762 2126 834 2152 ‹tigni-

37 2164 84 2183 tate
93 2161 200 2184 Planciu-
215 2167 239 2182 ne
251 2160 275 2181 in
290 2160 416 2182 neuilitnti·
430 2161 540 2189 petitione
553 2161 704 2188 nuperus-erit,
715 2161 793 2183 Cicero
802 2161 836 2182 ita

36 2197 195 2225 reuponticum:
204 2197 231 2217 nd
241 2196 281 2217 hu
291 2195 434 2223 quae-tione·
440 2196 615 2224 renpuml‘ndum
626 2203 676 2217 οιιο
681 2199 833 2224 ηεμιμμιιπι-

37 2238 100 2260 quam
111 2239 154 2253 non
164 2231 224 2253 cle-it
232 2231 392 2259 praedicamine
402 2230 494 2252 virtuti·
504 2231 641 2252 Planci-nae
651 2231 762 2252 materies.
778 2231 834 2253 Nam

37 2266 118 2294 populo
129 2265 398 2292 suffragnnnitibertntem
409 2269 540 2293 competere.
547 2265 651 2294 populum
661 2273 714 2287 vero
719 2266 834 2288 Lam-enni

37 2301 132 2330 patricio
142 2301 215 2323 minu·
225 2301 306 2327 favere,
314 2308 376 2328 qnam
384 2300 476 2323 mando
483 2300 562 2327 equiti,
569 2300 657 2322 Plancii
664 2301 758 2323 tribuler
765 2301 834 2322 multu

37 2336 200 2358 numeratione
219 2343 280 2362 enne,
301 2336 386 2364 aliquid
401 2336 468 2357 etiam
483 2342 536 2356 nune
545 2335 730 2357 commendationi
740 2335 764 2356 in
774 2336 833 2356 ‹te-i-

37 2371 141 2397 matione
158 2372 233 2393 datum
252 2371 331 2392 videri.
357 2371 443 2392 nui-1110
462 2371 603 2391 Later-ennom
618 2370 702 2392 nullum
717 2371 834 2392 ostendere

36 2405 154 2432 vutigium
164 2406 315 2434 corruptioni·
326 2406 430 2427 tribuum.
442 2406 505 2426 nune
516 2409 586 2426 autem
595 2405 688 2430 solatur,
695 2406 752 2432 qnod
759 2412 833 2432 nepe,

37 2439 77 2468 qul.
85 2440 110 2462 {a
123 2441 240 2463 ualuit-to
249 2441 385 2470 pruoeerim·
397 2440 472 2464 fuerit.
483 2443 562 2468 pnntoa
571 2440 648 2461 atatim
659 2441 731 2462 tuetu-
742 2441 773 2462 nit
782 2447 834 2462 enn-

37 2474 81 2497 ml.
104 2476 233 2498 butem-i·
243 2479 314 2498 nutem
326 2483 403 2497 revera
411 2480 501 2504 praetor
510 2475 554 2496 fuit
563 2482 583 2496 ι.
595 2476 622 2497 U.
633 2478 679 2497 ⁷0³·

91 2548 112 2576 1.
136 2550 159 2576 ⁴.
172 2544 269 2583 Quum
290 2555 398 2586 propter
412 2551 547 2587 egregiam
563 2553 588 2576 et
602 2548 767 2585 singularem
783 2549 832 2576 Cn.

38 2584 152 2617 Plancii,
167 2587 283 2620 iudices,
296 2589 324 2615 in
335 2596 394 2615 mea
405 2588 491 2615 salute
501 2586 676 2614 custodienda
688 2586 767 2613 fidem
780 2591 833 2613 tam

37 2621 138 2650 multos
151 2628 178 2650 et
191 2624 274 2652 bonos
289 2625 361 2652 viros
372 2626 431 2652 eius
443 2625 536 2652 honori
549 2624 666 2651 viderem
678 2632 737 2651 esse
749 2623 835 2651 fauto-

38 2667 90 2691 res.
97 2660 233 2695 capiebam
245 2662 334 2690 animo
343 2670 395 2690 non
401 2662 562 2690 mediocrem
569 2662 741 2696 voluptatem,
749 2661 832 2697 quod,

38 2697 116 2724 cuius
130 2697 249 2726 officium
265 2699 332 2727 milii
347 2700 428 2728 saluti
441 2699 550 2732 suisset,
563 2699 587 2726 ei
598 2707 719 2727 meorum
730 2703 834 2734 tempo-

887 1961 947 1980 rum
968 1953 1125 1979 memoriam
1145 1951 1285 1987 suffragari
1306 1950 1442 1977 videbam.
1486 1950 1575 1983 Quum
1597 1956 1685 1977 antem

887 1990 1022 2021 audirem,
1037 1998 1111 2017 meos
1123 1990 1219 2025 partim
1231 1989 1368 2019 inimicos,
1381 1989 1477 2023 partim
1489 1988 1609 2019 invidos,
1624 1988 1686 2014 huic

886 2028 1050 2054 accusationi
1069 2036 1129 2054 esse
1150 2026 1279 2058 fautores,
1297 2025 1474 2061 eamdemque
1489 2034 1545 2052 rem
1560 2025 1686 2052 adversa-

887 2065 953 2092 riam
973 2073 1032 2091 esse
1052 2065 1080 2091 in
1100 2064 1201 2091 iudicio
1223 2064 1272 2091 Cn.
1294 2063 1414 2094 Plancio,
1431 2071 1501 2098 quae
1516 2064 1544 2089 in
1560 2064 1687 2097 petitione

888 2102 984 2129 fuisset
994 2102 1126 2129 adiutrix:
1143 2101 1277 2132 dolebam,
1290 2100 1403 2131 iudices.
1416 2105 1442 2127 et
1452 2101 1546 2127 acerbe
1557 2100 1684 2130 ferebam.

887 2140 911 2166 si
930 2139 1013 2166 huius
1028 2139 1102 2166 salus
1116 2139 1150 2166 ob
1166 2147 1224 2165 eam
1235 2139 1323 2173 ipsam
1334 2146 1458 2164 caussam
1470 2142 1541 2164 esset
1554 2137 1684 2166 infestior.

886 2177 959 2212 quod
975 2177 998 2203 is
1015 2185 1101 2203 meam
1117 2176 1232 2202 salutem
1244 2180 1324 2210 atque
1335 2176 1416 2202 vitam
1429 2183 1478 2201 sua
1489 2174 1684 2205 benevolentia,

887 2214 1035 2249 praesidio,
1050 2213 1228 2248 custodiaque
1243 2213 1363 2239 texisset.
1403 2214 1428 2239 2.
1451 2213 1529 2238 Nunc
1539 2216 1628 2238 autem
1640 2220 1686 2238 ve-

886 2256 953 2282 ster,
966 2251 1079 2281 iudices,
1091 2254 1252 2285 conspectus
1263 2254 1289 2276 et
1299 2257 1442 2276 consessus
1454 2250 1504 2275 isto
1515 2249 1598 2275 reficit
1609 2254 1635 2275 ct
1645 2257 1686 2274 re-

886 2293 958 2315 creat
981 2293 1097 2314 mentem
1123 2296 1224 2318 meam,
1246 2295 1333 2322 quum
1352 2287 1457 2313 intueor
1476 2291 1502 2313 et
1521 2285 1686 2320 contemplor

887 2334 971 2352 unum
982 2333 1120 2360 quemque
1132 2329 1263 2351 vestrum.
1297 2323 1381 2350 Video
1391 2324 1462 2350 enim
1475 2323 1524 2350 hoc
1536 2324 1562 2349 in
1575 2331 1686 2349 numero

887 2363 1036 2392 neminem,
1058 2362 1102 2388 cui
1118 2370 1176 2388 mca
1191 2360 1266 2388 salus
1283 2369 1335 2387 non
1351 2369 1410 2387 cara
1427 2360 1520 2391 fuerit,
1537 2361 1615 2386 cuius
1632 2368 1684 2386 non

885 2404 972 2426 exstet
982 2400 1009 2426 in
1021 2407 1063 2425 me
1074 2407 1213 2425 summum
1224 2399 1360 2428 meritum.
1368 2398 1412 2424 cui
1425 2406 1475 2424 non
1482 2397 1685 2423 simobstrictus

886 2437 1013 2463 memoria
1030 2436 1151 2462 beneficii
1165 2436 1338 2470 sempiterna.
1360 2436 1452 2469 ltaque
1463 2443 1514 2461 non
1529 2435 1683 2464 extimesco.

886 2483 919 2501 ne
935 2474 983 2501 Cn.
1001 2473 1108 2500 Plancio
1123 2472 1244 2500 custodia
1259 2481 1334 2499 meae
1349 2472 1444 2498 salutis
1459 2471 1531 2506 apud
1547 2480 1592 2498 eos
1602 2472 1682 2501 obsit.

885 2513 933 2547 qui
948 2519 991 2537 me
1006 2511 1059 2545 ipsi
1071 2511 1186 2537 maxime
1197 2509 1304 2536 salvum
1316 2509 1407 2536 videre
1419 2508 1575 2536 voluerunt:
1597 2509 1685 2544 saepi-

887 2557 988 2584 usque,
1005 2548 1123 2579 iudices,
1141 2547 1208 2574 mihi
1224 2548 1298 2574 venit
1313 2547 1340 2573 in
1351 2551 1482 2577 meatem,
1494 2546 1683 2573 admirandum

885 2594 958 2617 esse.
976 2586 1011 2612 M.
1024 2586 1202 2616 Laterensem.
1217 2584 1352 2611 hominem
1363 2584 1595 2610 studiosissimum
1607 2588 1632 2610 et
1642 2583 1685 2610 di-

885 2623 995 2659 gnitatis
1009 2627 1036 2649 et
1048 2622 1144 2649 salutis
1159 2630 1246 2653 meae.
1264 2630 1340 2648 reum
1355 2621 1409 2648 sibi
1425 2621 1496 2648 hunc
1512 2622 1683 2656 potissimum

885 2660 1031 2697 delegisse.
1048 2669 1130 2696 quam
1146 2659 1334 2690 metuendum.
1353 2667 1385 2685 ne
1398 2658 1476 2685 vobis
1489 2658 1516 2685 id
1530 2658 1576 2685 ille
1587 2667 1683 2693 magna

885 2698 986 2725 rationo
1011 2697 1106 2726 secisse
1131 2697 1263 2724 videatur.
1293 2699 1318 2724 ³.
1344 2696 1513 2732 Quamquam
1538 2695 1605 2723 mihi
1631 2704 1682 2722 nou
