1941 3052
232 81 281 106 οῖκξ
784 79 814 103 ῖῑι
863 78 884 103 M
931 78 949 103 Τ

229 150 322 184 cupio,
347 148 566 175 1==111111‹·l11=r‹÷1·t=·
583 149 634 173 [υἱ-ι
649 147 840 174 incredibiliter
851 148 949 173 attulit«
961 157 1021 179 erga

231 195 272 212 mc
289 187 501 220 muneribusque
517 185 640 210 delector.
682 185 757 215 Quod
774 190 862 210 nutem
884 193 897 209 u
915 193 956 210 me
973 184 1022 210 tale

229 223 359 258 quiddam
381 222 530 251 ‹lt-sideriis,
554 231 616 247 sunt·
639 222 705 247 milii
726 221 951 247 considerandum
972 227 1020 251 est,

229 269 345 295 quunnni
364 265 387 285 te
404 268 556 285 remunerer
571 259 741 293 potissimum
753 267 863 293 genere:
888 267 948 284 nain
962 267 1023 292 pro-

231 298 298 323 fan-to
311 307 360 323 non
373 301 412 322 nst
424 304 527 325 meum.
545 296 593 330 qui
611 296 636 321 in
652 295 795 321 scribendo
805 296 844 330 (ut
856 295 925 321 soles
936 296 1023 321 admi-

231 335 291 368 rari)
303 339 403 359 tantum
418 333 563 358 industriae
575 333 864 367 ponammommittere,
879 337 907 358 ut
920 334 944 359 in
956 334 1023 359 scri-

230 371 316 397 lwndo
334 370 473 403 negligens
491 369 574 395 fuisse
592 369 696 395 videar:
721 370 877 404 praesertim
893 378 977 404 quum
996 370 1021 396 id

230 417 280 434 non
294 407 372 433 modo
383 407 552 442 negligentis,
566 406 612 432 sed
624 407 703 433 etium
717 407 814 442 ingrati
826 407 909 433 animi
921 408 1021 433 crimen

230 445 349 471 futurum
362 445 405 470 sit.
430 444 523 470 Verum
538 444 602 469 haec
614 444 778 470 videbimus,
813 445 837 471 4,
856 444 934 474 lllud,
950 444 1022 479 quod
1042 441 1044 456 ¹

230 481 374 516 polliceri&
389 480 469 507 velim
481 489 528 515 pro
539 485 582 506 tua
599 481 649 506 lide
660 481 865 517 diligentiaque,
881 486 906 508 et
918 490 964 516 pro
976 490 1023 508 no-
1042 483 1045 513 l

229 525 295 549 stra.
310 527 360 544 non
374 518 508 548 instituta.
525 518 572 544 sed
585 519 637 544 iam
650 519 793 545 inveterata
806 519 921 544 amicitia
933 527 1020 549 eures,
1042 518 1044 547 ξ

228 556 342 585 enitare.
360 560 388 581 ut
399 555 560 590 supplicatio
571 556 648 581 nobis
659 564 741 591 quam
754 556 1022 582 honorificentissime

229 601 310 628 quam
327 593 499 627 primumque
517 592 685 619 decernatur.
725 594 841 619 Omnino
856 594 944 619 serius
961 594 1022 619 misi
1043 591 1044 597 ¹

230 630 342 660 litteras.
356 638 438 665 quam
451 629 561 656 vellem:
585 631 612 656 in
624 639 678 665 quo
691 639 776 665 quum
788 630 934 657 difficultas
946 631 1024 657 navi-

228 667 310 703 gandi
323 667 373 693 suit
382 667 484 698 odiosa,
493 672 549 693 tum
558 668 583 693 in
596 668 685 702 ipsum
697 668 849 694 discessum
861 673 970 694 senatus
982 669 1024 694 in-
1043 666 1045 671 ’

228 705 327 731 cidisse
339 704 417 730 credo
431 704 530 730 litteras
543 713 626 731 mens.
667 705 718 731 sed
730 705 757 731 id
769 704 819 731 feci
831 705 964 732 adductus
975 714 1024 731 au-

228 743 347 768 ctoritate
359 746 383 767 et
394 742 507 768 consilio
519 746 577 768 tuo:
592 742 693 777 idqueu
701 751 742 768 me
755 747 823 769 recte
836 743 935 769 sactum
947 747 1020 778 puto,

228 779 300 814 quod
322 787 373 805 non
388 779 492 809 statim.
519 784 547 805 ut
563 779 713 814 appellatus
731 781 873 814 imperator
887 781 953 811 sim.
976 780 1023 806 sed

229 816 289 842 aliis
312 816 393 842 rebus
417 816 516 842 additis
531 817 696 852 aestivisque
711 817 840 844 confectis
857 817 956 843 litteras
973 818 1024 843 mi-
1044 831 1046 842 1

229 862 321 880 serim.

228 891 361 922 ostendis,
379 899 477 926 meque
493 895 578 918 totum
594 896 619 918 et
635 900 692 918 mea
704 897 730 918 et
741 901 814 919 meos
825 892 1024 919 commendatos
1045 897 1046 901 ¹

231 928 353 955 habebis,
395 927 487 965 [Vale]

281 1023 312 1044 Χ.
331 1023 408 1044 Atto.
427 1023 522 1050 Appium
533 1030 545 1043 ι
556 1023 674 1044 not-hett-
687 1030 710 1044 ιε
724 1023 834 1044 inu-iente
847 1027 972 1044 secuntum
987 1031 1024 1044 ne-

228 1066 270 1085 que
283 1066 296 1078 u
311 1065 334 1079 ιο
347 1057 474 1086 impeditam
490 1065 539 1078 ena
556 1058 687 1083 legationem
702 1059 773 1079 «lucet.
807 1060 868 1083 nune
882 1059 909 1079 tle
923 1060 988 1080 rebus
1002 1059 1025 1079 in

228 1093 344 1121 provincia
354 1100 366 1113 a
376 1100 400 1114 se
410 1096 477 1117 gent-1
488 1093 613 1118 addiderat,
629 1093 802 1118 interciderunt,
816 1097 852 1114 aut
864 1095 890 1113 al·
901 1094 950 1121 ipso
962 1094 1024 1115 Cice-

228 1135 282 1149 rone
296 1129 393 1149 forta-nc
407 1131 458 1149 nunt
472 1128 577 1148 detracta.
611 1127 711 1155 Denique
726 1131 857 1153 auguratur,
876 1136 989 1150 cen-urani
1005 1129 1025 1150 ei

229 1163 325 1184 delutum
337 1163 373 1183 iri.
402 1164 524 1187 (Laudiceae,
534 1165 608 1186 Paullo,
618 1165 711 1184 Marcello
721 1172 767 1183 coa.
778 1167 833 1186 70⁴.)

335 1216 371 1242 M.
393 1216 423 1242 T.
445 1216 475 1242 C.
496 1216 523 1243 S.
545 1217 575 1243 D.
598 1216 712 1243 APPIO
731 1217 921 1244 PULCHRO.

288 1268 310 1292 t.
333 1260 430 1297 Quum
441 1269 481 1291 est
491 1265 523 1291 ad
536 1274 583 1292 nos
595 1265 705 1293 allatum
716 1266 750 1293 de
762 1268 909 1294 temeritate
921 1276 1023 1300 eorum,

229 1303 277 1339 qui
297 1303 347 1329 tibi
368 1303 505 1338 negotium
527 1302 700 1334 facesserent,
728 1305 779 1330 etsi
799 1306 918 1340 graviter
938 1307 1026 1340 primo
1046 1311 1049 1328 l

229 1341 324 1367 nuntio
334 1344 484 1366 commotus
495 1341 647 1376 sum,quod
660 1341 727 1367 nihil
741 1346 794 1368 tam
805 1347 910 1377 praeter
919 1343 1026 1378 opinio-
1046 1355 1048 1372 ε

230 1386 291 1404 nem
304 1386 390 1403 meam
402 1377 522 1404 accidere
532 1379 632 1412 potuit:
655 1383 753 1410 tamen,
768 1384 797 1406 ut
809 1388 851 1406 me
861 1379 968 1416 collegi,
981 1389 1027 1407 ce—

203 1410 284 1442 *tera
295 1415 364 1441 mihi
376 1414 504 1441 facillima
516 1415 686 1447 videbantur.
701 1416 774 1451 quod
785 1421 810 1443 et
822 1417 849 1443 in
861 1422 886 1444 te
898 1418 957 1452 ipso
968 1426 1026 1444 ma-

230 1453 331 1479 ximam
343 1461 434 1487 spem,
451 1457 476 1478 et
488 1453 515 1479 in
526 1454 581 1479 tuis
592 1462 718 1489 magnam
730 1454 872 1486 habebam,
888 1454 1026 1490 multaque

229 1490 298 1516 mihi
310 1489 454 1516 veniebant
464 1491 492 1516 in
498 1495 625 1522 mentem,
633 1491 810 1526 quamobrem
817 1492 900 1518 istum
908 1492 1026 1519 laborem

229 1527 279 1554 tibi
293 1528 373 1554 etiam
390 1527 483 1553 honori
497 1532 620 1562 putarem
636 1528 701 1555 fore.
741 1529 811 1555 Illud
825 1529 904 1564 plane
915 1529 1026 1556 moleste

230 1564 288 1595 tuli,
297 1565 370 1600 quod
376 1564 558 1591 certissimum
565 1569 591 1592 et
601 1566 784 1592 iustissimum
795 1567 964 1602 triumphum
977 1567 1026 1594 hoc

230 1602 385 1629 invidorum
396 1601 509 1629 consilio
519 1610 578 1629 esse
591 1603 639 1629 tibi
650 1607 772 1638 ereptum
783 1603 920 1630 videbam.
948 1604 1026 1636 Quod
1046 1589 1049 1631 l

229 1643 258 1665 tu
270 1640 294 1665 si
305 1640 370 1666 tanti
382 1639 477 1671 facies,
499 1640 594 1674 quanti
608 1648 658 1676 ego
672 1649 780 1675 semper
794 1640 913 1667 iudicavi
925 1641 1027 1668 sacien-

229 1676 295 1702 dum
306 1685 379 1707 esse,
394 1677 475 1703 facies
487 1677 635 1712 sapienter,
649 1682 675 1704 et
685 1686 749 1713 ages
760 1679 846 1704 victor
855 1686 890 1705 ex
901 1679 1027 1705 inimico-

230 1722 290 1740 rum
301 1713 391 1740 dolore
401 1714 570 1749 triumphum
583 1715 774 1741 iustissimum.
796 1715 853 1751 Ego
863 1716 936 1742 enim
947 1715 1025 1750 plane
1046 1713 1049 1744 ἱ

231 1750 309 1777 video
321 1750 385 1782 fore,
399 1752 500 1782 nervis,
512 1751 624 1786 opibus,
638 1752 770 1786 sapientia
781 1756 840 1784 tua,
853 1752 1026 1779 vehementer
1046 1760 1049 1772 ·

231 1792 260 1814 ut
275 1788 399 1815 inimicos
416 1793 474 1815 tuos
490 1789 624 1823 poeniteat
639 1789 860 1824 intemperantiae
875 1798 949 1817 suae.
989 1790 1025 1816 De

231 1833 274 1851 me
285 1825 343 1856 tibi,
352 1830 503 1852 contestans
514 1834 608 1852 omnes
619 1825 693 1858 deos,
702 1827 828 1861 promitto
838 1831 918 1862 atque
929 1827 1027 1854 contir-

231 1871 283 1893 mo,
297 1871 339 1888 me
350 1871 397 1897 pro
407 1868 452 1889 tua
463 1863 679 1899 dignitate(malo
689 1864 761 1890 enim
773 1864 935 1895 sic·dicere,
943 1873 1025 1900 quam

231 1907 278 1934 pro
289 1899 397 1935 salute,>
409 1901 435 1926 in
447 1900 497 1926 hae
508 1901 655 1934 provincia,
671 1901 755 1927 cuitu
766 1900 917 1936 praefuisti,
930 1911 1027 1938 rogan-

230 1936 264 1963 do
275 1936 464 1972 deprecatoris,
478 1937 622 1964 laborando
636 1939 791 1973 propinqui,
805 1939 960 1966 auctoritate
971 1940 1026 1966 cari
1047 1962 1049 1967 .

230 1973 349 2000 hominis
359 1974 399 2008 (ut
409 1974 496 2009 spero)
507 1974 578 2009 apud
591 1975 727 2006 civitates,
740 1977 870 2011 gravitate
882 1977 1027 2011 imperato-

230 2011 268 2037 ris
282 2016 474 2046 suscepturum
488 2011 576 2038 officia
592 2017 671 2047 atque
687 2018 786 2047 partes.
826 2014 923 2040 Omnia
939 2013 998 2040 volo
1012 2022 1026 2040 a

230 2056 273 2074 me
288 2053 314 2075 et
328 2048 448 2083 postules
463 2053 489 2075 et
499 2053 652 2083 exspectes:
675 2050 783 2076 vincam
794 2051 862 2077 meis
872 2050 970 2077 officiis
981 2060 1027 2078 co-

229 2086 373 2121 gitationes
384 2091 453 2112 tuas.
493 2088 519 2113 2.
539 2086 571 2118 Q.
583 2086 715 2113 Servilius
730 2087 876 2122 perbreves
891 2088 961 2115 mihi
976 2097 990 2115 a
1002 2093 1026 2115 te

231 2122 332 2149 litteras
343 2123 470 2153 reddidit,
492 2131 561 2158 quae
574 2124 642 2150 mihi
653 2129 742 2151 tamen
753 2125 835 2151 nimis
847 2125 941 2161 longae
951 2126 1026 2152 visae

230 2164 307 2186 sunt:
325 2161 453 2187 iniuriam
463 2161 536 2187 enim
547 2161 616 2187 mihi
628 2161 684 2187 fieri
695 2162 838 2197 putabam,
851 2171 938 2198 quum
949 2171 1027 2199 roga-

230 2197 288 2223 bar.
328 2197 433 2224 Nollem
453 2198 596 2225 accidisset
615 2203 736 2233 tempus,
758 2200 785 2226 in
804 2208 859 2235 quo
873 2201 1027 2236 perspicere

230 2242 334 2269 posses,
346 2235 441 2270 quanti
452 2240 476 2262 te
485 2256 491 2266 ,
507 2236 602 2270 quanti
613 2236 770 2271 Pompeium
778 2258 784 2268 ,
802 2245 884 2272 quem
895 2246 982 2264 unum
993 2246 1028 2265 ex

230 2271 358 2298 omnibus
368 2271 450 2304 facio,
464 2277 494 2299 ut
504 2272 603 2304 debeo,
616 2273 741 2308 plurimi,
759 2275 853 2309 quanti
864 2275 976 2302 Brutum
987 2274 1028 2301 ra-
1054 2278 1057 2287 '

231 2317 332 2336 cerem:
356 2317 523 2345 quamquam
538 2311 566 2337 in
583 2311 778 2338 consuetudine
793 2312 950 2347 quotidiana
965 2321 1028 2348 per-

231 2346 381 2380 spexisses,
395 2348 466 2374 sicut
476 2348 637 2382 perspicies:
660 2348 721 2379 sed,
739 2349 867 2384 quoniam
878 2350 989 2381 accidit,
1002 2350 1027 2376 si

231 2383 298 2418 quid
309 2392 323 2409 a
333 2392 376 2410 me
386 2386 607 2419 praetermissum
618 2386 682 2416 erit,
697 2387 874 2413 commissum
886 2386 991 2414 facinus
1001 2391 1028 2414 et

231 2419 382 2447 admissum
393 2421 510 2448 dedecus
520 2422 675 2450 confitebor.
715 2425 740 2449 3.
761 2423 939 2458 Pomptinius,
952 2425 1001 2460 qui
1012 2433 1026 2450 a

233 2460 257 2482 te
271 2460 396 2484 tractatus
410 2463 450 2485 est
460 2460 605 2494 praestanti
616 2468 646 2486 ac
657 2459 790 2496 singulari
805 2460 871 2492 fide,
893 2462 973 2488 cuius
986 2462 1027 2488 tui

234 2492 358 2520 beneficii
368 2503 429 2522 sum
440 2505 489 2532 ego
500 2498 585 2527 testis,
593 2502 710 2531 praestat
719 2497 770 2523 tibi
779 2499 937 2526 memoriam
943 2499 1027 2525 bene-

234 2529 531 2567 volentiamque,quam
541 2534 633 2561 debet:
646 2535 703 2570 qui,
715 2543 801 2569 quum
812 2536 1027 2562 maximisrebus

363 854 430 879 llaec
442 854 525 889 igitur
537 853 586 880 tibi
597 858 675 880 erunt
685 862 778 885 curae,
794 854 1023 890 quemadmodum
1045 867 1047 879 ι

234 2567 291 2592 suis
302 2572 422 2599 coactus,
436 2578 450 2595 a
461 2578 503 2596 me
514 2571 678 2599 invitissimo
689 2572 863 2603 decessisset,
876 2577 965 2599 tamen
973 2594 979 2604 ,
996 2577 1027 2599 ut

234 2603 304 2631 vidit
315 2604 442 2632 interesse
453 2611 512 2638 tua,
528 2609 712 2636 conscendens
726 2609 781 2635 iam
791 2617 902 2641 navem,
918 2610 1026 2646 Epheso

995 78 1269 104 ‹ttcssnoxts'

1050 149 1052 156 '
1077 148 1232 174 Lmutieonm
1245 149 1362 174 revertit.
1387 148 1460 174 Talia
1472 153 1496 174 te
1505 156 1590 183 quum
1603 149 1690 175 studia
1704 148 1808 175 videam
1822 149 1868 174 lta-

1076 186 1195 211 bitumum
1207 194 1265 210 exse
1279 185 1499 215 innumerabilia,
1518 186 1596 220 plane
1607 186 1730 212 dubitare
1743 195 1794 212 non
1807 195 1869 220 pos—

1050 213 1052 240 ,'
1075 231 1149 251 suin,
1172 223 1238 257 quin
1256 222 1304 248 tibi
1321 222 1471 257 amplitudo
1486 224 1533 248 ista
1549 223 1703 249 sollicitudo
1719 223 1806 249 [utura
1823 224 1866 249 sit.

1074 260 1101 285 Si
1115 268 1176 285 vero
1187 259 1306 285 effeceris
1318 260 1339 288 ⁶,
1356 264 1384 285 ut
1395 268 1518 285 censores
1529 266 1665 290 creentur,
1681 265 1707 286 et
1723 263 1744 286 si
1761 266 1794 286 ita
1807 269 1869 292 aes-

1074 297 1142 322 soris
1153 305 1308 326 censuram,
1327 302 1354 322 ut
1365 301 1390 322 ot
1401 297 1484 322 debes
1495 303 1519 322 ct
1532 303 1618 332 poten:
1637 306 1688 324 non
1705 299 1752 324 tibi
1769 298 1866 327 solum,

1074 333 1121 359 sed
1134 334 1187 359 tuis
1198 334 1325 359 omnibus
1338 334 1416 360 video
1428 335 1454 360 in
1467 339 1625 368 perpetuum
1638 344 1744 361 summo
1755 340 1779 361 te
1791 344 1868 369 prae-

1074 370 1144 396 sidio
1156 370 1288 397 [uturum.
1329 370 1397 397 lllud
1409 380 1499 406 pugna
1511 376 1536 397 et
1546 372 1655 401 enitere.
1669 381 1700 398 ne
1711 372 1869 406 quidnobis

1075 409 1202 442 tenqmris
1218 412 1387 443 prorogetur:
1411 413 1452 438 ut,
1475 417 1560 443 quum
1580 408 1623 434 bie
1639 409 1688 435 tibi
1706 409 1868 435 satisfeceri-

1075 454 1144 474 rniis,
1154 445 1213 471 istic
1224 453 1332 480 quoque
1345 450 1460 471 nostram
1474 446 1500 471 in
1513 450 1537 471 te
1550 445 1763 472 benevolentiam
1772 455 1869 472 navare

1074 483 1221 517 possimus.
1271 484 1295 508 l.
1325 482 1399 514 Quae
1423 483 1456 508 de
1483 483 1623 509 hominum
1644 488 1723 518 atque
1743 484 1868 510 ordinum

1073 521 1195 546 omnium
1207 528 1269 555 erga
1282 524 1306 545 te
1322 519 1420 546 studiis
1435 520 1533 546 scribis
1548 520 1581 546 ad
1597 529 1652 550 me,
1675 521 1787 546 minime
1801 521 1869 547 mihi

1075 557 1194 583 miranda
1207 562 1232 583 et
1244 557 1361 583 maxime
1373 557 1489 583 iucunda
1501 557 1669 584 acciderunt:
1682 557 1869 592 eademquead

1075 603 1118 620 me
1129 595 1274 629 perscripta
1287 599 1374 620 sunta
1387 594 1567 621 familiaribus
1579 595 1656 621 meis.
1692 595 1783 629 ltaque
1793 596 1870 629 capio

1076 641 1199 667 magnam
1213 631 1389 666 voluptatem,
1407 641 1491 667 quum
1505 632 1553 658 tibi
1563 653 1568 662 ,
1580 633 1659 658 cuius
1675 632 1742 658 mibi
1753 633 1869 658 amicitia

1076 678 1127 695 non
1138 669 1225 695 solum
1233 669 1331 704 ampla.
1340 669 1472 695 sedetiam
1481 669 1598 695 iucunda
1605 674 1654 699 est.
1663 678 1692 695 ea
1700 670 1792 698 tribui.
1800 678 1870 704 quae

1075 707 1237 734 debeantur:
1258 712 1314 732 tum
1329 715 1390 733 vero
1402 715 1538 733 remanere
1549 707 1629 733 etiam
1641 707 1751 733 nuncin
1762 707 1870 733 civitate

1077 749 1163 770 nostra
1175 744 1278 774 studia,
1292 752 1374 779 prope
1385 745 1508 770 omnium
1519 752 1666 774 consensu,
1680 752 1742 779 erga
1755 743 1834 770 fortes
1845 749 1871 770 et

1077 781 1224 808 industrios
1240 782 1325 807 viros:
1349 790 1417 816 quae
1434 781 1500 807 mihi
1517 782 1569 816 ipsi
1586 790 1638 807 una
1654 790 1761 816 semper
1771 781 1870 807 tributa

1077 827 1179 845 merces
1190 823 1230 845 est
1242 818 1362 844 laborum
1374 823 1399 844 et
1411 819 1566 854 vigiliarum
1583 827 1714 845 mearum.
1754 820 1779 844 5.
1802 818 1870 844 lllud

1078 865 1140 882 vero
1151 856 1218 882 mihi
1231 857 1378 890 permirum
1390 856 1496 885 accidit,
1505 861 1604 882 tantam
1617 856 1790 882 temeritatem
1803 855 1871 882 luis-

1076 902 1104 919 se
1116 894 1143 919 in
1155 902 1185 919 eo
1197 893 1373 923 adolescente,
1381 894 1460 919 cuius
1470 901 1520 928 ego
1531 893 1644 919 salutem
1655 893 1763 919 duobus
1773 894 1871 927 capitis

1078 931 1187 957 iudiciis
1198 939 1303 957 summa
1314 931 1483 956 contentione
1494 930 1617 961 defendi,
1631 935 1673 960 ut,
1687 931 1741 956 tuis
1752 931 1872 957 inimici-

1077 968 1122 994 tiis
1133 967 1329 1003 suscipiendis,
1346 967 1552 994 oblivisceretur
1567 969 1670 1003 patroni
1685 968 1806 994 omnium
1819 967 1872 994 [οι--

1077 1010 1202 1032 tunarum
1223 1014 1253 1031 ac
1274 1005 1406 1031 rationum
1422 1013 1547 1031 suarum:
1570 1005 1726 1039 praesertim
1741 1013 1826 1039 quum
1843 1009 1871 1031 tu

1076 1043 1204 1069 omnibus
1215 1042 1257 1068 vel
1269 1043 1434 1069 ornamentis
1441 1042 1633 1077 velpraesidiis
1644 1042 1819 1073 redundares.
1831 1041 1871 1068 illi

1076 1080 1115 1114 (ut
1123 1079 1453 1114 levissimedicam)multa
1465 1079 1602 1111 deessent;
1616 1080 1696 1106 cuius
1706 1088 1794 1106 sermo
1804 1078 1873 1106 stul-

1077 1122 1120 1144 tus
1132 1122 1158 1144 et
1169 1117 1283 1152 puerilis
1294 1122 1349 1143 erat
1361 1118 1413 1143 iam
1425 1122 1501 1143 antea
1513 1117 1546 1143 ad
1558 1125 1600 1143 me
1611 1125 1625 1143 a
1638 1116 1780 1148 ueneno,
1793 1116 1873 1143 fami-

1078 1154 1137 1181 liari
1154 1159 1256 1185 nostro,
1274 1155 1453 1189 perscriptus:
1471 1154 1504 1180 de
1515 1163 1569 1189 quo
1580 1155 1643 1180 item
1655 1162 1777 1180 sermone
1788 1153 1872 1180 multa

1077 1192 1176 1226 scripta
1193 1196 1257 1218 sunt
1272 1191 1320 1217 abs
1335 1196 1370 1218 te.
1411 1192 1468 1227 Ego
1483 1197 1572 1218 autem
1585 1192 1667 1218 citius
1680 1199 1743 1218 cum
1758 1199 1803 1222 eo,
1824 1191 1873 1226 qui

1077 1233 1137 1255 tuas
1153 1229 1310 1255 inimicitias
1326 1230 1504 1264 suscepisset,
1522 1234 1640 1255 veterem
1655 1229 1872 1256 coniunctionem

1077 1266 1262 1297 diremissem,
1276 1274 1358 1301 quam
1370 1275 1467 1293 novam
1478 1267 1678 1293 conciliassem:
1701 1274 1789 1301 neque
1799 1267 1872 1292 enim

1077 1304 1111 1330 de
1117 1312 1177 1330 meo
1188 1312 1251 1340 erga
1262 1308 1286 1330 te
1297 1303 1388 1331 studio
1399 1303 1523 1330 dubitare
1534 1304 1627 1334 debes,
1635 1312 1723 1339 neque
1734 1303 1763 1330 id
1773 1308 1814 1330 est
1823 1303 1874 1329 ob-

1077 1350 1187 1368 scurum
1198 1342 1326 1376 cuiquam
1338 1341 1366 1368 in
1377 1342 1525 1376 provincia,
1539 1349 1587 1368 nec
1597 1342 1695 1368 Romae
1705 1340 1766 1367 fuit.
1782 1342 1808 1367 6.
1820 1340 1872 1367 Sed

1078 1383 1166 1406 tamen
1178 1379 1347 1415 significatur
1357 1379 1384 1405 in
1399 1379 1453 1406 tuis
1467 1378 1562 1405 litteris
1573 1379 1694 1414 suspicio
1703 1377 1836 1413 quaedam
1847 1382 1874 1404 et

1077 1416 1210 1443 dubitatio
1221 1421 1279 1443 tua:
1297 1415 1331 1442 de
1341 1424 1395 1451 qua
1406 1416 1524 1442 alienum
1536 1421 1643 1451 tempus
1654 1420 1694 1442 est
1705 1415 1774 1442 mihi
1783 1420 1873 1442 tecum

1077 1453 1282 1488 expostulandi,
1295 1453 1430 1489 purgandi
1441 1458 1530 1480 autem
1542 1454 1596 1480 mei
1607 1453 1800 1479 necessarium.
1821 1452 1873 1479 Ubi

1077 1492 1150 1518 enim
1159 1500 1209 1527 ego
1219 1492 1347 1526 cuiquam
1360 1491 1485 1527 legationi
1497 1490 1536 1517 fui
1547 1490 1749 1526 impedimento,
1757 1498 1811 1525 quo
1821 1490 1875 1516 mi-

1078 1537 1130 1555 nus
1145 1529 1255 1555 Romam
1271 1528 1305 1554 ad
1321 1528 1428 1555 laudem
1445 1533 1518 1554 tuam
1536 1527 1704 1554 mitteretur?
1717 1527 1805 1554 autin
1819 1535 1874 1562 quo

1077 1566 1162 1601 potui,
1175 1566 1199 1592 si
1210 1570 1235 1592 te
1250 1565 1338 1600 palam
1349 1565 1478 1597 odissem,
1491 1566 1597 1595 minus,
1610 1565 1683 1600 quod
1695 1564 1745 1591 tibi
1755 1564 1871 1593 obesset.

1078 1602 1182 1629 facere?
1195 1603 1219 1629 si
1231 1603 1314 1633 clam,
1333 1603 1420 1638 magis
1431 1607 1520 1637 aperte
1532 1603 1661 1628 inimicus
1671 1600 1749 1628 esse?
1761 1601 1838 1633 Quod
1849 1601 1873 1628 si

1077 1649 1165 1667 essem
1176 1648 1206 1666 ea
1218 1639 1330 1675 perfidia
1338 1661 1344 1670 ,
1357 1648 1410 1675 qua
1421 1644 1484 1666 sunt
1495 1640 1528 1670 ii.
1545 1640 1593 1674 qui
1608 1640 1636 1665 in
1647 1647 1696 1665 nos
1707 1638 1773 1665 haec
1782 1637 1874 1665 eonfe-

1078 1682 1154 1704 runt:
1177 1682 1266 1704 tamen
1281 1685 1311 1703 ea
1326 1677 1440 1704 stultitia
1455 1681 1525 1703 certe
1537 1685 1589 1703 uon
1601 1675 1728 1706 fuissem.
1746 1680 1775 1702 ut
1786 1680 1832 1702 aut
1845 1676 1874 1702 in

1077 1715 1192 1741 obscuro
1201 1714 1263 1741 odio
1273 1719 1378 1749 apertas
1389 1714 1559 1744 inimicitias,
1571 1718 1626 1744 aut,
1639 1714 1667 1739 in
1678 1721 1732 1748 quo
1743 1713 1793 1739 tibi
1804 1712 1873 1739 nihil

1078 1760 1214 1782 nocerem,
1232 1760 1368 1778 summam
1383 1751 1551 1778 ostenderem
1568 1750 1733 1777 voluntatem
1747 1750 1872 1776 nocendi.

1077 1789 1118 1816 Ad
1130 1798 1172 1815 me
1183 1789 1257 1815 adire
1268 1788 1400 1824 quosdam
1411 1789 1537 1819 memini.
1555 1789 1685 1815 nimirum
1697 1796 1732 1814 ex
1741 1787 1871 1822 Epicteto,

1077 1827 1125 1862 qui
1136 1826 1269 1857 dicerent,
1287 1827 1369 1852 nimis
1382 1834 1494 1862 magnos
1504 1830 1630 1860 sumptus
1642 1824 1737 1860 legatis
1748 1824 1871 1851 decerni:

1077 1864 1179 1899 quibus
1190 1872 1239 1899 ego
1250 1873 1303 1890 non
1314 1868 1368 1890 tam
1379 1863 1525 1898 imperavi,
1537 1871 1620 1898 quam
1630 1862 1734 1892 censui.
1747 1866 1874 1896 sumptus

1079 1901 1173 1937 legatis
1188 1909 1270 1936 quam
1286 1902 1404 1927 maxime
1420 1900 1453 1927 ad
1464 1899 1551 1937 legem
1562 1899 1714 1927 Corneliam
1726 1899 1875 1926 decernen-

1077 1939 1136 1965 dos.
1176 1938 1263 1973 Atque
1279 1939 1307 1964 in
1322 1946 1353 1965 eo
1369 1939 1428 1973 ipso
1442 1946 1486 1964 me
1501 1946 1554 1964 non
1569 1944 1770 1972 perseverasse.
1792 1940 1874 1963 testes

1077 1981 1141 2002 sunt
1151 1976 1267 2002 rationes
1277 1976 1428 2006 civitatum,
1444 1975 1472 2001 in
1483 1975 1594 2010 quibus,
1607 1979 1740 2009 quantum
1749 1981 1874 2008 quaeque

1078 2013 1172 2044 voluit,
1187 2012 1281 2049 legatis
1293 2013 1346 2039 tuis
1357 2012 1451 2039 datum
1462 2012 1581 2038 induxit.
1621 2012 1646 2038 7.
1663 2012 1699 2038 Te
1709 2015 1799 2037 autem
1810 2010 1875 2046 qui—

1078 2051 1129 2077 hus
1141 2051 1290 2077 mendaciis
1301 2050 1426 2076 homines
1437 2049 1571 2076 levissimi
1581 2049 1738 2075 onerarunt!
1751 2056 1804 2074 nou
1815 2056 1875 2074 mo-

1077 2088 1112 2114 do
1126 2087 1247 2114 sublatos
1261 2092 1402 2122 sumptus,
1420 2087 1468 2113 sed
1483 2087 1564 2113 etiam
1575 2094 1589 2112 a
1599 2085 1818 2121 procuratoribus
1828 2093 1875 2112 eo-

1078 2134 1152 2152 rum.
1177 2125 1226 2160 qui
1245 2125 1299 2151 iam
1319 2124 1432 2160 profecti
1446 2128 1550 2155 essent,
1572 2124 1700 2158 repetitos
1715 2127 1741 2149 et
1755 2121 1871 2149 ablatos:

1077 2170 1192 2198 eamque
1211 2170 1336 2188 caussam
1357 2161 1450 2188 multis
1469 2162 1579 2188 omnino
1598 2169 1653 2187 uon
1672 2159 1756 2186 eundi
1775 2159 1872 2186 fuisse.

1077 2199 1208 2232 Quererer
1217 2204 1306 2226 tecum
1318 2204 1399 2234 atque
1409 2198 1618 2233 expostularem,
1627 2198 1665 2228 ui,
1672 2201 1703 2223 ut
1712 2205 1795 2231 supra
1805 2197 1874 2223 scri-

1054 2252 1056 2273 1
1077 2237 1134 2272 psi,
1146 2245 1262 2272 purgare
1272 2245 1316 2263 me
1327 2236 1377 2263 tibi
1389 2236 1439 2263 hoc
1449 2241 1495 2262 tuo
1505 2240 1637 2270 tempore,
1653 2242 1735 2270 quam
1746 2242 1874 2261 accusare

1078 2279 1103 2301 te
1117 2274 1235 2305 mallem.
1253 2274 1336 2309 idque
1346 2277 1469 2308 putarem
1480 2281 1540 2299 esse
1551 2272 1661 2299 rectius.
1699 2271 1792 2306 Itaque
1803 2270 1872 2297 nihil

1077 2311 1160 2342 dete,
1178 2311 1251 2347 quod
1265 2311 1426 2342 credideris,
1449 2310 1482 2336 de
1497 2318 1554 2341 me,
1571 2308 1747 2344 quamobrem
1761 2317 1814 2335 non
1825 2308 1874 2335 de-

1078 2349 1170 2375 bueris
1181 2348 1290 2375 credere
1297 2369 1303 2379 ,
1321 2356 1406 2383 pauca
1416 2348 1516 2374 dicam.
1555 2347 1623 2373 Nam
1633 2346 1658 2372 si
1669 2354 1711 2372 me
1723 2346 1813 2372 w'rum
1823 2345 1874 2372 bo-

1078 2395 1158 2417 num,
1175 2386 1199 2412 si
1213 2386 1328 2421 dignum
1343 2386 1377 2412 iis
1387 2385 1486 2412 studiis
1495 2391 1580 2419 eaque
1592 2383 1726 2414 doctrina,
1747 2383 1793 2409 cui
1803 2391 1847 2409 me
1857 2391 1873 2409 a

1077 2424 1194 2458 pueritia
1203 2423 1281 2454 dedi,
1297 2423 1322 2449 si
1332 2423 1398 2449 satis
1408 2422 1500 2457 magni
1510 2421 1594 2447 animi
1601 2441 1607 2451 .
1624 2429 1677 2446 non
1688 2420 1796 2446 minimi
1807 2427 1873 2446 oon-

1077 2460 1134 2487 silii
1143 2461 1170 2487 in
1181 2461 1309 2487 maximis
1319 2460 1401 2486 rebus
1410 2462 1582 2494 perspectum
1591 2457 1689 2490 habe53
1702 2457 1772 2484 nihil
1783 2457 1869 2488 inme,

1077 2506 1130 2524 non
1144 2498 1224 2524 modo
1234 2497 1409 2532 perfidiosum
1418 2500 1445 2522 et
1457 2495 1619 2522 insidiosum
1630 2499 1657 2521 et
1667 2494 1749 2521 fallax
1759 2495 1788 2521 in
1801 2494 1871 2522 ami-

1077 2535 1148 2566 citia,
1161 2535 1210 2561 sed
1220 2543 1253 2561 ne
1265 2534 1370 2561 humile
1380 2532 1492 2568 quidem
1503 2537 1549 2559 aut
1558 2533 1682 2558 ieiunum
1692 2531 1776 2558 debes
1786 2539 1871 2567 agno-

1077 2580 1161 2598 scere.
1201 2574 1226 2598 8.
1247 2572 1294 2598 Sin
1309 2575 1398 2598 autem
1413 2578 1456 2596 me
1471 2574 1590 2596 astutum
1605 2574 1631 2596 et
1644 2568 1780 2596 oecultum
1794 2569 1872 2595 iuvat

1078 2609 1192 2645 fingere:
1205 2608 1273 2645 quid
1283 2613 1336 2639 est,
1348 2607 1421 2643 quod
1432 2607 1524 2634 minus
1534 2606 1628 2633 cadere
1639 2607 1667 2633 in
1677 2605 1812 2633 eiusmodi
1822 2613 1873 2632 na-
