1941 3052
350 158 537 185 ORATIO
569 159 600 185 11.
636 159 688 185 DE
723 158 850 185 LEGE

69 231 213 267 perspicite
224 233 304 265 atque
315 230 475 266 cognoscite.
507 230 565 257 Non
576 230 766 266 ingenerantur
776 230 864 256 homi-

69 269 150 296 nibus
162 276 248 294 mores
260 272 313 294 tam
325 276 338 293 a
349 268 431 302 stirpe
442 268 548 303 generis
559 276 589 294 ae
600 268 724 299 seminis,
738 276 819 303 quam
831 276 865 294 ex

68 307 102 333 iis
113 305 208 336 rebus,
221 314 290 340 quae
301 305 334 331 ab
345 305 403 340 ipsa
415 310 507 331 natura
520 305 568 332 loci
580 309 630 331 eta
641 306 710 331 vitae
721 309 865 332 consuetu-

69 343 131 370 dine
142 343 357 378 suppeditantur,
370 342 472 377 quibus
483 342 581 369 alimur
592 347 618 369 et
629 343 757 369 vivimus.
798 342 865 368 Kar-

70 381 264 416 thaginienses,
287 379 450 406 fraudulenti
467 384 492 407 et
508 380 662 412 mendaces,
685 389 736 407 non
757 388 862 416 genere,

69 418 117 445 sed
128 423 220 444 natura
233 417 296 449 loci,
314 418 396 453 quod,
411 422 517 452 propter
528 422 619 453 portus
636 427 713 449 suos,
731 417 824 444 multis
841 421 865 443 et

69 456 150 482 variis
162 460 340 482 mercatorum
352 459 378 482 et
389 455 552 482 advenarum
564 455 749 485 sermonibus,
763 454 794 480 ad
807 458 865 480 stu-

69 493 145 519 dium
162 492 272 519 fallendi
287 493 377 519 studio
388 498 516 528 quaestus
528 493 700 519 vocabantur.
741 492 862 527 Ligures,

69 530 196 562 montani,
210 530 271 557 duri
282 535 362 565 atque
373 535 500 566 agrestes.
540 530 634 556 Docuit
644 539 706 565 ager
717 530 783 564 ipse,
798 528 864 555 nihil

69 567 191 599 ferendo,
215 568 266 594 nisi
283 568 366 594 multa
382 567 485 594 cultura
502 572 527 594 et
543 575 638 602 magno
655 567 742 593 labore
757 566 866 601 quaesi-

69 610 137 632 tum.
170 605 298 640 Campani
315 614 422 640 semper
433 605 542 640 superbi
555 605 671 631 bonitate
683 612 821 640 agrorum,
840 607 865 629 et

69 642 205 670 fructuum
214 643 407 678 magnitudine,
417 643 492 669 urhis
503 642 667 672 salubritate,
676 641 862 675 descriptione,

69 680 280 716 pulchritudine.
306 680 347 706 Ex
358 680 406 706 hac
417 680 491 714 eopia
503 684 582 714 atque
593 680 713 705 omnium
726 687 814 704 rerum
826 677 866 703 at-

70 717 177 744 fluentia
188 718 307 753 primum
318 717 364 744 illa
376 722 433 743 nata
445 722 521 743 sunt:
535 716 691 752 arrogantia,
703 724 772 751 quae
783 724 797 741 a
809 723 866 741 ma-

70 756 172 782 ioribus
194 755 290 781 nostris
311 755 424 781 alterum
441 754 530 789 Capua
546 753 683 780 consulem
704 752 864 788 postulavit:

69 792 166 820 deinde
181 801 210 819 ea
227 792 360 824 luxuries,
383 801 452 827 quae
467 793 557 827 ipsum
573 791 761 822 Hannibalem,
785 791 866 816 armis

70 831 217 857 etiamtum
229 830 369 861 invictum,
387 829 523 864 voluptate
535 829 608 855 vicit.
640 830 681 855 96.
695 829 752 854 Huc
763 828 807 854 isti
819 827 866 853 de—

69 868 180 894 cemviri
191 876 276 902 quum
288 876 319 893 no
330 867 484 894 colonorum
496 876 529 893 ex
545 866 602 902 lege
609 866 682 893 Rulli
693 866 863 896 deduxerint,

69 910 176 932 centum
197 905 368 936 decuriones,
390 904 482 931 decem
503 913 632 940 augures,
659 912 707 930 sex
727 902 865 938 pontifices

69 943 270 970 constituerint:
293 951 361 977 quos
382 942 490 968 illorum
512 943 623 974 animos,
647 950 715 977 quos
737 941 863 976 impetus,

69 989 151 1016 quam
163 980 286 1007 ferociam
299 979 353 1006 sore
365 979 482 1015 putatis?
501 980 612 1006 Romam
628 980 655 1005 in
672 979 808 1005 montibus
819 987 867 1013 po-

69 1019 148 1045 sitam
160 1022 185 1044 et
195 1017 377 1049 convallibus,
395 1017 545 1044 caenaculis
561 1017 694 1044 sublatam
710 1021 789 1051 atque
805 1024 866 1042 sus—

70 1064 190 1091 pensam,
204 1064 256 1082 non
267 1055 377 1090 optimis
390 1056 450 1087 viis,
464 1055 664 1091 angustissimis
676 1054 789 1085 semitis,
803 1061 866 1088 prae

69 1102 118 1120 sua
130 1093 232 1128 Capua,
251 1092 409 1127 planissimo
420 1093 447 1119 in
460 1092 517 1119 loco
527 1093 670 1128 explicata,
689 1101 718 1118 ac
734 1100 795 1126 prae
811 1091 866 1117 illis

69 1131 173 1158 semitis
184 1130 334 1157 irridebunt
350 1134 428 1165 atque
443 1134 625 1163 contemnent;
649 1138 726 1165 agros
742 1138 804 1155 vero
815 1129 866 1155 Va-

69 1169 188 1196 ticanum
199 1172 225 1194 et
235 1168 381 1203 Pupinium
392 1177 454 1194 cum
466 1168 524 1194 suis
535 1168 633 1203 opimis
644 1173 724 1202 atque
736 1166 865 1193 uberibus

69 1206 171 1241 campis
191 1205 366 1232 conferendos
387 1205 490 1232 scilicet
515 1206 656 1240 putabunt.
697 1204 865 1240 Oppidorum

69 1248 158 1270 autem
181 1243 355 1269 finitimorum
371 1243 444 1269 illam
461 1244 564 1278 copiam
580 1252 641 1269 cum
658 1242 707 1269 hac
723 1251 769 1277 per
780 1243 865 1268 risum

70 1290 100 1307 ac
110 1289 158 1316 per
168 1281 256 1307 iocum
268 1280 439 1307 contendent:
453 1281 574 1311 Labicos,
583 1281 706 1311 Fidenas,
716 1280 862 1311 Collatiam,

69 1319 161 1353 ipsum
182 1317 270 1344 hercle
291 1318 456 1349 Lanuvium,
480 1318 609 1349 Ariciam,
633 1318 782 1344 Tusculum
803 1327 865 1344 cum

70 1355 188 1387 Calibus,
203 1355 318 1387 Theano,
332 1355 450 1390 Neapoli,
464 1355 590 1387 Puteolis,
605 1355 706 1386 Cumis,
721 1356 863 1390 Pompeiis,

69 1393 183 1419 Nuceria
198 1393 400 1427 comparabunt.
431 1393 473 1419 97.
490 1392 595 1425 Quibus
611 1393 651 1419 illi
668 1393 749 1419 rebus
765 1393 824 1419 elati
841 1397 866 1419 et

69 1429 161 1462 inflati,
177 1430 287 1456 fortasse
299 1439 349 1457 non
361 1431 496 1462 continuo,
510 1430 557 1457 sed
568 1436 646 1461 certe,
655 1431 677 1457 si
690 1430 811 1465 paullum
823 1439 866 1456 as-

70 1468 235 1503 sumpserint
248 1468 395 1494 venustatis
406 1477 436 1494 ac
447 1468 563 1500 roboris,
578 1477 629 1495 non
642 1468 864 1495 continebuntur:

70 1505 273 1541 progredientur
285 1505 404 1541 longius,
421 1505 572 1532 efferentur.
614 1506 764 1541 Singularis
777 1506 864 1537 1101110,

70 1543 204 1578 privatus,
227 1543 279 1569 nisi
295 1551 389 1578 magna
405 1543 535 1578 sapientia
552 1544 701 1578 praeditus,
725 1543 770 1570 vix
791 1543 867 1570 facile

69 1589 129 1607 sese
149 1580 304 1616 regionibus
324 1580 418 1612 ostieii,
442 1582 547 1615 magnis
563 1582 589 1607 in
606 1581 719 1608 fortunis
735 1586 760 1607 et
771 1582 864 1615 copiis,

69 1618 199 1645 continet:
232 1617 331 1644 nedum
356 1618 402 1644 isti
427 1618 460 1644 ab
481 1618 560 1645 Rullo
585 1623 610 1645 et
631 1619 703 1645 Rulli
730 1619 866 1644 similibus

69 1655 212 1690 conquisiti
229 1659 308 1690 atque
325 1654 401 1681 electi
416 1655 516 1687 coloni,
539 1655 658 1690 Capuae,
682 1656 709 1682 in
731 1656 867 1683 domicilio

69 1693 210 1728 superbiae
221 1697 300 1728 atque
312 1693 339 1719 in
351 1693 462 1719 sedibus
475 1693 605 1724 luxuriae,
614 1694 742 1725 collocati,
752 1702 803 1720 non
813 1699 867 1720 sta-

69 1731 118 1758 tim
129 1730 307 1765 conquisituri
319 1731 373 1756 sint
384 1730 486 1765 aliquid
498 1730 606 1757 sceleris
618 1736 643 1758 et
654 1731 756 1767 flagitii.
783 1732 867 1758 Immo

69 1777 132 1795 vero
143 1769 222 1794 etiam
235 1768 283 1795 boc
299 1768 398 1804 magis,
419 1777 501 1803 quam
518 1768 557 1795 illi
574 1774 675 1795 veteres
691 1771 867 1805 germanique

69 1805 211 1840 Campani,
228 1805 301 1840 quod
316 1806 343 1832 in
361 1809 448 1832 vetere
460 1805 563 1832 fortuna
575 1806 635 1833 illos
648 1812 721 1833 natos
733 1812 758 1833 et
770 1808 868 1834 eduea-

69 1848 110 1870 tos
125 1843 223 1869 nimiae
235 1847 322 1869 tamen
334 1851 422 1869 rerum
434 1844 555 1870 omnium
567 1845 658 1879 copiae
670 1844 864 1879 depravabant:

69 1880 111 1912 hi,
134 1889 167 1907 ex
182 1889 288 1907 summa
303 1885 420 1916 egestate
440 1881 468 1907 in
484 1881 605 1907 eamdem
622 1890 710 1908 rerum
727 1883 867 1910 abundan-

69 1918 133 1944 tiam
145 1918 271 1949 traducti,
286 1926 337 1944 non
349 1917 437 1944 solum
448 1918 537 1953 copia,
552 1927 644 1946 verum
657 1920 736 1946 etiam
747 1920 866 1948 insolen-

69 1955 105 1982 tia
115 1955 364 1982 commovebuntur.

124 2029 247 2057 XXXVI.
261 2032 302 2057 98.
324 2031 394 2057 Haec
409 2035 450 2062 tu,
470 2032 498 2058 P.
511 2031 602 2063 nune,
620 2033 656 2059 M.
669 2033 741 2059 Bruti
758 2033 866 2060 sceleris

70 2068 198 2102 vestigia,
211 2076 292 2102 quam
305 2074 476 2095 monumenta
488 2070 618 2096 maiorum
630 2071 777 2105 sapientiae
788 2072 865 2106 sequi

69 2105 202 2131 maluisti:
222 2105 285 2131 haec
302 2110 329 2132 tu
345 2115 405 2132 cum
418 2107 477 2132 istis
489 2107 542 2133 tuis
554 2108 687 2134 actoribus
699 2109 864 2144 excogitasti,
895 2107 896 2112 ¹

69 2147 99 2169 ut
115 2147 202 2168 vetera
218 2142 356 2178 vectigalia
374 2143 537 2175 venderetis,
560 2149 585 2170 et
600 2145 742 2179 exigeretis
754 2145 765 2159 *
782 2154 864 2173 nova:

69 2184 100 2206 ut
114 2179 179 2206 Urbi
195 2180 312 2215 Capuam
329 2180 362 2206 ad
378 2185 510 2207 certamen
527 2181 665 2217 dignitatis
681 2184 864 2217 opponeretis:

69 2221 100 2244 ut
115 2217 167 2244 sub
183 2222 302 2244 vestrum
319 2218 376 2249 ius,
399 2219 626 2250 iurisdictionem,
650 2225 804 2254 potestatem
822 2230 867 2247 ur-

69 2254 125 2286 bes,
144 2256 272 2286 nationes,
292 2256 451 2290 provincias,
471 2255 567 2282 liberos
579 2258 701 2291 populos,
716 2266 800 2294 reges,
815 2263 867 2284 ter-

69 2300 159 2319 rarum
183 2292 301 2328 denique
329 2293 421 2319 orbem
451 2293 664 2329 subiungeretis:
707 2299 748 2327 ut,
780 2305 865 2331 quum

69 2337 176 2356 omnem
189 2331 329 2365 pecuniam
346 2340 379 2357 ex
394 2331 494 2357 aerario
510 2331 716 2363 exhausissetis,
735 2341 767 2359 ex
784 2334 866 2359 vecti-

69 2366 177 2403 galibus
194 2368 377 2404 redegissetis,
396 2368 429 2394 ab
445 2369 571 2395 omnibus
587 2369 709 2405 regibus,
727 2371 863 2405 gentibus,

68 2404 275 2440 imperatoribus
288 2407 385 2432 nostris
400 2406 568 2441 coegissetis,
587 2411 673 2432 tumen
685 2416 778 2433 omnes
791 2408 866 2434 vobis

69 2442 197 2477 pecunias
208 2442 241 2469 ad
253 2447 348 2469 nutum
362 2448 479 2469 vestrum
494 2443 650 2478 penderent:
673 2449 702 2470 ut
713 2445 793 2470 iidem
807 2454 867 2480 par-

69 2479 117 2506 tim
129 2480 276 2507 invidiosos
288 2489 364 2515 agros
376 2490 389 2506 a
402 2480 521 2507 Sullanis
538 2482 751 2515 possessoribus,
770 2483 865 2517 partim

69 2515 187 2544 desertos
199 2526 228 2544 ac
244 2518 398 2552 pestilentes
415 2527 428 2544 a
445 2519 540 2544 vestris
558 2519 727 2550 necessariis,
745 2528 759 2545 a
777 2519 867 2546 vobis-

69 2554 192 2589 metipsis
203 2560 320 2590 emptos,
338 2557 431 2591 quanti
444 2556 562 2587 venetis,
581 2556 680 2590 populo
694 2557 809 2583 Romano
826 2557 867 2583 iu—

69 2590 214 2619 duceretis:
234 2597 263 2619 ut
277 2594 365 2619 omnia
378 2593 524 2628 municipia
535 2593 707 2628 coloniasque
720 2593 807 2620 ltaliae
820 2603 867 2621 no-

69 2628 111 2655 vis
121 2628 221 2656 colonis
232 2631 412 2665 occuparetis:
430 2636 458 2657 ut
473 2631 693 2666 quibuscumque
705 2632 731 2657 in
745 2631 808 2657 loeis
821 2640 867 2658 vo-

69 2664 111 2692 bis
122 2666 271 2698 videretur,
285 2676 314 2694 ac
325 2676 405 2703 quam
418 2667 511 2694 multis
524 2668 671 2699 videretur,
685 2668 800 2695 eolouias
812 2669 866 2695 1·οΙ-

70 2701 204 2730 locaretis:
227 2706 268 2731 99.
285 2709 315 2732 ut
330 2714 436 2732 omnem
453 2706 647 2741 rempublicam
664 2707 760 2733 vestris
773 2707 867 2734 militi—

885 158 1119 185 AGRARIA.

1154 159 1172 185 C
1188 159 1208 185 Α
1222 160 1251 185 Ρ.
1287 161 1318 186 32
1340 175 1375 179 —-
1395 161 1436 186 37.
1661 163 1710 188 too

915 230 981 261 bus,
999 230 1096 256 vestris
1112 230 1240 261 urbibus,
1258 231 1354 257 vestris
1366 230 1507 266 praesidiis
1518 232 1661 267 cingeretis
1672 237 1713 258 at-

916 276 969 302 que
989 276 1144 302 oppressam
1166 269 1304 294 teneretis:
1327 272 1356 294 ut
1370 269 1460 303 ipsum
1477 268 1525 295 Cn.
1542 269 1709 304 Pompeium,

916 305 994 331 cuius
1010 305 1142 340 praesidio
1158 305 1315 340 saepissime
1332 305 1449 340 populus
1465 306 1601 332 Romanus
1622 312 1712 333 contra

917 343 1058 368 acerrimos
1074 342 1164 368 hostes
1181 347 1206 368 et
1216 347 1306 369 contra
1318 343 1532 378 improbissimos
1544 345 1616 370 cives
1630 345 1713 371 victor

917 380 1032 411 exstitit,
1055 380 1220 414 proscribere
1241 385 1319 415 atque
1336 381 1431 407 horum
1448 386 1591 416 conspectu
1608 382 1713 416 privare

918 418 1044 451 possetis:
1058 422 1087 443 ut
1099 417 1164 443 1111111
1177 426 1240 444 auro
1252 422 1277 444 et
1287 422 1395 453 argento
1406 417 1508 450 violari,
1523 418 1589 445 nihil
1603 428 1713 445 numero

917 459 942 480 et
953 455 1087 490 suffragiis
1099 454 1240 485 declarari,
1259 455 1325 481 1111111
1338 456 1364 481 vi
1376 464 1405 481 ac
1417 464 1497 482 manu
1510 455 1639 492 perfringi
1651 465 1713 491 pos-

917 496 970 522 set,
988 492 1060 527 quod
1076 501 1127 518 non
1144 501 1190 518 vos
1206 501 1365 527 oppressum
1383 498 1462 527 atque
1477 499 1598 528 ereptum
1611 500 1715 520 tenere—

917 529 965 555 tis:
984 534 1013 555 ut
1025 529 1169 555 volitaretis
1181 530 1279 555 interea
1291 539 1338 564 per
1348 535 1450 565 gentes,
1465 539 1511 565 per
1523 540 1601 567 regna
1613 532 1711 562 omnia,

917 575 978 592 cum
991 567 1103 601 imperio
1114 575 1234 596 summo,
1248 576 1310 593 cum
1322 567 1422 594 iudicio
1433 568 1549 599 infinito,
1567 578 1628 595 cum
1640 569 1713 595 omni

917 605 1044 638 pecunia:
1067 608 1096 630 ut
1117 604 1243 630 veniretis
1264 605 1291 630 in
1311 610 1396 631 castra
1412 604 1460 631 Cn.
1478 606 1610 640 Pompeii,
1634 611 1714 641 atque

917 642 974 675 ipsa
987 646 1084 672 castra,
1098 642 1121 667 si
1133 642 1303 668 commodum
1315 642 1392 668 vobis
1404 647 1482 674 esset,
1498 643 1661 670 venderetis:
1686 648 1714 670 ut

917 679 1016 705 interea
1029 679 1199 714 magistratus
1211 678 1343 714 reliquos,
1362 679 1468 715 legibus
1483 681 1610 707 omnibus
1622 681 1711 712 soluti,

917 716 975 742 sine
991 720 1064 742 metu
1080 715 1256 747 iudiciorum,
1279 717 1337 743 sine
1353 717 1471 751 periculo
1484 723 1571 752 petere
1582 719 1711 753 possetis:

918 758 946 779 ut
958 762 1035 779 nemo
1051 753 1083 779 ad
1098 753 1230 788 populum
1246 754 1395 780 Romanum
1411 764 1458 781 vos
1473 754 1616 786 adducere,
1636 764 1714 782 nemo

895 800 896 808 1
917 791 1076 825 producere,
1095 799 1146 817 non
1163 795 1270 817 senatus
1286 800 1392 827 cogere,
1410 801 1463 818 non
1478 793 1571 819 consul
1583 802 1711 824 coercere,

918 837 969 855 uon
983 828 1106 854 tribunus
1119 828 1206 864 plebis
1218 829 1331 856 retinere
1342 834 1440 864 posset.

973 905 1030 929 400.
1053 903 1121 929 Haec
1136 912 1185 939 ego
1201 912 1248 930 vos
1263 904 1431 939 concupiisse
1444 913 1491 939 pro
1503 909 1588 931 vestra
1600 904 1713 931 stultitia

917 945 996 975 atque
1009 941 1212 975 intemperantia
1225 950 1276 968 non
1288 941 1382 968 miror:
1396 951 1526 977 sperasse,
1541 951 1582 968 me
1594 942 1712 973 consule,

917 979 1025 1013 assequi
1042 987 1133 1013 posse,
1152 978 1277 1005 demiror.
1309 979 1375 1005 Nam
1387 988 1472 1014 quum
1484 981 1604 1006 omnium
1617 989 1715 1006 consu-

918 1015 973 1041 lum
985 1017 1075 1051 gravis
1086 1017 1114 1042 in
1126 1016 1263 1051 republica
1274 1017 1448 1043 custodienda
1460 1026 1522 1044 cura
1535 1027 1564 1043 ac
1575 1018 1714 1053 diligentia

917 1053 996 1079 debet
1006 1062 1074 1085 esse,
1088 1058 1144 1080 tum
1157 1062 1249 1080 eorum
1261 1054 1385 1086 maxime,
1399 1055 1445 1090 qui
1459 1064 1509 1081 non
1522 1056 1548 1081 in
1560 1055 1712 1086 cunabulis,

917 1091 1002 1117 sedin
1014 1100 1108 1126 campo
1120 1096 1183 1118 sunt
1193 1091 1318 1118 consules
1330 1091 1400 1118 facti.
1423 1092 1496 1119 Nulli
1509 1092 1608 1127 populo
1620 1093 1715 1119 aoma-

918 1137 950 1155 no
962 1137 1009 1163 pro
1021 1138 1063 1155 me
1075 1130 1188 1155 maiores
1200 1130 1252 1155 mei
1264 1129 1480 1164 spoponderunt:
1504 1131 1569 1156 1111111
1582 1130 1714 1156 creditum

917 1171 969 1193 est:
988 1175 1001 1192 a
1013 1175 1055 1192 me
1067 1171 1164 1201 petere,
1177 1167 1250 1202 quod
1261 1167 1354 1198 debeo,
1368 1176 1410 1193 me
1421 1168 1511 1202 ipsum
1524 1168 1657 1203 appellare
1669 1168 1716 1194 de-

917 1204 995 1230 betis.
1036 1204 1278 1236 Quemadmodum,
1292 1213 1377 1240 quum
1390 1205 1520 1240 petebam,
1535 1205 1603 1231 nulli
1616 1214 1657 1231 me
1669 1215 1716 1232 vo-

917 1241 959 1267 bis
971 1245 1091 1268 auctores
1102 1243 1208 1277 generis
1221 1243 1272 1269 mei
1288 1243 1522 1269 commendarunt:
1540 1244 1591 1274 sic,
1610 1243 1632 1269 si
1649 1243 1716 1278 quid

917 1279 1068 1314 deliquero,
1086 1279 1176 1306 nullae
1187 1285 1250 1306 sunt
1262 1281 1407 1316 imagines,
1421 1290 1489 1315 quae
1502 1290 1543 1307 me
1555 1290 1568 1307 a
1581 1281 1657 1307 vobis
1669 1281 1716 1307 de-

918 1321 1069 1351 precentur.
1110 1317 1246 1344 xxxva.
1268 1317 1363 1350 Quare,
1378 1319 1457 1344 modo
1469 1323 1497 1345 ut
1510 1319 1562 1344 vita
1574 1323 1712 1353 suppetat:

917 1363 998 1389 quam
1020 1363 1069 1389 ego
1090 1355 1113 1380 si
1134 1355 1246 1389 quivero
1262 1355 1295 1381 ab
1310 1356 1421 1382 istorum
1439 1356 1538 1382 scelere
1554 1356 1716 1391 insidiisque

918 1391 1073 1418 defendere:
1096 1392 1222 1426 polliceor
1238 1392 1286 1419 boc
1303 1393 1392 1424 vobis,
1414 1392 1544 1425 Quirites,
1563 1394 1631 1420 bona
1648 1394 1713 1420 tide:

918 1429 1111 1464 rempublicam
1124 1430 1246 1465 vigilanti
1259 1430 1373 1462 bomini,
1388 1440 1439 1457 11011
1452 1431 1558 1463 timido,
1581 1431 1703 1466 diligenti

918 1475 970 1493 non
983 1467 1079 1502 ignavo
1090 1468 1273 1494 commisistis.
1306 1470 1362 1494 101.
1375 1468 1432 1503 Ego
1444 1469 1466 1494 is
1477 1468 1580 1500 consul,
1594 1469 1640 1503 qui
1652 1477 1717 1495 con-

918 1505 1021 1531 cionem
1039 1504 1173 1531 metuam‘?
1193 1506 1241 1540 qui
1257 1505 1379 1532 tribunos
1395 1506 1481 1540 plebis
1499 1506 1717 1541 perhorrescam?

918 1543 965 1577 qui
977 1551 1056 1577 saepe
1071 1547 1096 1568 et
1111 1543 1169 1569 sine
1184 1552 1278 1569 caussa
1295 1543 1460 1570 tumultuer‘?
1480 1544 1526 1579 qui
1544 1544 1664 1574 timeam,
1684 1552 1716 1570 ne

919 1580 986 1606 mibi
998 1580 1023 1606 111
1035 1589 1138 1606 earcere
1151 1580 1325 1607 habitandum
1338 1582 1380 1612 sit,
1394 1582 1417 1607 si
1430 1581 1554 1607 tribunus
1567 1581 1653 1616 plebis
1665 1581 1717 1607 dn-

918 1618 941 1643 ei
955 1617 1096 1644 iussisset‘?
1111 1618 1175 1653 Ego,
1191 1618 1308 1645 nondum
1322 1619 1416 1645 vestris
1428 1619 1509 1645 armis
1521 1624 1637 1645 armatus
1651 1619 1716 1645 insi-

918 1655 1073 1691 gnibusque
1085 1656 1262 1690 amplissimis
1274 1661 1382 1683 ornatus
1391 1678 1396 1687 ,
1411 1657 1536 1691 imperio,
1550 1657 1713 1686 auctoritate,

920 1702 970 1719 11011
988 1693 1077 1719 11011-111
1096 1694 1122 1719 111
1140 1694 1211 1720 bunc
1224 1693 1310 1720 locum
1324 1694 1447 1730 progredi
1460 1694 1590 1729 vobisque
1603 1695 1716 1720 auctori-

896 1754 897 1765 ,
919 1730 970 1757 bus
983 1731 1145 1766 improbitati
1159 1731 1275 1758 bominis
1287 1733 1423 1758 resistere:
1443 1741 1490 1758 nee
1503 1741 1601 1762 vereor,
1617 1741 1648 1758 ne
1661 1741 1717 1758 res-

895 1774 897 1796 ]
919 1768 1035 1803 publica,
1050 1769 1128 1795 tantis
1141 1770 1243 1795 munita
1255 1769 1406 1804 praesidiis,
1420 1770 1452 1795 ab
1465 1770 1523 1796 istis
1534 1770 1602 1795 vinci
1615 1774 1659 1795 aut
1669 1778 1718 1804 op-

895 1801 897 1830 1
919 1807 998 1841 primi
1012 1807 1106 1841 possit.
1134 1806 1162 1833 Si
1174 1812 1249 1833 antea
1262 1807 1427 1838 timuissem,
1447 1807 1494 1833 bac
1510 1808 1649 1838 concione,
1668 1807 1717 1833 boc

919 1843 1031 1879 populo,
1049 1849 1119 1870 certe
1135 1853 1186 1871 11011
1203 1854 1316 1871 vererer.
1347 1844 1414 1877 Quis
1430 1845 1501 1871 euim
1519 1854 1646 1879 umquam
1665 1849 1717 1870 tam

918 1882 1035 1908 secunda
1051 1882 1176 1908 concione
1193 1882 1278 1919 legem
1294 1883 1425 1919 agrariam
1445 1884 1544 1913 suasit,
1567 1892 1648 1917 quam
1669 1891 1718 1918 ego

919 1919 1054 1946 dissuasi?
1075 1920 1098 1946 si
1111 1920 1159 1945 boc
1170 1919 1326 1946 dissuadere
1342 1925 1394 1951 est,
1412 1929 1441 1946 ac
1458 1929 1508 1947 11011
1526 1920 1677 1946 disturbare
1688 1929 1717 1946 ae

920 1962 1079 1991 pervertere.
1104 1959 1160 1983 102.
1174 1958 1214 1984 Ex
1225 1967 1279 1993 quo
1290 1957 1414 1993 intelligi,
1427 1957 1553 1990 Quirites,
1568 1963 1661 1992 potest.
1677 1958 1717 1983 ni-

920 1994 956 2020 hil
973 2003 1031 2021 csse
1048 1999 1099 2020 tam
1117 1995 1259 2030 populare,
1282 2004 1363 2030 quam
1380 1995 1420 2026 id,
1444 1996 1515 2030 quod
1532 2004 1580 2029 ego
1598 1995 1672 2021 vobis
1691 1996 1717 2021 111

920 2032 991 2058 bunc
1002 2041 1102 2058 annum
1114 2032 1207 2059 consul
1221 2033 1357 2068 popularis
1369 2033 1456 2063 affero,
1471 2042 1572 2067 pacem,
1587 2032 1717 2067 tranquil-

895 2088 896 2091 *
920 2069 1029 2101 litatem,
1043 2071 1137 2096 otium.
1159 2070 1233 2102 Quae
1246 2071 1321 2097 nobis
1333 2071 1479 2105 designatis
1492 2071 1635 2101 timebatis,
1644 2080 1672 2096 ea
1685 2079 1717 2096 ne

918 2107 1036 2134 accidere
1049 2113 1166 2142 possent,
1180 2108 1292 2134 consilio
1304 2117 1362 2135 meo
1373 2118 1401 2134 uc
1414 2109 1513 2134 ratione
1526 2109 1631 2143 provisa
1643 2113 1715 2133 sunt⁴

895 2167 897 2177 ‚
919 2145 976 2171 Non
989 2146 1067 2171 modo
1079 2154 1125 2171 vos
1137 2146 1211 2171 eritis
1223 2146 1249 2172 iu
1262 2146 1327 2176 otio,
1345 2146 1392 2180 qui
1409 2154 1515 2180 semper
1530 2155 1588 2171 esse
1601 2145 1717 2171 volueri-

895 2240 896 2243 ,
918 2221 1015 2251 simus,
1038 2220 1216 2246 otiosissimos
1238 2220 1357 2246 reddam.

919 2183 966 2213 tis,
986 2192 1078 2209 verum
1091 2183 1170 2208 etiam
1184 2183 1261 2213 istos,
1279 2183 1381 2218 quilius
1392 2183 1469 2209 otiosi
1483 2184 1619 2216 negotium
1634 2182 1717 2208 suces-

1389 2221 1494 2246 Etenim
1516 2220 1571 2246 illis
1593 2220 1714 2249 bonores,

919 2262 1075 2292 potestates,
1097 2257 1207 2283 divitiae
1223 2266 1255 2284 ex
1272 2258 1390 2284 tumultu
1407 2263 1485 2292 atque
1497 2266 1529 2283 ex
1541 2257 1718 2283 dissensioni-

919 2295 970 2321 bus
981 2295 1082 2320 eivium
1094 2295 1241 2329 comparari
1257 2295 1356 2321 solent:
1380 2304 1440 2324 vos,
1459 2304 1574 2329 quorum
1590 2295 1673 2329 gnatia
1691 2295 1716 2320 111

918 2332 1053 2367 sutl‘ragiis
1064 2333 1199 2362 consistit,
1219 2332 1325 2358 libertas
1338 2333 1364 2358 111
1378 2332 1497 2367 legibus,
1512 2332 1594 2358 bonos
1607 2333 1632 2357 111
1646 2331 1717 2358 iudi-

917 2370 966 2395 ciis
979 2375 1003 2395 et
1015 2370 1147 2404 aequitate
1160 2370 1365 2403 uiagistratuum
1374 2370 1383 2381 ⁶
1393 2391 1398 2399 ,
1422 2378 1462 2394 res
1475 2369 1619 2395 familiares
1632 2370 1658 2395 111
1670 2378 1718 2404 pa-

918 2416 946 2433 ee
955 2428 960 2438 ,
973 2407 1046 2433 omui
1059 2407 1158 2433 ratione
1169 2408 1253 2432 otium
1267 2412 1354 2433 tenere
1365 2406 1477 2432 debetis.
1523 2408 1578 2432 «03.
1597 2407 1676 2437 Nam,
1694 2408 1717 2433 si

919 2445 951 2475 ii,
973 2444 1021 2479 qui
1034 2449 1141 2478 propter
1151 2444 1281 2470 desidiam
1295 2445 1321 2470 iu
1333 2445 1387 2470 otio
1399 2445 1507 2474 vivunt,
1531 2449 1617 2470 numen
1631 2445 1656 2470 iu
1668 2453 1716 2470 sua

919 2482 989 2516 turpi
1007 2482 1099 2507 inertia
1111 2482 1219 2516 capiunt
1237 2481 1414 2516 voluptatem:
1437 2482 1489 2507 sub
1506 2482 1564 2516 ipso
1580 2482 1645 2512 otio,
1663 2491 1718 2516 quo

919 2528 966 2545 vos
979 2519 1111 2545 fortunam
1124 2519 1230 2554 regitis,
1252 2520 1275 2545 si
1289 2519 1360 2545 bunc
1371 2524 1484 2549 statum,
1507 2528 1588 2554 quem
1601 2519 1714 2547 habetis.

918 2565 977 2583 esse
993 2556 1130 2582 meliorem
1148 2566 1198 2583 non
1216 2557 1356 2591 ignoratis,
1376 2566 1427 2583 11011
1440 2562 1469 2583 ut
1483 2557 1650 2591 quaesitum,
1669 2557 1716 2583 sed

919 2595 971 2620 vitu
988 2599 1093 2628 partum
1110 2595 1194 2620 otium
1211 2594 1416 2620 u·=u=eritis···.
1456 2594 1532 2626 Quod
1549 2603 1598 2629 ego
1613 2599 1638 2620 et
1654 2603 1717 2620 eon—

918 2631 1020 2662 00111111,
1034 2641 1115 2666 quum
1129 2632 1194 2658 mibi
1206 2632 1332 2658 constitui
1344 2641 1405 2658 eum
1417 2631 1516 2667 collega
1526 2653 1531 2663 ,
1545 2632 1716 2658 invitissimis

919 2670 952 2696 iis
965 2669 1133 2700 bominibus,
1147 2678 1215 2704 quos
1228 2670 1253 2695 111
1265 2669 1404 2695 consulatu
1418 2670 1541 2696 inimicos
1552 2678 1611 2695 esse
1623 2674 1647 2695 et
1659 2670 1717 2695 aui-

919 2707 983 2738 mis,
1002 2712 1026 2734 et
1041 2708 1159 2742 eorporis
1171 2707 1289 2738 actibus,
1308 2707 1427 2742 providi:
1451 2707 1577 2734 omnibus
1589 2707 1715 2742 prospexi

1478 2757 1509 2781 52
