<?xml version="1.0" encoding="UTF-8"?>
<!DOCTYPE html PUBLIC "-//W3C//DTD XHTML 1.0 Transitional//EN"
    "http://www.w3.org/TR/xhtml1/DTD/xhtml1-transitional.dtd">
<html xmlns="http://www.w3.org/1999/xhtml" xml:lang="en" lang="en">
 <head>
  <title>
</title>
<meta http-equiv="Content-Type" content="text/html;charset=utf-8" />
  <meta name='ocr-system' content='tesseract 3.04.00' />
  <meta name='ocr-capabilities' content='ocr_page ocr_carea ocr_par ocr_line ocrx_word'/>
</head>
<body>
  <div class='ocr_page' id='page_1' title='image "./operaomniaunovol00ciceuoft/operaomniaunovol00ciceuoft_0205.png"; bbox 0 0 1941 3052; ppageno 0'>
   <div class='ocr_carea' id='block_1_1' title="bbox 616 142 1132 170">
    <p class='ocr_par' dir='ltr' id='par_1_1' title="bbox 616 142 1132 170">
     <span class='ocr_line' id='line_1_1' title="bbox 616 142 1132 170; baseline -0.002 0"><span class='ocrx_word' id='word_1_1' title='bbox 616 142 822 170; x_wconf 85' lang='lat' dir='ltr'>ORATOR.</span> <span class='ocrx_word' id='word_1_2' title='bbox 857 143 955 170; x_wconf 85' lang='lat' dir='ltr'>CAP.</span> <span class='ocrx_word' id='word_1_3' title='bbox 982 144 1132 170; x_wconf 84' lang='grc'><strong>67-71,</strong></span> 
     </span>
    </p>
   </div>
   <div class='ocr_carea' id='block_1_2' title="bbox 51 213 851 1782">
    <p class='ocr_par' dir='ltr' id='par_1_2' title="bbox 51 213 851 1782">
     <span class='ocr_line' id='line_1_2' title="bbox 59 213 851 249; baseline 0.001 -10"><span class='ocrx_word' id='word_1_4' title='bbox 59 214 175 240; x_wconf 86' lang='lat' dir='ltr'>minutos</span> <span class='ocrx_word' id='word_1_5' title='bbox 190 222 314 240; x_wconf 89' lang='lat' dir='ltr'>numeros</span> <span class='ocrx_word' id='word_1_6' title='bbox 328 222 443 248; x_wconf 81' lang='lat' dir='ltr'>sequens</span> <span class='ocrx_word' id='word_1_7' title='bbox 453 213 573 240; x_wconf 85' lang='lat' dir='ltr'>cone-idat</span> <span class='ocrx_word' id='word_1_8' title='bbox 586 214 776 249; x_wconf 81' lang='lat' dir='ltr'>delumbetque</span> <span class='ocrx_word' id='word_1_9' title='bbox 790 223 851 240; x_wconf 87' lang='lat' dir='ltr'>sen—</span> 
     </span>
     <span class='ocr_line' id='line_1_3' title="bbox 59 251 851 286; baseline 0 -9"><span class='ocrx_word' id='word_1_10' title='bbox 59 252 162 282; x_wconf 85' lang='lat' dir='ltr'>tentias,</span> <span class='ocrx_word' id='word_1_11' title='bbox 180 260 227 277; x_wconf 88' lang='lat' dir='ltr'>nec</span> <span class='ocrx_word' id='word_1_12' title='bbox 240 252 297 277; x_wconf 89' lang='lat' dir='ltr'>siue</span> <span class='ocrx_word' id='word_1_13' title='bbox 311 251 366 277; x_wconf 90' lang='lat' dir='ltr'>ulla</span> <span class='ocrx_word' id='word_1_14' title='bbox 380 252 586 277; x_wconf 89' lang='lat' dir='ltr'>commutatione</span> <span class='ocrx_word' id='word_1_15' title='bbox 599 253 627 278; x_wconf 91' lang='lat' dir='ltr'>in</span> <span class='ocrx_word' id='word_1_16' title='bbox 641 252 734 278; x_wconf 88' lang='lat' dir='ltr'>eodem</span> <span class='ocrx_word' id='word_1_17' title='bbox 745 260 851 286; x_wconf 79' lang='lat' dir='ltr'>semper</span> 
     </span>
     <span class='ocr_line' id='line_1_4' title="bbox 58 289 851 323; baseline 0 -8"><span class='ocrx_word' id='word_1_18' title='bbox 58 293 178 315; x_wconf 82' lang='lat' dir='ltr'>versetur</span> <span class='ocrx_word' id='word_1_19' title='bbox 195 297 292 323; x_wconf 72' lang='lat' dir='ltr'>genere</span> <span class='ocrx_word' id='word_1_20' title='bbox 311 297 496 319; x_wconf 78' lang='lat' dir='ltr'>numerorum,</span> <span class='ocrx_word' id='word_1_21' title='bbox 517 289 540 314; x_wconf 88' lang='lat' dir='ltr'>is</span> <span class='ocrx_word' id='word_1_22' title='bbox 558 290 646 315; x_wconf 88' lang='lat' dir='ltr'>omnia</span> <span class='ocrx_word' id='word_1_23' title='bbox 665 289 718 315; x_wconf 89' lang='lat' dir='ltr'>sere</span> <span class='ocrx_word' id='word_1_24' title='bbox 732 290 795 315; x_wconf 84' lang='lat' dir='ltr'>vitia</span> <span class='ocrx_word' id='word_1_25' title='bbox 811 289 851 314; x_wconf 90' lang='lat' dir='ltr'>vi-</span> 
     </span>
     <span class='ocr_line' id='line_1_5' title="bbox 59 322 850 361; baseline 0 -9"><span class='ocrx_word' id='word_1_26' title='bbox 59 327 161 352; x_wconf 85' lang='lat' dir='ltr'>taverit.</span> <span class='ocrx_word' id='word_1_27' title='bbox 201 322 268 352; x_wconf 86' lang='lat' dir='ltr'>Nam</span> <span class='ocrx_word' id='word_1_28' title='bbox 287 326 319 351; x_wconf 86' lang='lat' dir='ltr'>de</span> <span class='ocrx_word' id='word_1_29' title='bbox 342 325 467 352; x_wconf 80' lang='lat' dir='ltr'>laudibus</span> <span class='ocrx_word' id='word_1_30' title='bbox 491 326 574 352; x_wconf 87' lang='lat' dir='ltr'>multa</span> <span class='ocrx_word' id='word_1_31' title='bbox 592 326 724 357; x_wconf 77' lang='lat' dir='ltr'>diximus,</span> <span class='ocrx_word' id='word_1_32' title='bbox 750 326 850 361; x_wconf 88' lang='lat' dir='ltr'>quibus</span> 
     </span>
     <span class='ocr_line' id='line_1_6' title="bbox 58 363 851 397; baseline 0 -8"><span class='ocrx_word' id='word_1_33' title='bbox 58 368 121 390; x_wconf 91' lang='lat' dir='ltr'>sunt</span> <span class='ocrx_word' id='word_1_34' title='bbox 135 363 184 389; x_wconf 89' lang='lat' dir='ltr'>alia</span> <span class='ocrx_word' id='word_1_35' title='bbox 199 363 339 397; x_wconf 84' lang='lat' dir='ltr'>perspicua</span> <span class='ocrx_word' id='word_1_36' title='bbox 354 364 416 389; x_wconf 82' lang='lat' dir='ltr'>vitia</span> <span class='ocrx_word' id='word_1_37' title='bbox 431 364 569 390; x_wconf 87' lang='lat' dir='ltr'>contraria.</span> <span class='ocrx_word' id='word_1_38' title='bbox 594 364 677 389; x_wconf 78' lang='lat' dir='ltr'>Lxx.</span> <span class='ocrx_word' id='word_1_39' title='bbox 689 366 747 389; x_wconf 73' lang='lat'>⁶232.</span> <span class='ocrx_word' id='word_1_40' title='bbox 761 363 851 395; x_wconf 86' lang='lat' dir='ltr'>Quan-</span> 
     </span>
     <span class='ocr_line' id='line_1_7' title="bbox 58 400 851 435; baseline 0 -9"><span class='ocrx_word' id='word_1_41' title='bbox 58 406 115 427; x_wconf 89' lang='lat' dir='ltr'>tum</span> <span class='ocrx_word' id='word_1_42' title='bbox 129 405 217 427; x_wconf 86' lang='lat' dir='ltr'>autem</span> <span class='ocrx_word' id='word_1_43' title='bbox 231 401 266 426; x_wconf 88' lang='lat' dir='ltr'>sit</span> <span class='ocrx_word' id='word_1_44' title='bbox 279 405 338 435; x_wconf 87' lang='lat' dir='ltr'>apta</span> <span class='ocrx_word' id='word_1_45' title='bbox 352 400 447 431; x_wconf 75' lang='lat' dir='ltr'>dicere,</span> <span class='ocrx_word' id='word_1_46' title='bbox 465 401 579 435; x_wconf 80' lang='lat' dir='ltr'>experiri</span> <span class='ocrx_word' id='word_1_47' title='bbox 594 401 665 431; x_wconf 89' lang='lat' dir='ltr'>licet,</span> <span class='ocrx_word' id='word_1_48' title='bbox 682 402 705 427; x_wconf 87' lang='lat' dir='ltr'>si</span> <span class='ocrx_word' id='word_1_49' title='bbox 720 405 765 426; x_wconf 88' lang='lat' dir='ltr'>aut</span> <span class='ocrx_word' id='word_1_50' title='bbox 778 409 851 427; x_wconf 90' lang='lat' dir='ltr'>com-</span> 
     </span>
     <span class='ocr_line' id='line_1_8' title="bbox 57 437 849 473; baseline -0.001 -9"><span class='ocrx_word' id='word_1_51' title='bbox 57 438 137 473; x_wconf 85' lang='lat' dir='ltr'>positi</span> <span class='ocrx_word' id='word_1_52' title='bbox 151 438 260 464; x_wconf 86' lang='lat' dir='ltr'>oratoris</span> <span class='ocrx_word' id='word_1_53' title='bbox 279 438 346 464; x_wconf 84' lang='lat' dir='ltr'>bene</span> <span class='ocrx_word' id='word_1_54' title='bbox 360 442 487 464; x_wconf 85' lang='lat' dir='ltr'>structam</span> <span class='ocrx_word' id='word_1_55' title='bbox 505 438 703 464; x_wconf 82' lang='lat' dir='ltr'>collocationem</span> <span class='ocrx_word' id='word_1_56' title='bbox 717 437 849 463; x_wconf 80' lang='lat' dir='ltr'>dissolvas</span> 
     </span>
     <span class='ocr_line' id='line_1_9' title="bbox 58 475 847 511; baseline 0 -10"><span class='ocrx_word' id='word_1_57' title='bbox 58 476 250 510; x_wconf 73' lang='lat' dir='ltr'>permutatione</span> <span class='ocrx_word' id='word_1_58' title='bbox 263 475 420 507; x_wconf 67' lang='lat' dir='ltr'>verborum,</span> <span class='ocrx_word' id='word_1_59' title='bbox 437 476 631 511; x_wconf 84' lang='lat' dir='ltr'>(corrumpatur</span> <span class='ocrx_word' id='word_1_60' title='bbox 646 476 717 501; x_wconf 88' lang='lat' dir='ltr'>enim</span> <span class='ocrx_word' id='word_1_61' title='bbox 732 480 782 501; x_wconf 91' lang='lat' dir='ltr'>tota</span> <span class='ocrx_word' id='word_1_62' title='bbox 797 483 847 506; x_wconf 67' lang='grc' dir='ltr'>τος,</span> 
     </span>
     <span class='ocr_line' id='line_1_10' title="bbox 57 512 847 546; baseline -0.001 -8"><span class='ocrx_word' id='word_1_63' title='bbox 57 517 87 538; x_wconf 87' lang='lat' dir='ltr'>ut</span> <span class='ocrx_word' id='word_1_64' title='bbox 104 517 129 538; x_wconf 90' lang='lat' dir='ltr'>et</span> <span class='ocrx_word' id='word_1_65' title='bbox 148 512 212 538; x_wconf 84' lang='lat' dir='ltr'>haec</span> <span class='ocrx_word' id='word_1_66' title='bbox 230 517 318 538; x_wconf 89' lang='lat' dir='ltr'>nostra</span> <span class='ocrx_word' id='word_1_67' title='bbox 336 513 363 538; x_wconf 90' lang='lat' dir='ltr'>in</span> <span class='ocrx_word' id='word_1_68' title='bbox 381 513 536 539; x_wconf 84' lang='lat' dir='ltr'>Corneliana</span> <span class='ocrx_word' id='word_1_69' title='bbox 554 517 579 539; x_wconf 89' lang='lat' dir='ltr'>et</span> <span class='ocrx_word' id='word_1_70' title='bbox 596 512 722 546; x_wconf 79' lang='lat' dir='ltr'>deinceps</span> <span class='ocrx_word' id='word_1_71' title='bbox 745 513 847 538; x_wconf 92' lang='lat' dir='ltr'>omnia:</span> 
     </span>
     <span class='ocr_line' id='line_1_11' title="bbox 58 550 850 583; baseline -0.001 -7"><span class='ocrx_word' id='word_1_72' title='bbox 58 550 144 583; x_wconf 84' lang='lat' dir='ltr'>Neque</span> <span class='ocrx_word' id='word_1_73' title='bbox 157 559 194 575; x_wconf 84' lang='lat' dir='ltr'>me</span> <span class='ocrx_word' id='word_1_74' title='bbox 212 552 317 576; x_wconf 75' lang='lat' dir='ltr'>dii-iliae</span> <span class='ocrx_word' id='word_1_75' title='bbox 334 555 444 579; x_wconf 75' lang='lat' dir='ltr'>movent,</span> <span class='ocrx_word' id='word_1_76' title='bbox 463 552 554 583; x_wconf 82' lang='lat' dir='ltr'>quibus</span> <span class='ocrx_word' id='word_1_77' title='bbox 572 559 655 575; x_wconf 80' lang='lat' dir='ltr'>omnes</span> <span class='ocrx_word' id='word_1_78' title='bbox 673 551 810 583; x_wconf 74' lang='lat' dir='ltr'>Africanos</span> <span class='ocrx_word' id='word_1_79' title='bbox 827 554 850 575; x_wconf 83' lang='lat' dir='ltr'>et</span> 
     </span>
     <span class='ocr_line' id='line_1_12' title="bbox 57 587 850 621; baseline 0 -9"><span class='ocrx_word' id='word_1_80' title='bbox 57 587 157 613; x_wconf 78' lang='lat' dir='ltr'>Laelios</span> <span class='ocrx_word' id='word_1_81' title='bbox 170 589 244 613; x_wconf 76' lang='lat' dir='ltr'>mulli</span> <span class='ocrx_word' id='word_1_82' title='bbox 258 589 373 613; x_wconf 69' lang='lat' dir='ltr'>venantii</span> <span class='ocrx_word' id='word_1_83' title='bbox 390 592 591 621; x_wconf 80' lang='lat' dir='ltr'>mercatoresque</span> <span class='ocrx_word' id='word_1_84' title='bbox 607 591 776 619; x_wconf 76' lang='lat' dir='ltr'>superarunt,·</span> <span class='ocrx_word' id='word_1_85' title='bbox 798 587 850 612; x_wconf 91' lang='lat' dir='ltr'>im-</span> 
     </span>
     <span class='ocr_line' id='line_1_13' title="bbox 57 624 850 658; baseline -0.001 -8"><span class='ocrx_word' id='word_1_86' title='bbox 57 628 130 650; x_wconf 90' lang='lat' dir='ltr'>muta</span> <span class='ocrx_word' id='word_1_87' title='bbox 150 624 310 658; x_wconf 80' lang='lat' dir='ltr'>paullulum,</span> <span class='ocrx_word' id='word_1_88' title='bbox 328 629 357 650; x_wconf 89' lang='lat' dir='ltr'>ut</span> <span class='ocrx_word' id='word_1_89' title='bbox 371 625 417 655; x_wconf 75' lang='lat' dir='ltr'>sit,</span> <span class='ocrx_word' id='word_1_90' title='bbox 437 626 511 650; x_wconf 82' lang='lat' dir='ltr'>multi</span> <span class='ocrx_word' id='word_1_91' title='bbox 524 629 679 657; x_wconf 70' lang='lat' dir='ltr'>super-arunt</span> <span class='ocrx_word' id='word_1_92' title='bbox 697 628 850 649; x_wconf 74' lang='lat' dir='ltr'>mercatores</span> 
     </span>
     <span class='ocr_line' id='line_1_14' title="bbox 56 662 847 696; baseline -0.001 -9"><span class='ocrx_word' id='word_1_93' title='bbox 56 664 233 695; x_wconf 75' lang='lat' dir='ltr'>venaliliique,</span> <span class='ocrx_word' id='word_1_94' title='bbox 259 662 366 696; x_wconf 85' lang='lat' dir='ltr'>perierit</span> <span class='ocrx_word' id='word_1_95' title='bbox 389 666 440 688; x_wconf 89' lang='lat' dir='ltr'>tota</span> <span class='ocrx_word' id='word_1_96' title='bbox 463 670 519 693; x_wconf 85' lang='lat' dir='ltr'>res;</span> <span class='ocrx_word' id='word_1_97' title='bbox 542 665 567 687; x_wconf 83' lang='lat' dir='ltr'>et</span> <span class='ocrx_word' id='word_1_98' title='bbox 593 669 662 696; x_wconf 89' lang='lat' dir='ltr'>quae</span> <span class='ocrx_word' id='word_1_99' title='bbox 684 665 847 695; x_wconf 79' lang='lat' dir='ltr'>sequuntur:</span> 
     </span>
     <span class='ocr_line' id='line_1_15' title="bbox 56 699 850 732; baseline -0.003 -7"><span class='ocrx_word' id='word_1_100' title='bbox 56 699 143 732; x_wconf 75' lang='lat' dir='ltr'>Neque</span> <span class='ocrx_word' id='word_1_101' title='bbox 156 702 232 725; x_wconf 66' lang='lat' dir='ltr'>vestis</span> <span class='ocrx_word' id='word_1_102' title='bbox 244 704 289 725; x_wconf 82' lang='lat' dir='ltr'>aut</span> <span class='ocrx_word' id='word_1_103' title='bbox 304 701 428 725; x_wconf 74' lang='lat' dir='ltr'>caelatum</span> <span class='ocrx_word' id='word_1_104' title='bbox 442 707 535 724; x_wconf 77' lang='lat' dir='ltr'>aurum</span> <span class='ocrx_word' id='word_1_105' title='bbox 548 702 570 723; x_wconf 84' lang='lat' dir='ltr'>et</span> <span class='ocrx_word' id='word_1_106' title='bbox 585 703 726 731; x_wconf 61' lang='lat' dir='ltr'>amentum.</span> <span class='ocrx_word' id='word_1_107' title='bbox 742 708 791 731; x_wconf 79' lang='lat' dir='ltr'>quo</span> <span class='ocrx_word' id='word_1_108' title='bbox 806 707 850 723; x_wconf 82' lang='grc' dir='ltr'>ηο-</span> 
     </span>
     <span class='ocr_line' id='line_1_16' title="bbox 56 737 850 769; baseline -0.003 -7"><span class='ocrx_word' id='word_1_109' title='bbox 56 741 123 762; x_wconf 76' lang='lat' dir='ltr'>seros</span> <span class='ocrx_word' id='word_1_110' title='bbox 145 741 239 762; x_wconf 70' lang='lat' dir='ltr'>celeres</span> <span class='ocrx_word' id='word_1_111' title='bbox 256 737 393 762; x_wconf 75' lang='lat' dir='ltr'>Marcellos</span> <span class='ocrx_word' id='word_1_112' title='bbox 415 737 594 769; x_wconf 75' lang='lat' dir='ltr'>Maaeimosque</span> <span class='ocrx_word' id='word_1_113' title='bbox 616 737 690 761; x_wconf 77' lang='lat' dir='ltr'>mttllc&#39;</span> <span class='ocrx_word' id='word_1_114' title='bbox 713 737 820 761; x_wconf 78' lang='lat' dir='ltr'>eunuchi</span> <span class='ocrx_word' id='word_1_115' title='bbox 838 744 850 760; x_wconf 87' lang='lat' dir='ltr'>e</span> 
     </span>
     <span class='ocr_line' id='line_1_17' title="bbox 56 773 847 807; baseline -0.001 -8"><span class='ocrx_word' id='word_1_116' title='bbox 56 774 135 806; x_wconf 75' lang='lat' dir='ltr'>Syria</span> <span class='ocrx_word' id='word_1_117' title='bbox 148 774 307 806; x_wconf 68' lang='lat' dir='ltr'>Aessyptoque</span> <span class='ocrx_word' id='word_1_118' title='bbox 320 776 450 805; x_wconf 64' lang='lat' dir='ltr'>vicerunt,</span> <span class='ocrx_word' id='word_1_119' title='bbox 471 773 552 799; x_wconf 82' lang='lat' dir='ltr'>verba</span> <span class='ocrx_word' id='word_1_120' title='bbox 566 777 687 807; x_wconf 85' lang='lat' dir='ltr'>permuta</span> <span class='ocrx_word' id='word_1_121' title='bbox 701 773 748 803; x_wconf 82' lang='lat' dir='ltr'>sic,</span> <span class='ocrx_word' id='word_1_122' title='bbox 761 777 791 798; x_wconf 92' lang='lat' dir='ltr'>ut</span> <span class='ocrx_word' id='word_1_123' title='bbox 804 773 847 803; x_wconf 90' lang='lat' dir='ltr'>sit,</span> 
     </span>
     <span class='ocr_line' id='line_1_18' title="bbox 55 810 846 844; baseline 0 -8"><span class='ocrx_word' id='word_1_124' title='bbox 55 813 171 837; x_wconf 76' lang='lat' dir='ltr'>vicerunt</span> <span class='ocrx_word' id='word_1_125' title='bbox 189 812 296 836; x_wconf 77' lang='lat' dir='ltr'>eunuchi</span> <span class='ocrx_word' id='word_1_126' title='bbox 313 819 325 836; x_wconf 90' lang='lat' dir='ltr'>e</span> <span class='ocrx_word' id='word_1_127' title='bbox 343 811 421 843; x_wconf 74' lang='lat' dir='ltr'>Syria</span> <span class='ocrx_word' id='word_1_128' title='bbox 440 811 614 844; x_wconf 61' lang='lat' dir='ltr'>Aegyptoque,</span> <span class='ocrx_word' id='word_1_129' title='bbox 640 810 707 836; x_wconf 84' lang='lat' dir='ltr'>adde</span> <span class='ocrx_word' id='word_1_130' title='bbox 725 811 846 836; x_wconf 86' lang='lat' dir='ltr'>tertium:</span> 
     </span>
     <span class='ocr_line' id='line_1_19' title="bbox 55 848 849 881; baseline -0.003 -7"><span class='ocrx_word' id='word_1_131' title='bbox 55 848 142 881; x_wconf 84' lang='lat' dir='ltr'>Neque</span> <span class='ocrx_word' id='word_1_132' title='bbox 159 856 218 873; x_wconf 78' lang='lat' dir='ltr'>vero</span> <span class='ocrx_word' id='word_1_133' title='bbox 235 853 384 874; x_wconf 79' lang='lat' dir='ltr'>ornamenta</span> <span class='ocrx_word' id='word_1_134' title='bbox 403 850 453 874; x_wconf 78' lang='lat' dir='ltr'>isla</span> <span class='ocrx_word' id='word_1_135' title='bbox 470 850 604 878; x_wconf 62' lang='lat' dir='ltr'>villorum,</span> <span class='ocrx_word' id='word_1_136' title='bbox 624 850 715 881; x_wconf 81' lang='lat' dir='ltr'>quibus</span> <span class='ocrx_word' id='word_1_137' title='bbox 729 848 756 873; x_wconf 92' lang='lat' dir='ltr'>L.</span> <span class='ocrx_word' id='word_1_138' title='bbox 771 848 849 873; x_wconf 77' lang='lat' dir='ltr'>Poul-</span> 
     </span>
     <span class='ocr_line' id='line_1_20' title="bbox 56 885 849 919; baseline 0 -9"><span class='ocrx_word' id='word_1_139' title='bbox 56 886 108 910; x_wconf 83' lang='lat' dir='ltr'>lum</span> <span class='ocrx_word' id='word_1_140' title='bbox 129 890 152 910; x_wconf 78' lang='grc' dir='ltr'><em>ιί</em></span> <span class='ocrx_word' id='word_1_141' title='bbox 176 885 202 910; x_wconf 94' lang='lat' dir='ltr'>L.</span> <span class='ocrx_word' id='word_1_142' title='bbox 218 886 379 915; x_wconf 82' lang='lat' dir='ltr'>Mummium,</span> <span class='ocrx_word' id='word_1_143' title='bbox 395 888 440 919; x_wconf 79' lang='lat' dir='ltr'>qui</span> <span class='ocrx_word' id='word_1_144' title='bbox 452 887 527 911; x_wconf 78' lang='lat' dir='ltr'>rebus</span> <span class='ocrx_word' id='word_1_145' title='bbox 541 887 580 911; x_wconf 82' lang='lat' dir='ltr'>his</span> <span class='ocrx_word' id='word_1_146' title='bbox 594 887 681 911; x_wconf 77' lang='lat' dir='ltr'>urbem</span> <span class='ocrx_word' id='word_1_147' title='bbox 696 886 849 918; x_wconf 78' lang='lat' dir='ltr'>Italiamque</span> 
     </span>
     <span class='ocr_line' id='line_1_21' title="bbox 55 923 849 956; baseline -0.001 -8"><span class='ocrx_word' id='word_1_148' title='bbox 55 931 151 948; x_wconf 77' lang='lat' dir='ltr'>onmem</span> <span class='ocrx_word' id='word_1_149' title='bbox 169 925 336 956; x_wconf 75' lang='lat' dir='ltr'>referserunt,</span> <span class='ocrx_word' id='word_1_150' title='bbox 360 925 392 949; x_wconf 79' lang='lat' dir='ltr'>ab</span> <span class='ocrx_word' id='word_1_151' title='bbox 410 925 497 956; x_wconf 77' lang='lat' dir='ltr'>aliquo</span> <span class='ocrx_word' id='word_1_152' title='bbox 515 925 587 948; x_wconf 72' lang='lat' dir='ltr'>video</span> <span class='ocrx_word' id='word_1_153' title='bbox 601 924 726 956; x_wconf 75' lang='lat' dir='ltr'>perfacile</span> <span class='ocrx_word' id='word_1_154' title='bbox 744 923 849 948; x_wconf 78' lang='lat' dir='ltr'>Deliaco</span> 
     </span>
     <span class='ocr_line' id='line_1_22' title="bbox 55 960 849 993; baseline 0 -8"><span class='ocrx_word' id='word_1_155' title='bbox 55 964 100 986; x_wconf 81' lang='lat' dir='ltr'>aut</span> <span class='ocrx_word' id='word_1_156' title='bbox 114 960 180 992; x_wconf 74' lang='lat' dir='ltr'>Syro</span> <span class='ocrx_word' id='word_1_157' title='bbox 195 962 307 992; x_wconf 77' lang='lat' dir='ltr'>potuisse</span> <span class='ocrx_word' id='word_1_158' title='bbox 324 963 457 993; x_wconf 78' lang='lat' dir='ltr'>superari,·</span> <span class='ocrx_word' id='word_1_159' title='bbox 478 960 519 986; x_wconf 83' lang='lat' dir='ltr'>fac</span> <span class='ocrx_word' id='word_1_160' title='bbox 536 960 584 991; x_wconf 81' lang='lat' dir='ltr'>ita,</span> <span class='ocrx_word' id='word_1_161' title='bbox 603 962 716 993; x_wconf 81' lang='lat' dir='ltr'>potuisse</span> <span class='ocrx_word' id='word_1_162' title='bbox 729 962 849 992; x_wconf 72' lang='lat' dir='ltr'>supet-stri</span> 
     </span>
     <span class='ocr_line' id='line_1_23' title="bbox 55 997 848 1030; baseline 0 -8"><span class='ocrx_word' id='word_1_163' title='bbox 55 999 87 1023; x_wconf 85' lang='lat' dir='ltr'>ab</span> <span class='ocrx_word' id='word_1_164' title='bbox 105 999 192 1030; x_wconf 77' lang='lat' dir='ltr'>aliquo</span> <span class='ocrx_word' id='word_1_165' title='bbox 206 997 272 1030; x_wconf 77' lang='lat' dir='ltr'>Syro</span> <span class='ocrx_word' id='word_1_166' title='bbox 289 1002 334 1023; x_wconf 80' lang='lat' dir='ltr'>aut</span> <span class='ocrx_word' id='word_1_167' title='bbox 348 998 466 1023; x_wconf 59' lang='lat' dir='ltr'>Deliaco:</span> <span class='ocrx_word' id='word_1_168' title='bbox 488 1000 545 1024; x_wconf 72' lang='lat'>233.</span> <span class='ocrx_word' id='word_1_169' title='bbox 562 997 685 1028; x_wconf 78' lang='lat' dir='ltr'>videsne,</span> <span class='ocrx_word' id='word_1_170' title='bbox 710 1002 740 1023; x_wconf 89' lang='lat' dir='ltr'>ut</span> <span class='ocrx_word' id='word_1_171' title='bbox 757 997 848 1023; x_wconf 88' lang='lat' dir='ltr'>ordine</span> 
     </span>
     <span class='ocr_line' id='line_1_24' title="bbox 55 1034 848 1069; baseline 0.001 -9"><span class='ocrx_word' id='word_1_172' title='bbox 55 1034 196 1060; x_wconf 88' lang='lat' dir='ltr'>verborum</span> <span class='ocrx_word' id='word_1_173' title='bbox 212 1034 333 1069; x_wconf 87' lang='lat' dir='ltr'>paullum</span> <span class='ocrx_word' id='word_1_174' title='bbox 347 1039 516 1066; x_wconf 85' lang='lat' dir='ltr'>commutato,</span> <span class='ocrx_word' id='word_1_175' title='bbox 533 1035 634 1061; x_wconf 89' lang='lat' dir='ltr'>eisdem</span> <span class='ocrx_word' id='word_1_176' title='bbox 649 1035 747 1066; x_wconf 77' lang='lat' dir='ltr'>verbiS,</span> <span class='ocrx_word' id='word_1_177' title='bbox 764 1038 848 1060; x_wconf 77' lang='lat' dir='ltr'>stante</span> 
     </span>
     <span class='ocr_line' id='line_1_25' title="bbox 55 1072 849 1107; baseline 0 -9"><span class='ocrx_word' id='word_1_178' title='bbox 55 1072 197 1102; x_wconf 87' lang='lat' dir='ltr'>sententia,</span> <span class='ocrx_word' id='word_1_179' title='bbox 219 1072 251 1098; x_wconf 91' lang='lat' dir='ltr'>ad</span> <span class='ocrx_word' id='word_1_180' title='bbox 265 1072 380 1098; x_wconf 90' lang='lat' dir='ltr'>nihilum</span> <span class='ocrx_word' id='word_1_181' title='bbox 395 1073 483 1098; x_wconf 83' lang='lat' dir='ltr'>onmia</span> <span class='ocrx_word' id='word_1_182' title='bbox 497 1073 627 1103; x_wconf 76' lang='lat' dir='ltr'>recidant,</span> <span class='ocrx_word' id='word_1_183' title='bbox 648 1081 734 1107; x_wconf 90' lang='lat' dir='ltr'>quum</span> <span class='ocrx_word' id='word_1_184' title='bbox 748 1072 801 1098; x_wconf 85' lang='lat' dir='ltr'>sint</span> <span class='ocrx_word' id='word_1_185' title='bbox 815 1080 849 1098; x_wconf 81' lang='lat' dir='ltr'>ex</span> 
     </span>
     <span class='ocr_line' id='line_1_26' title="bbox 55 1109 848 1145; baseline 0 -10"><span class='ocrx_word' id='word_1_186' title='bbox 55 1110 123 1143; x_wconf 88' lang='lat' dir='ltr'>aptis</span> <span class='ocrx_word' id='word_1_187' title='bbox 150 1109 307 1145; x_wconf 70' lang='lat' dir='ltr'>dissoluta‘2)</span> <span class='ocrx_word' id='word_1_188' title='bbox 332 1114 377 1136; x_wconf 89' lang='lat' dir='ltr'>aut</span> <span class='ocrx_word' id='word_1_189' title='bbox 398 1111 421 1136; x_wconf 87' lang='lat' dir='ltr'>si</span> <span class='ocrx_word' id='word_1_190' title='bbox 443 1110 556 1136; x_wconf 91' lang='lat' dir='ltr'>alicuius</span> <span class='ocrx_word' id='word_1_191' title='bbox 582 1110 709 1136; x_wconf 77' lang='lat' dir='ltr'>inconditi</span> <span class='ocrx_word' id='word_1_192' title='bbox 737 1110 848 1143; x_wconf 82' lang='lat' dir='ltr'>arripias</span> 
     </span>
     <span class='ocr_line' id='line_1_27' title="bbox 54 1146 848 1182; baseline 0 -10"><span class='ocrx_word' id='word_1_193' title='bbox 54 1146 211 1181; x_wconf 83' lang='lat' dir='ltr'>dissipatam</span> <span class='ocrx_word' id='word_1_194' title='bbox 230 1146 347 1182; x_wconf 85' lang='lat' dir='ltr'>aliquam</span> <span class='ocrx_word' id='word_1_195' title='bbox 362 1148 520 1174; x_wconf 80' lang='lat' dir='ltr'>sententiam</span> <span class='ocrx_word' id='word_1_196' title='bbox 535 1156 656 1182; x_wconf 88' lang='lat' dir='ltr'>eamque,</span> <span class='ocrx_word' id='word_1_197' title='bbox 677 1147 769 1174; x_wconf 83' lang='lat' dir='ltr'>ordine</span> <span class='ocrx_word' id='word_1_198' title='bbox 788 1156 848 1173; x_wconf 86' lang='lat' dir='ltr'>ver-</span> 
     </span>
     <span class='ocr_line' id='line_1_28' title="bbox 54 1184 847 1220; baseline 0.001 -10"><span class='ocrx_word' id='word_1_199' title='bbox 54 1184 148 1210; x_wconf 85' lang='lat' dir='ltr'>borum</span> <span class='ocrx_word' id='word_1_200' title='bbox 165 1184 286 1219; x_wconf 88' lang='lat' dir='ltr'>paullum</span> <span class='ocrx_word' id='word_1_201' title='bbox 300 1189 473 1216; x_wconf 77' lang='lat' dir='ltr'>commutato,</span> <span class='ocrx_word' id='word_1_202' title='bbox 490 1185 517 1211; x_wconf 92' lang='lat' dir='ltr'>in</span> <span class='ocrx_word' id='word_1_203' title='bbox 531 1185 664 1220; x_wconf 89' lang='lat' dir='ltr'>quadrum</span> <span class='ocrx_word' id='word_1_204' title='bbox 678 1184 792 1220; x_wconf 75' lang='lat' dir='ltr'>recligaS‚</span> <span class='ocrx_word' id='word_1_205' title='bbox 809 1184 847 1210; x_wconf 84' lang='lat' dir='ltr'>ef-</span> 
     </span>
     <span class='ocr_line' id='line_1_29' title="bbox 55 1221 848 1257; baseline 0 -10"><span class='ocrx_word' id='word_1_206' title='bbox 55 1221 157 1248; x_wconf 77' lang='lat' dir='ltr'>ficiatur</span> <span class='ocrx_word' id='word_1_207' title='bbox 175 1226 267 1256; x_wconf 89' lang='lat' dir='ltr'>aptum</span> <span class='ocrx_word' id='word_1_208' title='bbox 285 1221 366 1254; x_wconf 88' lang='lat' dir='ltr'>illud,</span> <span class='ocrx_word' id='word_1_209' title='bbox 392 1222 465 1257; x_wconf 91' lang='lat' dir='ltr'>quod</span> <span class='ocrx_word' id='word_1_210' title='bbox 483 1222 563 1249; x_wconf 89' lang='lat' dir='ltr'>fuerit</span> <span class='ocrx_word' id='word_1_211' title='bbox 581 1227 656 1248; x_wconf 90' lang='lat' dir='ltr'>antea</span> <span class='ocrx_word' id='word_1_212' title='bbox 674 1221 799 1248; x_wconf 84' lang='lat' dir='ltr'>diffluens</span> <span class='ocrx_word' id='word_1_213' title='bbox 819 1231 848 1247; x_wconf 90' lang='lat' dir='ltr'>ac</span> 
     </span>
     <span class='ocr_line' id='line_1_30' title="bbox 54 1258 845 1295; baseline 0.001 -11"><span class='ocrx_word' id='word_1_214' title='bbox 54 1258 183 1285; x_wconf 89' lang='lat' dir='ltr'>solutum.</span> <span class='ocrx_word' id='word_1_215' title='bbox 205 1258 268 1294; x_wconf 81' lang='lat' dir='ltr'>Age,</span> <span class='ocrx_word' id='word_1_216' title='bbox 285 1268 361 1286; x_wconf 88' lang='lat' dir='ltr'>sume</span> <span class='ocrx_word' id='word_1_217' title='bbox 375 1259 407 1286; x_wconf 92' lang='lat' dir='ltr'>de</span> <span class='ocrx_word' id='word_1_218' title='bbox 418 1260 530 1286; x_wconf 85' lang='lat' dir='ltr'>Gracchi</span> <span class='ocrx_word' id='word_1_219' title='bbox 545 1260 616 1295; x_wconf 88' lang='lat' dir='ltr'>apud</span> <span class='ocrx_word' id='word_1_220' title='bbox 627 1268 749 1286; x_wconf 81' lang='lat' dir='ltr'>censores</span> <span class='ocrx_word' id='word_1_221' title='bbox 764 1259 845 1285; x_wconf 87' lang='lat' dir='ltr'>illud:</span> 
     </span>
     <span class='ocr_line' id='line_1_31' title="bbox 54 1298 848 1330; baseline 0.001 -9"><span class='ocrx_word' id='word_1_222' title='bbox 54 1298 144 1322; x_wconf 82' lang='lat' dir='ltr'>Abesse</span> <span class='ocrx_word' id='word_1_223' title='bbox 157 1305 207 1322; x_wconf 75' lang='lat' dir='ltr'>‘non</span> <span class='ocrx_word' id='word_1_224' title='bbox 219 1301 307 1329; x_wconf 68' lang='lat' dir='ltr'>potest,</span> <span class='ocrx_word' id='word_1_225' title='bbox 320 1300 382 1330; x_wconf 84' lang='lat' dir='ltr'>quin</span> <span class='ocrx_word' id='word_1_226' title='bbox 395 1299 505 1323; x_wconf 81' lang='lat' dir='ltr'>eiusdem</span> <span class='ocrx_word' id='word_1_227' title='bbox 518 1300 626 1324; x_wconf 81' lang='lat' dir='ltr'>hominis</span> <span class='ocrx_word' id='word_1_228' title='bbox 639 1300 680 1327; x_wconf 81' lang='lat' dir='ltr'>sit,</span> <span class='ocrx_word' id='word_1_229' title='bbox 694 1299 786 1330; x_wconf 77' lang='lat' dir='ltr'>probos</span> <span class='ocrx_word' id='word_1_230' title='bbox 800 1299 848 1322; x_wconf 87' lang='lat' dir='ltr'>im-</span> 
     </span>
     <span class='ocr_line' id='line_1_32' title="bbox 51 1334 849 1369; baseline 0.001 -10"><span class='ocrx_word' id='word_1_231' title='bbox 51 1335 170 1366; x_wconf 78' lang='lat' dir='ltr'>probare,</span> <span class='ocrx_word' id='word_1_232' title='bbox 186 1336 230 1367; x_wconf 80' lang='lat' dir='ltr'>qui</span> <span class='ocrx_word' id='word_1_233' title='bbox 241 1336 367 1367; x_wconf 75' lang='lat' dir='ltr'>improbos</span> <span class='ocrx_word' id='word_1_234' title='bbox 376 1336 480 1368; x_wconf 54' lang='lat' dir='ltr'>probem</span> <span class='ocrx_word' id='word_1_235' title='bbox 501 1339 599 1369; x_wconf 89' lang='lat' dir='ltr'>quanto</span> <span class='ocrx_word' id='word_1_236' title='bbox 610 1335 707 1369; x_wconf 83' lang='lat' dir='ltr'>aptius,</span> <span class='ocrx_word' id='word_1_237' title='bbox 720 1335 743 1360; x_wconf 89' lang='lat' dir='ltr'>si</span> <span class='ocrx_word' id='word_1_238' title='bbox 757 1335 792 1360; x_wconf 88' lang='lat' dir='ltr'>ita</span> <span class='ocrx_word' id='word_1_239' title='bbox 807 1334 849 1360; x_wconf 90' lang='lat' dir='ltr'>di-</span> 
     </span>
     <span class='ocr_line' id='line_1_33' title="bbox 54 1371 846 1406; baseline 0.001 -10"><span class='ocrx_word' id='word_1_240' title='bbox 54 1371 151 1397; x_wconf 85' lang='lat' dir='ltr'>xisset:</span> <span class='ocrx_word' id='word_1_241' title='bbox 176 1372 244 1403; x_wconf 81' lang='lat' dir='ltr'>Quin</span> <span class='ocrx_word' id='word_1_242' title='bbox 257 1373 367 1397; x_wconf 76' lang='lat' dir='ltr'>eiusdem</span> <span class='ocrx_word' id='word_1_243' title='bbox 380 1373 488 1398; x_wconf 71' lang='lat' dir='ltr'>hominis</span> <span class='ocrx_word' id='word_1_244' title='bbox 501 1375 542 1402; x_wconf 79' lang='lat' dir='ltr'>sit,</span> <span class='ocrx_word' id='word_1_245' title='bbox 554 1374 598 1406; x_wconf 76' lang='lat' dir='ltr'>qui</span> <span class='ocrx_word' id='word_1_246' title='bbox 612 1374 738 1405; x_wconf 78' lang='lat' dir='ltr'>improbos</span> <span class='ocrx_word' id='word_1_247' title='bbox 750 1373 846 1404; x_wconf 82' lang='lat' dir='ltr'>probel,</span> 
     </span>
     <span class='ocr_line' id='line_1_34' title="bbox 51 1409 848 1441; baseline 0 -7"><span class='ocrx_word' id='word_1_248' title='bbox 51 1410 145 1441; x_wconf 79' lang='lat' dir='ltr'>probos</span> <span class='ocrx_word' id='word_1_249' title='bbox 158 1409 316 1441; x_wconf 75' lang='lat' dir='ltr'>improbare!</span> <span class='ocrx_word' id='word_1_250' title='bbox 341 1410 399 1436; x_wconf 71' lang='lat'>234.</span> <span class='ocrx_word' id='word_1_251' title='bbox 414 1409 469 1435; x_wconf 88' lang='lat' dir='ltr'>Hoc</span> <span class='ocrx_word' id='word_1_252' title='bbox 487 1409 565 1436; x_wconf 93' lang='lat' dir='ltr'>modo</span> <span class='ocrx_word' id='word_1_253' title='bbox 582 1409 670 1435; x_wconf 85' lang='lat' dir='ltr'>dicere</span> <span class='ocrx_word' id='word_1_254' title='bbox 688 1417 766 1435; x_wconf 88' lang='lat' dir='ltr'>nemo</span> <span class='ocrx_word' id='word_1_255' title='bbox 787 1417 848 1435; x_wconf 90' lang='lat' dir='ltr'>um-</span> 
     </span>
     <span class='ocr_line' id='line_1_35' title="bbox 53 1445 848 1482; baseline 0.001 -11"><span class='ocrx_word' id='word_1_256' title='bbox 53 1454 134 1480; x_wconf 88' lang='lat' dir='ltr'>quam</span> <span class='ocrx_word' id='word_1_257' title='bbox 150 1445 242 1476; x_wconf 82' lang='lat' dir='ltr'>noluit,</span> <span class='ocrx_word' id='word_1_258' title='bbox 260 1454 392 1481; x_wconf 83' lang='lat' dir='ltr'>nemoque</span> <span class='ocrx_word' id='word_1_259' title='bbox 405 1447 499 1481; x_wconf 85' lang='lat' dir='ltr'>potuit,</span> <span class='ocrx_word' id='word_1_260' title='bbox 516 1448 582 1482; x_wconf 91' lang='lat' dir='ltr'>quin</span> <span class='ocrx_word' id='word_1_261' title='bbox 597 1447 703 1473; x_wconf 84' lang='lat' dir='ltr'>dixerit.</span> <span class='ocrx_word' id='word_1_262' title='bbox 734 1446 786 1478; x_wconf 88' lang='lat' dir='ltr'>Qui</span> <span class='ocrx_word' id='word_1_263' title='bbox 800 1455 848 1472; x_wconf 86' lang='lat' dir='ltr'>au-</span> 
     </span>
     <span class='ocr_line' id='line_1_36' title="bbox 54 1482 847 1519; baseline 0.001 -11"><span class='ocrx_word' id='word_1_264' title='bbox 54 1487 106 1509; x_wconf 90' lang='lat' dir='ltr'>tem</span> <span class='ocrx_word' id='word_1_265' title='bbox 121 1482 196 1509; x_wconf 82' lang='lat' dir='ltr'>aliter</span> <span class='ocrx_word' id='word_1_266' title='bbox 209 1483 343 1515; x_wconf 76' lang='lat' dir='ltr'>dixerunt,</span> <span class='ocrx_word' id='word_1_267' title='bbox 360 1484 410 1510; x_wconf 92' lang='lat' dir='ltr'>hoc</span> <span class='ocrx_word' id='word_1_268' title='bbox 424 1485 531 1519; x_wconf 83' lang='lat' dir='ltr'>assequi</span> <span class='ocrx_word' id='word_1_269' title='bbox 550 1493 602 1511; x_wconf 92' lang='lat' dir='ltr'>non</span> <span class='ocrx_word' id='word_1_270' title='bbox 616 1488 769 1519; x_wconf 87' lang='lat' dir='ltr'>potuerunt.</span> <span class='ocrx_word' id='word_1_271' title='bbox 810 1484 847 1509; x_wconf 89' lang='lat' dir='ltr'>Ita</span> 
     </span>
     <span class='ocr_line' id='line_1_37' title="bbox 53 1519 847 1556; baseline 0.001 -10"><span class='ocrx_word' id='word_1_272' title='bbox 53 1519 115 1546; x_wconf 78' lang='lat' dir='ltr'>facti</span> <span class='ocrx_word' id='word_1_273' title='bbox 133 1524 196 1546; x_wconf 89' lang='lat' dir='ltr'>sunt</span> <span class='ocrx_word' id='word_1_274' title='bbox 214 1525 321 1555; x_wconf 84' lang='lat' dir='ltr'>repente</span> <span class='ocrx_word' id='word_1_275' title='bbox 335 1521 428 1554; x_wconf 73' lang='lat' dir='ltr'>Attici,</span> <span class='ocrx_word' id='word_1_276' title='bbox 451 1522 529 1556; x_wconf 87' lang='lat' dir='ltr'>quasi</span> <span class='ocrx_word' id='word_1_277' title='bbox 547 1530 610 1548; x_wconf 90' lang='lat' dir='ltr'>vero</span> <span class='ocrx_word' id='word_1_278' title='bbox 624 1521 774 1547; x_wconf 87' lang='lat' dir='ltr'>Trallianus</span> <span class='ocrx_word' id='word_1_279' title='bbox 790 1520 847 1547; x_wconf 89' lang='lat' dir='ltr'>sue-</span> 
     </span>
     <span class='ocr_line' id='line_1_38' title="bbox 53 1557 847 1585; baseline 0.001 -2"><span class='ocrx_word' id='word_1_280' title='bbox 53 1558 87 1583; x_wconf 90' lang='lat' dir='ltr'>rit</span> <span class='ocrx_word' id='word_1_281' title='bbox 105 1557 308 1584; x_wconf 81' lang='lat' dir='ltr'>Demosthenes!</span> <span class='ocrx_word' id='word_1_282' title='bbox 331 1559 409 1584; x_wconf 86' lang='lat' dir='ltr'>cuius</span> <span class='ocrx_word' id='word_1_283' title='bbox 428 1567 480 1585; x_wconf 91' lang='lat' dir='ltr'>non</span> <span class='ocrx_word' id='word_1_284' title='bbox 500 1563 552 1585; x_wconf 89' lang='lat' dir='ltr'>tam</span> <span class='ocrx_word' id='word_1_285' title='bbox 576 1559 711 1585; x_wconf 80' lang='lat' dir='ltr'>vibrarent</span> <span class='ocrx_word' id='word_1_286' title='bbox 734 1558 847 1585; x_wconf 79' lang='lat' dir='ltr'>fulmina</span> 
     </span>
     <span class='ocr_line' id='line_1_39' title="bbox 52 1594 847 1626; baseline 0.001 -5"><span class='ocrx_word' id='word_1_287' title='bbox 52 1594 107 1626; x_wconf 82' lang='lat' dir='ltr'>illa,</span> <span class='ocrx_word' id='word_1_288' title='bbox 124 1595 175 1621; x_wconf 90' lang='lat' dir='ltr'>nisi</span> <span class='ocrx_word' id='word_1_289' title='bbox 189 1595 308 1621; x_wconf 91' lang='lat' dir='ltr'>numeris</span> <span class='ocrx_word' id='word_1_290' title='bbox 326 1600 442 1622; x_wconf 86' lang='lat' dir='ltr'>contorta</span> <span class='ocrx_word' id='word_1_291' title='bbox 464 1596 604 1622; x_wconf 81' lang='lat' dir='ltr'>ferrentur.</span> <span class='ocrx_word' id='word_1_292' title='bbox 645 1596 740 1622; x_wconf 87' lang='lat' dir='ltr'>LXXI.</span> <span class='ocrx_word' id='word_1_293' title='bbox 758 1596 810 1622; x_wconf 87' lang='lat' dir='ltr'>Sed</span> <span class='ocrx_word' id='word_1_294' title='bbox 824 1596 847 1621; x_wconf 85' lang='lat' dir='ltr'>si</span> 
     </span>
     <span class='ocr_line' id='line_1_40' title="bbox 52 1632 847 1668; baseline 0.001 -10"><span class='ocrx_word' id='word_1_295' title='bbox 52 1641 120 1667; x_wconf 91' lang='lat' dir='ltr'>quos</span> <span class='ocrx_word' id='word_1_296' title='bbox 134 1633 220 1668; x_wconf 81' lang='lat' dir='ltr'>magis</span> <span class='ocrx_word' id='word_1_297' title='bbox 233 1632 364 1659; x_wconf 85' lang='lat' dir='ltr'>delectant</span> <span class='ocrx_word' id='word_1_298' title='bbox 377 1633 476 1665; x_wconf 75' lang='lat' dir='ltr'>soluta,</span> <span class='ocrx_word' id='word_1_299' title='bbox 497 1638 644 1668; x_wconf 89' lang='lat' dir='ltr'>sequantur</span> <span class='ocrx_word' id='word_1_300' title='bbox 657 1642 688 1660; x_wconf 90' lang='lat' dir='ltr'>ea</span> <span class='ocrx_word' id='word_1_301' title='bbox 701 1642 773 1665; x_wconf 86' lang='lat' dir='ltr'>sane,</span> <span class='ocrx_word' id='word_1_302' title='bbox 790 1642 847 1659; x_wconf 90' lang='lat' dir='ltr'>mo-</span> 
     </span>
     <span class='ocr_line' id='line_1_41' title="bbox 52 1669 847 1707; baseline 0.001 -11"><span class='ocrx_word' id='word_1_303' title='bbox 52 1669 87 1696; x_wconf 92' lang='lat' dir='ltr'>do</span> <span class='ocrx_word' id='word_1_304' title='bbox 100 1670 147 1701; x_wconf 88' lang='lat' dir='ltr'>sic,</span> <span class='ocrx_word' id='word_1_305' title='bbox 164 1675 193 1696; x_wconf 90' lang='lat' dir='ltr'>ut</span> <span class='ocrx_word' id='word_1_306' title='bbox 207 1670 230 1696; x_wconf 91' lang='lat' dir='ltr'>si</span> <span class='ocrx_word' id='word_1_307' title='bbox 244 1670 305 1705; x_wconf 89' lang='lat' dir='ltr'>quis</span> <span class='ocrx_word' id='word_1_308' title='bbox 320 1670 429 1697; x_wconf 87' lang='lat' dir='ltr'>Phidiae</span> <span class='ocrx_word' id='word_1_309' title='bbox 443 1671 568 1707; x_wconf 86' lang='lat' dir='ltr'>clypeum</span> <span class='ocrx_word' id='word_1_310' title='bbox 587 1670 749 1702; x_wconf 86' lang='lat' dir='ltr'>dissolverit,</span> <span class='ocrx_word' id='word_1_311' title='bbox 765 1670 847 1697; x_wconf 88' lang='lat' dir='ltr'>collo-</span> 
     </span>
     <span class='ocr_line' id='line_1_42' title="bbox 52 1707 848 1744; baseline 0.001 -11"><span class='ocrx_word' id='word_1_312' title='bbox 52 1707 163 1734; x_wconf 84' lang='lat' dir='ltr'>cationis</span> <span class='ocrx_word' id='word_1_313' title='bbox 178 1707 331 1734; x_wconf 87' lang='lat' dir='ltr'>universam</span> <span class='ocrx_word' id='word_1_314' title='bbox 349 1709 466 1743; x_wconf 84' lang='lat' dir='ltr'>speciem</span> <span class='ocrx_word' id='word_1_315' title='bbox 485 1708 637 1740; x_wconf 87' lang='lat' dir='ltr'>sustulerit,</span> <span class='ocrx_word' id='word_1_316' title='bbox 659 1717 711 1735; x_wconf 92' lang='lat' dir='ltr'>non</span> <span class='ocrx_word' id='word_1_317' title='bbox 725 1708 848 1744; x_wconf 83' lang='lat' dir='ltr'>singulo-</span> 
     </span>
     <span class='ocr_line' id='line_1_43' title="bbox 52 1745 846 1782; baseline 0.001 -11"><span class='ocrx_word' id='word_1_318' title='bbox 52 1752 112 1771; x_wconf 90' lang='lat' dir='ltr'>rum</span> <span class='ocrx_word' id='word_1_319' title='bbox 134 1753 245 1780; x_wconf 88' lang='lat' dir='ltr'>operum</span> <span class='ocrx_word' id='word_1_320' title='bbox 268 1750 449 1779; x_wconf 84' lang='lat' dir='ltr'>venustatem;</span> <span class='ocrx_word' id='word_1_321' title='bbox 472 1750 502 1773; x_wconf 89' lang='lat' dir='ltr'>ut</span> <span class='ocrx_word' id='word_1_322' title='bbox 523 1746 551 1772; x_wconf 89' lang='lat' dir='ltr'>in</span> <span class='ocrx_word' id='word_1_323' title='bbox 575 1745 733 1782; x_wconf 86' lang='lat' dir='ltr'>Thucydide</span> <span class='ocrx_word' id='word_1_324' title='bbox 755 1746 846 1773; x_wconf 83' lang='lat' dir='ltr'>orbem</span> 
     </span>
    </p>
   </div>
   <div class='ocr_carea' id='block_1_3' title="bbox 1645 152 1686 176">
    <p class='ocr_par' dir='ltr' id='par_1_3' title="bbox 1645 152 1686 176">
     <span class='ocr_line' id='line_1_44' title="bbox 1645 152 1686 176; baseline 0 -1"><span class='ocrx_word' id='word_1_325' title='bbox 1645 152 1686 176; x_wconf 80' lang='grc'>181</span> 
     </span>
    </p>
   </div>
   <div class='ocr_carea' id='block_1_4' title="bbox 877 213 1695 884">
    <p class='ocr_par' dir='ltr' id='par_1_4' title="bbox 877 213 1695 884">
     <span class='ocr_line' id='line_1_45' title="bbox 903 213 1690 252; baseline 0.006 -12"><span class='ocrx_word' id='word_1_326' title='bbox 903 213 981 240; x_wconf 88' lang='lat' dir='ltr'>modo</span> <span class='ocrx_word' id='word_1_327' title='bbox 994 215 1119 241; x_wconf 89' lang='lat' dir='ltr'>orationis</span> <span class='ocrx_word' id='word_1_328' title='bbox 1134 214 1264 247; x_wconf 84' lang='lat' dir='ltr'>desidero,</span> <span class='ocrx_word' id='word_1_329' title='bbox 1289 221 1441 242; x_wconf 83' lang='lat' dir='ltr'>ornamenta</span> <span class='ocrx_word' id='word_1_330' title='bbox 1456 223 1617 252; x_wconf 83' lang='lat' dir='ltr'>comparent.</span> <span class='ocrx_word' id='word_1_331' title='bbox 1633 221 1690 245; x_wconf 80' lang='lat'>235.</span> 
     </span>
     <span class='ocr_line' id='line_1_46' title="bbox 901 252 1693 290; baseline 0.006 -13"><span class='ocrx_word' id='word_1_332' title='bbox 901 252 947 277; x_wconf 88' lang='lat' dir='ltr'>Isti</span> <span class='ocrx_word' id='word_1_333' title='bbox 966 256 1054 278; x_wconf 86' lang='lat' dir='ltr'>autem</span> <span class='ocrx_word' id='word_1_334' title='bbox 1072 261 1157 287; x_wconf 90' lang='lat' dir='ltr'>quum</span> <span class='ocrx_word' id='word_1_335' title='bbox 1176 253 1326 279; x_wconf 81' lang='lat' dir='ltr'>dissolvunt</span> <span class='ocrx_word' id='word_1_336' title='bbox 1344 255 1501 285; x_wconf 82' lang='lat' dir='ltr'>orationem⁷</span> <span class='ocrx_word' id='word_1_337' title='bbox 1526 255 1552 281; x_wconf 90' lang='lat' dir='ltr'>in</span> <span class='ocrx_word' id='word_1_338' title='bbox 1571 264 1623 290; x_wconf 86' lang='lat' dir='ltr'>qua</span> <span class='ocrx_word' id='word_1_339' title='bbox 1646 266 1693 282; x_wconf 81' lang='lat' dir='ltr'>nee</span> 
     </span>
     <span class='ocr_line' id='line_1_47' title="bbox 902 290 1694 323; baseline 0.005 -8"><span class='ocrx_word' id='word_1_340' title='bbox 902 297 943 315; x_wconf 89' lang='lat' dir='ltr'>res</span> <span class='ocrx_word' id='word_1_341' title='bbox 959 297 1006 315; x_wconf 87' lang='lat' dir='ltr'>nec</span> <span class='ocrx_word' id='word_1_342' title='bbox 1024 290 1136 315; x_wconf 83' lang='lat' dir='ltr'>verbum</span> <span class='ocrx_word' id='word_1_343' title='bbox 1155 290 1242 316; x_wconf 89' lang='lat' dir='ltr'>ullum</span> <span class='ocrx_word' id='word_1_344' title='bbox 1260 295 1312 321; x_wconf 84' lang='lat' dir='ltr'>est,</span> <span class='ocrx_word' id='word_1_345' title='bbox 1333 291 1383 316; x_wconf 87' lang='lat' dir='ltr'>nisi</span> <span class='ocrx_word' id='word_1_346' title='bbox 1404 292 1549 323; x_wconf 80' lang='lat' dir='ltr'>abiectum,</span> <span class='ocrx_word' id='word_1_347' title='bbox 1567 302 1618 319; x_wconf 91' lang='lat' dir='ltr'>non</span> <span class='ocrx_word' id='word_1_348' title='bbox 1637 294 1694 319; x_wconf 74' lang='lat' dir='ltr'>clv-</span> 
     </span>
     <span class='ocr_line' id='line_1_48' title="bbox 902 325 1692 362; baseline 0.005 -10"><span class='ocrx_word' id='word_1_349' title='bbox 902 335 992 360; x_wconf 86' lang='lat' dir='ltr'>peum,</span> <span class='ocrx_word' id='word_1_350' title='bbox 1009 327 1065 358; x_wconf 88' lang='lat' dir='ltr'>sed,</span> <span class='ocrx_word' id='word_1_351' title='bbox 1082 331 1112 353; x_wconf 91' lang='lat' dir='ltr'>ut</span> <span class='ocrx_word' id='word_1_352' title='bbox 1126 328 1153 353; x_wconf 91' lang='lat' dir='ltr'>in</span> <span class='ocrx_word' id='word_1_353' title='bbox 1168 328 1307 362; x_wconf 83' lang='lat' dir='ltr'>proverbio</span> <span class='ocrx_word' id='word_1_354' title='bbox 1321 332 1360 353; x_wconf 88' lang='lat' dir='ltr'>est</span> <span class='ocrx_word' id='word_1_355' title='bbox 1374 328 1431 362; x_wconf 83' lang='lat' dir='ltr'>(etsi</span> <span class='ocrx_word' id='word_1_356' title='bbox 1446 328 1577 355; x_wconf 87' lang='lat' dir='ltr'>humilius</span> <span class='ocrx_word' id='word_1_357' title='bbox 1591 325 1692 356; x_wconf 75' lang='lat' dir='ltr'>dictuin</span> 
     </span>
     <span class='ocr_line' id='line_1_49' title="bbox 902 365 1693 400; baseline 0.005 -11"><span class='ocrx_word' id='word_1_358' title='bbox 902 368 950 394; x_wconf 90' lang='lat' dir='ltr'>est,</span> <span class='ocrx_word' id='word_1_359' title='bbox 967 368 1055 390; x_wconf 88' lang='lat' dir='ltr'>tamen</span> <span class='ocrx_word' id='word_1_360' title='bbox 1073 365 1211 391; x_wconf 85' lang='lat' dir='ltr'>consimile</span> <span class='ocrx_word' id='word_1_361' title='bbox 1230 365 1278 400; x_wconf 85' lang='lat' dir='ltr'>est)</span> <span class='ocrx_word' id='word_1_362' title='bbox 1292 374 1398 400; x_wconf 83' lang='lat' dir='ltr'>scopas,</span> <span class='ocrx_word' id='word_1_363' title='bbox 1419 371 1447 392; x_wconf 92' lang='lat' dir='ltr'>ut</span> <span class='ocrx_word' id='word_1_364' title='bbox 1462 367 1496 392; x_wconf 85' lang='lat' dir='ltr'>ita</span> <span class='ocrx_word' id='word_1_365' title='bbox 1510 367 1610 398; x_wconf 87' lang='lat' dir='ltr'>dicam,</span> <span class='ocrx_word' id='word_1_366' title='bbox 1627 368 1693 393; x_wconf 80' lang='lat' dir='ltr'>milii</span> 
     </span>
     <span class='ocr_line' id='line_1_50' title="bbox 878 400 1691 439; baseline 0.006 -13"><span class='ocrx_word' id='word_1_367' title='bbox 878 400 880 420; x_wconf 60' lang='grc' dir='ltr'>ί</span> <span class='ocrx_word' id='word_1_368' title='bbox 902 401 1027 427; x_wconf 74' lang='lat' dir='ltr'>videntur</span> <span class='ocrx_word' id='word_1_369' title='bbox 1050 401 1205 428; x_wconf 76' lang='lat' dir='ltr'>dissolvere.</span> <span class='ocrx_word' id='word_1_370' title='bbox 1245 403 1345 437; x_wconf 80' lang='lat' dir='ltr'>Atque,</span> <span class='ocrx_word' id='word_1_371' title='bbox 1371 408 1400 429; x_wconf 92' lang='lat' dir='ltr'>ut</span> <span class='ocrx_word' id='word_1_372' title='bbox 1427 403 1505 437; x_wconf 89' lang='lat' dir='ltr'>plane</span> <span class='ocrx_word' id='word_1_373' title='bbox 1526 413 1612 439; x_wconf 71' lang='lat' dir='ltr'>genus</span> <span class='ocrx_word' id='word_1_374' title='bbox 1634 405 1691 432; x_wconf 83' lang='lat' dir='ltr'>hoc.</span> 
     </span>
     <span class='ocr_line' id='line_1_51' title="bbox 901 438 1695 474; baseline 0.006 -11"><span class='ocrx_word' id='word_1_375' title='bbox 901 438 973 472; x_wconf 90' lang='lat' dir='ltr'>quod</span> <span class='ocrx_word' id='word_1_376' title='bbox 988 447 1036 473; x_wconf 79' lang='lat' dir='ltr'>ego</span> <span class='ocrx_word' id='word_1_377' title='bbox 1050 438 1137 470; x_wconf 76' lang='lat' dir='ltr'>laudo,</span> <span class='ocrx_word' id='word_1_378' title='bbox 1154 441 1346 474; x_wconf 88' lang='lat' dir='ltr'>contempsisse</span> <span class='ocrx_word' id='word_1_379' title='bbox 1360 440 1506 472; x_wconf 83' lang='lat' dir='ltr'>videantur,</span> <span class='ocrx_word' id='word_1_380' title='bbox 1521 446 1565 468; x_wconf 91' lang='lat' dir='ltr'>aut</span> <span class='ocrx_word' id='word_1_381' title='bbox 1579 442 1695 468; x_wconf 84' lang='lat' dir='ltr'>scribant</span> 
     </span>
     <span class='ocr_line' id='line_1_52' title="bbox 878 474 1694 512; baseline 0.006 -12"><span class='ocrx_word' id='word_1_382' title='bbox 878 474 879 478; x_wconf 74' lang='grc'>’</span> <span class='ocrx_word' id='word_1_383' title='bbox 902 475 1004 510; x_wconf 89' lang='lat' dir='ltr'>aliquid</span> <span class='ocrx_word' id='word_1_384' title='bbox 1019 476 1060 501; x_wconf 80' lang='lat' dir='ltr'>vel</span> <span class='ocrx_word' id='word_1_385' title='bbox 1076 477 1203 502; x_wconf 79' lang='lat' dir='ltr'>Isocrateo</span> <span class='ocrx_word' id='word_1_386' title='bbox 1217 486 1289 503; x_wconf 91' lang='lat' dir='ltr'>more</span> <span class='ocrx_word' id='word_1_387' title='bbox 1304 477 1345 503; x_wconf 87' lang='lat' dir='ltr'>vel</span> <span class='ocrx_word' id='word_1_388' title='bbox 1359 486 1413 512; x_wconf 89' lang='lat' dir='ltr'>quo</span> <span class='ocrx_word' id='word_1_389' title='bbox 1427 478 1572 505; x_wconf 78' lang='lat' dir='ltr'>Aeschines</span> <span class='ocrx_word' id='word_1_390' title='bbox 1586 484 1631 505; x_wconf 88' lang='lat' dir='ltr'>aut</span> <span class='ocrx_word' id='word_1_391' title='bbox 1644 480 1694 505; x_wconf 89' lang='lat' dir='ltr'>De-</span> 
     </span>
     <span class='ocr_line' id='line_1_53' title="bbox 902 513 1695 551; baseline 0.006 -13"><span class='ocrx_word' id='word_1_392' title='bbox 902 513 1054 539; x_wconf 88' lang='lat' dir='ltr'>mosthenes</span> <span class='ocrx_word' id='word_1_393' title='bbox 1069 514 1165 544; x_wconf 72' lang='lat' dir='ltr'>utitur,</span> <span class='ocrx_word' id='word_1_394' title='bbox 1182 519 1239 540; x_wconf 90' lang='lat' dir='ltr'>tum</span> <span class='ocrx_word' id='word_1_395' title='bbox 1254 514 1314 540; x_wconf 88' lang='lat' dir='ltr'>illos</span> <span class='ocrx_word' id='word_1_396' title='bbox 1328 515 1486 541; x_wconf 75' lang='lat' dir='ltr'>existimabo</span> <span class='ocrx_word' id='word_1_397' title='bbox 1504 525 1555 542; x_wconf 87' lang='lat' dir='ltr'>non</span> <span class='ocrx_word' id='word_1_398' title='bbox 1570 516 1695 551; x_wconf 82' lang='lat' dir='ltr'>despera-</span> 
     </span>
     <span class='ocr_line' id='line_1_54' title="bbox 903 549 1695 590; baseline 0.006 -15"><span class='ocrx_word' id='word_1_399' title='bbox 903 551 972 576; x_wconf 91' lang='lat' dir='ltr'>tione</span> <span class='ocrx_word' id='word_1_400' title='bbox 985 549 1201 577; x_wconf 82' lang='lat' dir='ltr'>reformidavisse</span> <span class='ocrx_word' id='word_1_401' title='bbox 1218 560 1303 586; x_wconf 83' lang='lat' dir='ltr'>genus</span> <span class='ocrx_word' id='word_1_402' title='bbox 1322 552 1383 583; x_wconf 87' lang='lat' dir='ltr'>hoc,</span> <span class='ocrx_word' id='word_1_403' title='bbox 1405 553 1451 578; x_wconf 84' lang='lat' dir='ltr'>sed</span> <span class='ocrx_word' id='word_1_404' title='bbox 1467 553 1565 579; x_wconf 77' lang='lat' dir='ltr'>iudicio</span> <span class='ocrx_word' id='word_1_405' title='bbox 1579 554 1695 590; x_wconf 74' lang='lat' dir='ltr'>refugis-</span> 
     </span>
     <span class='ocr_line' id='line_1_55' title="bbox 902 588 1691 625; baseline 0.008 -13"><span class='ocrx_word' id='word_1_406' title='bbox 902 596 944 620; x_wconf 59' lang='lat' dir='ltr'>seg</span> <span class='ocrx_word' id='word_1_407' title='bbox 960 591 1005 613; x_wconf 90' lang='lat' dir='ltr'>aut</span> <span class='ocrx_word' id='word_1_408' title='bbox 1018 588 1157 622; x_wconf 77' lang='lat' dir='ltr'>reperiant,</span> <span class='ocrx_word' id='word_1_409' title='bbox 1172 589 1228 622; x_wconf 89' lang='lat' dir='ltr'>ipsa</span> <span class='ocrx_word' id='word_1_410' title='bbox 1240 589 1331 615; x_wconf 89' lang='lat' dir='ltr'>eadem</span> <span class='ocrx_word' id='word_1_411' title='bbox 1341 590 1490 616; x_wconf 81' lang='lat' dir='ltr'>conditione</span> <span class='ocrx_word' id='word_1_412' title='bbox 1504 592 1551 625; x_wconf 88' lang='lat' dir='ltr'>qui</span> <span class='ocrx_word' id='word_1_413' title='bbox 1567 592 1603 617; x_wconf 83' lang='lat' dir='ltr'>uti</span> <span class='ocrx_word' id='word_1_414' title='bbox 1619 592 1691 623; x_wconf 88' lang='lat' dir='ltr'>velit,</span> 
     </span>
     <span class='ocr_line' id='line_1_56' title="bbox 902 624 1691 664; baseline 0.006 -14"><span class='ocrx_word' id='word_1_415' title='bbox 902 628 931 650; x_wconf 91' lang='lat' dir='ltr'>ut</span> <span class='ocrx_word' id='word_1_416' title='bbox 944 629 989 650; x_wconf 92' lang='lat' dir='ltr'>aut</span> <span class='ocrx_word' id='word_1_417' title='bbox 1003 624 1072 650; x_wconf 88' lang='lat' dir='ltr'>dicat</span> <span class='ocrx_word' id='word_1_418' title='bbox 1086 630 1130 651; x_wconf 89' lang='lat' dir='ltr'>aut</span> <span class='ocrx_word' id='word_1_419' title='bbox 1144 626 1250 656; x_wconf 80' lang='lat' dir='ltr'>scribat,</span> <span class='ocrx_word' id='word_1_420' title='bbox 1266 631 1323 652; x_wconf 87' lang='lat' dir='ltr'>utra</span> <span class='ocrx_word' id='word_1_421' title='bbox 1339 627 1410 652; x_wconf 76' lang='lat' dir='ltr'>voles</span> <span class='ocrx_word' id='word_1_422' title='bbox 1427 627 1526 662; x_wconf 67' lang='lat' dir='ltr'>lingua,</span> <span class='ocrx_word' id='word_1_423' title='bbox 1543 637 1572 654; x_wconf 85' lang='lat' dir='ltr'>eo</span> <span class='ocrx_word' id='word_1_424' title='bbox 1586 637 1691 664; x_wconf 72' lang='lat' dir='ltr'>genere,</span> 
     </span>
     <span class='ocr_line' id='line_1_57' title="bbox 901 661 1691 699; baseline 0.006 -12"><span class='ocrx_word' id='word_1_425' title='bbox 901 670 955 696; x_wconf 90' lang='lat' dir='ltr'>quo</span> <span class='ocrx_word' id='word_1_426' title='bbox 972 661 1012 687; x_wconf 94' lang='lat' dir='ltr'>illi</span> <span class='ocrx_word' id='word_1_427' title='bbox 1031 661 1133 688; x_wconf 79' lang='lat' dir='ltr'>volunt.</span> <span class='ocrx_word' id='word_1_428' title='bbox 1174 663 1289 688; x_wconf 86' lang='lat' dir='ltr'>Facilius</span> <span class='ocrx_word' id='word_1_429' title='bbox 1312 668 1352 689; x_wconf 86' lang='lat' dir='ltr'>est</span> <span class='ocrx_word' id='word_1_430' title='bbox 1369 665 1439 690; x_wconf 89' lang='lat' dir='ltr'>enim</span> <span class='ocrx_word' id='word_1_431' title='bbox 1459 670 1517 699; x_wconf 86' lang='lat' dir='ltr'>apta</span> <span class='ocrx_word' id='word_1_432' title='bbox 1536 666 1691 697; x_wconf 77' lang='lat' dir='ltr'>dissolvere,</span> 
     </span>
     <span class='ocr_line' id='line_1_58' title="bbox 901 699 1693 733; baseline 0.006 -9"><span class='ocrx_word' id='word_1_433' title='bbox 901 707 982 733; x_wconf 87' lang='lat' dir='ltr'>quam</span> <span class='ocrx_word' id='word_1_434' title='bbox 1000 699 1128 733; x_wconf 82' lang='lat' dir='ltr'>dissipata</span> <span class='ocrx_word' id='word_1_435' title='bbox 1146 705 1310 726; x_wconf 85' lang='lat' dir='ltr'>connectere.</span> <span class='ocrx_word' id='word_1_436' title='bbox 1351 703 1408 727; x_wconf 69' lang='lat'>⁶230.</span> <span class='ocrx_word' id='word_1_437' title='bbox 1429 702 1480 727; x_wconf 83' lang='lat' dir='ltr'>Res</span> <span class='ocrx_word' id='word_1_438' title='bbox 1498 707 1586 728; x_wconf 85' lang='lat' dir='ltr'>autem</span> <span class='ocrx_word' id='word_1_439' title='bbox 1605 712 1633 729; x_wconf 86' lang='lat' dir='ltr'>se</span> <span class='ocrx_word' id='word_1_440' title='bbox 1656 705 1693 729; x_wconf 80' lang='lat' dir='ltr'>sic.</span> 
     </span>
     <span class='ocr_line' id='line_1_59' title="bbox 901 736 1693 774; baseline 0.008 -13"><span class='ocrx_word' id='word_1_441' title='bbox 901 736 993 767; x_wconf 81' lang='lat' dir='ltr'>habet,</span> <span class='ocrx_word' id='word_1_442' title='bbox 1014 741 1043 762; x_wconf 90' lang='lat' dir='ltr'>ut</span> <span class='ocrx_word' id='word_1_443' title='bbox 1061 737 1219 762; x_wconf 87' lang='lat' dir='ltr'>brevissime</span> <span class='ocrx_word' id='word_1_444' title='bbox 1238 737 1324 763; x_wconf 83' lang='lat' dir='ltr'>dicam</span> <span class='ocrx_word' id='word_1_445' title='bbox 1342 739 1414 772; x_wconf 89' lang='lat' dir='ltr'>quod</span> <span class='ocrx_word' id='word_1_446' title='bbox 1429 740 1525 765; x_wconf 85' lang='lat' dir='ltr'>sentio:</span> <span class='ocrx_word' id='word_1_447' title='bbox 1548 742 1693 774; x_wconf 81' lang='lat' dir='ltr'>composite</span> 
     </span>
     <span class='ocr_line' id='line_1_60' title="bbox 900 774 1693 807; baseline 0.008 -9"><span class='ocrx_word' id='word_1_448' title='bbox 900 777 926 799; x_wconf 87' lang='lat' dir='ltr'>et</span> <span class='ocrx_word' id='word_1_449' title='bbox 939 777 998 807; x_wconf 89' lang='lat' dir='ltr'>apte</span> <span class='ocrx_word' id='word_1_450' title='bbox 1017 774 1074 799; x_wconf 87' lang='lat' dir='ltr'>sine</span> <span class='ocrx_word' id='word_1_451' title='bbox 1092 775 1230 800; x_wconf 83' lang='lat' dir='ltr'>sententiis</span> <span class='ocrx_word' id='word_1_452' title='bbox 1249 774 1335 800; x_wconf 85' lang='lat' dir='ltr'>dicere</span> <span class='ocrx_word' id='word_1_453' title='bbox 1353 776 1455 801; x_wconf 88' lang='lat' dir='ltr'>insania</span> <span class='ocrx_word' id='word_1_454' title='bbox 1470 781 1517 807; x_wconf 77' lang='lat' dir='ltr'>est⁷</span> <span class='ocrx_word' id='word_1_455' title='bbox 1534 779 1693 804; x_wconf 76' lang='lat' dir='ltr'>sententiose</span> 
     </span>
     <span class='ocr_line' id='line_1_61' title="bbox 877 811 1693 846; baseline 0.006 -10"><span class='ocrx_word' id='word_1_456' title='bbox 877 837 878 844; x_wconf 15' lang='grc' dir='ltr'>χ</span> <span class='ocrx_word' id='word_1_457' title='bbox 901 815 989 836; x_wconf 89' lang='lat' dir='ltr'>autem</span> <span class='ocrx_word' id='word_1_458' title='bbox 1003 811 1061 836; x_wconf 89' lang='lat' dir='ltr'>sine</span> <span class='ocrx_word' id='word_1_459' title='bbox 1075 812 1217 837; x_wconf 85' lang='lat' dir='ltr'>verborum</span> <span class='ocrx_word' id='word_1_460' title='bbox 1236 816 1260 838; x_wconf 92' lang='lat' dir='ltr'>et</span> <span class='ocrx_word' id='word_1_461' title='bbox 1274 812 1365 838; x_wconf 89' lang='lat' dir='ltr'>ordine</span> <span class='ocrx_word' id='word_1_462' title='bbox 1380 818 1404 838; x_wconf 89' lang='lat' dir='ltr'>et</span> <span class='ocrx_word' id='word_1_463' title='bbox 1419 814 1496 839; x_wconf 88' lang='lat' dir='ltr'>modo</span> <span class='ocrx_word' id='word_1_464' title='bbox 1511 814 1629 846; x_wconf 75' lang='lat' dir='ltr'>infantia,</span> <span class='ocrx_word' id='word_1_465' title='bbox 1647 816 1693 841; x_wconf 82' lang='lat' dir='ltr'>sed</span> 
     </span>
     <span class='ocr_line' id='line_1_62' title="bbox 877 848 1694 884; baseline 0.006 -11"><span class='ocrx_word' id='word_1_466' title='bbox 877 868 878 871; x_wconf 61' lang='grc'>,</span> <span class='ocrx_word' id='word_1_467' title='bbox 900 848 1031 874; x_wconf 88' lang='lat' dir='ltr'>eiusmodi</span> <span class='ocrx_word' id='word_1_468' title='bbox 1047 852 1135 874; x_wconf 87' lang='lat' dir='ltr'>tamen</span> <span class='ocrx_word' id='word_1_469' title='bbox 1149 848 1268 879; x_wconf 82' lang='lat' dir='ltr'>infantia,</span> <span class='ocrx_word' id='word_1_470' title='bbox 1281 853 1356 880; x_wconf 84' lang='lat' dir='ltr'>ut,ea</span> <span class='ocrx_word' id='word_1_471' title='bbox 1367 851 1413 884; x_wconf 91' lang='lat' dir='ltr'>qui</span> <span class='ocrx_word' id='word_1_472' title='bbox 1428 855 1543 882; x_wconf 79' lang='lat' dir='ltr'>utantur,</span> <span class='ocrx_word' id='word_1_473' title='bbox 1561 861 1611 878; x_wconf 86' lang='lat' dir='ltr'>non</span> <span class='ocrx_word' id='word_1_474' title='bbox 1627 853 1694 878; x_wconf 68' lang='lat' dir='ltr'>stul-</span> 
     </span>
    </p>
   </div>
   <div class='ocr_carea' id='block_1_5' title="bbox 876 884 1694 923">
    <p class='ocr_par' dir='ltr' id='par_1_5' title="bbox 876 884 1694 923">
     <span class='ocr_line' id='line_1_63' title="bbox 876 884 1694 923; baseline 0.007 -13"><span class='ocrx_word' id='word_1_475' title='bbox 876 884 877 887; x_wconf 73' lang='grc'>’</span> <span class='ocrx_word' id='word_1_476' title='bbox 901 886 919 911; x_wconf 94' lang='lat' dir='ltr'>ti</span> <span class='ocrx_word' id='word_1_477' title='bbox 934 885 1055 911; x_wconf 88' lang='lat' dir='ltr'>homines</span> <span class='ocrx_word' id='word_1_478' title='bbox 1070 886 1160 912; x_wconf 86' lang='lat' dir='ltr'>haberi</span> <span class='ocrx_word' id='word_1_479' title='bbox 1174 887 1286 920; x_wconf 86' lang='lat' dir='ltr'>possint,</span> <span class='ocrx_word' id='word_1_480' title='bbox 1307 888 1385 913; x_wconf 87' lang='lat' dir='ltr'>etiam</span> <span class='ocrx_word' id='word_1_481' title='bbox 1404 887 1562 923; x_wconf 81' lang='lat' dir='ltr'>plerumque</span> <span class='ocrx_word' id='word_1_482' title='bbox 1577 890 1694 923; x_wconf 84' lang='lat' dir='ltr'>pruden—</span> 
     </span>
    </p>
   </div>
   <div class='ocr_carea' id='block_1_6' title="bbox 898 924 1695 1783">
    <p class='ocr_par' dir='ltr' id='par_1_6' title="bbox 900 924 1694 1107">
     <span class='ocr_line' id='line_1_64' title="bbox 900 924 1690 960; baseline 0.005 -12"><span class='ocrx_word' id='word_1_483' title='bbox 900 927 953 955; x_wconf 73' lang='lat' dir='ltr'>tes,</span> <span class='ocrx_word' id='word_1_484' title='bbox 976 931 1030 957; x_wconf 89' lang='lat' dir='ltr'>quo</span> <span class='ocrx_word' id='word_1_485' title='bbox 1044 924 1091 957; x_wconf 89' lang='lat' dir='ltr'>qui</span> <span class='ocrx_word' id='word_1_486' title='bbox 1106 927 1146 949; x_wconf 88' lang='lat' dir='ltr'>est</span> <span class='ocrx_word' id='word_1_487' title='bbox 1162 928 1314 955; x_wconf 77' lang='lat' dir='ltr'>contentus,</span> <span class='ocrx_word' id='word_1_488' title='bbox 1331 929 1430 950; x_wconf 91' lang='lat' dir='ltr'>utatur.</span> <span class='ocrx_word' id='word_1_489' title='bbox 1471 926 1606 960; x_wconf 79' lang='lat' dir='ltr'>Eloquens</span> <span class='ocrx_word' id='word_1_490' title='bbox 1622 936 1690 952; x_wconf 77' lang='lat' dir='ltr'>vern.</span> 
     </span>
     <span class='ocr_line' id='line_1_65' title="bbox 900 961 1694 995; baseline 0.005 -9"><span class='ocrx_word' id='word_1_491' title='bbox 900 961 947 995; x_wconf 91' lang='lat' dir='ltr'>qui</span> <span class='ocrx_word' id='word_1_492' title='bbox 962 969 1014 986; x_wconf 89' lang='lat' dir='ltr'>non</span> <span class='ocrx_word' id='word_1_493' title='bbox 1029 961 1231 995; x_wconf 87' lang='lat' dir='ltr'>approbationes</span> <span class='ocrx_word' id='word_1_494' title='bbox 1246 961 1342 993; x_wconf 83' lang='lat' dir='ltr'>solum,</span> <span class='ocrx_word' id='word_1_495' title='bbox 1360 962 1406 988; x_wconf 91' lang='lat' dir='ltr'>sed</span> <span class='ocrx_word' id='word_1_496' title='bbox 1421 962 1622 994; x_wconf 80' lang='lat' dir='ltr'>admirationes,</span> <span class='ocrx_word' id='word_1_497' title='bbox 1639 964 1694 990; x_wconf 77' lang='lat' dir='ltr'>ela—</span> 
     </span>
     <span class='ocr_line' id='line_1_66' title="bbox 901 998 1693 1032; baseline 0.005 -9"><span class='ocrx_word' id='word_1_498' title='bbox 901 1006 1000 1029; x_wconf 85' lang='lat' dir='ltr'>mores,</span> <span class='ocrx_word' id='word_1_499' title='bbox 1022 998 1147 1032; x_wconf 78' lang='lat' dir='ltr'>plausus,</span> <span class='ocrx_word' id='word_1_500' title='bbox 1171 999 1193 1024; x_wconf 83' lang='lat' dir='ltr'>si</span> <span class='ocrx_word' id='word_1_501' title='bbox 1213 998 1301 1030; x_wconf 77' lang='lat' dir='ltr'>liceat,</span> <span class='ocrx_word' id='word_1_502' title='bbox 1327 1008 1432 1026; x_wconf 78' lang='lat' dir='ltr'>movere</span> <span class='ocrx_word' id='word_1_503' title='bbox 1452 1000 1542 1031; x_wconf 87' lang='lat' dir='ltr'>debet,</span> <span class='ocrx_word' id='word_1_504' title='bbox 1567 1002 1693 1027; x_wconf 87' lang='lat' dir='ltr'>omnibus</span> 
     </span>
     <span class='ocr_line' id='line_1_67' title="bbox 900 1035 1693 1074; baseline 0.006 -14"><span class='ocrx_word' id='word_1_505' title='bbox 900 1039 1002 1069; x_wconf 88' lang='lat' dir='ltr'>oportet</span> <span class='ocrx_word' id='word_1_506' title='bbox 1018 1036 1054 1061; x_wconf 92' lang='lat' dir='ltr'>ita</span> <span class='ocrx_word' id='word_1_507' title='bbox 1072 1035 1153 1061; x_wconf 88' lang='lat' dir='ltr'>rebus</span> <span class='ocrx_word' id='word_1_508' title='bbox 1171 1036 1296 1067; x_wconf 81' lang='lat' dir='ltr'>excellat,</span> <span class='ocrx_word' id='word_1_509' title='bbox 1313 1041 1342 1063; x_wconf 89' lang='lat' dir='ltr'>ut</span> <span class='ocrx_word' id='word_1_510' title='bbox 1356 1037 1379 1063; x_wconf 89' lang='lat' dir='ltr'>ei</span> <span class='ocrx_word' id='word_1_511' title='bbox 1395 1042 1471 1072; x_wconf 87' lang='lat' dir='ltr'>turpe</span> <span class='ocrx_word' id='word_1_512' title='bbox 1485 1038 1527 1069; x_wconf 85' lang='lat' dir='ltr'>sit,</span> <span class='ocrx_word' id='word_1_513' title='bbox 1544 1039 1693 1074; x_wconf 89' lang='lat' dir='ltr'>quidquam</span> 
     </span>
     <span class='ocr_line' id='line_1_68' title="bbox 900 1073 1384 1107; baseline 0.004 -9"><span class='ocrx_word' id='word_1_514' title='bbox 900 1077 945 1099; x_wconf 86' lang='lat' dir='ltr'>aut</span> <span class='ocrx_word' id='word_1_515' title='bbox 959 1073 1072 1107; x_wconf 87' lang='lat' dir='ltr'>spectari</span> <span class='ocrx_word' id='word_1_516' title='bbox 1087 1077 1132 1099; x_wconf 85' lang='lat' dir='ltr'>aut</span> <span class='ocrx_word' id='word_1_517' title='bbox 1145 1073 1231 1100; x_wconf 89' lang='lat' dir='ltr'>audiri</span> <span class='ocrx_word' id='word_1_518' title='bbox 1246 1073 1384 1100; x_wconf 89' lang='lat' dir='ltr'>libentius.</span> 
     </span>
    </p>

    <p class='ocr_par' dir='ltr' id='par_1_7' title="bbox 898 1110 1695 1783">
     <span class='ocr_line' id='line_1_69' title="bbox 955 1110 1692 1143; baseline 0.005 -7"><span class='ocrx_word' id='word_1_519' title='bbox 955 1111 1014 1137; x_wconf 75' lang='lat'>237.</span> <span class='ocrx_word' id='word_1_520' title='bbox 1034 1110 1120 1136; x_wconf 85' lang='lat' dir='ltr'>Habes</span> <span class='ocrx_word' id='word_1_521' title='bbox 1138 1119 1229 1137; x_wconf 89' lang='lat' dir='ltr'>meum</span> <span class='ocrx_word' id='word_1_522' title='bbox 1247 1111 1280 1137; x_wconf 92' lang='lat' dir='ltr'>de</span> <span class='ocrx_word' id='word_1_523' title='bbox 1297 1116 1410 1143; x_wconf 85' lang='lat' dir='ltr'>oratore,</span> <span class='ocrx_word' id='word_1_524' title='bbox 1430 1113 1523 1143; x_wconf 90' lang='lat' dir='ltr'>Brute,</span> <span class='ocrx_word' id='word_1_525' title='bbox 1547 1113 1692 1142; x_wconf 71' lang='lat' dir='ltr'>iudicium.</span> 
     </span>
     <span class='ocr_line' id='line_1_70' title="bbox 899 1147 1693 1183; baseline 0.005 -10"><span class='ocrx_word' id='word_1_526' title='bbox 899 1147 972 1182; x_wconf 89' lang='lat' dir='ltr'>quod</span> <span class='ocrx_word' id='word_1_527' title='bbox 990 1152 1036 1173; x_wconf 90' lang='lat' dir='ltr'>aut</span> <span class='ocrx_word' id='word_1_528' title='bbox 1053 1156 1178 1182; x_wconf 86' lang='lat' dir='ltr'>sequere,</span> <span class='ocrx_word' id='word_1_529' title='bbox 1199 1149 1221 1174; x_wconf 85' lang='lat' dir='ltr'>si</span> <span class='ocrx_word' id='word_1_530' title='bbox 1240 1149 1408 1183; x_wconf 84' lang='lat' dir='ltr'>probaveris;</span> <span class='ocrx_word' id='word_1_531' title='bbox 1433 1155 1478 1176; x_wconf 86' lang='lat' dir='ltr'>aut</span> <span class='ocrx_word' id='word_1_532' title='bbox 1496 1155 1541 1176; x_wconf 90' lang='lat' dir='ltr'>tuo</span> <span class='ocrx_word' id='word_1_533' title='bbox 1559 1151 1654 1182; x_wconf 79' lang='lat' dir='ltr'>stabis⁷</span> <span class='ocrx_word' id='word_1_534' title='bbox 1671 1152 1693 1177; x_wconf 89' lang='lat' dir='ltr'>si</span> 
     </span>
     <span class='ocr_line' id='line_1_71' title="bbox 899 1185 1695 1224; baseline 0.005 -14"><span class='ocrx_word' id='word_1_535' title='bbox 899 1185 972 1211; x_wconf 86' lang='lat' dir='ltr'>aliud</span> <span class='ocrx_word' id='word_1_536' title='bbox 995 1185 1131 1220; x_wconf 89' lang='lat' dir='ltr'>quoddam</span> <span class='ocrx_word' id='word_1_537' title='bbox 1154 1190 1194 1212; x_wconf 85' lang='lat' dir='ltr'>est</span> <span class='ocrx_word' id='word_1_538' title='bbox 1215 1190 1303 1212; x_wconf 87' lang='lat' dir='ltr'>tuum.</span> <span class='ocrx_word' id='word_1_539' title='bbox 1344 1188 1373 1213; x_wconf 92' lang='lat' dir='ltr'>In</span> <span class='ocrx_word' id='word_1_540' title='bbox 1392 1196 1445 1222; x_wconf 87' lang='lat' dir='ltr'>quo</span> <span class='ocrx_word' id='word_1_541' title='bbox 1464 1196 1551 1223; x_wconf 91' lang='lat' dir='ltr'>neque</span> <span class='ocrx_word' id='word_1_542' title='bbox 1570 1189 1695 1224; x_wconf 78' lang='lat' dir='ltr'>pugnabo</span> 
     </span>
     <span class='ocr_line' id='line_1_72' title="bbox 899 1223 1695 1260; baseline 0.005 -12"><span class='ocrx_word' id='word_1_543' title='bbox 899 1227 986 1248; x_wconf 91' lang='lat' dir='ltr'>tecum</span> <span class='ocrx_word' id='word_1_544' title='bbox 1001 1231 1088 1258; x_wconf 90' lang='lat' dir='ltr'>neque</span> <span class='ocrx_word' id='word_1_545' title='bbox 1106 1223 1156 1249; x_wconf 83' lang='lat' dir='ltr'>hoc</span> <span class='ocrx_word' id='word_1_546' title='bbox 1170 1232 1273 1255; x_wconf 74' lang='lat' dir='ltr'>meum,</span> <span class='ocrx_word' id='word_1_547' title='bbox 1294 1224 1328 1250; x_wconf 90' lang='lat' dir='ltr'>de</span> <span class='ocrx_word' id='word_1_548' title='bbox 1345 1233 1399 1259; x_wconf 91' lang='lat' dir='ltr'>quo</span> <span class='ocrx_word' id='word_1_549' title='bbox 1417 1229 1488 1251; x_wconf 88' lang='lat' dir='ltr'>tauto</span> <span class='ocrx_word' id='word_1_550' title='bbox 1506 1234 1584 1260; x_wconf 88' lang='lat' dir='ltr'>opere</span> <span class='ocrx_word' id='word_1_551' title='bbox 1598 1226 1648 1252; x_wconf 86' lang='lat' dir='ltr'>hoc</span> <span class='ocrx_word' id='word_1_552' title='bbox 1662 1226 1695 1252; x_wconf 93' lang='lat' dir='ltr'>li-</span> 
     </span>
     <span class='ocr_line' id='line_1_73' title="bbox 899 1260 1694 1298; baseline 0.005 -13"><span class='ocrx_word' id='word_1_553' title='bbox 899 1260 946 1286; x_wconf 89' lang='lat' dir='ltr'>bro</span> <span class='ocrx_word' id='word_1_554' title='bbox 960 1261 1119 1291; x_wconf 77' lang='lat' dir='ltr'>asseveravi,</span> <span class='ocrx_word' id='word_1_555' title='bbox 1136 1269 1265 1296; x_wconf 85' lang='lat' dir='ltr'>umquam</span> <span class='ocrx_word' id='word_1_556' title='bbox 1280 1261 1417 1288; x_wconf 80' lang='lat' dir='ltr'>affirmabo</span> <span class='ocrx_word' id='word_1_557' title='bbox 1431 1271 1488 1288; x_wconf 87' lang='lat' dir='ltr'>esse</span> <span class='ocrx_word' id='word_1_558' title='bbox 1501 1263 1599 1294; x_wconf 80' lang='lat' dir='ltr'>verius,</span> <span class='ocrx_word' id='word_1_559' title='bbox 1612 1272 1694 1298; x_wconf 88' lang='lat' dir='ltr'>quam</span> 
     </span>
     <span class='ocr_line' id='line_1_74' title="bbox 899 1298 1691 1332; baseline 0.005 -9"><span class='ocrx_word' id='word_1_560' title='bbox 899 1301 985 1324; x_wconf 90' lang='lat' dir='ltr'>tuum.</span> <span class='ocrx_word' id='word_1_561' title='bbox 1026 1298 1115 1324; x_wconf 85' lang='lat' dir='ltr'>Potest</span> <span class='ocrx_word' id='word_1_562' title='bbox 1137 1299 1209 1324; x_wconf 91' lang='lat' dir='ltr'>enim</span> <span class='ocrx_word' id='word_1_563' title='bbox 1232 1307 1284 1325; x_wconf 92' lang='lat' dir='ltr'>non</span> <span class='ocrx_word' id='word_1_564' title='bbox 1303 1299 1391 1326; x_wconf 90' lang='lat' dir='ltr'>solum</span> <span class='ocrx_word' id='word_1_565' title='bbox 1409 1299 1482 1326; x_wconf 89' lang='lat' dir='ltr'>aliud</span> <span class='ocrx_word' id='word_1_566' title='bbox 1501 1300 1567 1326; x_wconf 87' lang='lat' dir='ltr'>mihi</span> <span class='ocrx_word' id='word_1_567' title='bbox 1587 1310 1616 1326; x_wconf 92' lang='lat' dir='ltr'>ac</span> <span class='ocrx_word' id='word_1_568' title='bbox 1635 1301 1691 1332; x_wconf 87' lang='lat' dir='ltr'>tihi,</span> 
     </span>
     <span class='ocr_line' id='line_1_75' title="bbox 899 1334 1695 1369; baseline 0.005 -9"><span class='ocrx_word' id='word_1_569' title='bbox 899 1334 946 1360; x_wconf 89' lang='lat' dir='ltr'>sed</span> <span class='ocrx_word' id='word_1_570' title='bbox 961 1334 1083 1361; x_wconf 88' lang='lat' dir='ltr'>mihimet</span> <span class='ocrx_word' id='word_1_571' title='bbox 1096 1336 1148 1369; x_wconf 91' lang='lat' dir='ltr'>ipsi</span> <span class='ocrx_word' id='word_1_572' title='bbox 1163 1336 1237 1362; x_wconf 90' lang='lat' dir='ltr'>aliud</span> <span class='ocrx_word' id='word_1_573' title='bbox 1251 1336 1316 1362; x_wconf 88' lang='lat' dir='ltr'>alias</span> <span class='ocrx_word' id='word_1_574' title='bbox 1330 1337 1424 1363; x_wconf 88' lang='lat' dir='ltr'>videri.</span> <span class='ocrx_word' id='word_1_575' title='bbox 1466 1338 1519 1363; x_wconf 88' lang='lat' dir='ltr'>Nec</span> <span class='ocrx_word' id='word_1_576' title='bbox 1534 1338 1560 1363; x_wconf 92' lang='lat' dir='ltr'>in</span> <span class='ocrx_word' id='word_1_577' title='bbox 1575 1338 1623 1364; x_wconf 88' lang='lat' dir='ltr'>hac</span> <span class='ocrx_word' id='word_1_578' title='bbox 1637 1347 1695 1364; x_wconf 88' lang='lat' dir='ltr'>mo-</span> 
     </span>
     <span class='ocr_line' id='line_1_76' title="bbox 899 1372 1694 1408; baseline 0.006 -11"><span class='ocrx_word' id='word_1_579' title='bbox 899 1372 933 1398; x_wconf 92' lang='lat' dir='ltr'>do</span> <span class='ocrx_word' id='word_1_580' title='bbox 946 1381 982 1403; x_wconf 85' lang='lat' dir='ltr'>re,</span> <span class='ocrx_word' id='word_1_581' title='bbox 998 1381 1067 1407; x_wconf 87' lang='lat' dir='ltr'>quae</span> <span class='ocrx_word' id='word_1_582' title='bbox 1081 1373 1113 1399; x_wconf 90' lang='lat' dir='ltr'>ad</span> <span class='ocrx_word' id='word_1_583' title='bbox 1128 1373 1203 1408; x_wconf 81' lang='lat' dir='ltr'>vulgi</span> <span class='ocrx_word' id='word_1_584' title='bbox 1217 1382 1357 1400; x_wconf 89' lang='lat' dir='ltr'>assensum</span> <span class='ocrx_word' id='word_1_585' title='bbox 1375 1378 1477 1408; x_wconf 88' lang='lat' dir='ltr'>spectat</span> <span class='ocrx_word' id='word_1_586' title='bbox 1494 1380 1519 1401; x_wconf 86' lang='lat' dir='ltr'>et</span> <span class='ocrx_word' id='word_1_587' title='bbox 1537 1375 1568 1401; x_wconf 87' lang='lat' dir='ltr'>ad</span> <span class='ocrx_word' id='word_1_588' title='bbox 1587 1376 1694 1402; x_wconf 89' lang='lat' dir='ltr'>aurium</span> 
     </span>
     <span class='ocr_line' id='line_1_77' title="bbox 900 1409 1692 1445; baseline 0.005 -10"><span class='ocrx_word' id='word_1_589' title='bbox 900 1409 1071 1444; x_wconf 84' lang='lat' dir='ltr'>voluptatem,</span> <span class='ocrx_word' id='word_1_590' title='bbox 1085 1419 1153 1445; x_wconf 90' lang='lat' dir='ltr'>quae</span> <span class='ocrx_word' id='word_1_591' title='bbox 1167 1410 1221 1437; x_wconf 90' lang='lat' dir='ltr'>duo</span> <span class='ocrx_word' id='word_1_592' title='bbox 1235 1416 1298 1437; x_wconf 88' lang='lat' dir='ltr'>sunt</span> <span class='ocrx_word' id='word_1_593' title='bbox 1311 1411 1344 1437; x_wconf 90' lang='lat' dir='ltr'>ad</span> <span class='ocrx_word' id='word_1_594' title='bbox 1358 1411 1531 1438; x_wconf 89' lang='lat' dir='ltr'>iudicandum</span> <span class='ocrx_word' id='word_1_595' title='bbox 1547 1412 1692 1444; x_wconf 82' lang='lat' dir='ltr'>levissima,</span> 
     </span>
     <span class='ocr_line' id='line_1_78' title="bbox 899 1447 1694 1484; baseline 0.005 -12"><span class='ocrx_word' id='word_1_596' title='bbox 899 1447 946 1473; x_wconf 93' lang='lat' dir='ltr'>sed</span> <span class='ocrx_word' id='word_1_597' title='bbox 965 1456 997 1473; x_wconf 90' lang='lat' dir='ltr'>ne</span> <span class='ocrx_word' id='word_1_598' title='bbox 1015 1447 1042 1473; x_wconf 90' lang='lat' dir='ltr'>in</span> <span class='ocrx_word' id='word_1_599' title='bbox 1061 1448 1185 1474; x_wconf 76' lang='lat' dir='ltr'>maximis</span> <span class='ocrx_word' id='word_1_600' title='bbox 1203 1448 1314 1483; x_wconf 89' lang='lat' dir='ltr'>quidem</span> <span class='ocrx_word' id='word_1_601' title='bbox 1333 1449 1413 1475; x_wconf 87' lang='lat' dir='ltr'>rebus</span> <span class='ocrx_word' id='word_1_602' title='bbox 1435 1449 1584 1484; x_wconf 85' lang='lat' dir='ltr'>quidquam</span> <span class='ocrx_word' id='word_1_603' title='bbox 1607 1450 1694 1476; x_wconf 87' lang='lat' dir='ltr'>adhuc</span> 
     </span>
     <span class='ocr_line' id='line_1_79' title="bbox 899 1484 1694 1521; baseline 0.005 -12"><span class='ocrx_word' id='word_1_604' title='bbox 899 1485 989 1510; x_wconf 82' lang='lat' dir='ltr'>inveni</span> <span class='ocrx_word' id='word_1_605' title='bbox 1017 1484 1135 1516; x_wconf 74' lang='lat' dir='ltr'>firmius,</span> <span class='ocrx_word' id='word_1_606' title='bbox 1164 1485 1237 1520; x_wconf 91' lang='lat' dir='ltr'>quod</span> <span class='ocrx_word' id='word_1_607' title='bbox 1260 1490 1389 1517; x_wconf 86' lang='lat' dir='ltr'>tenerem,</span> <span class='ocrx_word' id='word_1_608' title='bbox 1419 1491 1465 1513; x_wconf 86' lang='lat' dir='ltr'>aut</span> <span class='ocrx_word' id='word_1_609' title='bbox 1486 1495 1539 1521; x_wconf 93' lang='lat' dir='ltr'>quo</span> <span class='ocrx_word' id='word_1_610' title='bbox 1563 1487 1694 1514; x_wconf 89' lang='lat' dir='ltr'>iudicium</span> 
     </span>
     <span class='ocr_line' id='line_1_80' title="bbox 899 1521 1693 1559; baseline 0.004 -12"><span class='ocrx_word' id='word_1_611' title='bbox 899 1530 988 1547; x_wconf 87' lang='lat' dir='ltr'>mcum</span> <span class='ocrx_word' id='word_1_612' title='bbox 1004 1521 1155 1557; x_wconf 81' lang='lat' dir='ltr'>dirigerem,</span> <span class='ocrx_word' id='word_1_613' title='bbox 1172 1531 1253 1557; x_wconf 87' lang='lat' dir='ltr'>quam</span> <span class='ocrx_word' id='word_1_614' title='bbox 1268 1523 1308 1554; x_wconf 88' lang='lat' dir='ltr'>id,</span> <span class='ocrx_word' id='word_1_615' title='bbox 1324 1523 1515 1558; x_wconf 87' lang='lat' dir='ltr'>quodcumque</span> <span class='ocrx_word' id='word_1_616' title='bbox 1529 1524 1595 1550; x_wconf 88' lang='lat' dir='ltr'>mihi</span> <span class='ocrx_word' id='word_1_617' title='bbox 1611 1533 1693 1559; x_wconf 89' lang='lat' dir='ltr'>quam</span> 
     </span>
     <span class='ocr_line' id='line_1_81' title="bbox 899 1559 1693 1595; baseline 0.005 -11"><span class='ocrx_word' id='word_1_618' title='bbox 899 1559 1069 1585; x_wconf 89' lang='lat' dir='ltr'>simillimum</span> <span class='ocrx_word' id='word_1_619' title='bbox 1084 1560 1139 1586; x_wconf 80' lang='lat' dir='ltr'>veri</span> <span class='ocrx_word' id='word_1_620' title='bbox 1154 1560 1296 1591; x_wconf 75' lang='lat' dir='ltr'>videretur,</span> <span class='ocrx_word' id='word_1_621' title='bbox 1313 1569 1398 1595; x_wconf 92' lang='lat' dir='ltr'>quum</span> <span class='ocrx_word' id='word_1_622' title='bbox 1412 1561 1502 1595; x_wconf 88' lang='lat' dir='ltr'>ipsum</span> <span class='ocrx_word' id='word_1_623' title='bbox 1517 1561 1585 1587; x_wconf 89' lang='lat' dir='ltr'>illud</span> <span class='ocrx_word' id='word_1_624' title='bbox 1600 1570 1693 1588; x_wconf 79' lang='lat' dir='ltr'>verum</span> 
     </span>
     <span class='ocr_line' id='line_1_82' title="bbox 898 1596 1691 1630; baseline 0.004 -8"><span class='ocrx_word' id='word_1_625' title='bbox 898 1597 926 1622; x_wconf 90' lang='lat' dir='ltr'>in</span> <span class='ocrx_word' id='word_1_626' title='bbox 940 1596 1043 1623; x_wconf 88' lang='lat' dir='ltr'>occulto</span> <span class='ocrx_word' id='word_1_627' title='bbox 1062 1596 1161 1623; x_wconf 83' lang='lat' dir='ltr'>lateret.</span> <span class='ocrx_word' id='word_1_628' title='bbox 1203 1599 1260 1624; x_wconf 75' lang='lat'>238.</span> <span class='ocrx_word' id='word_1_629' title='bbox 1281 1598 1320 1624; x_wconf 89' lang='lat' dir='ltr'>Tu</span> <span class='ocrx_word' id='word_1_630' title='bbox 1340 1603 1428 1624; x_wconf 83' lang='lat' dir='ltr'>autem</span> <span class='ocrx_word' id='word_1_631' title='bbox 1447 1598 1536 1629; x_wconf 81' lang='lat' dir='ltr'>velim,</span> <span class='ocrx_word' id='word_1_632' title='bbox 1553 1599 1575 1625; x_wconf 87' lang='lat' dir='ltr'>si</span> <span class='ocrx_word' id='word_1_633' title='bbox 1590 1599 1637 1625; x_wconf 89' lang='lat' dir='ltr'>tibi</span> <span class='ocrx_word' id='word_1_634' title='bbox 1653 1608 1691 1630; x_wconf 78' lang='lat' dir='ltr'>ea,</span> 
     </span>
     <span class='ocr_line' id='line_1_83' title="bbox 898 1634 1694 1670; baseline 0.004 -11"><span class='ocrx_word' id='word_1_635' title='bbox 898 1642 967 1668; x_wconf 89' lang='lat' dir='ltr'>quae</span> <span class='ocrx_word' id='word_1_636' title='bbox 993 1634 1127 1668; x_wconf 87' lang='lat' dir='ltr'>disputata</span> <span class='ocrx_word' id='word_1_637' title='bbox 1153 1639 1228 1666; x_wconf 81' lang='lat' dir='ltr'>sunt,</span> <span class='ocrx_word' id='word_1_638' title='bbox 1258 1635 1348 1661; x_wconf 89' lang='lat' dir='ltr'>minus</span> <span class='ocrx_word' id='word_1_639' title='bbox 1371 1636 1568 1670; x_wconf 84' lang='lat' dir='ltr'>probabuntur,</span> <span class='ocrx_word' id='word_1_640' title='bbox 1597 1641 1626 1662; x_wconf 88' lang='lat' dir='ltr'>ut</span> <span class='ocrx_word' id='word_1_641' title='bbox 1649 1642 1694 1663; x_wconf 89' lang='lat' dir='ltr'>ant</span> 
     </span>
     <span class='ocr_line' id='line_1_84' title="bbox 899 1671 1690 1708; baseline 0.006 -12"><span class='ocrx_word' id='word_1_642' title='bbox 899 1671 986 1697; x_wconf 88' lang='lat' dir='ltr'>maius</span> <span class='ocrx_word' id='word_1_643' title='bbox 1004 1680 1072 1706; x_wconf 87' lang='lat' dir='ltr'>opus</span> <span class='ocrx_word' id='word_1_644' title='bbox 1091 1672 1244 1699; x_wconf 87' lang='lat' dir='ltr'>institutum</span> <span class='ocrx_word' id='word_1_645' title='bbox 1263 1677 1354 1707; x_wconf 90' lang='lat' dir='ltr'>putes,</span> <span class='ocrx_word' id='word_1_646' title='bbox 1371 1682 1451 1707; x_wconf 88' lang='lat' dir='ltr'>quam</span> <span class='ocrx_word' id='word_1_647' title='bbox 1475 1672 1543 1699; x_wconf 78' lang='lat' dir='ltr'>effici</span> <span class='ocrx_word' id='word_1_648' title='bbox 1567 1675 1690 1708; x_wconf 79' lang='lat' dir='ltr'>potuerit.</span> 
     </span>
     <span class='ocr_line' id='line_1_85' title="bbox 898 1708 1693 1745; baseline 0.005 -11"><span class='ocrx_word' id='word_1_649' title='bbox 898 1713 951 1739; x_wconf 88' lang='lat' dir='ltr'>aut,</span> <span class='ocrx_word' id='word_1_650' title='bbox 968 1708 1033 1735; x_wconf 89' lang='lat' dir='ltr'>dum</span> <span class='ocrx_word' id='word_1_651' title='bbox 1049 1709 1097 1735; x_wconf 91' lang='lat' dir='ltr'>tibi</span> <span class='ocrx_word' id='word_1_652' title='bbox 1115 1710 1218 1745; x_wconf 80' lang='lat' dir='ltr'>roganti</span> <span class='ocrx_word' id='word_1_653' title='bbox 1237 1710 1366 1736; x_wconf 88' lang='lat' dir='ltr'>voluerim</span> <span class='ocrx_word' id='word_1_654' title='bbox 1386 1710 1512 1745; x_wconf 82' lang='lat' dir='ltr'>obsequi,</span> <span class='ocrx_word' id='word_1_655' title='bbox 1534 1711 1693 1738; x_wconf 79' lang='lat' dir='ltr'>verecundia</span> 
     </span>
     <span class='ocr_line' id='line_1_86' title="bbox 898 1745 1601 1783; baseline 0.004 -11"><span class='ocrx_word' id='word_1_656' title='bbox 898 1745 1012 1781; x_wconf 78' lang='lat' dir='ltr'>negandi</span> <span class='ocrx_word' id='word_1_657' title='bbox 1026 1746 1160 1774; x_wconf 88' lang='lat' dir='ltr'>scribendi</span> <span class='ocrx_word' id='word_1_658' title='bbox 1175 1756 1217 1774; x_wconf 89' lang='lat' dir='ltr'>me</span> <span class='ocrx_word' id='word_1_659' title='bbox 1231 1747 1425 1783; x_wconf 83' lang='lat' dir='ltr'>impudentiam</span> <span class='ocrx_word' id='word_1_660' title='bbox 1440 1748 1601 1783; x_wconf 82' lang='lat' dir='ltr'>suscepisse.</span> 
     </span>
    </p>
   </div>
   <div class='ocr_carea' id='block_1_7' title="bbox 874 231 882 1774">
    <p class='ocr_par' dir='ltr' id='par_1_8' title="bbox 874 231 882 1774">
     <span class='ocr_line' id='line_1_87' title="bbox 874 231 882 1774; baseline 0 0"><span class='ocrx_word' id='word_1_661' title='bbox 874 231 882 1774; x_wconf 95' lang='lat' dir='ltr'> </span> 
     </span>
    </p>
   </div>
   <div class='ocr_carea' id='block_1_8' title="bbox 766 1823 988 1838">
    <p class='ocr_par' dir='ltr' id='par_1_9' title="bbox 766 1823 988 1838">
     <span class='ocr_line' id='line_1_88' title="bbox 766 1823 988 1838; baseline 0 -5"><span class='ocrx_word' id='word_1_662' title='bbox 766 1823 988 1838; x_wconf 53' lang='lat' dir='ltr'>.-.--Qut,&gt;0‹&gt;-—-</span> 
     </span>
    </p>
   </div>
   <div class='ocr_carea' id='block_1_9' title="bbox 543 1999 825 2030">
    <p class='ocr_par' dir='ltr' id='par_1_10' title="bbox 543 1999 825 2030">
     <span class='ocr_line' id='line_1_89' title="bbox 543 1999 825 2030; baseline 0.011 -3"><span class='ocrx_word' id='word_1_663' title='bbox 543 1999 576 2028; x_wconf 87' lang='lat' dir='ltr'>M.</span> <span class='ocrx_word' id='word_1_664' title='bbox 625 2000 825 2030; x_wconf 86' lang='lat' dir='ltr'>TULLII</span> 
     </span>
    </p>
   </div>
   <div class='ocr_carea' id='block_1_10' title="bbox 839 2094 857 2114">
    <p class='ocr_par' dir='ltr' id='par_1_11' title="bbox 839 2094 857 2114">
     <span class='ocr_line' id='line_1_90' title="bbox 839 2094 857 2114; baseline 0 0"><span class='ocrx_word' id='word_1_665' title='bbox 839 2094 857 2114; x_wconf 76' lang='lat' dir='ltr'>A</span> 
     </span>
    </p>
   </div>
   <div class='ocr_carea' id='block_1_11' title="bbox 443 2162 1120 2205">
    <p class='ocr_par' dir='ltr' id='par_1_12' title="bbox 443 2162 1120 2205">
     <span class='ocr_line' id='line_1_91' title="bbox 443 2162 1120 2205; baseline 0.007 -5"><span class='ocrx_word' id='word_1_666' title='bbox 443 2162 1120 2205; x_wconf 88' lang='lat' dir='ltr'>C.TREBATI</span> 
     </span>
    </p>
   </div>
   <div class='ocr_carea' id='block_1_12' title="bbox 854 1924 884 1949">
    <p class='ocr_par' dir='ltr' id='par_1_13' title="bbox 854 1924 884 1949">
     <span class='ocr_line' id='line_1_92' title="bbox 854 1924 884 1949; baseline 0 -10"><span class='ocrx_word' id='word_1_667' title='bbox 854 1924 884 1949; x_wconf 67' lang='lat'>⁴¹2)</span> 
     </span>
    </p>
   </div>
   <div class='ocr_carea' id='block_1_13' title="bbox 870 1941 895 1949">
    <p class='ocr_par' dir='ltr' id='par_1_14' title="bbox 870 1941 895 1949">
     <span class='ocr_line' id='line_1_93' title="bbox 870 1941 895 1949; baseline 0 0"><span class='ocrx_word' id='word_1_668' title='bbox 870 1941 895 1949; x_wconf 64' lang='grc' dir='ltr'>μ.</span> 
     </span>
    </p>
   </div>
   <div class='ocr_carea' id='block_1_14' title="bbox 874 2000 1200 2030">
    <p class='ocr_par' dir='ltr' id='par_1_15' title="bbox 874 2000 1200 2030">
     <span class='ocr_line' id='line_1_94' title="bbox 874 2000 1200 2030; baseline 0.003 -1"><span class='ocrx_word' id='word_1_669' title='bbox 874 2000 1200 2030; x_wconf 87' lang='lat' dir='ltr'>CICERONIS</span> 
     </span>
    </p>
   </div>
   <div class='ocr_carea' id='block_1_15' title="bbox 881 2095 899 2113">
    <p class='ocr_par' dir='ltr' id='par_1_16' title="bbox 881 2095 899 2113">
     <span class='ocr_line' id='line_1_95' title="bbox 881 2095 899 2113; baseline 0 0"><span class='ocrx_word' id='word_1_670' title='bbox 881 2095 899 2113; x_wconf 90' lang='lat' dir='ltr'>I)</span> 
     </span>
    </p>
   </div>
   <div class='ocr_carea' id='block_1_16' title="bbox 1183 2165 1307 2204">
    <p class='ocr_par' dir='ltr' id='par_1_17' title="bbox 1183 2165 1307 2204">
     <span class='ocr_line' id='line_1_96' title="bbox 1183 2165 1307 2204; baseline -0.008 0"><span class='ocrx_word' id='word_1_671' title='bbox 1183 2165 1307 2204; x_wconf 92' lang='lat' dir='ltr'>UM</span> 
     </span>
    </p>
   </div>
   <div class='ocr_carea' id='block_1_17' title="bbox 647 2260 1098 2310">
    <p class='ocr_par' dir='ltr' id='par_1_18' title="bbox 647 2260 1098 2310">
     <span class='ocr_line' id='line_1_97' title="bbox 647 2260 1098 2310; baseline 0.004 -2"><span class='ocrx_word' id='word_1_672' title='bbox 647 2260 1098 2310; x_wconf 83' lang='lat' dir='ltr'>TOPICA.</span> 
     </span>
    </p>
   </div>
   <div class='ocr_carea' id='block_1_18' title="bbox 897 2364 1023 2367">
    <p class='ocr_par' dir='ltr' id='par_1_19' title="bbox 897 2364 1023 2367">
     <span class='ocr_line' id='line_1_98' title="bbox 897 2364 1023 2367; baseline 0 0"><span class='ocrx_word' id='word_1_673' title='bbox 897 2364 1023 2367; x_wconf 95' lang='lat' dir='ltr'> </span> 
     </span>
    </p>
   </div>
   <div class='ocr_carea' id='block_1_19' title="bbox 573 2410 1168 2440">
    <p class='ocr_par' dir='ltr' id='par_1_20' title="bbox 573 2410 1168 2440">
     <span class='ocr_line' id='line_1_99' title="bbox 573 2410 1168 2440; baseline 0.005 -3"><span class='ocrx_word' id='word_1_674' title='bbox 573 2410 791 2438; x_wconf 80' lang='lat' dir='ltr'>NOTITIA</span> <span class='ocrx_word' id='word_1_675' title='bbox 832 2412 1168 2440; x_wconf 79' lang='lat' dir='ltr'>LITTERARIA.</span> 
     </span>
    </p>
   </div>
   <div class='ocr_carea' id='block_1_20' title="bbox 51 2471 1690 2540">
    <p class='ocr_par' dir='ltr' id='par_1_21' title="bbox 51 2471 1690 2540">
     <span class='ocr_line' id='line_1_100' title="bbox 163 2471 1690 2506; baseline 0.004 -14"><span class='ocrx_word' id='word_1_676' title='bbox 163 2471 237 2493; x_wconf 74' lang='lat' dir='ltr'>Cicero</span> <span class='ocrx_word' id='word_1_677' title='bbox 252 2472 357 2495; x_wconf 69' lang='lat' dir='ltr'>Trebatii</span> <span class='ocrx_word' id='word_1_678' title='bbox 369 2473 485 2495; x_wconf 75' lang='lat' dir='ltr'>voluntati</span> <span class='ocrx_word' id='word_1_679' title='bbox 498 2474 615 2495; x_wconf 73' lang='lat' dir='ltr'>ahu-cums</span> <span class='ocrx_word' id='word_1_680' title='bbox 630 2475 661 2495; x_wconf 75' lang='lat' dir='ltr'>nd</span> <span class='ocrx_word' id='word_1_681' title='bbox 675 2477 766 2496; x_wconf 79' lang='lat' dir='ltr'>madum</span> <span class='ocrx_word' id='word_1_682' title='bbox 783 2476 919 2500; x_wconf 71' lang='lat' dir='ltr'>Aristotelis,</span> <span class='ocrx_word' id='word_1_683' title='bbox 928 2477 1028 2504; x_wconf 73' lang='lat' dir='ltr'>qm&#39;mtn</span> <span class='ocrx_word' id='word_1_684' title='bbox 1043 2476 1690 2506; x_wconf 62' lang='lat' dir='ltr'>&#39;soph-orumlil1rns(&#39;1&#39;mn.aed.&#39;Paurhnie.)1crtpume.</span> 
     </span>
     <span class='ocr_line' id='line_1_101' title="bbox 51 2507 1561 2540; baseline 0.006 -14"><span class='ocrx_word' id='word_1_685' title='bbox 51 2507 150 2528; x_wconf 77' lang='lat' dir='ltr'>eamdem</span> <span class='ocrx_word' id='word_1_686' title='bbox 172 2507 317 2536; x_wconf 70' lang='lat' dir='ltr'>(lincfplinmn</span> <span class='ocrx_word' id='word_1_687' title='bbox 337 2509 361 2531; x_wconf 80' lang='grc' dir='ltr'>ἰιι</span> <span class='ocrx_word' id='word_1_688' title='bbox 376 2510 533 2538; x_wconf 77' lang='lat' dir='ltr'>compendium</span> <span class='ocrx_word' id='word_1_689' title='bbox 546 2510 600 2538; x_wconf 79' lang='lat' dir='ltr'>scre</span> <span class='ocrx_word' id='word_1_690' title='bbox 611 2512 727 2531; x_wconf 72' lang='lat' dir='ltr'>redactam</span> <span class='ocrx_word' id='word_1_691' title='bbox 739 2512 842 2539; x_wconf 66' lang='lat' dir='ltr'>expmm&#39;t</span> <span class='ocrx_word' id='word_1_692' title='bbox 858 2512 919 2533; x_wconf 76' lang='lat' dir='ltr'>Dici.</span> <span class='ocrx_word' id='word_1_693' title='bbox 937 2513 959 2533; x_wconf 76' lang='lat' dir='ltr'>C.</span> <span class='ocrx_word' id='word_1_694' title='bbox 972 2512 1031 2534; x_wconf 79' lang='grc' dir='ltr'><strong><em>ΙηΙίυ</em></strong></span> <span class='ocrx_word' id='word_1_695' title='bbox 1046 2513 1139 2534; x_wconf 46' lang='lat' dir='ltr'>‘&#39;nt-sm?</span> <span class='ocrx_word' id='word_1_696' title='bbox 1153 2513 1177 2533; x_wconf 73' lang='grc' dir='ltr'>Γ,</span> <span class='ocrx_word' id='word_1_697' title='bbox 1189 2513 1221 2533; x_wconf 62' lang='lat' dir='ltr'>ss!-</span> <span class='ocrx_word' id='word_1_698' title='bbox 1233 2513 1334 2533; x_wconf 72' lang='lat' dir='ltr'>Antonio</span> <span class='ocrx_word' id='word_1_699' title='bbox 1348 2513 1406 2533; x_wconf 79' lang='lat' dir='ltr'>Con.</span> <span class='ocrx_word' id='word_1_700' title='bbox 1418 2517 1451 2539; x_wconf 80' lang='lat' dir='ltr'>(n.</span> <span class='ocrx_word' id='word_1_701' title='bbox 1466 2513 1490 2533; x_wconf 74' lang='grc' dir='ltr'>Γ.</span> <span class='ocrx_word' id='word_1_702' title='bbox 1502 2515 1561 2540; x_wconf 75' lang='lat'><strong>⁴¹70.)</strong></span> 
     </span>
    </p>
   </div>
   <div class='ocr_carea' id='block_1_21' title="bbox 756 2571 916 2577">
    <p class='ocr_par' dir='ltr' id='par_1_22' title="bbox 756 2571 916 2577">
     <span class='ocr_line' id='line_1_102' title="bbox 756 2571 916 2577; baseline 0 0"><span class='ocrx_word' id='word_1_703' title='bbox 756 2571 916 2577; x_wconf 95' lang='lat' dir='ltr'> </span> 
     </span>
    </p>
   </div>
   <div class='ocr_carea' id='block_1_22' title="bbox 51 2620 845 2722">
    <p class='ocr_par' dir='ltr' id='par_1_23' title="bbox 51 2620 845 2722">
     <span class='ocr_line' id='line_1_103' title="bbox 103 2620 845 2651; baseline 0.004 -9"><span class='ocrx_word' id='word_1_704' title='bbox 103 2620 181 2642; x_wconf 72' lang='lat' dir='ltr'>Ano.</span> <span class='ocrx_word' id='word_1_705' title='bbox 206 2622 262 2643; x_wconf 68' lang='lat' dir='ltr'>Post</span> <span class='ocrx_word' id='word_1_706' title='bbox 276 2622 436 2650; x_wconf 72' lang='lat' dir='ltr'>praefationem</span> <span class='ocrx_word' id='word_1_707' title='bbox 454 2624 483 2651; x_wconf 82' lang='lat' dir='ltr'>(c.</span> <span class='ocrx_word' id='word_1_708' title='bbox 497 2626 527 2650; x_wconf 76' lang='grc' dir='ltr'>ί.)</span> <span class='ocrx_word' id='word_1_709' title='bbox 542 2623 620 2645; x_wconf 76' lang='lat' dir='ltr'>Cicero</span> <span class='ocrx_word' id='word_1_710' title='bbox 636 2623 698 2645; x_wconf 69' lang='lat' dir='ltr'>lntox</span> <span class='ocrx_word' id='word_1_711' title='bbox 713 2625 775 2645; x_wconf 72' lang='lat' dir='ltr'>dut-ot</span> <span class='ocrx_word' id='word_1_712' title='bbox 796 2632 845 2645; x_wconf 69' lang='lat' dir='ltr'>eune</span> 
     </span>
     <span class='ocr_line' id='line_1_104' title="bbox 51 2653 844 2687; baseline 0.006 -12"><span class='ocrx_word' id='word_1_713' title='bbox 51 2653 146 2682; x_wconf 68' lang='lat' dir='ltr'>duplicia</span> <span class='ocrx_word' id='word_1_714' title='bbox 156 2656 251 2682; x_wconf 68' lang='lat' dir='ltr'>generis,</span> <span class='ocrx_word' id='word_1_715' title='bbox 262 2657 362 2678; x_wconf 69' lang='lat' dir='ltr'>internus</span> <span class='ocrx_word' id='word_1_716' title='bbox 372 2658 394 2678; x_wconf 90' lang='lat' dir='ltr'>in</span> <span class='ocrx_word' id='word_1_717' title='bbox 405 2659 455 2686; x_wconf 62' lang='lat' dir='ltr'>ipen</span> <span class='ocrx_word' id='word_1_718' title='bbox 465 2666 488 2680; x_wconf 82' lang='lat' dir='ltr'>re</span> <span class='ocrx_word' id='word_1_719' title='bbox 497 2659 592 2687; x_wconf 72' lang='lat' dir='ltr'>ponitus,</span> <span class='ocrx_word' id='word_1_720' title='bbox 604 2662 625 2679; x_wconf 81' lang='lat' dir='ltr'>et</span> <span class='ocrx_word' id='word_1_721' title='bbox 635 2662 739 2680; x_wconf 69' lang='lat' dir='ltr'>externus</span> <span class='ocrx_word' id='word_1_722' title='bbox 750 2660 765 2680; x_wconf 86' lang='lat' dir='ltr'>i.</span> <span class='ocrx_word' id='word_1_723' title='bbox 777 2667 795 2680; x_wconf 83' lang='lat' dir='ltr'>e.</span> <span class='ocrx_word' id='word_1_724' title='bbox 807 2667 844 2680; x_wconf 79' lang='lat' dir='ltr'>ex—</span> 
     </span>
     <span class='ocr_line' id='line_1_105' title="bbox 52 2689 844 2722; baseline 0.006 -12"><span class='ocrx_word' id='word_1_725' title='bbox 52 2689 160 2712; x_wconf 74' lang='lat' dir='ltr'>trinsecus</span> <span class='ocrx_word' id='word_1_726' title='bbox 171 2693 314 2713; x_wconf 68' lang='lat' dir='ltr'>assumendus</span> <span class='ocrx_word' id='word_1_727' title='bbox 321 2695 425 2721; x_wconf 76' lang='lat'><strong>(2-4.);</strong></span> <span class='ocrx_word' id='word_1_728' title='bbox 435 2694 515 2715; x_wconf 73' lang='lat' dir='ltr'>deinde</span> <span class='ocrx_word' id='word_1_729' title='bbox 525 2694 639 2722; x_wconf 72' lang='lat' dir='ltr'>copiosius</span> <span class='ocrx_word' id='word_1_730' title='bbox 647 2695 747 2722; x_wconf 57' lang='lat' dir='ltr'>exponit,</span> <span class='ocrx_word' id='word_1_731' title='bbox 759 2694 785 2715; x_wconf 84' lang='lat' dir='ltr'>in</span> <span class='ocrx_word' id='word_1_732' title='bbox 793 2699 800 2716; x_wconf 82' lang='lat' dir='ltr'>t</span> <span class='ocrx_word' id='word_1_733' title='bbox 808 2702 844 2715; x_wconf 81' lang='lat' dir='ltr'>cr-</span> 
     </span>
    </p>
   </div>
   <div class='ocr_carea' id='block_1_23' title="bbox 866 2626 869 2722">
    <p class='ocr_par' dir='ltr' id='par_1_24' title="bbox 866 2626 869 2722">
     <span class='ocr_line' id='line_1_106' title="bbox 866 2626 869 2722; baseline 0 0"><span class='ocrx_word' id='word_1_734' title='bbox 866 2626 869 2722; x_wconf 95' lang='lat' dir='ltr'> </span> 
     </span>
    </p>
   </div>
   <div class='ocr_carea' id='block_1_24' title="bbox 897 2625 1691 2723">
    <p class='ocr_par' dir='ltr' id='par_1_25' title="bbox 897 2625 1691 2723">
     <span class='ocr_line' id='line_1_107' title="bbox 897 2625 1691 2654; baseline 0.003 -9"><span class='ocrx_word' id='word_1_735' title='bbox 897 2633 909 2645; x_wconf 93' lang='lat' dir='ltr'>n</span> <span class='ocrx_word' id='word_1_736' title='bbox 917 2633 945 2645; x_wconf 76' lang='lat' dir='ltr'>uu</span> <span class='ocrx_word' id='word_1_737' title='bbox 961 2625 994 2646; x_wconf 78' lang='lat' dir='ltr'>wl</span> <span class='ocrx_word' id='word_1_738' title='bbox 1006 2628 1052 2646; x_wconf 76' lang='lat' dir='ltr'>tntu</span> <span class='ocrx_word' id='word_1_739' title='bbox 1062 2632 1073 2645; x_wconf 79' lang='lat'>‹-</span> <span class='ocrx_word' id='word_1_740' title='bbox 1083 2632 1106 2645; x_wconf 73' lang='grc' dir='ltr'>το</span> <span class='ocrx_word' id='word_1_741' title='bbox 1116 2625 1227 2646; x_wconf 68' lang='lat' dir='ltr'>«inu-ndu·</span> <span class='ocrx_word' id='word_1_742' title='bbox 1237 2632 1287 2646; x_wconf 72' lang='lat' dir='ltr'>ono</span> <span class='ocrx_word' id='word_1_743' title='bbox 1297 2633 1338 2652; x_wconf 74' lang='lat' dir='ltr'>ope</span> <span class='ocrx_word' id='word_1_744' title='bbox 1351 2625 1691 2654; x_wconf 71' lang='lat' dir='ltr'>definitioni·(a.=·1.)pnrtitin-</span> 
     </span>
     <span class='ocr_line' id='line_1_108' title="bbox 897 2660 1691 2686; baseline 0.003 -6"><span class='ocrx_word' id='word_1_745' title='bbox 897 2661 931 2680; x_wconf 73' lang='lat' dir='ltr'>niu</span> <span class='ocrx_word' id='word_1_746' title='bbox 941 2663 983 2686; x_wconf 71' lang='lat' dir='ltr'>(s.)</span> <span class='ocrx_word' id='word_1_747' title='bbox 995 2660 1141 2686; x_wconf 66' lang='lat' dir='ltr'>ntyinnlnuinc</span> <span class='ocrx_word' id='word_1_748' title='bbox 1152 2661 1234 2686; x_wconf 58' lang='lat' dir='ltr'>(Smin-I</span> <span class='ocrx_word' id='word_1_749' title='bbox 1245 2668 1256 2680; x_wconf 71' lang='lat' dir='ltr'>a</span> <span class='ocrx_word' id='word_1_750' title='bbox 1267 2660 1362 2685; x_wconf 64' lang='lat' dir='ltr'>-ingutin</span> <span class='ocrx_word' id='word_1_751' title='bbox 1374 2662 1438 2681; x_wconf 76' lang='lat' dir='ltr'>robu-</span> <span class='ocrx_word' id='word_1_752' title='bbox 1449 2661 1613 2682; x_wconf 72' lang='lat' dir='ltr'>runtmwrniae</span> <span class='ocrx_word' id='word_1_753' title='bbox 1623 2663 1691 2682; x_wconf 80' lang='lat' dir='ltr'>uhuo-</span> 
     </span>
     <span class='ocr_line' id='line_1_109' title="bbox 897 2695 1690 2723; baseline 0.003 -8"><span class='ocrx_word' id='word_1_754' title='bbox 897 2695 950 2720; x_wconf 59' lang='lat' dir='ltr'>xiin,</span> <span class='ocrx_word' id='word_1_755' title='bbox 971 2702 999 2716; x_wconf 76' lang='lat' dir='ltr'>ex</span> <span class='ocrx_word' id='word_1_756' title='bbox 1010 2695 1166 2721; x_wconf 64' lang='lat' dir='ltr'>coniugatione</span> <span class='ocrx_word' id='word_1_757' title='bbox 1176 2698 1232 2722; x_wconf 72' lang='lat'>(10.)</span> <span class='ocrx_word' id='word_1_758' title='bbox 1243 2695 1393 2717; x_wconf 59' lang='lat' dir='ltr'>&#39;similitudino</span> <span class='ocrx_word' id='word_1_759' title='bbox 1403 2698 1459 2723; x_wconf 83' lang='grc' dir='ltr'>(ΙΙ.)</span> <span class='ocrx_word' id='word_1_760' title='bbox 1469 2696 1597 2717; x_wconf 65' lang='lat' dir='ltr'>differentia</span> <span class='ocrx_word' id='word_1_761' title='bbox 1608 2701 1629 2717; x_wconf 73' lang='lat' dir='ltr'>et</span> <span class='ocrx_word' id='word_1_762' title='bbox 1639 2703 1690 2718; x_wconf 77' lang='lat' dir='ltr'>eun-</span> 
     </span>
    </p>
   </div>
   <div class='ocr_carea' id='block_1_25' title="bbox 871 2626 875 2722">
    <p class='ocr_par' dir='ltr' id='par_1_26' title="bbox 871 2626 875 2722">
     <span class='ocr_line' id='line_1_110' title="bbox 871 2626 875 2722; baseline 0 330"><span class='ocrx_word' id='word_1_763' title='bbox 871 2626 875 2722; x_wconf 95' lang='lat' dir='ltr'> </span> 
     </span>
    </p>
   </div>
  </div>
 </body>
</html>
