1941 3052
499 97 553 122 DE
587 95 815 122 ORATORE
849 95 989 121 L1B.1.

63 166 184 205 gnitudo,
201 167 312 194 varietas
327 166 525 202 multitudoque
538 167 566 193 in
579 167 652 193 omni
665 174 762 202 genere
776 174 854 192 caus-

64 214 163 236 sarum,
181 208 210 231 ut
222 204 256 231 ad
269 213 327 231 eam
340 204 496 236 doctrinam,
511 213 593 239 quam
607 213 657 231 suo
670 204 787 238 quisque
798 207 856 229 stu-

63 243 108 270 dio
125 246 263 268 assecutus
277 245 354 273 esset,
370 241 559 277 adiungeretur
577 250 643 268 usus
658 240 792 275 frequens,
807 240 856 275 qui

63 280 184 308 omnium
197 279 384 315 magistrorum
398 283 535 314 praecepta
550 282 695 313 superaret.
717 278 798 304 Erant
808 286 856 304 au-

63 323 116 345 tem
130 317 193 343 huic
206 316 296 343 studio
309 316 433 347 maxima,
449 325 517 351 quae
527 324 598 342 nunc
608 324 715 351 quoque
725 319 796 346 sunt,
809 323 856 341 ex-

63 355 148 391 posita
165 354 294 389 praemia,
315 353 358 380 vel
375 353 408 380 ad
426 353 550 389 gratiam,
568 353 608 379 vel
627 353 660 379 ad
678 361 750 387 opes,
766 351 808 378 vel
823 352 856 378 ad

63 392 228 428 dignitatem.
259 391 368 427 Ingenia
382 399 444 417 vero
457 390 496 426 (ut
510 390 602 417 multis
616 390 696 417 rebus
710 398 855 424 possumus

63 428 189 464 iudicare)
207 433 358 455 nostrorum
376 428 516 454 hominum
530 427 646 454 multum
660 427 754 453 ceteris
768 427 855 453 homi-

63 467 143 494 nibus
157 466 277 493 omnium
291 466 412 501 gentium
426 465 623 500 praestiterunt.
651 466 690 490 46.
707 463 811 496 Quibus
822 464 855 490 de

62 504 165 531 caussis
185 503 247 538 quis
265 512 318 529 non
331 503 390 529 iure
403 503 522 533 miretur,
538 510 572 528 ex
585 502 657 528 omni
671 502 797 528 memoria
811 510 855 527 ae-

63 545 160 572 tatum,
176 545 335 576 temporum,
351 541 490 567 civitatum
507 544 560 566 tam
578 540 707 575 exiguum
721 543 854 566 oratorum

63 587 205 605 numerum
218 577 352 604 inveniri‘,⁷

118 615 171 642 Sed
189 616 317 642 nimirum
335 615 422 641 maius
440 618 480 640 est
492 614 542 641 hoc
555 613 693 649 quiddam,
709 622 791 649 quam
805 613 854 640 ho-

62 653 148 679 mines
171 653 324 688 opinantur,
345 656 371 678 et
388 651 512 686 pluribus
531 660 564 678 ex
581 651 683 677 artibus
701 651 853 685 studiisque

62 690 212 717 collectum.
246 690 276 716 V.
301 688 371 721 Quid
394 688 483 715 enim‘?
505 690 567 724 quis
590 688 664 715 aliud
686 689 714 714 in
737 689 853 715 maxima

62 727 221 754 discentium
239 726 425 758 multitudine,
446 735 552 752 summa
565 727 753 762 magistrorum
767 726 850 760 copia,

63 764 296 800 praestantissimis
318 764 458 790 hominum
475 764 604 799 ingeniis,
624 763 727 790 infinita
745 772 854 789 caussa-

63 810 122 829 rum
130 802 263 833 varietate,
271 801 446 836 amplissimis
457 800 622 836 eloquentiae
628 801 771 836 propositis
777 809 853 835 prae—

63 839 136 871 miis,
156 847 215 865 esse
232 847 341 865 caussae
359 843 446 873 putet,
463 839 515 864 nisi
529 839 567 864 rei
580 838 724 873 quamdam
738 838 854 864 in'credi-

61 876 143 904 bilem
160 876 373 912 magnitudinem
391 884 420 902 ac
437 875 640 902 difficultatem?
661 876 701 902 17.
716 876 764 902 Est
781 876 853 902 enim

62 917 87 941 et
104 914 213 940 scientia
226 913 474 948 comprehendenda
488 922 577 939 rerum
591 913 778 948 plurimarum,
795 913 853 939 sine

61 959 114 986 qua
131 951 273 978 verborum
287 950 441 977 volubilitas
455 951 542 977 inanis
557 955 636 985 atque
649 950 783 977 irridenda
797 955 850 983 est,

61 993 87 1016 et
102 989 161 1024 ipsa
178 989 259 1015 oratio
276 987 463 1015 conformanda
481 997 533 1014 non
551 988 640 1015 solum
654 988 789 1019 electione,
805 988 853 1014 sed

61 1026 139 1053 etiam
157 1025 350 1052 constructione
366 1025 522 1058 verborum;
550 1030 575 1052 et
592 1034 685 1052 omnes
702 1026 853 1052 animorum

60 1067 161 1094 motus,
181 1071 248 1098 quos
266 1063 406 1089 hominum
424 1063 515 1098 generi
534 1071 623 1090 rerum
641 1067 734 1089 natura
748 1063 850 1094 tribuit,

61 1101 166 1136 penitus
181 1100 369 1135 pernoscendi3
396 1100 469 1135 quod
482 1101 569 1127 omnis
580 1101 621 1127 vis
634 1101 753 1135 ratioque
761 1100 853 1127 dicen-

59 1138 87 1165 di
104 1139 132 1165 in
146 1146 246 1170 eorum,
262 1138 310 1173 qui
323 1137 444 1169 audiunt,
460 1138 596 1164 mentibus
611 1142 656 1164 aut
669 1138 794 1164 sedandis
808 1142 854 1164 aut

60 1175 206 1202 excitandis
230 1175 409 1210 expromenda
427 1179 476 1202 est.
509 1175 623 1202 Accedat
640 1175 733 1202 eodem
751 1179 853 1210 oportet

60 1213 133 1248 lepos
151 1213 261 1248 quidam
276 1212 438 1248 facetiaeque
452 1217 477 1239 et
490 1213 605 1239 eruditio
619 1212 702 1240 libero
715 1213 795 1249 digna
809 1221 853 1239 ce-

60 1250 203 1285 leritasque
226 1254 251 1276 et
272 1250 388 1277 brevitas
411 1254 436 1276 et
454 1250 632 1285 respondendi
650 1254 676 1277 et
694 1250 849 1282 lacessendi,

59 1288 153 1314 subtili
168 1291 306 1314 venustate
320 1292 398 1322 atque
413 1287 561 1314 urbanitate
574 1288 723 1314 coniuncta.
747 1289 786 1314 ⁴8.
803 1288 853 1314 Te-

60 1324 145 1351 nenda
169 1329 302 1360 praeterea
323 1329 363 1351 est
384 1325 471 1351 omnis
489 1325 634 1360 antiquitas
653 1324 853 1359 exemplorum-

58 1371 112 1397 que
130 1362 185 1395 vis;
205 1370 292 1397 neque
310 1361 401 1397 legum
419 1370 449 1388 ac
462 1362 528 1388 iuris
542 1362 630 1388 civilis
644 1363 753 1388 scientia
767 1362 853 1397 negli-

58 1399 144 1435 genda
163 1404 212 1426 est.
246 1400 313 1425 Nam
331 1399 398 1434 quid
416 1408 465 1434 ego
483 1399 516 1425 de
533 1400 634 1426 actione
649 1399 706 1434 ipsa
721 1399 797 1434 plura
811 1399 854 1426 di—

58 1436 135 1463 cam‘?
159 1445 228 1472 quae
246 1441 320 1463 motu
338 1437 468 1471 corporis,
487 1445 556 1472 quae
574 1441 665 1472 gestu,
681 1445 750 1471 quae
764 1436 850 1468 vultu,

58 1483 127 1509 quae
142 1475 213 1501 vocis
227 1473 432 1501 conformatione
446 1482 475 1500 ac
489 1474 614 1500 varietate
628 1474 787 1501 moderanda
797 1478 850 1507 est3

58 1520 126 1547 quae
140 1511 195 1538 sola
209 1520 256 1546 per
269 1520 297 1538 se
311 1512 369 1546 ipsa
382 1515 481 1546 quanta
495 1512 537 1542 sit,
554 1511 715 1538 histrionum
730 1512 796 1538 levis
810 1520 852 1537 ars

58 1553 84 1576 et
97 1557 174 1575 scena
188 1548 314 1581 declarat,
328 1549 355 1575 in
369 1557 422 1584 qua
436 1557 521 1583 quum
535 1557 627 1575 omnes
641 1549 669 1575 in
683 1549 736 1576 oris
746 1553 770 1575 et
781 1549 852 1575 vocis

58 1590 84 1613 et
101 1591 189 1613 motus
207 1586 385 1613 moderatione
402 1585 549 1617 elaborent,
566 1586 627 1621 quis
642 1587 753 1622 ignorat,
770 1595 852 1621 quam

59 1624 136 1659 pauci
162 1624 216 1650 sint
238 1623 399 1658 fuerintque,
423 1631 492 1658 quos
514 1624 604 1650 animo
626 1632 711 1659 aequo
733 1628 852 1658 spectare

58 1660 210 1696 possimus?
235 1660 305 1693 Quid
323 1661 409 1687 dicam
428 1661 460 1687 de
479 1661 602 1687 thesauro
616 1669 704 1687 rerum
719 1661 849 1692 omnium,

58 1697 203 1725 memoria?
227 1698 301 1731 Quae
319 1698 370 1725 nisi
388 1703 477 1725 custos
490 1699 607 1725 inventis
621 1699 796 1734 cogitatisque
811 1707 852 1725 re-

58 1735 109 1762 bus
123 1739 148 1762 et
161 1735 250 1762 verbis
264 1735 429 1767 adhibeatur,
446 1735 622 1772 intelligimus
633 1736 730 1767 omnia,
747 1736 852 1762 etiamsi

58 1772 268 1808 praeclarissima
283 1773 381 1800 fuerint
394 1774 421 1799 in
432 1777 541 1804 oratore,
554 1774 679 1808 peritura.
697 1775 737 1799 49.
751 1773 852 1806 Quam-

58 1810 148 1836 obrem
167 1811 255 1837 mirari
275 1810 443 1842 desinamus,
463 1819 532 1845 quae
546 1819 639 1837 caussa
653 1811 688 1837 sit
701 1811 852 1846 eloquenti-

57 1855 104 1874 um
119 1848 268 1882 paucitatis,
284 1857 369 1882 quum
384 1856 418 1874 ex
431 1848 464 1874 iis
479 1848 559 1874 rebus
574 1848 708 1874 universis
723 1848 852 1883 eloquen-

59 1885 93 1911 tia
112 1889 222 1916 constet,
242 1885 343 1920 quibus
356 1885 384 1911 in
398 1885 513 1920 singulis
527 1885 661 1912 elaborare
675 1894 851 1921 permagnum

58 1926 107 1952 est,
128 1921 316 1957 hortemurque
335 1923 423 1957 potius
444 1922 540 1949 liberos
563 1927 666 1949 nostros
684 1927 848 1958 ceterosque,

58 1967 173 1994 quorum
206 1958 268 1985 loria
283 1960 359 1986 nobis
373 1964 398 1986 et
411 1960 527 1995 dignitas
540 1968 599 1986 cara
612 1964 660 1992 est,
676 1964 705 1987 ut
714 1961 803 1987 animo
814 1961 851 1986 rei

57 1996 178 2032 magnitu
200 1997 269 2022 inem
283 1996 491 2032 complectantur
505 2005 592 2031 neque
606 1997 638 2023 iis
649 2001 694 2024 aut
704 1998 851 2032 praeceptis

58 2037 104 2059 aut
126 2033 259 2069 magistris
282 2038 327 2060 aut
349 2034 592 2065 exercitationibus,
615 2034 716 2069 quibus
739 2039 852 2061 utuntur

57 2078 159 2102 omnm,
184 2070 232 2096 sed
253 2070 312 2097 aliis
333 2071 495 2106 quibusdam
515 2080 543 2097 sc
561 2071 601 2103 id,
621 2071 693 2106 quod
712 2076 848 2107 expetunt,

58 2107 186 2142 consequi
210 2116 288 2142 posse
309 2108 450 2134 confidant.
484 2109 526 2135 VI.
547 2110 588 2135 20.
609 2108 646 2135 Ac
664 2117 722 2135 mea
739 2110 849 2144 quidem

58 2145 187 2171 sententia
210 2153 287 2171 nemo
309 2146 404 2180 poterit
426 2154 484 2172 esse
507 2146 578 2172 omni
602 2145 680 2172 laude
697 2146 851 2173 cumulatus

58 2186 155 2213 orator,
176 2182 227 2208 nisi
246 2183 296 2208 erit
308 2183 428 2209 omnium
443 2191 531 2209 rerum
547 2191 702 2219 magnarum
716 2188 796 2219 atque
809 2193 851 2210 ar-

58 2219 125 2245 tium
143 2219 280 2245 scientiam
294 2224 464 2246 consecutus.
490 2220 596 2246 Etenim
610 2229 643 2247 ex
656 2229 745 2247 rerum
759 2222 851 2257 cogni-

58 2255 128 2282 tione
141 2255 286 2283 efflorescat
299 2261 324 2283 et
335 2256 464 2283 redundet
477 2262 578 2292 oportet
591 2258 685 2290 oratio,
710 2267 786 2293 quae,
799 2259 850 2285 nisi

59 2293 151 2320 subest
176 2302 218 2320 res
243 2294 277 2320 ab
303 2299 403 2321 oratore
427 2299 547 2329 percepta
566 2299 592 2321 et
609 2296 727 2331 cognita,
743 2296 849 2322 inanem

58 2330 200 2365 quamdam
232 2331 311 2358 habet
341 2331 515 2358 elocutionem
545 2335 571 2358 et
600 2340 682 2366 paene
709 2333 848 2367 puerilem.

58 2368 100 2395 2¹.
120 2367 212 2403 Neque
230 2377 293 2395 vero
311 2377 360 2404 ogo
374 2369 422 2395 boc
437 2373 537 2395 tantum
551 2370 639 2396 oneris
654 2370 788 2404 imponam
804 2379 850 2397 no-

59 2404 121 2431 stris
139 2406 293 2440 praesertim
311 2406 459 2433 oratoribus
477 2406 504 2432 in
524 2406 572 2432 hac
591 2410 660 2433 tanta
678 2408 850 2442 occupatione
878 2433 879 2437 ,

59 2441 134 2468 urbis
159 2451 188 2469 ac
214 2443 292 2475 vitae,
318 2443 384 2470 nibil
408 2448 437 2470 ut
459 2444 492 2469 iis
516 2447 607 2478 putem
632 2443 708 2470 licere
732 2445 847 2476 nescire;

58 2485 221 2514 quamquam
241 2480 281 2506 vis
303 2481 412 2507 oratoris
436 2480 619 2515 professioque
642 2481 699 2515 ipsu
723 2481 789 2507 bene
808 2482 850 2508 di-

59 2515 134 2542 cendi
153 2516 202 2544 hoc
219 2518 354 2552 suscipere
372 2527 402 2544 ac
420 2517 538 2553 polliceri
557 2517 670 2549 videtur,
689 2523 717 2544 ut
730 2519 801 2544 omni
817 2518 849 2545 do

59 2560 99 2584 ro,
118 2561 303 2589 quaecumque
321 2556 356 2581 sit
373 2555 519 2590 proposita,
535 2560 625 2581 ornate
639 2555 672 2581 ab
685 2564 717 2581 eo
729 2556 850 2590 copios&

58 2597 111 2624 que
123 2590 234 2618 dicatur.
265 2593 306 2619 22.
323 2592 374 2619 Sed
388 2593 451 2627 quin
465 2601 517 2619 non
531 2592 632 2623 dubito,
649 2593 714 2627 quin
730 2592 778 2619 hoc
793 2593 849 2628 ple-

59 2626 148 2662 risque
174 2629 335 2656 immensum
359 2630 547 2664 infinitumque
572 2630 705 2661 videatur,
730 2634 757 2656 et
776 2629 848 2665 quod

1025 95 1043 122 C
1059 96 1078 121 A
1094 96 1121 121 P.
1148 99 1156 121 t
1181 111 1216 115 ——
1237 98 1261 121 8.
1664 97 1698 122 73

907 165 1020 192 Graecos
1038 165 1160 192 homines
1179 175 1230 192 non
1249 166 1336 192 solum
1350 167 1458 201 ingenio
1471 171 1496 192 et
1509 166 1635 197 doctrina,
1653 167 1700 193 sed

906 203 984 229 etiam
1003 204 1056 229 otio
1073 203 1216 238 studioque
1234 203 1399 230 abundantes
1418 204 1585 237 partitionem
1604 212 1700 238 quam-

906 240 967 266 dam
989 241 1085 267 artium
1106 240 1200 266 fecisse
1219 240 1297 267 video
1314 249 1401 275 neque
1420 241 1446 266 in
1465 242 1591 267 universo
1603 249 1700 276 genere

906 277 1028 313 singulos
1048 278 1209 308 elaborasse.
1234 277 1281 304 sed
1297 278 1448 312 seposuisse
1467 286 1480 304 a
1498 278 1592 304 ceteris
1606 278 1697 304 dictio-

907 315 987 341 nibus
1005 324 1063 341 eam
1077 320 1179 349 partem
1193 315 1308 346 dicendi,
1324 324 1392 350 quae
1406 316 1434 341 in
1449 315 1599 341 forensibus
1613 315 1701 341 disce-

906 353 1071 386 ptationibus
1085 353 1246 379 iudiciorum
1260 361 1289 378 ac
1302 352 1523 379 deliberationum
1539 357 1698 382 versaretur,

907 393 932 415 et
945 389 973 415 id
987 399 1072 416 unum
1085 399 1170 425 genus
1185 390 1280 416 oratori
1291 390 1447 425 reliquisse:
1476 398 1527 416 non
1541 389 1700 424 complectar

906 427 933 453 in
955 427 997 453 his
1023 427 1099 453 libris
1123 427 1247 462 amplius,
1273 436 1354 462 quarn
1372 427 1445 462 quod
1467 427 1530 453 huic
1547 427 1653 462 generi,
1674 435 1701 452 re

906 465 1025 499 quaesita
1044 469 1069 490 et
1087 465 1203 491 multum
1218 465 1360 499 disputata,
1377 473 1545 491 summorum
1560 464 1699 490 bominum

906 510 988 536 prope
1003 510 1135 528 consensu
1155 506 1194 528 est
1214 503 1357 533 tributum,
1386 504 1427 529 23.
1455 506 1626 536 repetamque
1648 510 1702 527 non

906 539 938 565 ab
957 539 1128 565 incunabulis
1148 544 1250 565 nostrae
1270 541 1366 566 veteris
1385 539 1551 574 puerilisque
1565 539 1701 565 doctrinae

905 576 1048 611 quemdam
1063 576 1182 602 ordinem
1198 581 1406 611 praeceptorum,
1423 577 1469 602 sed
1483 585 1522 608 ea,
1535 585 1603 611 quae
1614 585 1702 611 quon-

905 613 966 640 dam
985 614 1074 648 accepi
1098 614 1124 639 in
1144 618 1294 640 nostrorum
1313 614 1453 640 hominum
1467 614 1701 648 eloquentissimo-

904 660 964 677 rum
983 655 1008 676 et
1026 651 1097 677 omni
1116 651 1244 686 dignitate
1262 652 1414 686 principum
1437 651 1615 686 disputatione
1642 659 1700 677 esse

904 692 1020 720 versata;
1050 697 1101 714 non
1120 689 1192 723 quod
1210 688 1255 714 illa
1273 693 1454 719 contemnam,
1470 697 1538 723 quae
1553 689 1645 715 Graeci
1659 688 1701 714 di—

904 726 981 752 cendi
995 725 1108 751 artifices
1123 731 1147 752 et
1158 726 1276 752 doctores
1291 726 1470 761 reliquerunt3
1486 726 1542 756 sed,
1556 734 1640 760 quum
1655 725 1700 751 illa

905 767 1010 798 pateant
1029 763 1055 789 in
1073 768 1235 798 promtuque
1253 764 1306 790 sint
1324 763 1458 794 omnihus,
1476 771 1562 798 neque
1576 772 1605 788 ea
1619 763 1701 789 inter-

905 801 1049 835 pretatione
1063 810 1121 826 mea
1135 805 1179 827 aut
1193 801 1311 827 ornatius
1325 800 1453 835 explicari
1479 805 1525 826 aut
1536 800 1641 834 planius
1653 809 1700 826 ex-

905 838 984 873 primi
1002 838 1119 872 possint,
1136 838 1213 864 dabis
1231 838 1299 864 hanc
1313 838 1427 869 veniam,
1444 838 1481 863 mi
1496 837 1583 868 frater,
1600 842 1629 863 ut
1643 838 1701 871 opi-

905 884 960 907 nor,
982 880 1010 901 ut
1024 884 1129 907 eorum,
1145 876 1246 911 quibus
1261 884 1366 902 summa
1380 875 1486 901 dicendi
1502 874 1560 901 laus
1574 884 1588 901 a
1603 875 1700 901 nostris

904 913 1060 939 hominibus
1081 922 1205 940 concessa
1229 918 1280 944 est,
1301 913 1483 939 auctoritatem
1501 912 1609 939 Graecis
1627 916 1701 938 ante-

904 959 1010 985 ponam.

960 988 1014 1014 Vll.
1030 989 1072 1015 24.
1088 987 1177 1019 Quum
1193 988 1275 1023 igitur
1288 987 1474 1013 vehementius
1489 986 1659 1013 inveheretur
1673 987 1700 1012 in

904 1034 1026 1051 caussam
1037 1025 1190 1060 principum
1201 1024 1294 1051 consul
1304 1024 1456 1059 Philippus,
1470 1025 1603 1059 Drusique
1615 1024 1700 1050 tribu-

905 1067 982 1089 natus
1001 1071 1048 1097 pro
1065 1067 1173 1088 senatus
1192 1063 1345 1089 auctoritate
1363 1066 1505 1097 susceptus
1523 1061 1633 1096 infringi
1647 1062 1700 1087 iam

904 1100 1093 1135 debilitarique
1116 1099 1266 1131 videretur,
1287 1100 1340 1126 diei
1359 1100 1425 1126 mihi
1444 1099 1555 1125 memini
1575 1099 1699 1125 ludorum

904 1138 1082 1164 Romanorum
1097 1137 1201 1169 diebus,
1218 1138 1247 1163 L.
1264 1137 1390 1164 Crassum
1404 1138 1481 1172 quasi
1495 1136 1638 1172 colligendi
1657 1136 1699 1162 sui

903 1184 998 1201 caussa
1018 1184 1046 1201 se
1063 1175 1090 1201 in
1105 1174 1288 1201 Tusculanum
1299 1174 1458 1207 contulisse,
1476 1175 1581 1201 venisse
1595 1173 1697 1204 eodem,

904 1221 977 1239 socer
995 1213 1053 1238 eius
1070 1213 1117 1247 qui
1138 1212 1234 1244 fuerat,
1255 1212 1372 1244 Quintus
1390 1212 1495 1238 Mucius
1513 1212 1658 1242 dicebatur,
1676 1215 1701 1237 ct

904 1250 939 1276 M.
954 1249 1095 1281 Antonius,
1113 1250 1192 1277 homo
1205 1254 1230 1276 et
1244 1250 1416 1276 consiliorum
1428 1250 1454 1276 in
1463 1249 1599 1284 republica
1611 1249 1700 1275 socius

904 1292 929 1313 et
964 1296 1069 1314 summa
1104 1296 1165 1313 cum
1197 1287 1291 1314 Crasso
1322 1287 1500 1314 familiaritate
1529 1287 1697 1313 coniunctus.

903 1326 944 1352 25.
960 1325 1085 1351 Exierant
1096 1330 1184 1351 autem
1198 1334 1260 1351 cum
1271 1326 1329 1360 ipso
1340 1325 1434 1351 Crasso
1445 1324 1625 1351 adolescentes
1635 1323 1697 1353 duo,

903 1363 982 1388 Drusi
1001 1363 1116 1388 maxime
1135 1362 1291 1393 familiares,
1309 1367 1333 1388 et
1347 1363 1374 1389 in
1389 1362 1489 1397 quibus
1504 1370 1627 1397 magnam
1644 1366 1699 1387 tum

904 1408 979 1434 spem
1007 1400 1118 1426 maiores
1145 1404 1207 1426 natu
1231 1400 1368 1435 dignitatis
1395 1408 1459 1425 suae
1482 1399 1648 1429 collocaram,
1670 1400 1697 1424 (ἶ.

905 1437 991 1468 Cotta,
1011 1438 1057 1471 qui
1073 1442 1130 1463 tum
1146 1437 1310 1463 tribunatum
1326 1437 1412 1471 plebis
1427 1437 1540 1471 petebat,
1557 1441 1581 1463 et
1595 1437 1623 1462 P.
1638 1435 1701 1462 Sul-

904 1474 1005 1509 picius,
1023 1474 1071 1509 qui
1090 1474 1216 1508 deinceps
1230 1483 1292 1500 eum
1304 1475 1488 1509 magistratum
1503 1475 1635 1508 petiturus
1650 1482 1700 1507 pu-

905 1512 1016 1538 tabatur.
1047 1514 1088 1539 26.
1110 1512 1139 1537 lli
1155 1512 1241 1546 primo
1254 1511 1297 1537 die
1311 1512 1343 1537 de
1359 1511 1523 1546 temporibus
1538 1511 1624 1546 deque
1640 1511 1699 1536 uni-

880 1545 881 1551 *
904 1558 979 1576 versa
994 1548 1139 1583 republica,
1156 1558 1237 1583 quam
1251 1549 1284 1575 ol)
1299 1558 1420 1575 caussam
1441 1553 1570 1579 fenerant,
1583 1547 1699 1574 multum

904 1587 972 1613 inter
994 1595 1022 1613 se
1042 1595 1128 1621 usque
1151 1586 1184 1612 ad
1207 1591 1356 1612 extremum
1381 1591 1486 1621 tempus
1505 1586 1557 1612 diei
1576 1585 1698 1611 collocuti

904 1628 976 1650 sunt.
1008 1623 1066 1656 Quo
1080 1623 1190 1658 quide-m
1206 1624 1232 1650 in
1247 1633 1367 1650 sermone
1383 1623 1465 1650 multa
1479 1623 1611 1649 divinitus
1625 1632 1638 1648 a
1653 1623 1699 1649 tri-

904 1662 954 1688 bus
969 1661 1022 1687 illis
1037 1661 1224 1688 consularibus
1235 1661 1307 1687 Cotta
1318 1661 1452 1696 deplorata
1462 1666 1486 1686 et
1496 1666 1698 1686 commemorata

904 1699 1034 1730 narrabat,
1051 1703 1081 1725 ut
1096 1698 1162 1724 nibil
1177 1698 1316 1725 incidisset
1330 1703 1420 1733 postea
1434 1699 1535 1724 civitati
1547 1697 1698 1732 mali,quod

905 1745 956 1763 non
979 1736 1135 1771 impendere
1157 1735 1197 1762 illi
1212 1740 1283 1762 tanto
1297 1740 1356 1762 ante
1371 1736 1515 1767 vidissent,
1545 1736 1586 1762 27.
1603 1744 1633 1761 eo
1652 1743 1700 1760 au-

904 1779 955 1800 tem
969 1774 1042 1800 omni
1057 1782 1178 1799 sermone
1192 1773 1320 1805 consecto,
1339 1778 1436 1800 tantam
1453 1774 1479 1799 in
1494 1773 1588 1800 Crasso
1603 1772 1699 1798 huma—

903 1812 1012 1838 nitatem
1028 1810 1120 1842 fuisse,
1141 1815 1178 1842 ut,
1195 1819 1280 1845 quum
1300 1810 1364 1837 lauti
1380 1811 1576 1841 accubuissent,
1594 1809 1699 1836 tollere-

903 1853 947 1875 tur
962 1849 1049 1875 omnis
1067 1848 1112 1874 illa
1131 1848 1278 1882 superioris
1293 1848 1398 1874 tristitia
1414 1848 1544 1874 sermonis
1558 1856 1642 1882 eaque
1656 1855 1699 1873 es-

902 1891 942 1912 set
960 1887 987 1912 in
1007 1886 1114 1912 homine
1132 1885 1285 1912 iucunditas
1305 1890 1330 1912 et
1344 1890 1433 1912 tantus
1447 1886 1473 1911 in
1488 1885 1598 1911 iocando
1614 1884 1695 1919 lepos,

879 1925 881 1951 ἰ
903 1928 932 1950 ut
950 1923 1007 1949 dies
1026 1924 1094 1949 inter
1112 1932 1157 1949 eos
1175 1923 1265 1949 curiae
1285 1922 1368 1949 fuisso
1383 1923 1525 1953 videretur,
1542 1923 1697 1949 convivium

880 1970 881 1977 ¹
903 1960 1058 1987 Tusculani.
1081 1962 1122 1987 28.
1139 1960 1246 1987 Postero
1259 1964 1348 1986 autem
1363 1960 1414 1990 die,
1430 1969 1515 1995 quum
1531 1960 1570 1986 illi
1585 1960 1697 1986 maiores

903 2003 965 2024 natu
980 1999 1044 2024 satis
1058 1999 1205 2032 quiessent,
1227 2002 1252 2024 et
1266 1998 1292 2024 in
1307 1997 1515 2024 ambulationem
1531 2002 1640 2023 ventum
1656 2005 1697 2023 es-

902 2040 950 2067 set,
978 2035 1082 2061 dicebat
1097 2040 1152 2061 tum
1169 2034 1332 2066 Scaevolam,
1348 2035 1454 2061 duolms
1469 2035 1563 2070 spatiis
1578 2034 1697 2060 tribusve

903 2072 987 2104 sactis,
1008 2073 1123 2099 dixisse:
1149 2072 1202 2099 Cur
1216 2082 1266 2099 non
1282 2073 1427 2103 imitamur,
1444 2072 1546 2103 Crasse,
1563 2071 1696 2098 Socratem

902 2110 990 2141 illum,
1006 2110 1052 2145 qui
1067 2114 1107 2136 est
1121 2109 1146 2135 in
1161 2110 1280 2136 Phaedro
1294 2109 1429 2136 Platonis?
1444 2110 1509 2136 Nam
1525 2118 1566 2135 me
1579 2109 1642 2135 baec
1653 2114 1696 2135 tua

903 2147 1026 2182 platanus
1049 2146 1196 2178 admonuit,
1219 2156 1287 2182 quae
1311 2156 1361 2173 nou
1381 2148 1470 2173 minus
1484 2146 1516 2172 ad
1530 2146 1695 2181 opacandum

903 2185 974 2211 bunc
990 2184 1076 2211 locum
1092 2184 1190 2219 patulis
1205 2190 1243 2210 est
1258 2184 1354 2210 ditl'usa
1366 2185 1454 2215 ramis,
1464 2193 1544 2219 quam
1557 2183 1696 2213 manuus

903 2222 1025 2248 umbram
1040 2226 1149 2248 secutus
1163 2226 1202 2247 est
1217 2222 1345 2252 Socrates,
1361 2230 1430 2256 quae
1445 2221 1510 2247 milii
1526 2220 1630 2246 videtur
1645 2229 1695 2246 non

903 2264 954 2285 tam
979 2259 1035 2293 ipsa
1059 2258 1166 2293 aquula,
1192 2268 1261 2293 quae
1283 2259 1451 2289 describitur,
1477 2267 1556 2292 quam
1581 2257 1696 2283 Platonis

901 2296 1018 2322 oratioue
1029 2297 1183 2326 crevissem
1195 2296 1267 2330 quod
1279 2296 1323 2322 ille
1333 2296 1487 2321 durissimis
1499 2295 1612 2329 pedibus
1624 2294 1694 2325 fec-it,

903 2338 931 2359 ut
951 2342 978 2359 sc
993 2333 1118 2359 abiit-oret
1132 2333 1158 2359 iu
1174 2333 1264 2363 herba,
1281 2338 1360 2367 atque
1375 2333 1409 2358 ita
1424 2333 1477 2361 illa.
1494 2341 1562 2366 quac
1578 2331 1696 2366 philoso-

879 2380 880 2394 1
903 2371 948 2404 phi
971 2370 1102 2396 (livinitus
1126 2369 1214 2396 ferunt
1232 2379 1290 2396 esse
1309 2371 1387 2400 dicta,
1410 2369 1570 2404 loqueretur,
1587 2369 1613 2395 id
1629 2370 1696 2395 meis

903 2407 1017 2441 pedibus
1031 2412 1100 2433 certe
1114 2407 1222 2433 concedi
1234 2412 1273 2433 est
1284 2408 1407 2441 aequius.
1426 2409 1465 2433 29.
1478 2407 1545 2432 Tum
1553 2407 1692 2433 Crassum.

878 2442 880 2466 Γ
902 2446 984 2470 {nuno
1000 2453 1062 2470 vcro
1075 2444 1242 2470 cununodius
1257 2445 1349 2475 etiamn
1367 2443 1547 2479 pulvinosque
1559 2444 1695 2479 poposcis-

870 2650 871 2653 *
901 2640 960 2657 uem
979 2630 1122 2665 qucimlum
1142 2630 1174 2656 (lc
1193 2630 1282 2656 studio
1295 2630 1400 2657 «licendi
1416 2630 1548 2657 intulisse.

900 2490 938 2511 sc,
959 2486 983 2507 et
1003 2490 1095 2507 omncs
1115 2482 1141 2507 in
1157 2481 1190 2507 iis
1204 2481 1324 2511 sedibus,
1341 2490 1409 2516 quac
1424 2486 1497 2508 erunt
1511 2482 1562 2508 sub
1578 2482 1692 2516 platano.

899 2518 1052 2545 consedisse
1065 2518 1178 2544 dicebat.

956 2556 1020 2583 Vlll.
1038 2555 1085 2585 lbi.
1103 2560 1131 2581 ut
1145 2564 1176 2581 ex
1193 2556 1304 2590 pristino
1315 2565 1434 2582 sermone
1447 2555 1627 2582 relaxarentur
1637 2557 1694 2581 ani-

901 2593 936 2619 mi
951 2594 1080 2622 omnium.
1106 2592 1207 2618 solebat
1226 2593 1298 2618 Cotta
1319 2602 1432 2623 iiarrare,
1453 2594 1578 2619 Crassum
1593 2602 1694 2618 sermo-

1585 2632 1626 2657 30.
1641 2630 1692 2662 Qui

1460 2681 1488 2703 to
