1941 3052
211 127 259 151 ⁸92·
781 128 822 152 (m.
858 127 891 152 M.
923 127 952 152 Τ.

211 197 349 225 miserum,

385 197 460 230 pueri
495 195 632 229 epistolum
670 195 735 221 indii
769 195 915 222 attulerunt
950 196 998 223 boc

210 232 346 267 exeniplo:
1019 237 1021 242 ‘

633 304 686 323 Ἣ,
1019 303 1021 348 5

264 301 306 321 XV
319 301 344 320 Α,
367 301 613 319 (xi-vrit„1...,..v.,..‚.,

248 345 371 372 MATIUS
397 345 440 370 ET
459 344 644 371 TttEBATtUS
665 345 822 372 CICERONI
843 346 909 372 IMI'.
931 345 959 372 S.
1019 356 1021 383 j

267 380 361 414 Quum
383 383 471 415 Capua
496 382 660 413 exissemus,
688 383 714 408 in
735 384 828 409 itinere
849 382 995 413 nudiirnus,
1019 385 1021 387 ’

211 420 365 453 Pompeium
388 417 529 444 Brundisio
543 428 567 445 a.
585 419 611 445 d.
628 428 684 445 xvi.
702 420 812 446 Kalend.
834 420 917 454 April.
935 429 996 446 eum

208 456 439 490 omnibnscopiis,
451 464 519 490 quas
531 455 662 486 habuerit,
679 457 909 491 prosectumesse:
932 459 997 484 Cae·
1018 461 1020 487 1

209 503 295 520 sarem
307 498 412 528 postero
423 492 466 518 die
479 493 504 519 in
515 493 645 527 oppidum
659 494 794 525 introit-ism
811 495 996 521 concionatum

211 540 282 563 csse;
317 530 377 555 inde
394 530 502 556 Romam
517 530 699 562 contendisse;
734 531 800 557 velle
812 536 872 557 ante
884 531 994 558 Kalend.

209 576 267 594 esse
284 567 315 593 ad
332 567 438 597 Urbem,
452 571 478 593 et
489 575 586 601 paucos
601 567 660 593 dies
672 568 709 594 ibi
720 569 887 599 commorari,
900 569 997 595 deinde
1018 594 1020 603 ³

210 606 236 631 in
258 604 399 639 Hispanias
415 604 557 638 proticisci.
603 605 685 631 Nobis
706 615 756 632 non
773 605 890 633 alienum
908 607 996 632 visum

209 647 256 672 est,
278 641 404 677 quoniam
421 641 453 667 de
469 641 584 668 adventu
601 642 722 669 Caesaris
738 652 784 677 pro
795 648 866 669 certo
880 643 997 669 habeba—
1018 642 1019 646 ’

209 688 283 709 mus,
307 687 403 713 pueros
418 678 450 704 ad
468 683 490 705 te
508 679 654 710 remittere,
672 684 701 706 ut
718 680 743 706 id
756 685 782 706 tu
794 681 996 715 quamprimum
1018 694 1019 698 =

208 716 300 743 scires.
333 715 453 742 Mandata
466 720 509 742 tua
521 716 598 742 nobis
609 725 688 743 curae
699 722 770 748 sunt,
784 726 877 752 eaque,
891 722 919 744 ut
930 723 997 744 tem-

208 762 258 788 pus
279 752 432 788 postularit,
448 762 569 788 agemus.
610 754 750 781 Trebatius
765 754 859 781 sedulo
875 754 949 784 facit.
968 760 997 781 ut

207 790 353 817 antecedat.
394 790 511 825 Epistola
523 791 681 825 conscripta,
695 793 845 818 nuntiatum
857 797 897 818 est
908 792 994 823 nobis,

207 828 346 855 Caesarem
361 836 384 854 a.
397 827 424 854 d.
440 836 494 854 rui.
508 827 658 863 Rumpi-il.
671 829 814 855 Beneventi
827 838 993 860 mansurum,

207 874 231 892 a.
249 865 276 891 d.
293 873 338 891 vu.
353 864 468 900 Capuae,
482 873 506 892 a.
521 865 548 891 d.
562 873 598 892 vi.
610 866 763 893 Sinuessae.
805 867 856 893 tloc
868 875 915 901 pro
925 872 996 893 certo

207 906 343 937 putamus.

220 984 225 991 ι
259 971 323 992 XVI.
352 973 381 995 (Iri
391 972 498 993 Formiano,
506 974 605 993 *turult-1.
615 974 697 992 Lentulo
707 981 752 992 tou.
764 976 818 995 ἴθ’»)

391 1015 560 1043 CICERO
589 1017 758 1045 ATTICO
783 1018 811 1045 S.

264 1055 288 1079 t.
313 1051 412 1085 Quum.
430 1053 502 1088 quod
517 1053 663 1081 scriberem
679 1055 711 1081 ad
727 1060 759 1086 te,
774 1055 841 1081 nihil
854 1055 993 1082 haberem:

207 1094 304 1121 tamen,
314 1099 346 1116 ne
360 1098 441 1125 quem
453 1090 524 1116 diem
536 1092 747 1123 intermitterem,
757 1092 805 1118 has
815 1092 995 1119 dedilitteras.

206 1127 237 1153 A.
255 1127 282 1153 d.
296 1135 331 1153 v1.
345 1127 402 1153 Kal.
415 1128 554 1154 Caesarem
565 1128 705 1155 Sinuessae
720 1138 877 1156 mansurum
889 1131 998 1156 nuntia-

207 1164 279 1191 bant.
319 1164 402 1190 Abeo
414 1165 482 1191 mihi
495 1164 594 1192 litterae
606 1166 724 1193 redditae
734 1172 798 1193 sunt
807 1175 832 1193 a.
844 1167 872 1193 d.
884 1175 930 1193 vn.
944 1168 997 1193 Ka—

207 1200 294 1234 lend.;
312 1201 414 1236 quibus
426 1202 478 1228 iam
499 1211 557 1235 opes
572 1211 658 1234 meas,
675 1212 736 1235 non,
754 1209 784 1230 ut
798 1205 994 1239 superioribus,

205 1247 283 1271 opem,
300 1243 445 1272 exspectat.
484 1238 574 1271 Quum
590 1241 648 1266 eius
664 1240 833 1268 clementiam
849 1241 997 1268 Corfinien-

205 1283 262 1301 sem
288 1274 361 1301 illam
391 1283 439 1310 per
468 1275 569 1303 litteras
592 1277 832 1310 collaudavissem,
858 1280 997 1314 rescripsit

206 1312 256 1339 hoc
274 1311 407 1347 exemplo.

274 1382 427 1410 CAESAR
447 1384 525 1410 IMP.
546 1384 733 1413 CICERONI
752 1386 828 1413 IMP.
850 1386 878 1413 S.
899 1387 930 1414 D.

263 1422 285 1447 1.
308 1416 391 1447 Recte
406 1422 547 1456 auguraris
562 1421 594 1448 de
607 1431 658 1454 me,
670 1423 747 1458 (bene
759 1425 830 1450 enim
842 1424 892 1451 tibi
902 1425 997 1461 cogni—

205 1461 247 1483 tus
258 1457 330 1493 sum)
341 1457 408 1484 nihil
420 1467 434 1484 a
446 1466 487 1485 me
499 1458 592 1486 abesse
605 1459 711 1496 longius
722 1461 889 1488 crudelitate.
908 1462 995 1498 Atque

204 1503 254 1529 ego
265 1503 350 1529 quum
363 1503 397 1522 ex
408 1496 465 1530 ipsa
477 1504 504 1522 re
517 1505 641 1532 magnam
652 1499 729 1532 capio
740 1498 913 1533 voluptatem,
927 1504 993 1531 tum,

204 1540 294 1558 meum
311 1531 410 1558 factum
426 1533 533 1567 probari
544 1534 591 1560 ahs
604 1538 637 1566 te,
651 1535 787 1570 triumpho
797 1536 912 1572 gaudeo.
942 1537 996 1563 Ne-

203 1577 257 1603 que
273 1568 341 1595 illud
354 1578 396 1595 me
408 1574 508 1602 movet,
524 1571 597 1605 quod
609 1572 637 1602 ii,
651 1573 699 1607 qui
715 1581 729 1598 a
744 1581 787 1599 me
802 1573 910 1600 dimissi
921 1578 992 1605 sunt,

203 1606 363 1632 discessisse
383 1606 522 1638 dicuntur,
543 1612 573 1634 ut
592 1609 660 1636 mihi
680 1618 774 1636 rursus
794 1610 896 1637 bellum
912 1610 995 1638 infer—

203 1648 274 1669 rent:
298 1643 366 1669 nihil
377 1644 450 1670 enim
462 1644 629 1680 malo‚quam
641 1650 667 1674 et
678 1655 720 1673 me
730 1647 783 1674 mei
794 1648 912 1674 similem
923 1656 992 1679 esse,

203 1684 229 1706 et
239 1680 300 1706 illos
311 1681 364 1707 sui.
404 1682 430 1708 2.
451 1682 490 1708 Tu
502 1681 584 1708 velim
597 1683 665 1710 mihi
676 1684 709 1710 ad
720 1684 819 1711 Urbem
829 1689 934 1719 praesto
944 1686 992 1716 sis,

203 1722 232 1743 ut
243 1718 296 1743 tuis
306 1717 427 1744 consiliis
438 1723 518 1753 atque
527 1719 634 1754 opibus,
648 1725 678 1748 ut
687 1722 824 1752 consuevi,
834 1722 994 1748 {nomnibus

203 1754 284 1780 rebus
305 1759 372 1780 utar.
412 1755 547 1782 Dolabella
568 1761 613 1784 tuo
628 1758 696 1784 nihil
712 1759 779 1785 scito
794 1759 862 1784 mihi
877 1767 936 1786 esse
950 1760 994 1786 iu-

203 1791 329 1817 cundius.
352 1792 424 1818 Hanc
435 1792 501 1819 adeo
511 1793 616 1820 habebo
626 1795 740 1830 gratiam
751 1795 805 1822 illi:
822 1804 909 1830 neque
920 1797 993 1822 enim

203 1827 279 1854 aliter
294 1828 379 1855 Iacere
390 1830 500 1863 poterit:
522 1835 593 1857 tanta
603 1832 663 1858 eius
673 1831 836 1865 humanitas,
849 1833 873 1859 is
883 1841 990 1865 sensus,

203 1873 232 1891 ea
245 1866 272 1892 in
284 1874 326 1892 me
337 1870 377 1892 est
387 1866 584 1895 benevolentia.

254 1934 328 1954 xvll.
352 1936 380 1958 (In
389 1937 497 1957 Formi-mu,
507 1938 606 1959 Marcello,
616 1939 696 1957 Lentulo
706 1946 752 1959 coss.
764 1939 819 1962 705.)

384 1978 550 2007 CICERO
579 1981 746 2009 ATTICO
777 1982 806 2010 S.

258 2023 281 2048 t.
304 2017 466 2050 Trebatium
487 2032 523 2051 vl.
544 2024 672 2057 Kalend..
694 2034 748 2061 quo
765 2026 810 2053 die
826 2027 874 2053 has
890 2026 991 2055 litteras

201 2058 273 2090 dedi,
289 2060 487 2095 exspectabam.
527 2061 568 2088 Ex
581 2063 640 2088 eius
651 2064 746 2090 nuntio
756 2064 884 2099 Matiique
897 2065 991 2092 litteris

200 2096 358 2128 meditabor,
372 2105 425 2132 quo
437 2098 515 2124 modo
525 2107 587 2125 eum
598 2099 644 2126 illo
656 2099 759 2135 loquar.
787 2100 809 2127 Ο
821 2106 928 2136 tempus
939 2103 992 2128 mi—

199 2134 304 2160 serum!
337 2135 390 2160 Nec
405 2134 509 2166 dubito,
527 2137 593 2171 quin
608 2145 621 2163 a
632 2145 674 2163 me
685 2138 834 2169 contendat,
847 2139 881 2165 ad
893 2139 991 2166 Urbem

200 2174 230 2196 ut
244 2171 361 2198 veniam.
402 2171 529 2199 Senatum
545 2175 617 2200 enim
631 2174 690 2201 Kal.
703 2174 772 2201 velle
783 2184 812 2202 se
823 2175 990 2210 frequentem

200 2207 304 2239 adesse,
326 2209 405 2235 etiam
422 2210 536 2236 Formiis
551 2211 683 2245 proscribi
699 2212 787 2238 iussit.
826 2213 897 2249 Ergo
907 2214 933 2240 ei
944 2222 992 2240 ne-

199 2245 319 2279 gandum
339 2245 397 2272 est‘.>
416 2246 469 2273 Sed
485 2247 552 2282 quid
568 2248 721 2284 praecipio?
741 2249 836 2276 Statim
849 2250 883 2276 ad
893 2255 918 2277 te
929 2259 991 2285 per-

199 2282 316 2308 scribam
335 2283 435 2310 omnia.
474 2284 515 2311 Ex
535 2284 609 2312 illius
624 2294 746 2312 sermone
761 2291 890 2319 statuam,
910 2288 992 2323 Arpi-

199 2327 300 2346 numne
316 2320 385 2346 mihi
395 2320 515 2347 eundum
525 2323 569 2354 sit,
582 2331 615 2349 an
626 2331 680 2358 quo
691 2323 752 2350 alio.
792 2323 857 2351 Volo
868 2325 990 2352 Ciceroni

199 2364 258 2382 meo
269 2361 358 2393 togam
369 2366 464 2392 puram
476 2358 548 2385 dare.
588 2360 650 2386 Istic
661 2365 736 2395 puto.
776 2362 802 2387 2.
814 2362 864 2392 Tu,
877 2371 987 2397 quaeso,

199 2393 294 2428 cogita,
308 2395 375 2429 quid
385 2394 493 2422 deinde.
515 2397 582 2422 Nam
593 2405 636 2423 me
647 2397 770 2424 hebetem
782 2398 919 2425 molestiae
929 2399 991 2425 red-

199 2429 334 2457 diderunt.
374 2432 395 2458 A
411 2432 504 2464 Curio,
522 2433 605 2460 velim
620 2434 702 2465 scire,
719 2435 818 2469 ecquid
833 2435 867 2462 ad
882 2441 908 2463 te
923 2437 991 2462 scri-

199 2470 274 2500 ptum
295 2468 330 2494 sit
344 2468 377 2494 de
387 2469 493 2496 Tirone.
532 2470 574 2497 Ad
590 2479 632 2497 me
647 2472 719 2497 enim
734 2472 794 2506 ipse
805 2473 866 2499 Tiro
876 2474 911 2499 ita
922 2474 992 2500 scri-

198 2503 261 2536 psit,
278 2509 308 2530 ut
318 2513 422 2536 verear,
440 2506 507 2541 quid
522 2512 592 2543 agat.
631 2507 684 2540 Qui
692 2513 780 2535 autem
792 2510 906 2536 veniunt
915 2510 987 2541 inde,

198 2539 338 2574 κινδυνώδη
349 2543 482 2570 nuntiant.
513 2544 582 2571 Sane
593 2545 620 2571 in
632 2546 738 2581 magnis
748 2546 821 2572 curis
832 2547 913 2573 etiam
924 2547 990 2574 haec

200 2584 242 2601 me
260 2576 398 2604 sollicitat:
432 2580 460 2606 in
480 2580 529 2607 hac
544 2582 616 2608 enim
632 2581 737 2609 fortuna
752 2583 875 2617 perutilis
890 2584 950 2611 eius
965 2588 991 2612 et

198 2621 277 2647 opera
289 2619 314 2640 et
324 2614 437 2642 fidelitas
451 2622 530 2644 esset.

987 127 1261 154 CICERONIS

1104 195 1177 216 xvm
1216 200 1288 218 titum·

1170 269 1177 274 Ἴ
1236 238 1403 264 CICERO
1432 240 1598 266 ATtho
1627 242 1655 267 S.

1105 276 1127 300 4.
1151 269 1171 299 Ι,
1181 279 1304 310 {rumque
1318 284 1351 301 ex
1364 280 1408 301 tuo
1419 277 1540 302 coneilio.
1583 278 1647 304 Nam
1659 284 1684 304 et
1694 279 1777 304 mutio
1788 279 1839 306 tuit

1049 320 1078 336 ea
1100 316 1201 341 nostra,
1223 317 1250 338 ut
1271 313 1338 338 bene.
1357 314 1445 346 potius
1463 313 1506 339 ille
1520 313 1553 339 de
1570 315 1646 340 nobis
1662 316 1837 345 existunaret.

1048 357 1129 382 qnam
1141 350 1238 381 gratias
1250 354 1352 383 ageret:
1369 351 1432 376 etin
1443 352 1638 381 commisimus.
1652 353 1721 378 need
1730 353 1837 379 [rin-m.

1050 385 1095 411 Illa
1111 384 1271 416 fefellerunt.
1290 386 1394 412 l'acilem
1405 387 1476 421 quod
1490 392 1654 421 puunramun.
1696 390 1768 416 Nihil
1782 390 1838 416 ‘vidi

1050 423 1152 453 minus,
1176 423 1296 449 ‹laninari
1312 432 1340 449 se
1352 429 1440 450 nostro
1455 424 1567 455 iudicio*y
1590 426 1717 453 tardiores
1730 427 1783 453 [ore
1798 436 1840 453 re·

1050 459 1147 494 liquos,
1165 461 1188 485 si
1201 469 1247 486 nos
1259 469 1309 487 nun
1325 462 1486 490 venerimus,
1500 461 1598 488 dicere.
1639 463 1703 498 Ego.
1716 464 1838 491 dissimi-

1050 496 1100 522 lem
1114 496 1219 523 illorum
1231 506 1290 523 esse
1301 506 1434 524 caussam.
1474 499 1561 530 Quum
1575 499 1669 525 multa:
1692 501 1774 527 «Veni
1788 502 1840 534 ipi-

1050 539 1105 564 tur,
1129 539 1154 560 et
1174 543 1222 569 age
1243 535 1275 560 de
1297 543 1390 569 pace.»
1429 535 1534 565 Merme.
1554 537 1676 571 inquam.
1693 538 1840 564 arbitratu?

1049 572 1106 597 uAn
1132 571 1194 602 tibi,
1219 572 1319 606 inquit,
1337 581 1386 604 ego
1402 573 1617 607 praescribamfl’n
1642 574 1700 603 Sic.
1717 575 1836 610 inquam.

1048 617 1134 640 agam,
1151 610 1255 635 senatui
1272 618 1323 635 non
1336 608 1439 644 placere
1455 610 1480 636 in
1493 611 1634 645 Hispanias
1649 612 1690 641 iri,
1704 620 1752 637 nec
1762 621 1838 639 exer-

1047 646 1116 671 citus
1137 646 1163 671 in
1180 646 1318 672 Graeciam
1335 648 1519 681 transportari:
1547 648 1697 683 multaque,
1717 649 1836 683 inquam.

1048 682 1080 708 de
1101 684 1186 709 Cnneo
1202 683 1357 718 deplorabo.
1398 685 1464 710 Tum
1482 684 1540 714 ille,
1557 685 1631 719 uago
1648 694 1709 712 vero
1721 687 1769 711 ista
1783 686 1837 713 dici

1048 719 1137 746 nolo.»
1177 721 1211 746 lta
1229 721 1365 755 putabam,
1381 722 1503 755 inquam;
1526 722 1574 747 sed
1585 731 1634 757 ego
1646 731 1676 748 eo
1689 723 1748 749 nolo
1760 723 1838 749 ades-

1048 765 1085 787 se,
1108 757 1179 792 qued
1199 764 1243 784 aut
1259 759 1298 783 sic
1310 758 1376 784 mibi
1388 758 1533 784 dicendum
1545 764 1593 788 est.
1611 760 1838 794 multaque,quae

1048 793 1121 821 nullo
1143 795 1220 821 modo
1237 804 1343 829 possem
1362 795 1449 825 silere,
1468 796 1490 821 si
1507 796 1641 824 adessem:
1665 802 1709 822 aut
1725 806 1775 823 non
1793 806 1839 823 ve-

1047 831 1186 858 niendum.
1227 832 1337 858 Summa
1353 832 1414 862 suit,
1433 838 1460 859 ut
1475 832 1531 863 ille,
1547 834 1626 868 quasi
1640 835 1742 860 exitum
1755 842 1840 869 quae-

1048 877 1117 899 rens,
1131 874 1159 895 ut
1171 869 1358 896 deliberarem.
1400 870 1455 896 Non
1469 869 1519 896 suit
1531 870 1693 905 negandum.
1735 872 1769 898 Ita
1781 872 1837 897 dis-

1047 907 1189 932 cessimus.
1220 907 1304 933 Credo
1316 908 1406 941 igitur.
1421 907 1491 933 bunc
1503 916 1543 933 me
1556 916 1606 934 non
1621 917 1719 934 amare.
1746 909 1778 935 At
1789 917 1839 943 ego

1049 952 1090 969 me
1109 944 1210 973 amavi;
1242 944 1313 978 quod
1336 944 1403 970 milii
1425 945 1477 970 iarn
1494 944 1597 979 pridem
1618 954 1668 971 usu
1686 954 1737 971 non
1754 947 1837 972 venit.

1048 982 1073 1006 2.
1094 980 1220 1016 Reliqua,
1232 981 1310 1007 odii!
1343 982 1390 1016 qui
1406 982 1560 1007 comitatus!
1592 990 1675 1017 quae,
1689 987 1717 1008 ut
1729 988 1756 1009 tu
1768 982 1838 1009 soles

1047 1017 1144 1047 dicere,
1158 1019 1256 1045 νεκυίιιῐ
1277 1019 1302 1044 in
1314 1027 1366 1053 qua
1377 1024 1432 1044 erat
1443 1027 1501 1044 area
1514 1018 1655 1045 scelerum.
1678 1019 1700 1045 O
1712 1028 1766 1045 rem
1778 1028 1838 1054 per-

1307 200 1364 215 un..
1373 202 1383 214 ¹1
1400 214 1403 219 ,
1415 200 1493 217 1„.,‹.t.
1505 208 1542 216 1...
1563 204 1596 216 -συ

1024 1085 1025 1093 ¹
1047 1054 1144 1081 ditam!
1169 1064 1184 1081 o
1194 1056 1285 1089 copias
1296 1055 1462 1090 desperatas!
1480 1056 1560 1087 Quid,
1573 1056 1838 1091 quodServiitilius‘?

1047 1092 1119 1127 quod
1130 1092 1241 1118 Titinii?
1255 1092 1323 1124 Quot
1336 1094 1362 1119 in
1378 1093 1519 1119 liis-castris
1527 1092 1837 1128 suerunt.quibus}³om-

1024 1125 1025 1149 l
1047 1130 1124 1164 peius
1135 1130 1384 1156 circumsideretur!
1401 1130 1589 1165 Sexlegiones.
1611 1131 1835 1166 Multumvigilat,

1047 1166 1139 1192 audet:
1173 1166 1278 1193 nullum
1296 1166 1374 1193 video
1390 1167 1468 1193 finem
1486 1166 1559 1193 mali.
1600 1167 1676 1193 Nunc
1690 1173 1760 1194 certe
1776 1177 1838 1203 pro-

1024 1205 1026 1232 ξ
1047 1203 1144 1230 menda
1155 1203 1204 1230 tibi
1215 1209 1278 1230 sunt
1288 1204 1410 1230 consilia.
1432 1203 1742 1231 Ilocsueratextremum.
1764 1205 1838 1231 3.ΙΙ-

1047 1240 1071 1267 la
1083 1245 1170 1268 tamen
1181 1242 1313 1271 κατακλείς
1323 1240 1398 1267 illius
1409 1246 1448 1268 est
1458 1241 1559 1272 odiosa,
1575 1250 1655 1276 quam
1666 1250 1749 1276 paene
1760 1250 1838 1277 prae-

1047 1279 1121 1305 terii:
1144 1279 1167 1305 si
1178 1278 1232 1305 sibi
1242 1277 1364 1305 consiliis
1375 1279 1473 1305 nostris
1485 1279 1523 1305 uti
1534 1287 1585 1305 non
1596 1278 1698 1310 liceret,
1712 1287 1835 1310 usurum,

1046 1324 1161 1351 quorum
1194 1320 1297 1350 posset,
1323 1315 1357 1342 ad
1381 1316 1525 1350 omniaque
1549 1324 1608 1342 esse
1631 1315 1836 1343 descensurum.

1046 1353 1164 1380 »vidisti
1180 1353 1264 1389 igitur
1280 1353 1383 1384 virum,
1407 1358 1436 1379 ut
1450 1352 1615 1388 scripseras?
1644 1353 1836 1389 ingemuisti?n

1046 1390 1132 1417 Certe.
1172 1390 1243 1417 Cedo
1254 1389 1367 1424 reliqua.
1407 1389 1497 1422 Quid?
1525 1391 1651 1417 continuo
1671 1391 1772 1425 ipsein
1787 1391 1838 1417 Pe-

1046 1427 1147 1454 danum
1155 1448 1161 1459 ,
1182 1436 1232 1463 ego
1242 1428 1385 1462 Arpinum.
1425 1427 1488 1454 Inde
1499 1432 1625 1462 exspecto
1635 1427 1747 1463 quidem
1758 1429 1838 1454 λαλα-

1045 1468 1145 1502 γεῦσαν
1159 1464 1233 1492 illam
1245 1469 1328 1491 tuam.
1368 1464 1426 1490 »Tu
1436 1463 1558 1499 (malum)
1569 1465 1690 1500 inquies,
1704 1470 1792 1492 actum
1804 1473 1838 1491 ne

1046 1511 1140 1538 agas«
1180 1502 1268 1529 Etiam
1283 1501 1361 1528 illum
1377 1502 1480 1537 ipsum,
1498 1510 1579 1537 quem
1590 1502 1740 1537 sequimur,
1753 1501 1837 1528 multa

1045 1539 1208 1566 fefellerunt.
1249 1540 1274 1566 4.
1290 1538 1342 1565 Sed
1355 1547 1405 1575 ego
1418 1543 1477 1565 tuas
1489 1538 1590 1565 litteras
1600 1544 1735 1573 exspecto.
1761 1538 1836 1565 Nihil

1022 1579 1025 1611 ξ
1045 1582 1086 1604 est
1097 1577 1169 1603 enim
1180 1577 1243 1607 iam,
1257 1581 1287 1603 ut
1297 1581 1382 1607 antea,
1407 1578 1599 1606 eideamus,hoo
1605 1585 1725 1610 quorsum
1731 1577 1837 1603 nudat!

1044 1615 1202 1641 Extremum
1214 1613 1266 1640 suit
1275 1613 1308 1639 de
1318 1621 1464 1649 congressu
1475 1618 1576 1640 nostro:
1597 1622 1651 1648 quo
1661 1612 1772 1648 quidem
1783 1621 1836 1639 non

1045 1651 1139 1678 dubito
1150 1652 1216 1686 quin
1231 1651 1313 1677 istum
1324 1649 1490 1676 offenderim.
1511 1650 1549 1677 Eo
1560 1650 1691 1676 maturius
1701 1649 1836 1685 agendum

1045 1693 1094 1715 est.
1134 1688 1236 1715 Amabo
1256 1692 1290 1718 te,
1313 1686 1454 1722 epistolam
1464 1691 1491 1714 et
1507 1686 1649 1721 πολιτικὴνΙ
1676 1686 1760 1714 Valde
1775 1692 1834 1714 tuas

1045 1725 1145 1753 litteras
1156 1734 1228 1752 nunc
1241 1729 1376 1759 exspecto.

1096 1794 1162 1816 XIX,
1178 1795 1262 1820 (Arpini,
1271 1796 1371 1816 Marcello,
1381 1795 1462 1813 Lentulo
1472 1801 1519 1814 oon.
1537 1795 1593 1817 703.)

1232 1836 1400 1865 CICERO
1429 1836 1595 1864 ATTICO
1624 1837 1652 1864 S.

1100 1877 1124 1902 4.
1136 1871 1198 1911 Ego
1209 1884 1268 1902 meo
1279 1875 1409 1906 Ciceroni,
1422 1876 1549 1910 quoniam
1556 1875 1638 1901 Roma
1646 1882 1777 1906 caremus,
1785 1876 1836 1902 Ar·

1043 1913 1101 1948 pini
1112 1913 1283 1948 potissimum
1295 1917 1383 1948 togam
1395 1920 1489 1947 puram
1501 1911 1577 1944 dedi;
1595 1911 1677 1947 idque
1689 1913 1836 1947 municipi-

1044 1951 1096 1977 bus
1112 1951 1209 1976 nostris
1221 1950 1272 1977 fuit
1281 1955 1398 1986 gratum.
1437 1950 1495 1976 Etsi
1505 1957 1612 1980 omnes,
1625 1954 1651 1975 et
1661 1949 1731 1980 illos,
1743 1953 1770 1976 et
1781 1957 1834 1984 qua

1043 1988 1093 2014 iter
1104 1987 1164 2018 feci,
1178 1992 1292 2014 maestos
1303 1986 1468 2022 afflictosque
1479 1986 1550 2013 vidi:
1572 1991 1626 2012 tam
1637 1987 1730 2017 tristis,
1745 1990 1834 2013 ettam

1043 2029 1118 2051 atrox
1129 2029 1169 2051 est
1180 2024 1364 2059 ἀναθεώρησις
1375 2024 1457 2050 huius
1467 2023 1584 2059 ingentis
1595 2023 1670 2049 mali.
1711 2022 1835 2050 Deiectus

1044 2062 1190 2088 habentur:
1212 2062 1240 2088 in
1252 2061 1365 2088 hiberna
1377 2061 1558 2087 deducuntur.
1598 2060 1649 2091 Ea,
1662 2068 1741 2095 quae,
1753 2061 1833 2086 etiam

1042 2108 1127 2134 quum
1139 2107 1153 2125 a
1164 2099 1242 2126 bonis
1253 2099 1329 2130 viris,
1342 2107 1427 2133 quum
1442 2099 1512 2124 iusto
1523 2098 1551 2124 in
1562 2096 1641 2128 bello,
1649 2106 1734 2132 quum
1741 2097 1834 2124 mode-

1041 2141 1081 2163 ste
1096 2136 1176 2167 fiunt,
1193 2141 1282 2162 tamen
1298 2137 1356 2170 ipsa
1371 2144 1419 2170 per
1432 2144 1460 2161 se
1472 2134 1582 2161 molesta
1592 2139 1664 2165 sunt,
1676 2143 1758 2169 quam
1770 2142 1835 2160 oeu-

1041 2182 1085 2199 ses
1099 2173 1194 2199 acerba
1206 2181 1277 2199 nunc
1287 2181 1360 2203 esse,
1373 2181 1459 2207 quum
1470 2181 1484 2198 a
1496 2172 1618 2207 perditis,
1630 2172 1658 2198 in
1671 2171 1748 2198 civili
1758 2170 1834 2197 nefa-

1042 2212 1081 2237 rio
1101 2210 1185 2241 bello,
1208 2209 1423 2245 petulantissime
1444 2209 1520 2236 fiant!
1542 2208 1612 2236 Cave
1633 2213 1722 2235 autem
1742 2212 1831 2242 putes,

1041 2255 1206 2282 quemquam
1222 2247 1358 2273 hominem
1374 2247 1402 2273 in
1418 2247 1491 2273 Italia
1503 2251 1608 2281 turpem
1618 2254 1690 2276 esse,
1707 2245 1755 2280 qui
1769 2244 1833 2271 hinc

1041 2285 1121 2311 absit.
1161 2284 1222 2311 Vidi
1242 2285 1300 2319 ipse
1316 2284 1430 2310 Formiis
1446 2284 1600 2313 universos,
1624 2290 1711 2317 neque
1725 2281 1832 2308 meher-

1040 2321 1101 2348 cule
1116 2330 1246 2356 umquam
1259 2321 1381 2347 homines
1390 2322 1496 2355 putavi;
1526 2325 1552 2346 et
1561 2327 1653 2346 noram
1663 2327 1770 2349 omneS,
1783 2318 1831 2345 sed

1041 2367 1189 2394 numquam
1201 2367 1254 2384 uno
1266 2358 1322 2384 loco
1332 2358 1462 2384 videram.
1483 2359 1508 2384 2.
1525 2356 1764 2392 Pergamusigitur,
1776 2364 1832 2391 quo

1041 2395 1141 2430 placet,
1159 2401 1185 2422 et
1195 2400 1283 2422 nostra
1293 2396 1382 2422 omnia
1395 2395 1589 2429 relinquamus.
1629 2393 1832 2419 Proficiscamur

1040 2433 1074 2459 ad
1093 2441 1165 2464 eum,
1187 2433 1232 2459 cui
1251 2433 1351 2468 gratior
1363 2437 1452 2458 noster
1471 2431 1601 2458 adventus
1620 2430 1683 2460 erit,
1704 2438 1786 2464 quam
1806 2430 1831 2456 si

1040 2478 1094 2496 una
1109 2469 1267 2496 fuissemus.
1307 2470 1376 2496 Tum
1390 2469 1462 2495 enim
1477 2475 1583 2494 eramus
1597 2467 1625 2493 in
1636 2467 1754 2493 maxima
1764 2475 1827 2502 spe;

1041 2515 1125 2538 nunc,
1145 2515 1194 2543 ego
1209 2506 1334 2542 quidem,
1355 2507 1384 2532 in
1398 2505 1484 2537 nulla;
1515 2512 1565 2530 nec
1579 2508 1683 2538 praeter
1697 2512 1738 2545 me
1753 2504 1831 2539 quis-

1040 2552 1122 2579 quam
1135 2544 1209 2570 Italia
1222 2544 1316 2574 cessit,
1333 2543 1386 2569 nisi
1397 2543 1445 2577 qui
1456 2542 1527 2568 hunc
1537 2541 1677 2567 inimicum
1688 2541 1742 2567 s1bi
1752 2546 1831 2576 puta—

1041 2586 1089 2607 ret.
1130 2582 1185 2607 Nec
1204 2580 1357 2607 mehercule
1377 2579 1427 2605 hoc
1450 2578 1518 2605 facio
1537 2577 1703 2612 reipublicae
1723 2586 1827 2609 caussa,

1040 2626 1123 2652 quam
1144 2617 1268 2644 funditus
1288 2617 1403 2643 deletam
1421 2620 1499 2650 puto:
1525 2614 1573 2641 sed
1584 2623 1617 2640 ne
1627 2616 1690 2649 quis
1701 2623 1744 2641 me
1754 2619 1829 2650 putet

1041 2655 1176 2691 ingratum
1187 2655 1215 2681 in
1225 2663 1298 2686 eum,
1309 2654 1358 2690 qui
1369 2661 1411 2680 me
1422 2652 1522 2680 levavit
1531 2652 1566 2679 iis
1571 2652 1758 2684 incommodis,
1766 2652 1829 2688 qui-
