1941 3052
19 238 134 274 spatium
148 238 264 272 quodam
280 237 357 264 modo
371 238 526 270 declaratur,
543 238 615 273 quod
634 239 660 264 in
676 239 751 264 annis
766 243 811 264 aut

18 277 45 302 in
64 284 132 302 anno
150 279 195 302 aut
212 276 239 301 in
253 275 342 310 aliqua
357 276 418 302 anni
433 280 506 310 parte
520 280 667 310 spectatum
696 276 722 301 in
737 284 811 301 occa-

18 352 117 378 tunitas
139 349 298 385 intelligitur
321 350 453 377 adiuncta.
490 350 577 382 Quare
603 360 689 385 quum
714 358 811 385 genere

0 388 1 423 J
17 388 89 415 idem
108 388 151 419 sit,
172 387 200 414 fit
218 387 300 418 aliud,
321 388 393 422 quod
411 393 484 422 parte
498 388 614 423 quadam
628 393 654 414 et
667 388 764 422 specie,
781 391 811 413 ut

0 426 145 457 ldiximus,
171 424 282 451 disserat.
317 426 385 452 Haec
402 426 572 452 distribuitur
595 426 621 451 in
641 426 689 451 tria
702 433 807 460 genera,

18 463 167 499 publicum,
183 471 332 494 commune,
349 463 494 498 singulare.
520 462 662 489 Publicum
677 467 724 493 est,
738 462 811 496 quod

0 511 2 527 ι
18 501 111 527 civitas
126 501 250 526 universa
265 500 354 535 aliqua
368 501 401 526 de
414 509 508 526 caussa
523 500 680 534 frequentat,
700 504 728 525 ut
743 499 807 530 ludi,

0 537 75 565 {dies
94 537 186 569 festus,
207 537 323 570 bellum,
348 547 498 569 commune,
519 537 591 572 quod
610 536 704 562 accidit
724 537 812 562 omni-

17 575 70 602 bus
84 575 176 601 eodem
190 575 244 601 fere
259 579 384 609 tempore,
405 579 435 601 ut
448 575 552 605 messis,
570 574 713 604 vindemia,
730 573 807 604 calor,

0 663 2 682 i
18 650 143 685 privatim
158 649 237 676 alicui
251 649 317 676 solet
331 649 456 679 accidere,
470 653 499 674 ut
510 649 626 683 nuptiae,
639 648 808 678 sacrificium,

18 687 110 718 funus,
126 687 289 717 conw'vium,
306 695 426 712 somnus.
450 687 490 712 4⁴.
507 686 601 712 Modus
616 690 704 711 autem
719 689 766 715 est,
784 685 810 711 in

0 737 1 749 1
18 733 80 760 (1110,
101 724 327 759 quemadmodum
345 727 370 749 et
388 732 442 758 quo
455 724 543 749 animo
557 723 655 749 factum
670 723 712 753 sit,
729 731 812 757 quae-

0 762 94 788 ntur.
128 762 194 787 Eius
217 765 305 796 partes
328 765 391 787 sunt
414 761 554 795 prudentia
576 765 601 786 et
619 760 809 794 imprudentia.

18 314 92 341 sione
118 313 151 339 ad
164 313 281 348 spatium
295 314 422 347 temporis
436 313 549 339 faciendi
573 313 703 348 quaedam
714 321 812 347 oppor-
832 335 833 339 ,

18 612 117 648 frigus;
146 612 282 648 singulare
300 617 388 638 autem
407 616 455 643 est,
476 612 548 646 quod
566 611 655 646 aliqua
670 611 702 636 de
716 619 810 636 caussa
832 615 833 624 ¹

831 529 840 562 11
863 536 922 567 bus,
943 545 991 562 cur
1009 536 1136 562 aecusas‘?
1159 537 1332 563 Enumeratio
1346 542 1394 569 est,
1411 538 1438 564 in
1452 547 1513 573 qua,
1531 538 1656 573 pluribus

17 798 176 825 Prudentiae
194 802 282 824 autem
300 799 366 824 ratio
388 799 525 833 quaeritur
543 798 631 828 exiis,
648 806 716 832 quae
730 797 807 828 clam,
832 820 833 827 ,

18 835 114 871 palam,
140 836 175 867 vi,
201 836 373 870 persuasione
391 835 495 868 fecerit,
524 835 703 870 imprudentia
722 839 810 860 autem
832 843 833 861 z

19 874 46 900 in
59 873 244 909 purgationem
262 873 404 904 confertur,
425 874 503 899 cuius
518 877 604 907 partes
618 877 681 898 sunt
695 873 811 898 inscien-

19 911 62 942 tia,
78 919 164 941 casus,
181 911 366 941 necessitas,et
379 911 407 936 in
422 910 585 936 affectionem
600 910 690 941 animi⁷
708 909 757 935 1100
771 913 811 935 est

19 948 174 979 molestiam,
195 948 369 979 iracundiam,
390 957 506 974 amorem
525 952 550 974 et
571 952 669 978 cetera,
691 956 759 982 quae
782 947 810 973 in

19 985 99 1012 simili
113 993 210 1021 genere
224 990 372 1011 versantur.
399 985 548 1011 Facultates
562 989 633 1015 sunt,
651 989 695 1010 aut
708 984 809 1019 quibus

18 1022 124 1050 facilius
138 1022 167 1048 fit
180 1026 225 1049 aut
238 1023 296 1049 sine
309 1023 410 1057 quibus
425 1022 526 1057 aliquid
541 1022 634 1049 confici
650 1031 701 1047 non
713 1026 808 1056 potest.

73 1059 193 1087 XXV111.
205 1059 369 1086 Adiunctum
383 1060 489 1093 negotio
502 1064 590 1086 autem
602 1060 627 1085 id
639 1059 807 1094 intelligitur,

18 1097 90 1133 quod
107 1097 195 1124 maius
218 1101 243 1124 et
265 1097 337 1132 quod
352 1094 442 1123 minus
457 1101 482 1123 et
495 1097 567 1132 quod
581 1105 665 1131 aeque
680 1105 809 1131 magnum
831 1120 832 1126 ,

18 1139 43 1161 et
56 1135 128 1170 quod
141 1134 229 1161 simile
242 1136 292 1161 erit
305 1135 328 1161 ei
344 1135 456 1170 negotio,
473 1144 527 1169 quo
540 1135 572 1161 de
587 1135 682 1170 agitur,
699 1139 724 1160 et
737 1134 810 1168 quod

17 1173 178 1199 contrarium
196 1176 221 1198 et
242 1172 314 1207 quod
332 1172 506 1207 disparatum,
525 1176 550 1198 et
567 1181 653 1208 genus
672 1176 697 1197 et
710 1181 771 1206 pars
785 1176 810 1197 et

18 1213 139 1236 eventus.
174 1210 259 1236 Maius
274 1214 299 1236 et
312 1210 403 1236 minus
417 1214 442 1236 et
456 1218 539 1244 aeque
554 1218 681 1245 magnum
697 1218 730 1235 ex
744 1210 771 1235 vi
785 1212 810 1234 et
831 1219 832 1236 2

17 1255 51 1274 ex
69 1256 179 1273 numero
197 1251 222 1273 et
239 1255 272 1273 ex
287 1247 371 1283 figura
385 1248 492 1283 negotii,
509 1248 578 1273 sicut
592 1256 625 1273 ex
639 1251 738 1273 statura
752 1255 810 1272 cor-
831 1274 832 1282 ¹

17 1285 97 1319 poris,
114 1284 305 1311 consideratur.
328 1285 368 1311 42.
385 1284 478 1311 Simile
492 1289 580 1311 autem
595 1293 628 1311 ex
638 1285 726 1319 specie
737 1293 810 1310 com-

17 1321 129 1357 parabili
147 1326 192 1348 aut
209 1331 243 1348 ex
255 1321 413 1349 conferenda
427 1326 506 1357 atque
520 1322 702 1348 assimulanda
717 1327 809 1348 natura

17 1359 159 1385 iudicatur.
187 1359 354 1386 Contrarium
373 1364 421 1391 est,
441 1360 523 1395 quod,
540 1361 657 1394 positum
672 1360 699 1385 in
713 1368 810 1395 genere

16 1396 131 1428 diverso,
148 1397 180 1423 ab
194 1396 296 1427 eodem.
315 1397 359 1423 cui
374 1398 535 1423 contrarium
549 1406 607 1423 esse
621 1397 726 1427 dicitur,
748 1396 810 1431 plu-

16 1434 115 1460 rimum
130 1434 218 1465 distat,
240 1438 269 1460 ut
283 1434 368 1469 frigus
382 1434 471 1466 calori,
490 1435 557 1461 vitae
572 1443 652 1461 mors.
687 1435 810 1469 Dispara-
831 1461 832 1466 ,

16 1475 74 1498 tum
88 1475 175 1497 autem
191 1475 231 1497 est
244 1471 360 1506 id,quod
375 1472 407 1498 ab
422 1472 510 1506 aliqua
521 1481 548 1498 re
558 1480 605 1506 per
615 1472 809 1506 oppositionem
831 1472 832 1503 ζ

17 1508 165 1544 negationis
179 1513 324 1543 separatur,
334 1509 383 1535 1100
395 1509 486 1535 modo:
503 1518 595 1544 sapere
609 1514 634 1535 et
643 1518 695 1535 non
706 1518 807 1544 sapere.

17 1545 108 1573 Genus
122 1549 170 1577 est,
186 1546 259 1580 quod
272 1550 360 1580 partes
374 1546 478 1581 aliquas
492 1546 669 1581 amplectitur,
690 1551 719 1573 ut
732 1547 811 1581 cupi-

17 1582 94 1610 ditas.
127 1583 190 1609 Pars
209 1587 257 1614 est,
277 1592 346 1618 quae
360 1584 453 1610 subest
466 1584 565 1619 generi,
582 1588 612 1610 111
626 1593 707 1615 amor,
724 1584 811 1610 avari-

16 1620 61 1647 tia.
82 1620 201 1647 Eventus
216 1625 255 1647 est
269 1620 383 1647 alicuius
397 1621 485 1648 exitus
501 1622 608 1657 negotii,
619 1622 644 1648 in
658 1630 713 1656 quo
726 1630 810 1656 quae-

16 1657 38 1684 ri
52 1657 127 1689 solet,
143 1658 210 1693 quid
223 1666 257 1684 ex
270 1667 378 1693 quaque
391 1667 419 1685 re
433 1659 558 1690 evenerit,
575 1659 688 1690 eveniat,
697 1663 810 1685 eventu-

17 1703 75 1722 rum
93 1695 137 1722 sit.
171 1694 257 1728 Quare
276 1695 326 1722 hoc
343 1695 371 1722 in
384 1704 489 1731 genere,
508 1700 537 1722 ut
549 1696 726 1727 commodius,
742 1696 809 1731 quid

17 1736 174 1759 eventurum
189 1733 232 1764 sit,
240 1737 300 1759 ante
313 1733 402 1759 animo
415 1733 504 1769 colligi
519 1733 687 1769 possit,quid
701 1742 809 1768 quaque

16 1777 50 1796 ex
67 1778 93 1796 10
111 1769 193 1797 soleat
210 1770 325 1802 evenire,
345 1770 568 1797 considerandum
587 1776 635 1802 cst,
652 1771 701 1797 hoe
716 1771 806 1797 modo:

16 1805 57 1834 Ex
69 1808 218 1843 arrogantia
231 1807 332 1839 odium,
349 1816 383 1834 ex
396 1808 535 1835 insolentia
550 1809 706 1844 arrogantia.

73 1845 113 1871 43.
138 1844 235 1877 Quarta
258 1849 346 1871 autem
370 1854 431 1880 pars
449 1850 489 1872 est
507 1847 596 1878 exiis,
612 1855 680 1881 quas
695 1845 808 1881 negotiis

17 1880 171 1909 dicebamus
185 1891 243 1908 esse
257 1883 405 1914 attributas,
421 1884 583 1910 consecutio.
601 1884 630 1910 ln
645 1883 693 1909 bac
707 1892 752 1909 eae
767 1892 809 1909 res

17 1923 189 1954 quaeruntur,
205 1928 275 1954 quae
296 1925 404 1955 gestum
428 1921 564 1956 negotium
590 1925 806 1955 consequuntur:

17 1956 142 1991 primum,
167 1957 239 1992 quod
257 1956 356 1984 factum
374 1962 421 1989 est.
447 1966 501 1993 (1110
519 1958 546 1984 id
560 1958 667 1984 nomine
680 1957 809 1993 appellari

17 1994 166 2027 conveniat;
182 1994 287 2026 deinde,
304 1995 362 2021 eius
376 1995 437 2021 facti
451 1996 498 2030 qui
513 1996 567 2022 sint
581 1995 715 2030 principes
729 2000 754 2022 ct
768 1995 810 2021 111-

17 2035 146 2063 ventores,
162 2032 209 2066 qui
228 2031 345 2067 denique
359 2033 521 2059 auctoritatis
536 2033 594 2059 eius
608 2037 633 2059 et
647 2032 808 2059 inventionis

17 2069 227 2104 comprobatores
241 2074 320 2104 atque
334 2070 447 2102 aemuli;
463 2070 568 2101 deinde,
578 2079 678 2105 ecquae
691 2079 720 2096 ea
735 2070 767 2096 de
782 2078 809 2096 re

17 2109 62 2133 aut
74 2106 132 2133 eius
146 2107 182 2132 rei
197 2107 232 2133 sit
246 2106 297 2138 lex,
317 2107 491 2139 consuetudo,
508 2108 583 2139 actio,
600 2107 739 2139 iudicium,
756 2107 809 2134 sei-

18 2143 95 2175 entia,
120 2143 275 2177 artificium,
303 2144 399 2171 deinde
418 2149 511 2171 natura
529 2145 587 2172 eius
606 2145 712 2171 evenire
727 2145 808 2180 vulgo

17 2179 105 2212 soleat,
131 2190 163 2207 an
183 2181 326 2207 insolenter
340 2186 365 2208 et
379 2191 449 2214 rai-03
478 2187 567 2217 postea
583 2182 704 2210 homines
718 2182 745 2208 id
759 2191 807 2208 sua

18 2218 167 2245 auctoritate
181 2219 361 2253 comprobare,
381 2228 414 2245 an
428 2219 559 2246 ol'sendere
572 2220 599 2246 in
615 2220 647 2246 iis
661 2228 808 2246 consueve-

17 2253 82 2288 riut3
110 2259 135 2281 et
148 2259 241 2287 cetera,
258 2264 326 2290 quae
341 2256 439 2283 sactum
454 2257 563 2292 aliquod
577 2257 709 2288 similiter,
718 2257 807 2283 confe-

17 2291 78 2318 stim
96 2296 142 2319 aut
155 2301 188 2319 ex
201 2293 350 2325 intervallo,
376 2294 462 2320 solent
474 2295 612 2329 consequi.
647 2295 746 2321 Deinde
761 2303 808 2329 po-

17 2331 113 2356 stremo
131 2330 320 2356 attendendum
340 2335 387 2362 cst,
405 2340 468 2358 num
483 2340 552 2366 quae
566 2341 607 2358 res
621 2340 655 2358 ex
669 2332 701 2358 iis
716 2332 805 2363 rebus,

17 2373 84 2401 quae
97 2367 197 2401 positae
211 2372 274 2394 sunt
288 2368 314 2394 in
330 2369 450 2402 partibus
463 2369 607 2395 honestatis
618 2373 664 2395 aut
675 2369 805 2400 utilitatis,

17 2408 224 2439 consequantur3
240 2405 273 2431 de
286 2406 387 2440 quibus
402 2406 428 2432 in
443 2405 616 2433 deliberativo
625 2415 720 2441 genere
730 2415 809 2432 caus-

17 2447 61 2467 sae
82 2440 234 2468 distinctius
257 2443 307 2469 erit
328 2443 482 2469 dicendum.
516 2443 553 2469 Ac
572 2444 683 2478 negotiis
697 2444 807 2478 quidem

17 2475 70 2504 fere
83 2486 124 2504 res
138 2487 191 2510 eae,
207 2488 274 2514 quas
288 2481 565 2512 eoinmenmravimus,
579 2485 643 2507 sunt
655 2481 806 2507 attributae.

70 2514 169 2542 XXIX.
190 2517 230 2543 44.
256 2516 350 2544 Omnis
368 2522 456 2544 autem
475 2518 677 2553 argumentatio,
693 2527 761 2552 quae
776 2527 808 2544 cx

17 2549 50 2579 iis
64 2550 136 2584 locis,
157 2562 225 2588 quos
243 2556 521 2586 commemoravimus,
541 2560 672 2586 sumetur,
688 2560 734 2581 aut
748 2564 809 2589 pro·-

16 2585 113 2616 babilis
126 2594 172 2616 aut
186 2591 332 2618 necessaria
346 2592 454 2619 debebit
468 2601 535 2618 esse.
570 2592 684 2624 Etenim,
706 2597 734 2618 ut
749 2593 808 2618 111-0-

17 2624 83 2652 viter
100 2626 292 2660 describamus,
313 2630 505 2665 argumentatio
520 2630 625 2656 videtur
642 2638 700 2655 esse
715 2630 809 2656 inven-

17 2664 74 2690 tum
91 2670 125 2691 ex
143 2664 233 2700 aliquo
249 2674 355 2701 genere,
375 2676 430 2693 rem
445 2667 562 2701 aliquam
577 2672 622 2694 aut
636 2667 809 2702 probabiliter

17 2700 156 2729 ostendens
170 2706 216 2729 aut
229 2704 376 2730 necessarie
387 2704 580 2731 demonstrans
598 2704 750 2731 Necessarie
761 2704 809 2730 (10-

395 168 449 193 DE
483 167 799 194 INVENTIONE
834 168 909 194 LIB
940 168 959 193 Ι,

838 447 840 498 l

991 168 1009 193 C
1025 168 1044 193 Α
1060 168 1088 193 Ρ.
1126 169 1154 193 21-
1176 183 1211 186 -
1232 170 1272 193 30,
1625 170 1651 194 'iffi

832 239 841 281 ll
862 243 1043 264 monstrantur
1057 247 1094 269 ea,
1111 247 1179 273 quae
1194 238 1269 264 aliter
1284 247 1313 263 ac
1331 238 1457 263 dicuntur
1476 247 1522 265 nec
1537 238 1591 264 lieri
1608 248 1655 265 nec

863 276 967 310 probari
992 280 1111 310 possunt,
1138 275 1187 301 1100
1211 275 1301 302 modo:
1325 276 1352 301 Si
1376 276 1486 309 peperit,
1513 285 1574 302 cum
1599 277 1656 303 viro

861 313 1015 339 concubuit.
1043 313 1095 338 Hoc-
1108 321 1194 348 genus
1209 313 1420 348 argumentandi,
1437 314 1508 347 quod
1522 315 1549 340 in
1565 322 1656 340 neces-

862 351 929 376 saria
953 350 1176 376 demonstratione
1201 355 1329 381 versatur,
1356 352 1471 377 maxime
1490 353 1654 378 tractatoria

832 404 840 419 1
862 387 974 413 dicendo
992 392 1038 413 aut
1056 396 1102 421 per
1121 387 1332 421 complexionem
1352 393 1397 414 aut
1414 397 1461 423 per
1479 390 1656 415 enumeratio—

863 434 922 450 110111
937 429 982 450 aut
996 433 1043 459 per
1054 424 1204 458 simplicem
1218 425 1427 451 conclusionem.
1445 427 1485 452 45.
1501 426 1657 461 Complexio

862 466 909 492 est,
935 462 962 487 in
985 471 1047 496 qua,
1073 466 1163 487 utrum
1187 463 1362 494 concesseris,
1387 463 1597 498 reprehenditur.
1624 463 1654 489 ad

862 499 934 524 bunc
948 499 1071 525 modum:
1101 499 1129 524 Si
1144 499 1283 533 improbus
1298 504 1345 531 est,
1362 509 1409 526 cur
1424 501 1525 527 uteris'?
1539 502 1580 527 sin
1595 509 1657 534 pro-

862 573 942 599 rebus
961 574 1089 607 expositis
1108 578 1133 598 et
1151 574 1245 600 ceteris
1260 575 1408 606 infirmatis,
1427 585 1478 601 una
1493 576 1595 610 reliqua
1611 585 1657 601 nc-

861 611 976 637 ccssario
994 610 1172 641 confirmatur,
1194 611 1243 637 1100
1257 617 1345 646 pacto:
1366 614 1479 639 Necesse
1494 618 1533 639 est
1547 618 1591 639 aut
1605 613 1657 638 ini—

862 648 1023 673 micitiarum
1037 656 1131 673 caussa
1145 648 1177 673 ab
1192 648 1241 674 1100
1256 658 1313 675 0550
1327 650 1445 676 occisum
1460 655 1503 676 aut
1515 656 1601 677 metus
1612 655 1657 676 aut

862 685 918 719 spei
933 690 978 710 aut
993 684 1106 710 alicuius
1121 686 1199 711 amici
1213 687 1296 721 gratia
1312 692 1365 717 aut,
1378 688 1400 713 si
1416 688 1511 713 borum
1526 688 1593 714 nihil
1605 693 1654 715 est.

861 722 894 748 ab
910 722 958 748 1100
973 731 1024 748 11011
1039 731 1097 747 esse
1111 722 1243 756 occisum,
1273 733 1333 749 nam
1348 725 1405 750 sine
1421 734 1515 751 caussa
1530 725 1657 751 malefici-

862 768 907 785 um
923 764 1078 794 susceptum
1093 768 1151 785 esse
1166 769 1217 786 11011
1232 765 1330 795 potest,
1347 762 1394 787 sed
1405 771 1491 796 neque
1503 763 1656 788 inimicitiae

862 796 970 822 fuerunt
981 805 1027 822 nec
1038 801 1124 822 metus
1136 797 1209 823 ullus
1221 807 1268 824 nec
1278 807 1339 832 spes
1351 808 1384 825 ex
1394 804 1476 825 morte
1490 800 1562 825 illius
1574 800 1657 826 alicu-

862 833 904 859 ius
923 834 1055 859 commodi
1075 843 1161 869 neque
1180 835 1212 860 ad
1227 836 1342 861 amicum
1357 836 1439 862 huius
1454 836 1571 871 aliquem
1586 846 1656 863 111015

862 871 935 897 1111115
954 872 1116 905 pertinebat:
1144 872 1305 907 relinquitur
1324 874 1418 909 igitur,
1439 878 1468 900 ut
1486 875 1518 900 ab
1538 875 1586 900 boc
1605 883 1656 900 nou

861 909 895 934 sit
914 909 1027 934 occisus.
1063 908 1185 943 Simplex
1202 914 1289 936 autem
1308 911 1444 937 conclusio
1462 920 1496 937 ex
1510 912 1655 937 necessaria

861 947 1048 972 consecutione
1071 947 1218 978 coniicitur,
1240 947 1290 974 1100
1304 948 1395 974 111οἀοε
1424 949 1450 974 Si
1466 958 1512 975 vos
1527 958 1569 975 me
1585 949 1656 975 istud

838 991 840 1008 1
861 992 891 1009 eo
906 988 1022 1017 tempore
1038 983 1131 1009 fecisse
1146 984 1243 1016 dicitis,
1260 994 1309 1021 ego
1323 990 1410 1012 autem
1425 995 1455 1012 eo
1470 987 1528 1020 ipso
1540 991 1656 1021 tempore

862 1025 933 1046 trans
952 1029 1024 1046 mare
1040 1020 1091 1047 sui:
1122 1021 1290 1056 relinquitur,
1308 1028 1336 1049 ut
1350 1024 1386 1054 id,
1403 1023 1475 1058 quod
1490 1024 1587 1054 dicitis,
1605 1032 1657 1049 non

862 1058 940 1083 modo
963 1066 1015 1084 non
1039 1058 1156 1089 fecerim,
1182 1060 1229 1085 sed
1244 1069 1275 1086 ne
1290 1062 1421 1095 potuerim
1436 1061 1545 1095 quidem
1561 1061 1655 1087 facere.

861 1095 948 1130 Atque
968 1096 1016 1121 boc
1035 1095 1177 1131 diligenter
1195 1099 1327 1131 oportebit
1346 1098 1445 1129 videre,
1468 1107 1499 1124 ne
1513 1107 1567 1133 quo
1582 1103 1658 1133 pacto

860 1141 947 1167 genus
967 1133 1015 1158 boc
1029 1132 1113 1158 refelli
1128 1135 1220 1168 possit,
1238 1140 1267 1162 ut
1282 1145 1313 1161 ne
1327 1136 1491 1162 confirmatio
1505 1136 1614 1162 modum
1631 1137 1656 1161 111

861 1178 889 1195 50
903 1171 1140 1205 argumentationis
1154 1172 1242 1198 solum
1257 1173 1351 1199 babeat
1365 1179 1389 1199 et
1400 1174 1544 1208 quamdam
1561 1173 1658 1199 simili-

861 1207 982 1233 tudinem
1001 1209 1165 1234 necessariae
1183 1210 1371 1241 conclusionis,
1393 1220 1485 1237 verum
1504 1212 1561 1244 ipsa
1577 1219 1657 1246 argu—

862 1249 987 1271 mentatio
1000 1254 1033 1271 ex
1047 1247 1194 1273 necessaria
1210 1249 1308 1274 ratione
1320 1249 1455 1275 consistat.

916 1283 956 1308 [16.
977 1283 1116 1309 Probabile
1136 1289 1225 1311 autem
1244 1290 1284 1312 est
1302 1286 1337 1317 id,
1354 1286 1426 1321 quod
1442 1286 1494 1312 scre
1509 1286 1574 1312 solet
1589 1287 1654 1317 lieri,

860 1324 905 1346 aut
919 1320 992 1354 quod
1011 1321 1037 1346 in
1051 1321 1176 1355 opinione
1190 1324 1308 1357 positum
1323 1328 1370 1354 est,
1392 1328 1437 1350 aut
1451 1324 1522 1359 quod
1538 1324 1616 1350 babet
1631 1325 1657 1350 in

860 1366 889 1383 se
906 1357 939 1383 ad
958 1358 1022 1384 haec
1040 1359 1185 1393 quamdam
1205 1361 1419 1392 similitudinem,
1440 1362 1497 1387 sive
1517 1362 1543 1387 id
1559 1362 1657 1388 salsum

860 1399 900 1421 est
914 1395 971 1421 sive
985 1404 1089 1421 verum.
1128 1397 1156 1423 In
1175 1406 1205 1424 co
1223 1407 1329 1433 genere,
1354 1399 1426 1433 quod
1442 1399 1494 1425 sere
1509 1400 1575 1425 solet
1590 1400 1654 1430 lieri,

861 1433 998 1467 probabile
1011 1433 1164 1460 huiusmodi
1180 1440 1233 1462 cst:
1253 1436 1280 1462 Si
1295 1441 1378 1462 mater
1391 1441 1438 1467 051,
1452 1437 1541 1472 diligit
1555 1437 1654 1463 lilium:

862 1470 883 1495 si
909 1479 1004 1496 avarus
1028 1475 1076 1501 cst,
1102 1472 1214 1507 negligit
1237 1474 1436 1500 iusiurandum.
1471 1475 1499 1500 ln
1513 1483 1543 1500 eo
1557 1479 1655 1505 autem,

861 1507 933 1541 quod
952 1508 978 1534 in
997 1508 1120 1542 opinione
1138 1510 1256 1543 positum
1275 1515 1322 1542 est,
1344 1511 1499 1537 huiusmodi
1520 1517 1582 1537 sunt
1597 1521 1658 1546 pro-

862 1544 974 1571 babilia:
1004 1545 1095 1579 impiis
1118 1547 1189 1581 apud
1213 1548 1310 1574 inferos
1334 1557 1432 1583 poenas
1455 1558 1513 1575 esse
1537 1554 1654 1583 paratas,

861 1583 970 1617 eos,qui
986 1582 1171 1617 philosophiae
1185 1585 1248 1611 dent
1262 1594 1378 1620 operam,
1392 1595 1443 1612 non
1458 1587 1578 1612 arbitrari
1593 1586 1656 1613 deos

861 1628 930 1645 esse.
965 1620 1053 1646 XXX.
1070 1620 1224 1648 Similitudo
1244 1628 1332 1649 autem
1353 1624 1379 1650 in
1393 1624 1532 1650 contrariis
1547 1628 1571 1650 et
1586 1625 1657 1658 pari-

862 1656 912 1683 bus
931 1661 956 1683 et
974 1657 1001 1683 in
1021 1658 1053 1683 iis
1072 1658 1162 1690 rebus,
1182 1668 1251 1694 quae
1265 1661 1316 1686 sub
1331 1661 1451 1687 eamdem
1466 1661 1563 1687 cadunt
1578 1662 1657 1687 ratio-

861 1703 931 1726 nem,
956 1695 1072 1721 maxime
1096 1701 1240 1730 spectatur.
1275 1699 1303 1723 ln
1326 1699 1473 1729 contrariis,
1499 1699 1547 1724 hoe
1562 1698 1653 1725 modo:

861 1732 928 1757 Nam
947 1733 970 1758 si
988 1732 1030 1763 iis,
1052 1733 1098 1767 qui
1119 1734 1303 1768 imprudentes
1319 1735 1460 1766 laeserunt,
1477 1736 1578 1769 ignosci
1593 1745 1657 1762 con-

862 1769 942 1800 venit,
964 1770 1006 1800 iis,
1023 1770 1071 1804 qui
1090 1773 1239 1798 necessario
1254 1772 1420 1807 profuerunt,
1438 1770 1529 1799 haberi
1543 1774 1655 1808 gratiam

861 1815 913 1833 non
937 1812 1047 1841 oportet.
1083 1809 1124 1834 47.
1148 1809 1188 1835 Ex
1207 1811 1272 1844 pari,
1293 1811 1344 1836 sie:
1374 1811 1439 1836 Nam
1460 1816 1488 1836 ut
1506 1810 1580 1837 locus
1599 1811 1656 1837 sine

861 1849 938 1878 portu
953 1845 1068 1871 navibus
1083 1854 1141 1872 esse
1155 1856 1206 1873 non
1222 1852 1308 1881 potest
1323 1852 1408 1878 tutus,
1426 1849 1464 1874 sic
1478 1849 1584 1874 animus
1599 1849 1656 1874 sine

861 1882 912 1907 lide
926 1882 1031 1907 stabilis
1045 1883 1138 1909 amieis
1153 1893 1203 1911 nou
1219 1889 1305 1919 potest
1319 1894 1387 1911 esse.
1401 1886 1427 1911 ln
1443 1886 1475 1911 iis
1490 1886 1656 1920 rebus,quac

860 1919 912 1945 sub
931 1919 1051 1945 conulem
1075 1921 1202 1948 rationem
1224 1922 1331 1953 cadunt,
1357 1923 1405 1949 lioc
1425 1923 1502 1949 modo
1520 1923 1656 1957 probabile

860 1956 1056 1983 consideratur:
1086 1958 1151 1984 Nam
1170 1960 1193 1985 si
1208 1960 1319 1986 llbodiis
1334 1964 1410 1995 turpe
1425 1970 1476 1987 non
1491 1966 1530 1986 est
1545 1961 1656 1995 portori—

861 2002 906 2020 um
923 1994 1015 2025 locare,
1033 2004 1065 2020 ne
1080 1996 1274 2023 llermacreonti
1290 1998 1399 2032 quidem
1415 2003 1492 2032 turpe
1506 1998 1657 2024 0510001111-

859 2040 928 2057 eere.
962 2032 1030 2057 llaec
1049 2036 1105 2058 tum
1121 2043 1181 2060 vera
1200 2039 1272 2065 sunt,
1293 2035 1342 2061 hoc
1357 2040 1444 2069 paeto:
1473 2034 1603 2067 Quoniam
1618 2036 1656 2061 ci-

859 2069 943 2095 catrix
957 2073 1005 2100 est,
1023 2068 1073 2095 suit
1089 2070 1201 2103 vulnus3
1231 2077 1287 2098 tum
1304 2073 1357 2098 veri
1373 2072 1480 2103 similia.
1499 2073 1546 2098 boc
1562 2072 1652 2099 modoz

860 2106 888 2132 Si
908 2106 1010 2132 multus
1029 2112 1083 2133 erat
1102 2109 1128 2134 in
1146 2109 1242 2135 calceis
1262 2109 1361 2143 pulvis,
1378 2119 1411 2136 ex
1426 2110 1518 2136 itinere
1533 2118 1594 2136 eum
1610 2119 1655 2135 vc-

860 2145 916 2170 nire
930 2144 1075 2178 oportebat.

914 2181 999 2208 Omne
1017 2187 1105 2208 autem
1125 2182 1165 2218 (ut
1177 2189 1262 2209 certas
1276 2184 1406 2219 quasdam
1422 2185 1448 2210 in
1464 2189 1550 2219 partes
1564 2184 1655 2210 distri—

860 2218 985 2253 buamus)
1005 2220 1149 2253 probabile,
1171 2221 1244 2255 quod
1263 2222 1379 2247 sumitur
1398 2221 1429 2247 ad
1449 2222 1656 2255 argumentatio-

860 2265 930 2287 nem,
944 2261 989 2282 aut
1002 2257 1111 2291 signum
1130 2262 1170 2284 cst
1189 2263 1234 2284 aut
1247 2258 1375 2285 credibile
1389 2263 1434 2284 aut
1449 2259 1595 2284 iudicatum
1610 2265 1654 2284 aut

859 2293 1047 2328 comparabile.
1083 2296 1123 2321 ts.
1140 2295 1253 2330 Signum
1269 2301 1317 2326 est,
1334 2296 1405 2330 quod
1420 2296 1471 2321 sub
1486 2305 1594 2322 sensum
1606 2296 1654 2322 uli—

859 2339 940 2365 quem
959 2331 1030 2357 cadit
1048 2336 1073 2357 01
1086 2332 1214 2367 quiddam
1230 2333 1370 2368 significat,
1388 2333 1459 2367 quod
1474 2342 1507 2359 ex
1522 2334 1580 2367 ipso
1595 2342 1655 2367 pro-

860 2368 959 2394 fectum
975 2368 1089 2400 videtur,
1111 2369 1182 2404 quod
1197 2375 1242 2396 aut
1256 2375 1315 2396 ante
1331 2370 1418 2400 fucrit.
1435 2375 1481 2396 aut
1495 2371 1521 2396 in
1536 2371 1594 2404 ipso
1609 2380 1650 2396 nc-

859 2406 931 2439 gotio
945 2410 990 2431 aut
1005 2411 1063 2440 post
1077 2407 1111 2432 sit
1124 2413 1307 2438 consecutum,
1324 2413 1349 2433 et
1364 2412 1450 2433 tamen
1466 2407 1567 2443 indiget
1581 2409 1651 2434 testi-

861 2443 942 2469 monii
965 2447 990 2468 et
1011 2444 1141 2477 gravioris
1163 2445 1385 2472 confirmationis-2
1415 2449 1443 2470 ut
1464 2453 1554 2474 cruor,
1580 2444 1651 2480 suga.

860 2480 952 2514 pallor,
970 2480 1069 2514 pulvis.
1087 2485 1112 2506 et
1125 2490 1193 2515 quae
1209 2482 1250 2507 liis
1260 2487 1323 2507 sunt
1334 2481 1442 2507 similia.
1459 2482 1592 2508 Credibile
1603 2489 1650 2510 051,

859 2518 930 2552 quod
949 2518 1007 2543 sino
1028 2517 1081 2543 ullo
1097 2523 1160 2544 teste
1175 2519 1303 2544 auditoris
1317 2519 1441 2553 opinione
1460 2519 1588 2548 lirinatur,
1607 2520 1654 2546 boc

861 2555 950 2581 modo:
980 2555 1063 2581 Nemo
1081 2560 1129 2586 051,
1150 2556 1195 2590 qui
1212 2565 1262 2582 non
1279 2556 1375 2582 liberos
1389 2566 1453 2582 suus
1468 2557 1615 2583 incolumes
1629 2563 1652 2583 ct

861 2592 949 2618 beatos
964 2601 1023 2618 csse
1037 2593 1136 2627 cupiat.
1172 2593 1319 2619 lmlicatum
1335 2599 1374 2620 est
1389 2603 1430 2620 res
1444 2595 1597 2620 assensione
1609 2601 1651 2620 aut

860 2630 1014 2656 auctoritate
1033 2635 1078 2656 aut
1097 2630 1196 2656 iudicio
1218 2630 1333 2656 alicuius
1351 2637 1396 2657 aut
1414 2631 1566 2666 aliquorum
1580 2641 1653 2657 com-

860 2667 977 2701 probata.
1014 2667 1040 2693 ld
1057 2667 1142 2693 tribus
1157 2668 1183 2693 in
1197 2668 1342 2703 getii-ribus
1356 2674 1498 2703 spectatur,
1516 2669 1650 2703 religioso.

859 2705 1004 2735 communi,
1034 2705 1186 2739 approbato.
1223 2705 1387 2741 lleligiosum
1402 2711 1454 2737 051,
1476 2706 1548 2740 quod
1574 2707 1651 2732 iurati
