1941 3052
873 383 914 409 37.

604 459 639 489 Μ.
675 460 855 489 TULLII
889 459 1182 490 CICERONIS

853 549 904 571 Plt
914 550 935 571 Ο

297 623 342 672 L.
517 623 564 672 M
715 623 752 672 U
899 624 937 673 R
1083 623 1117 671 E
1269 621 1308 670 N
1455 621 1493 669 A

701 729 1078 768 ORA'rlo

612 881 824 910 NOTITIA
856 882 1180 909 LITTERARIA.

182 951 258 976 Quum
273 951 300 972 D.
312 951 397 972 Iunius
408 951 504 973 Silanus
519 955 541 973 et
549 951 575 973 L.
587 951 692 973 Licinius
709 953 810 973 Murena
824 953 858 973 M.
872 952 949 973 Tullio
961 952 1065 972 Cicerone
1079 952 1170 972 contule
1186 953 1244 977 (691.
1254 957 1279 978 p.
1295 949 1320 970 U.
1333 951 1364 975 c.)
1376 949 1470 970 τοηιίιὶιι
1481 947 1614 969 com-daria
1624 947 1719 969 habente

73 986 98 1007 n'n
117 993 206 1007 annum
214 986 332 1014 futurum
348 987 451 1008 consules
467 991 541 1008 essent
558 987 687 1014 designati.-
713 988 834 1016 Sulpicius
854 987 988 1015 competitor
1006 988 1124 1015 repulmm
1143 993 1209 1013 aegre
1217 985 1299 1013 serem
1314 985 1439 1006 Murenam
1453 985 1479 1005 de
1494 983 1582 1004 ambitu
1597 983 1719 1004 accusavit

74 1028 127 1042 cum
142 1021 216 1042 tribus
232 1021 441 1049 subscriptoribus,
461 1023 496 1043 M.
519 1022 616 1048 Catone,
638 1023 677 1043 Cn.
693 1023 813 1045 Postumio
828 1027 850 1045 et
864 1023 943 1045 servio
964 1022 1071 1050 Sulpicio
1085 1022 1233 1042 adolescente.
1264 1020 1374 1047 Defendit
1387 1027 1438 1041 eum
1455 1019 1531 1040 Cicero
1546 1018 1627 1039 consul
1640 1017 1718 1046 defen-

74 1063 125 1077 sum
142 1056 190 1077 iam
204 1064 219 1077 ιι
234 1057 259 1081 Q.
277 1056 397 1078 Hortensio
411 1061 433 1079 et
446 1058 481 1078 M.
500 1057 595 1083 Crttuo,
610 1059 683 1079 multo
697 1059 771 1086 lepore
781 1059 805 1079 in
815 1059 910 1079 dicendo
921 1065 986 1083 usin,
993 1065 1067 1078 mense
1075 1057 1195 1078 Novembri
1202 1060 1256 1084 post
1266 1060 1325 1077 orat.
1335 1056 1470 1077 c11eilin.11.
1478 1059 1507 1081 et,
1515 1061 1541 1075 ne
1551 1054 1719 1079 autemnam,

74 1091 141 1112 cuius
156 1091 288 1113 amicitiara
306 1093 404 1118 colebat,
418 1096 462 1114 aut
477 1092 624 1120 Sulpicium,
644 1100 709 1120 quem
725 1094 751 1114 ob
766 1093 825 1114 iuris
839 1093 961 1115 scienciam
973 1092 1179 1121 magnifrtciebut,
1199 1091 1314 1120 offendere
1335 1092 1390 1113 velle
1408 1091 1537 1115 videretur,
1551 1089 1621 1110 huius
1636 1096 1719 1110 cuium

73 1126 263 1152 iurinoneultoae,
282 1127 347 1148 iHius
366 1128 458 1149 nomine
472 1127 562 1150 stoicos
577 1128 707 1156 exagitans.
739 1130 787 1153 Quo
797 1128 896 1157 fuctum
911 1132 958 1154 ese,
981 1131 1008 1149 uc
1024 1128 1079 1148 Cato
1094 1126 1222 1148 Plutarcho
1240 1126 1352 1155 referente
1370 1127 1413 1148 eibi
1431 1134 1477 1148 non
1495 1129 1572 1154 ponet
1586 1129 1719 1153 temperare,

74 1161 130 1190 quin
146 1162 296 1184 exclamaret:
312 1164 328 1184 0
339 1170 401 1190 quarn
419 1163 538 1184 ridiculum
555 1163 666 1184 consulem
682 1163 794 1184 habemus.
818 1164 847 1184 In
862 1163 906 1184 huc
919 1167 997 1185 nutem
1011 1163 1114 1184 oracione
1130 1162 1244 1183 Ciceronis
1257 1161 1413 1183 nrhunieatem
1426 1160 1585 1182 admirabilem
1600 1167 1645 1181 ene
1658 1160 1719 1181 iudi-

74 1201 114 1219 cat
125 1197 236 1222 (luittctil.
248 1197 297 1218 Lib.
309 1198 354 1224 XI,
366 1201 384 1219 Ι.
409 1199 485 1226 Neque
495 1198 569 1226 igitur
579 1199 679 1224 mirum,
694 1199 715 1219 si
725 1199 825 1220 Murena
835 1199 955 1221 absoluta:
965 1203 998 1221 en
1007 1203 1029 1221 ec
1038 1197 1218 1227 consulsccctne.

128 1349 203 1370 ΛΚΕ.
227 1348 306 1370 Cicero
321 1350 433 1370 Murenam
447 1349 472 1370 in
485 1350 578 1371 exordio
597 1351 661 1372 docet
679 1350 818 1371 innocentem
837 1349 871 1370 vi-
922 1351 1009 1387 potiffl·
1039 1351 1089 1379 hoc
1099 1351 1210 1387 quidem
1222 1351 1249 1378 jn
1261 1355 1393 1387 tempore,
1411 1352 1446 1378 sit
1460 1350 1542 1378 officii
1558 1351 1620 1381 mei¹
1637 1358 1719 1385 quam

74 1391 133 1409 nim,
149 1391 240 1411 eumque
250 1391 295 1405 cus.
307 1384 392 1410 design.
407 1391 421 1405 ι
435 1391 459 1405 ne
468 1385 559 1406 consule
568 1386 729 1406 defendendum
739 1392 789 1406 esne
799 1385 870 1406 moxi·
923 1373 1036 1416 huiuscle
1047 1389 1142 1416 salutis
1156 1389 1278 1416 defensio
1304 1389 1351 1415 sed
1363 1393 1393 1415 ut
1418 1397 1477 1415 meo
1490 1388 1558 1415 sacto
1569 1387 1646 1414 vobis
1657 1396 1720 1422 pro-

74 1426 108 1441 me
126 1419 264 1447 reipublicae
281 1426 367 1440 caussa.
392 1420 456 1444 Quod
473 1424 545 1441 autem
561 1421 676 1448 tripartita
689 1424 736 1441 erat
749 1419 870 1445 accusatio,
922 1427 983 1454 bato
1014 1428 1113 1454 maiore
1129 1410 1333 1454 auctoritate⁷ab
1348 1410 1431 1453 huihs
1448 1426 1547 1453 honore
1581 1425 1650 1452 fama
1667 1424 1721 1451 for,

73 1455 144 1482 primo
154 1456 259 1476 Murenae
272 1454 340 1474 vitum
354 1457 434 1481 purgat
443 1454 540 1482 Sulpicii
556 1459 578 1476 et
588 1456 680 1477 Catonis
691 1455 870 1483 reprehenniuni-
921 1448 1050 1500 tunis’que
1073 1464 1200 1491 omnibus
1223 1464 1394 1491 inimicorum
1419 1465 1535 1499 impetus
1555 1447 1721 1498 ’propulsare

74 1491 127 1514 bun
139 1489 333 1516 deiude,Sulpicio
342 1489 465 1514 digniorem
471 1497 496 1511 se
503 1491 620 1512 consulatu
630 1492 728 1512 futurum
738 1491 810 1512 fuine
819 1498 870 1512 ‹on—
989 1502 993 1507 ·

74 1525 186 1549 tendente,
201 1525 313 1546 Murenam
328 1528 450 1545 ceterarum
465 1532 537 1546 rerum
551 1526 617 1547 laude
631 1533 718 1553 parem.
729 1526 762 1547 rei
776 1526 870 1547 bellicae
921 1511 1037 1566 posslllmg
1068 1539 1102 1566 Et
1151 1540 1156 1545 .
1247 1539 1272 1565 M
1297 1538 1316 1565 C
1334 1543 1343 1565 t
1383 1538 1388 1543 .
1441 1539 1459 1565 ,ι
1535 1537 1552 1564 d
1566 1542 1664 1563 certam
1679 1545 1722 1563 ra—

73 1563 146 1581 autem
160 1559 233 1586 gloria
247 1559 397 1580 florentiorem
413 1567 463 1580 esse
477 1561 626 1587 demonstran
646 1561 741 1588 denique
755 1568 811 1585 eum.
827 1567 870 1587 duo
921 1547 1312 1604 tionis'ndrmagrgissrlilgelmi‘et
1319 1547 1533 1602 ἱίοιᾞὲῃᾚεῖπηέ
1544 1574 1720 1610 perpendenti

1201 1597 1218 1612 :-
1373 1597 1390 1612 0
1465 1597 1473 1601 *

73 1595 169 1616 ambitu·
180 1594 273 1616 crimine
283 1594 400 1620 liberaret,
415 1595 512 1622 plurium
528 1596 613 1617 animo·
627 1597 694 1617 rebus
708 1596 810 1622 gerendi·
826 1595 870 1616 »ibi
1105 1615 1111 1621 ,
1131 1615 1136 1619 ,
1299 1614 1304 1619 .
1497 1613 1502 1618 .

73 1630 207 1652 concilia-ne
216 1629 338 1658 populique
346 1630 420 1656 gratia
429 1630 575 1658 potentiorem
587 1639 637 1653 esse
647 1631 756 1656 ostendit,
772 1638 835 1658 qutun
847 1634 870 1651 ut
922 1620 1056 1642 momenta
1067 1614 1217 1641 ⁰sf¹c¹⁰fum
1232 1622 1354 1641 ommum
1363 1634 1368 1644 ¹
1385 1613 1418 1640 de
1433 1613 1521 1640 omem
1536 1621 1595 1639 ”¹⁰⁰
1611 1620 1722 1647 respon*

73 1665 179 1687 ambitum
189 1665 336 1693 experiretur.
922 1653 999 1679 dcbo.
1041 1653 1125 1688 Negat
1137 1652 1222 1678 fuisse
1233 1656 1334 1678 rectum
1346 1650 1422 1682 Cato,
1436 1659 1491 1682 me,
1509 1655 1534 1677 et
1545 1649 1683 1677 consulem
1696 1654 1721 1675 et

923 1689 990 1726 legis
1002 1690 1121 1716 ambitus
1134 1689 1256 1720 latorem.
1275 1694 1300 1715 et
1316 1693 1369 1715 tam
1380 1697 1473 1715 severe
1482 1692 1557 1724 gesto
1567 1686 1718 1717 consulatu.

128 1727 149 1754 I.
167 1728 191 1754 l.
214 1722 295 1760 Quae
309 1727 467 1764 deprecatus
483 1737 497 1755 a
511 1728 564 1755 diis
578 1728 776 1756 immortalibus
796 1737 868 1760 sum,
921 1736 1045 1754 caussam
1058 1728 1087 1754 L.
1100 1728 1226 1754 Murenae
1237 1727 1376 1762 attingere.
1399 1726 1483 1753 Cuius
1495 1725 1668 1760 reprehensio
1678 1732 1721 1750 me

74 1764 191 1797 iudices,
205 1774 278 1792 more
288 1766 467 1801 institutoque
477 1767 618 1798 maiorum,
632 1766 679 1793 illo
690 1766 743 1798 die,
756 1775 811 1801 quo
822 1775 871 1792 au·
922 1765 1096 1792 vehementer
1106 1769 1209 1796 movet,
1222 1773 1275 1791 non
1287 1764 1375 1791 solum
1387 1769 1416 1790 ut
1426 1763 1516 1794 vobis,
1530 1762 1646 1793 iudices.
1659 1762 1722 1797 qui-

73 1802 174 1838 spicato
188 1803 304 1830 comitiis
319 1803 474 1830 centuriatis
486 1804 515 1830 L.
529 1804 667 1830 Murenam
678 1804 817 1831 consulem
829 1812 871 1830 re·
922 1802 974 1829 bus
984 1803 1101 1829 maxime
1112 1802 1210 1832 debeo.
1228 1810 1321 1828 verum
1333 1802 1412 1828 etiam
1429 1806 1459 1828 ut
1473 1801 1526 1836 ipsi
1538 1800 1643 1831 Catoni,
1661 1807 1722 1836 gra-

73 1840 210 1867 nuntiavi:
226 1844 257 1867 ut
267 1849 297 1867 ea
307 1849 349 1868 res
360 1841 427 1867 mihi
442 1841 665 1877 magistratuique
680 1850 753 1873 meo,
771 1841 871 1877 populo
922 1840 1036 1867 viSsimo
1054 1845 1134 1875 atque
1154 1839 1328 1875 integerrimo
1348 1839 1417 1871 viro,
1440 1839 1570 1865 rationem
1592 1837 1652 1863 sacti
1668 1837 1720 1863 mei

73 1876 201 1913 plebique
215 1878 349 1905 Romanae
364 1878 431 1905 bene
445 1883 525 1914 atque
544 1878 656 1905 feliciter
671 1880 803 1906 eveniret:
825 1887 871 1905 ea·
922 1878 1043 1913 probem.
1084 1878 1106 1904 A
1116 1886 1171 1913 quo
1183 1877 1299 1908 tandem,
1313 1877 1348 1903 M.
1361 1876 1433 1908 Cato,
1447 1880 1487 1903 est
1498 1876 1612 1911 aequius
1623 1883 1722 1901 consu-

73 1914 135 1942 dem
155 1923 247 1950 precor
264 1915 296 1942 ab
311 1915 408 1942 iisdem
423 1915 475 1942 diis
491 1916 688 1943 immortalibus
703 1917 737 1943 ob
748 1916 869 1943 eiusdem
923 1916 974 1942 lem
987 1915 1108 1947 defendi,
1124 1923 1205 1950 quam
1217 1924 1231 1941 a
1242 1913 1371 1941 consule?
1389 1914 1456 1947 Quis
1467 1913 1534 1940 mihi
1546 1913 1573 1939 in
1585 1911 1721 1947 republica

73 1951 192 1979 hominis
206 1952 376 1979 consulatum
390 1961 443 1979 una
458 1961 520 1979 cum
536 1953 622 1980 salute
637 1953 827 1985 obtinendum,
845 1958 871 1980 et
922 1957 1009 1988 potest
1019 1957 1065 1980 aut
1075 1952 1155 1979 debet
1165 1960 1223 1979 esse
1234 1952 1413 1983 coniunctior,
1431 1960 1512 1987 quam
1525 1952 1558 1982 is,
1571 1951 1615 1976 cui
1627 1958 1722 1984 respu—

75 1993 105 2016 ut
118 1993 222 2016 vestrae
234 1994 336 2017 mentes
347 1994 427 2025 atque
437 1991 584 2017 sententiae
595 1999 656 2017 cum
669 1991 762 2026 populi
774 1991 871 2018 Roma·
923 1990 991 2017 blica
1003 1999 1017 2017 a
1029 1999 1072 2017 mo
1084 1998 1137 2017 uno
1147 1990 1260 2017 traditur
1271 1989 1438 2020 sustinenda.
1452 1989 1558 2024 magnis
1570 1988 1637 2014 meis
1650 1987 1722 2013 labo—

74 2027 102 2053 ni
116 2025 301 2053 voluntatibus
317 2027 506 2063 suffragiisque
523 2028 703 2060 consentiant,
723 2037 809 2063 eaque
828 2037 870 2055 res
923 2028 999 2054 ribus
1010 2032 1036 2054 ct
1051 2027 1178 2063 periculis
1194 2026 1361 2053 sustentata?
1380 2026 1457 2059 Quod
1469 2027 1491 2052 si
1504 2027 1530 2052 in
1543 2026 1576 2052 iis
1588 2025 1668 2051 rebus
1680 2033 1721 2050 re-

74 2063 152 2091 vobis
177 2063 332 2099 populoque
356 2065 474 2091 Romano
498 2073 605 2100 pacem,
637 2065 868 2101 tranquillitatem,
922 2065 1058 2100 petendis,
1081 2074 1151 2100 quae
1171 2065 1287 2099 mancipi
1308 2069 1384 2095 sunt.
1411 2065 1434 2090 is
1457 2062 1607 2099 periculum
1628 2061 1720 2088 iudicii

74 2101 158 2128 otium
169 2101 391 2136 concordiamque
402 2101 501 2128 afferat,
541 2101 618 2134 Quod
632 2103 655 2129 si
670 2102 716 2129 illa
731 2102 870 2129 sollemnis
923 2107 1057 2138 praestare
1067 2102 1160 2133 debet,
1173 2102 1221 2137 qui
1233 2110 1262 2128 se
1273 2110 1344 2128 nexu
1355 2101 1498 2137 obligavit.
1513 2099 1630 2135 profecto
1641 2099 1719 2126 ctiam

74 2139 243 2166 comitiorum
255 2139 371 2173 precatio
380 2139 568 2166 consularibus
579 2140 708 2175 auspiciis
719 2145 870 2167 consecrata
923 2140 1021 2166 rectius
1037 2140 1064 2166 in
1083 2140 1185 2166 iudicio
1207 2139 1327 2166 consulis
1347 2138 1481 2175 designati
1504 2139 1526 2164 is
1549 2137 1720 2172 potissimum

74 2180 173 2203 tantam
186 2175 266 2202 habet
276 2176 304 2202 in
315 2184 343 2202 se
355 2177 410 2203 vim
421 2181 447 2203 et
456 2176 626 2212 religionem,
640 2182 768 2212 quantam
780 2178 872 2213 reipu-
922 2177 1015 2204 consul
1024 2198 1030 2209 ,
1046 2177 1093 2212 qui
1106 2176 1243 2203 consulem
1255 2176 1413 2206 declaravit,
1431 2180 1522 2202 auctor
1537 2174 1658 2201 beneficii
1674 2182 1722 2209 po-

74 2212 160 2240 blicae
173 2213 292 2249 dignitas
308 2213 438 2248 postulat:
460 2213 532 2240 idem
547 2222 597 2250 ego
611 2223 672 2241 sum
689 2220 824 2250 precatus.
842 2219 872 2242 ut
923 2215 980 2250 puli
992 2215 1104 2241 Romani
1115 2213 1294 2248 defensorque
1307 2213 1418 2248 periculi
1430 2221 1489 2239 esse
1499 2212 1617 2238 debebit.
1649 2212 1672 2237 t.
1685 2211 1721 2237 Ac

75 2250 114 2277 eis
123 2258 233 2286 quoque
245 2251 414 2282 hominibus,
427 2251 529 2286 quibus
540 2251 582 2278 hic
593 2252 762 2283 consulatus,
776 2261 818 2278 me
830 2262 872 2279 ro-
923 2253 954 2283 si.
969 2256 998 2278 ut
1010 2251 1147 2278 nonnullis
1158 2252 1185 2277 in
1196 2251 1352 2277 civitatibus
1364 2251 1420 2277 fieri
1434 2250 1510 2280 solet,
1519 2254 1646 2284 patronus
1659 2249 1722 2274 huic

74 2292 166 2324 ganto.
179 2287 258 2315 datus
268 2293 351 2319 essct,
364 2297 393 2314 ea
406 2297 448 2314 res
459 2287 554 2319 fauste.
568 2288 680 2316 feliciter
690 2298 871 2325 prospereque
922 2298 1034 2315 caussae
1051 2288 1159 2323 publico
1175 2288 1395 2318 constitueretur,
1418 2288 1441 2313 is
1463 2287 1602 2322 potissimo
1622 2285 1721 2311 bonore

75 2325 203 2352 eveniret.
244 2327 267 2352 2.
287 2326 360 2358 Quae
375 2334 461 2360 quum
477 2326 512 2352 ita
527 2326 593 2357 sint.
611 2326 727 2358 iudices,
744 2332 770 2353 et
784 2336 870 2362 quum
923 2326 1014 2353 affecto
1025 2325 1150 2352 defensor
1159 2325 1280 2355 daretur.
1297 2325 1345 2360 qui
1361 2324 1453 2351 eodem
1470 2325 1568 2350 bonore
1584 2322 1721 2357 praeditus

75 2363 163 2390 omnis
177 2362 289 2390 deorum
311 2362 503 2389 immortalium
524 2367 640 2398 potestas
659 2368 706 2391 aut
725 2364 816 2391 tralata
836 2365 872 2390 sit
923 2372 974 2390 uon
987 2364 1078 2389 miuus
1090 2362 1193 2388 afferret
1204 2362 1237 2388 ad
1248 2362 1393 2388 dicendum
1403 2361 1575 2391 auctoritatis,
1589 2368 1670 2395 quam
1683 2359 1721 2385 sa-

75 2399 109 2426 ud
119 2408 180 2432 vos,
198 2404 244 2427 aut
258 2405 328 2427 certe
339 2401 535 2427 communicata
547 2400 702 2428 vobiscum:
725 2401 796 2427 idem
808 2410 872 2428 con-
922 2401 1040 2427 cultatis.
1062 2400 1138 2432 Quod
1150 2400 1172 2426 si
1185 2404 1263 2434 portu
1275 2399 1443 2425 solventibus
1455 2399 1482 2427 ii.
1495 2398 1542 2433 qui
1555 2398 1607 2423 iam
1620 2397 1647 2423 in
1659 2405 1720 2432 por-

76 2436 191 2464 sulcum
202 2442 306 2464 vestrae
319 2437 379 2464 fidei
391 2437 574 2469 commendat.
596 2439 644 2473 qui
660 2445 735 2465 antea
750 2438 803 2465 diis
819 2439 871 2464 im-
923 2443 979 2464 tum
992 2446 1025 2464 ex
1035 2437 1088 2463 alto
1099 2436 1278 2467 invehuntur.
1296 2437 1447 2471 praecipere
1459 2443 1566 2461 summo
1576 2434 1667 2461 studio
1676 2442 1721 2461 so-

76 2474 234 2502 mortalibus
244 2475 456 2507 commentitiam
470 2480 498 2501 ut
508 2475 629 2501 ciusdem
642 2475 760 2502 bominis
771 2485 835 2502 voce
846 2480 872 2502 et
924 2475 978 2502 lent
993 2480 1020 2502 ot
1035 2479 1225 2510 tempestatum
1243 2474 1371 2500 rationem
1388 2478 1414 2499 et
1429 2472 1593 2508 praedonum
1609 2477 1635 2498 et
1651 2471 1721 2498 loco—

75 2509 224 2539 declaratus
238 2512 332 2539 consul
347 2517 372 2539 et
387 2512 515 2539 defensus
531 2513 691 2539 beneficium
712 2513 804 2548 populi
820 2513 872 2539 110—
923 2521 997 2545 rum3
1019 2512 1092 2547 quod
1108 2517 1201 2538 natura
1217 2510 1279 2542 sert.
1303 2511 1382 2537 uteis
1394 2510 1546 2541 faveamus,
1567 2510 1616 2545 qui
1627 2509 1719 2535 eadem

77 2549 148 2576 mani
162 2557 224 2576 cum
240 2554 327 2577 vestra
343 2555 423 2585 atque
438 2550 558 2577 omnium
574 2550 676 2576 civium
692 2550 778 2576 salute
798 2555 872 2576 tuea-
923 2549 1056 2585 pericula,
1074 2549 1175 2584 quibus
1187 2557 1234 2575 nos
1246 2547 1379 2583 perfuncti
1390 2556 1500 2579 sumus,
1519 2546 1717 2583 ingrediantur:

76 2589 128 2613 tur.
168 2586 202 2613 Et
215 2588 342 2622 quoniam
358 2587 384 2614 in
401 2587 450 2614 boc
463 2587 550 2614 officio
561 2587 683 2614 studium
695 2596 769 2614 meac
779 2586 872 2614 defen-
922 2595 977 2623 quo
987 2587 1093 2614 tandem
1105 2595 1147 2613 me
1158 2586 1248 2612 animo
1258 2594 1318 2612 esso
1327 2590 1444 2620 oportet.
1461 2593 1542 2621 prope
1553 2585 1605 2611 iam
1617 2592 1651 2611 ex
1663 2592 1720 2610 ma-

77 2622 160 2650 sionis
175 2624 209 2651 ab
224 2625 439 2657 accusatoribus,
462 2629 542 2660 atque
557 2625 637 2651 etiam
659 2625 716 2660 ipsa
736 2625 872 2660 susceptio
922 2633 973 2660 gna
989 2624 1128 2651 iactatione
1144 2628 1239 2650 terram
1256 2623 1405 2654 videntem.
1427 2623 1454 2649 in
1471 2623 1555 2653 hunc,
1577 2622 1621 2648 cui
1642 2621 1721 2647 video

76 2667 186 2687 caussae
200 2662 361 2696 reprehensa
377 2666 430 2689 est:
447 2666 591 2697 antequam
607 2670 655 2697 pro
665 2663 695 2689 L.
709 2663 819 2689 Murena
830 2662 872 2689 di-
923 2662 1054 2688 maximas
1080 2660 1244 2696 reipublicae
1268 2665 1438 2695 tempestates
1461 2668 1522 2686 osse
1545 2658 1721 2685 subeundas?

76 2704 135 2724 core
145 2698 265 2731 instituo,
277 2707 325 2735 pro
336 2707 378 2726 me
390 2700 449 2735 ipso
458 2707 543 2735 pauca
554 2699 656 2734 dicam;
675 2708 726 2727 non
737 2708 792 2736 quo
803 2699 871 2726 mihi
922 2699 1009 2732 Quare
1023 2700 1046 2726 si
1061 2703 1102 2725 est
1118 2698 1180 2725 boni
1196 2697 1330 2729 consulis,
1354 2705 1405 2725 non
1421 2696 1509 2725 solum
1525 2695 1629 2727 videre.
1652 2695 1719 2731 quid
