1941 3052
254 181 300 205 ¹270.
821 177 861 202 28.

249 250 328 275 τνὶιιιει
348 250 372 275 in
391 258 483 274 ‘'ntlsttu
500 249 649 282 indic-ioque
666 246 813 281 patefactis.
836 246 898 280 quia
917 250 968 274 est.
989 246 1036 279 qui
1056 248 1059 307 ἰ

250 286 324 312 illum
340 286 441 312 absolvi
457 287 574 320 potuis«.-
588 283 775 310 otmunt-etur?
808 283 852 308 ΙΧ.
873 283 959 317 Atque
974 282 1037 308 hacc

249 332 327 357 par-vu
342 328 416 348 nunt:
433 323 582 355 cognoscite
594 321 703 355 reliqua,
721 325 809 345 utnon
822 319 965 354 aliquando
974 328 1037 346 con·
1056 310 1059 357 l

248 361 400 386 demnatum
415 368 472 384 ense
487 358 676 392 Oppianicum,
692 357 738 383 ned
754 356 919 391 aliquamdiu
935 356 1037 383 incolu-
1056 358 1059 384 l

249 407 316 423 mem
334 397 415 422 suim-
431 396 571 421 miremini.

303 436 343 460 2¹6.
367 434 482 459 l'rimum
501 432 585 458 videte
601 431 715 457 hominis
729 430 877 457 audaciam.
919 430 1035 457 Sassiam

248 473 272 496 ἰιι
288 471 484 496 matrimonium
499 469 609 498 ‹lucei-e,
626 469 695 494 Aviti
711 473 835 499 matrem,
853 467 938 498 illam,
958 469 1036 494 cuius

249 509 333 533 virum
349 507 378 532 A.
396 507 504 532 Aurium
521 506 658 536 occiderat,
674 505 837 539 concupivit.
879 505 971 532 Utrum
986 506 1037 531 im-
1057 531 1058 534 ,

248 544 386 578 pudentior
401 544 456 573 hir,
473 543 518 577 qui
535 542 662 577 postulet,
683 552 714 568 an
729 542 861 568 crudelior
876 542 933 573 illa,
950 543 972 569 si
988 551 1037 569 nu-

247 583 301 607 liat.
320 580 429 607 difficili—
443 580 514 606 «lictu
530 585 577 605 cst.
619 579 670 605 Sed
686 584 772 606 tamen
788 580 928 614 utriusque
943 579 1038 606 huma·
1057 591 1059 619 J

247 619 352 644 nitatem
367 618 595 652 constantiamque
608 617 767 652 cognoscite.
802 618 843 643 27.
859 618 925 643 Petit
938 617 1038 652 Oppia·
1057 621 1059 625 ⁴

247 656 334 685 uicus,
357 660 383 681 ut
397 655 448 681 sibi
464 654 551 680 Sassia
567 654 662 685 nubat,
685 659 711 680 ct
729 654 755 680 id
775 663 870 690 magno
883 663 962 689 opere
975 663 1037 681 con-

247 693 337 719 tendit.
370 692 414 718 llla
429 697 516 718 autem
532 700 582 718 non
597 691 742 717 admiratur
756 692 902 722 audaciam.
919 701 971 718 non
986 692 1036 718 im·
1056 671 1059 711 l

246 730 398 764 pudentiam
414 734 582 764 aspernatur,
604 737 654 755 non
673 729 789 764 denique
807 729 880 756 illam
895 729 1035 764 Oppianici
1056 734 1058 747 ¹

244 767 363 796 domum,
382 767 430 793 viri
445 767 486 792 sui
501 766 631 802 sanguine
646 766 850 798 redundantem,
868 766 1034 793 reformidat:

244 804 290 830 sed
305 804 375 839 quod
390 804 498 830 haberet
512 808 563 830 tres
578 803 623 829 ille
637 803 714 835 filios.
732 804 830 830 idcirco
843 812 872 830 se
885 804 918 830 ab
933 804 975 830 his
986 813 1036 830 nu-

245 842 307 876 ptiis
321 841 461 867 abhorrere
475 841 619 876 respondit.
641 840 815 876 Oppianicus,
831 842 878 876 qui
893 842 1034 876 pecuniam

244 879 349 905 Sassiae
362 879 573 914 concupivisset,
595 878 674 905 domo
687 878 740 905 sibi
754 879 936 913 quaerendum
951 887 1036 905 reme-

244 917 319 943 dium
333 916 495 942 cxistimavit
509 916 541 942 ad
555 924 612 942 eam
628 924 736 947 moram,
753 925 822 951 quae
834 917 935 951 nuptiis
945 916 1037 943 all‘ere-

245 954 330 980 batur.
352 954 427 984 Nam,
443 962 527 988 quum
543 953 693 980 haheretex
704 954 786 980 Novia
798 953 926 980 infantem
939 953 1033 984 filium,

243 991 308 1017 ulter
322 996 409 1017 autem
424 991 482 1016 eius
497 990 582 1021 iilius,
603 991 682 1026 Papia
698 995 788 1021 natus,
809 991 909 1018 Theani
923 991 1033 1026 Appuli,

242 1028 314 1063 quod
328 1028 401 1054 abest
415 1037 428 1054 a
443 1028 538 1054 Larino
550 1036 618 1054 xvm
632 1028 716 1055 millia
731 1037 873 1064 passuum,
894 1029 964 1064 apud
980 1037 1036 1055 ma-

212 1080 216 1086 -
244 1071 307 1092 trem
323 1065 492 1092 educaretur:
514 1066 624 1092 arcessit
637 1065 728 1092 subito
741 1066 798 1092 sine
812 1075 906 1093 caussa
921 1075 1034 1101 puerum

242 1103 360 1129 Theano:
388 1103 460 1138 quod
480 1102 576 1134 facere,
601 1103 654 1130 nisi
673 1102 744 1130 ludis
763 1103 880 1138 publicis
898 1108 943 1130 aut
961 1103 1035 1130 testis

242 1141 350 1171 diebus,
371 1145 446 1167 antea
466 1149 517 1167 non
531 1140 641 1167 solebat.
682 1141 764 1167 Mater
778 1141 845 1167 nihil
861 1141 923 1167 mali
938 1141 1035 1167 misera

241 1178 394 1213 suspicans,
411 1178 501 1204 mittit.
542 1177 589 1204 Ille
603 1186 632 1204 se
646 1178 788 1205 Tarentum
804 1178 934 1214 proficisci
949 1187 1035 1213 quum

241 1215 407 1247 simulasset,
427 1223 458 1242 eo
475 1216 534 1250 ipso
552 1215 596 1242 die
614 1224 693 1251 puer,
713 1225 796 1251 quum
817 1216 880 1243 hora
895 1216 1035 1243 undecima

242 1253 268 1279 in
283 1252 391 1287 publico
405 1252 496 1279 valens
515 1253 591 1279 visus
611 1257 694 1284 esset,
714 1258 774 1280 ante
792 1258 895 1280 noctem
914 1258 1034 1280 mortuus

241 1295 265 1316 et
280 1290 420 1325 postridie,
441 1294 582 1325 antequam
598 1290 708 1322 luceret,
728 1291 886 1318 combustus
900 1296 949 1317 est.
990 1293 1032 1318 ⁶28.

240 1328 327 1362 Atque
342 1327 413 1354 hunc
428 1331 530 1354 tantum
545 1336 689 1355 maerorem
705 1329 780 1355 matri
800 1329 875 1363 prius
894 1328 1034 1355 hominum

241 1373 343 1396 rumor,
363 1373 444 1400 quam
459 1365 604 1400 quisquam
618 1374 651 1392 ex
665 1365 806 1401 Oppianici
821 1365 921 1392 familia
936 1374 1035 1392 renun-

239 1402 324 1429 tiavit.
365 1402 411 1429 llla
430 1411 515 1438 quum
535 1411 587 1429 uno
609 1407 726 1438 tempore
749 1403 882 1435 audisset,
906 1403 959 1429 sibi
982 1411 1034 1430 non

239 1439 326 1466 solum
338 1439 432 1471 filium,
441 1440 487 1466 sed
499 1440 576 1466 etiam
589 1441 778 1476 exsequiarum
791 1449 890 1467 munus
900 1445 1031 1475 ereptum,

240 1477 365 1503 Larinum
379 1477 518 1504 confestim
534 1478 683 1504 «exanimata
698 1479 778 1509 venit,
795 1483 820 1504 et
833 1478 871 1504 ibi
885 1478 918 1505 de
931 1479 1035 1514 integro

239 1514 320 1541 sunus
338 1515 390 1541 iam
409 1514 514 1550 sepulto
533 1515 586 1542 tilio
605 1515 675 1541 fecit.
716 1516 776 1541 Dies
799 1515 919 1542 nondum
941 1515 1034 1542 decem

240 1553 456 1583 intercesserant,
476 1561 562 1587 quum
581 1551 627 1578 ille
644 1552 710 1579 alter
724 1552 796 1579 [ilius
811 1553 900 1580 infans
914 1558 1032 1580 necatur.

239 1590 330 1624 ltaque
343 1589 420 1616 nubit
434 1589 581 1624 Oppianico
594 1590 721 1617 continuo
735 1590 838 1622 Sassia,
860 1590 965 1617 laetanti
980 1591 1033 1617 iam

239 1627 340 1658 animo,
360 1631 385 1653 et
399 1635 446 1662 spe
460 1627 559 1661 optima
573 1627 739 1654 confirmato:
769 1637 817 1654 nec
831 1629 944 1659 mirum,
964 1636 1034 1663 quae

238 1673 266 1690 se
281 1673 332 1690 non
347 1663 515 1699 nuptialibus
529 1664 620 1696 donis,
637 1665 684 1691 sed
699 1665 814 1692 filiorum
831 1665 972 1692 funeribus
986 1665 1034 1691 de-

239 1701 341 1727 linitam
356 1701 467 1728 videret.
507 1702 557 1733 lta,
573 1701 647 1737 quod
661 1703 739 1728 ceteri
755 1707 861 1737 propter
875 1702 971 1729 liberos
986 1711 1033 1737 pe—

238 1739 332 1765 cuniae
346 1738 498 1773 cupidiores
513 1738 599 1765 solent
612 1747 685 1771 esse,
705 1739 751 1766 ille
770 1744 876 1775 propter
889 1741 1031 1774 pecuniam

240 1775 336 1802 liberos
352 1776 471 1802 amittere
484 1777 630 1803 iucundius
644 1785 703 1803 esse
716 1777 802 1804 duxit.
825 1777 860 1803 X.
871 1779 913 1804 29.
929 1777 1030 1808 Sentio,

1056 421 1058 434 l

239 1812 355 1843 iudices.
377 1821 424 1839 vos
439 1821 486 1847 pro
500 1818 586 1840 vestra
601 1813 779 1845 humanitate,
796 1814 838 1840 his
854 1815 934 1841 tantis
948 1814 1034 1841 scele-

238 1850 313 1876 ribus
332 1850 447 1876 breviter
464 1859 478 1876 a
497 1859 538 1876 me
556 1850 756 1881 demonstratis,
782 1851 953 1878 vehementer
973 1860 1033 1878 esse

238 1891 394 1913 commotos.
427 1886 485 1919 Quo
499 1887 605 1914 tandem
619 1889 702 1924 igitur
715 1889 804 1915 animo
818 1888 903 1915 fuisse
917 1889 977 1915 illos
991 1898 1032 1915 ar—

239 1924 383 1956 bitramini,
399 1925 500 1959 quibus
515 1925 556 1951 his
570 1925 603 1952 de
617 1926 698 1952 rebus
712 1935 763 1952 non
779 1925 856 1953 modo
867 1926 1032 1953 audiendum

239 1961 297 1993 fuit,
312 1970 406 1988 verum
420 1963 499 1988 etiam
513 1962 705 1989 iudicandum?
723 1964 775 1990 Vos
789 1963 889 1990 auditis
903 1963 935 1990 de
949 1972 988 1995 eo,
1004 1965 1032 1990 in

237 2007 318 2034 quem
333 1998 435 2025 iudices
449 2008 500 2026 non
515 1999 593 2026 estis:
609 1999 642 2026 de
655 2009 694 2031 eo,
710 2009 791 2036 quem
806 2009 858 2028 non
873 2001 984 2027 videtis:
999 2001 1032 2027 de

238 2045 281 2067 eo,
302 2045 383 2071 quem
397 2036 487 2063 odisse
500 2037 552 2063 iam
567 2045 618 2063 non
634 2038 757 2072 potestis:
778 2038 810 2064 de
824 2047 868 2069 eo,
883 2039 931 2073 qui
946 2043 971 2065 et
985 2047 1032 2064 na-

238 2077 312 2100 turae
325 2078 350 2100 et
365 2073 470 2109 legibus
484 2073 626 2101 satisfecit:
651 2083 733 2110 quem
748 2075 820 2111 leges
833 2076 937 2107 exsilio,
954 2081 1032 2102 natu-

238 2119 264 2137 ra
280 2115 362 2137 morte
376 2110 525 2138 mulctavit.
559 2111 667 2138 Auditis
681 2121 733 2139 non
747 2113 780 2138 ab
795 2113 916 2139 inimico:
932 2113 1031 2139 auditis

238 2150 295 2175 sine
310 2148 438 2175 testibus:
463 2148 575 2180 auditis,
595 2157 680 2184 quum
696 2158 738 2180 ea,
759 2158 828 2185 quae
846 2151 1032 2185 copiosissime

236 2185 289 2212 dici
314 2189 439 2220 possunt,
464 2185 580 2213 breviter
603 2195 616 2212 a
640 2195 681 2213 me
704 2187 872 2222 strictimque
894 2187 1030 2214 dicuntur.

237 2223 278 2249 llli
297 2223 441 2250 audiebant
457 2223 490 2250 de
508 2231 551 2255 eo,
576 2223 608 2250 de
627 2233 680 2259 quo
698 2225 777 2251 iurati
795 2225 941 2251 sententias
964 2225 1032 2251 ferre

236 2260 383 2287 debebant:
409 2260 441 2286 de
459 2269 503 2292 eo,
523 2261 602 2287 cuius
620 2262 769 2296 praesentis
783 2261 916 2288 nefarium
930 2267 956 2288 et
968 2271 1033 2289 con·

237 2297 395 2324 sceleratum
418 2297 523 2324 vultum
542 2299 728 2326 intuebantur:
752 2299 786 2326 de
804 2308 848 2331 eo,
868 2308 950 2334 quem
967 2300 1032 2326 ode-

237 2339 294 2361 rant
309 2339 414 2370 propter
427 2335 579 2362 audaciam:
599 2336 632 2362 de
646 2345 689 2367 eo,
709 2345 791 2372 quem
809 2338 882 2363 omni
897 2337 1031 2372 supplicio

237 2372 349 2407 dignum
363 2381 422 2399 esse
435 2372 577 2399 ducebant.
603 2373 755 2401 Audiebant
768 2374 802 2400 ab
815 2375 1029 2401 accusatoribus:

237 2409 380 2436 audiebant
391 2410 471 2436 verba
482 2410 628 2437 multorum
640 2411 763 2438 testium:
779 2411 932 2442 audiebant,
945 2421 1031 2447 quum

237 2455 289 2472 una
302 2455 409 2482 quaque
423 2447 456 2473 de
470 2456 497 2473 re
511 2456 524 2473 a
538 2448 567 2474 P.
584 2448 704 2480 Canutio,
720 2449 828 2475 homine
842 2448 1033 2484 eloquentissi—

237 2491 289 2514 me,
305 2485 421 2519 graviter
434 2488 459 2511 et
473 2484 520 2511 diu
534 2484 675 2512 diceretur.
717 2487 758 2512 30.
773 2486 806 2512 Et
820 2491 861 2512 est
873 2487 1028 2521 quisquam,

237 2520 298 2554 qui,
314 2529 399 2555 quum
414 2521 478 2547 haec
490 2523 656 2558 cognoverit,
673 2523 806 2558 suspicari
821 2524 914 2558 possit,
930 2523 1032 2558 Oppia—

238 2557 328 2583 nicum
346 2557 446 2584 iudicio
463 2567 622 2593 oppressum
641 2565 667 2587 et
683 2561 898 2587 circumventum
916 2569 975 2587 esse
988 2561 1032 2587 in-

239 2594 394 2620 nocentem?
419 2594 566 2622 Acervatim
584 2598 637 2623 iam
656 2597 773 2632 reliqua,
793 2598 910 2629 iudices,
931 2598 1028 2629 dicam,

238 2635 267 2656 ut
280 2630 312 2657 ad
327 2639 370 2662 ea,
389 2640 458 2666 quae
473 2634 593 2667 propiora
608 2634 690 2662 huius
703 2643 814 2661 caussae
827 2639 853 2661 et
866 2635 1030 2662 adiunctiora

897 174 1305 201 M,T.C1Ctiuo.·<15

1056 1108 1057 1116 ¹
1087 1108 1138 1134 ret,
1158 1104 1185 1130 in
1205 1103 1261 1138 ipsa
1280 1103 1473 1139 significatione
1492 1103 1574 1130 huius
1593 1103 1737 1130 voluntatis
1755 1108 1795 1130 est
1808 1112 1880 1130 mor·

1053 2194 1055 2204 ’
1084 2188 1201 2222 tiamque
1216 2187 1367 2218 adhiberet,
1384 2191 1413 2213 ut
1426 2186 1466 2218 id.
1482 2185 1556 2221 quod
1568 2189 1732 2220 conceperat,
1747 2189 1875 2216 servaret,

238 2672 309 2698 sunt,
326 2669 489 2703 perveniam.

291 2705 353 2737 Vos,
368 2714 477 2741 quaeso,
494 2709 619 2734 memoria
634 2710 753 2740 teneatis,
770 2717 823 2736 non
833 2709 901 2736 mihi
911 2709 961 2736 hoc
971 2717 1030 2736 esse
1058 2736 1060 2739 ,

1089 246 1264 280 propositum,
1282 249 1311 271 ut
1325 253 1448 272 accusem
1462 245 1640 281 Oppianicum
1655 251 1804 274 mortuum:
1819 247 1876 279 sed.

1088 291 1172 317 quum
1189 282 1237 308 hoc
1251 282 1411 317 persuadere
1426 283 1501 309 vobis
1516 283 1609 313 velim,
1631 284 1760 311 iudicium
1779 285 1811 311 at,
1831 285 1879 312 hoc

1089 329 1140 345 uun
1154 328 1214 345 esse
1227 324 1391 354 corruptum,
1409 319 1458 346 hoc
1472 321 1509 346 uti
1520 322 1596 347 initio
1607 330 1636 347 ac
1650 321 1822 348 tundamento
1832 322 1881 348 de-

1089 356 1231 387 fensionis.
1256 356 1433 392 Oppianicum
1453 356 1587 384 hominem
1603 357 1840 385 sceleratissimum
1854 364 1879 386 et

1089 394 1308 420 nocentissimum
1319 402 1378 420 cuae
1387 394 1540 421 damnatum
1551 405 1555 420 z
1568 395 1615 430 qui
1627 395 1701 421 uxori
1712 404 1776 422 suae
1782 396 1881 423 Cluen-

1089 432 1148 460 tiae.
1164 439 1232 465 quae
1246 432 1324 458 amita
1340 431 1422 458 huius
1431 432 1501 458 Aviti
1515 431 1572 462 tuit.
1588 441 1673 467 quum
1685 433 1742 468 ipse
1754 432 1879 468 poculum

1088 468 1219 499 dedisset.
1235 468 1325 494 subito
1339 468 1383 495 illa
1398 469 1425 495 in
1439 468 1524 495 media
1540 470 1645 503 potione
1659 469 1831 500 exclamavit,
1852 479 1880 497 se

1089 505 1205 531 maximo
1218 514 1280 532 cum
1298 505 1387 532 dolore
1406 507 1485 538 mori,
1511 515 1559 532 nec
1576 506 1679 533 diutius
1698 508 1778 538 vixit,
1798 516 1880 543 quam

1090 542 1175 569 locuta
1189 548 1242 569 cst:
1263 551 1323 569 nam
1343 543 1369 569 in
1385 544 1443 578 ipso
1456 552 1578 569 sermone
1593 543 1641 570 hoc
1654 549 1681 570 et
1695 544 1880 572 vociteratione

1089 584 1191 607 mortua
1205 584 1255 606 est.
1289 580 1322 606 Et
1335 580 1366 606 ad
1382 580 1449 606 hanc
1463 585 1573 607 mortem
1588 585 1640 607 tam
1655 582 1819 616 repentinam
1834 591 1880 609 vo-

1088 626 1200 652 cemque
1215 618 1362 648 morientis,
1378 618 1466 644 omnia
1481 623 1623 653 praeterea,
1639 627 1708 654 quae
1722 618 1808 646 solent
1821 627 1880 646 esse

1089 654 1186 681 indicia
1201 660 1226 681 et
1240 655 1351 690 vestigia
1367 656 1474 685 veneni,
1496 656 1522 681 in
1543 655 1617 682 illius
1637 660 1755 683 mortuae
1772 665 1880 691 corpore

1089 691 1205 718 suerunt.
1228 692 1382 727 Eodemque
1396 701 1499 719 veneno
1513 692 1541 719 C.
1557 692 1745 727 Oppianicum.
1762 693 1877 724 fratrem,

1088 730 1200 755 necavit.
1224 729 1268 756 Xl.
1286 731 1326 755 3⁴.
1343 730 1434 764 Neque
1448 734 1488 756 est
1503 729 1551 756 hoc
1565 730 1643 756 satis:
1660 731 1764 757 tametsi
1779 731 1806 757 in
1821 731 1880 766 ipso

1089 766 1202 793 fraterno
1220 766 1362 801 parricidio
1380 766 1485 793 nullum
1504 767 1592 793 scelus
1607 769 1825 802 praetermissum
1840 768 1880 795 vi-

1087 803 1177 834 detur,
1199 809 1299 835 tamen,
1321 809 1350 830 ut
1363 804 1395 830 ad
1411 804 1459 831 hoc
1473 804 1601 831 nefarium
1618 804 1720 831 facinus
1735 805 1877 837 accederet.

1087 841 1188 868 adituum
1203 842 1255 868 sibi
1271 841 1330 868 aliis
1340 840 1487 868 sceleribus
1497 846 1556 868 ante
1567 842 1692 869 munivit.
1715 843 1781 869 Nam
1793 851 1879 878 quum

1087 883 1158 905 esset
1175 879 1285 915 gravida
1303 879 1397 909 Auria,
1419 878 1507 905 fratris
1526 887 1605 910 uxor,
1630 883 1655 906 et
1669 880 1721 906 iam
1734 880 1880 915 appropin-

1087 924 1168 951 quare
1188 921 1279 951 partus
1294 921 1443 951 putaretur,
1465 916 1605 943 mulierem
1620 925 1723 944 veneno
1736 917 1876 948 interfecit.

1088 958 1117 980 ut
1131 962 1182 980 una
1197 954 1279 985 illud,
1295 954 1366 989 quod
1381 958 1435 980 erat
1448 962 1481 980 ex
1495 953 1573 980 fratre
1586 958 1758 989 conceptum,
1773 962 1880 981 necare-

1088 995 1140 1017 tur.
1180 991 1242 1018 Post
1256 991 1362 1017 fratrem
1377 999 1520 1027 aggressus
1534 996 1587 1018 est:
1611 993 1660 1026 qui
1673 1000 1745 1022 sero,
1766 992 1818 1018 iam
1832 1000 1879 1019 ex·

1089 1028 1183 1055 hausto
1197 1028 1244 1055 illo
1257 1028 1353 1064 poculo
1366 1029 1467 1058 mortis.
1484 1037 1568 1064 quum
1583 1033 1609 1055 et
1622 1028 1655 1054 de
1668 1037 1718 1055 suo
1731 1033 1756 1055 et
1769 1028 1802 1055 de
1812 1037 1880 1056 uxo-

1087 1066 1124 1092 ris
1138 1066 1246 1093 interitu
1265 1066 1401 1097 clamaret.
1423 1070 1666 1101 testamentumque
1681 1071 1782 1092 mutare
1794 1074 1879 1101 cupe-

1087 1145 1159 1167 tuus.
1194 1141 1230 1167 lta
1244 1141 1393 1171 mulierem,
1410 1149 1443 1167 ne
1457 1145 1533 1175 partu
1549 1141 1606 1166 eius
1621 1141 1654 1167 ab
1668 1140 1813 1167 hereditate
1827 1140 1879 1167 fra-

1087 1182 1159 1205 terna
1182 1178 1381 1209 excluderetur,
1410 1178 1527 1204 necavit:
1557 1177 1643 1204 fratris
1665 1183 1754 1204 autem
1782 1178 1878 1205 liberos

1087 1216 1162 1251 prius
1183 1216 1238 1242 vita
1261 1216 1389 1251 privavit,
1413 1224 1494 1250 quarn
1513 1215 1552 1241 illi
1571 1215 1639 1242 hanc
1657 1215 1690 1241 ab
1707 1220 1800 1242 natura
1819 1224 1879 1250 pro—

1086 1254 1172 1288 priam
1187 1252 1273 1280 lucem
1287 1254 1406 1288 accipere
1420 1257 1576 1288 potuerunt:
1597 1258 1626 1279 ut
1639 1261 1732 1279 omnes
1746 1252 1880 1289 intellige-

1087 1295 1153 1322 rent,
1170 1290 1237 1317 nihil
1252 1291 1275 1317 ei
1289 1290 1421 1320 clausum,
1438 1290 1505 1316 nihil
1520 1294 1642 1316 sanctum
1655 1298 1714 1316 esse
1729 1298 1815 1325 posse,
1831 1298 1880 1317 cu-

1086 1329 1129 1355 ius
1143 1328 1176 1354 ab
1190 1328 1299 1354 audacia
1315 1327 1402 1354 fratris
1417 1327 1514 1354 liberos
1529 1335 1562 1354 ne
1576 1327 1687 1353 materni
1701 1327 1811 1362 quidem
1821 1335 1880 1354 σοι·-

1086 1366 1158 1400 poris
1171 1365 1307 1392 custodiae
1321 1370 1408 1401 tegere
1422 1365 1581 1400 potuissent.
1603 1366 1644 1391 32.
1656 1365 1781 1391 Memoria
1792 1369 1876 1396 teneo.

1086 1402 1217 1429 Milesiam
1231 1402 1376 1437 quamdam
1390 1401 1544 1433 mulierem.
1564 1410 1650 1437 quum
1663 1410 1750 1428 essem
1764 1403 1791 1429 in
1805 1402 1877 1434 Asia,

1085 1440 1171 1476 quod,
1191 1440 1224 1466 ab
1243 1439 1388 1466 heredibus
1406 1439 1533 1466 secundis
1551 1443 1656 1474 accepta
1671 1439 1797 1474 pecunia,
1818 1448 1880 1474 par-

1086 1483 1143 1504 tum
1161 1478 1214 1504 sibi
1232 1478 1291 1512 ipsa
1310 1477 1511 1503 medicamentis
1529 1477 1676 1512 abegisset.
1701 1477 1739 1503 rei
1757 1476 1879 1512 capitalis

1085 1524 1144 1542 esse
1166 1515 1337 1542 damnatum:
1365 1523 1413 1541 nec
1435 1515 1546 1546 iniuria:
1570 1523 1638 1549 quae
1656 1515 1732 1549 speni
1751 1514 1877 1549 parentis,

1086 1553 1241 1579 memoriam
1255 1553 1386 1583 nominis,
1402 1551 1556 1578 subsidium
1569 1552 1684 1588 generiS,
1701 1551 1825 1578 heredem
1839 1551 1880 1578 fa-

1085 1590 1188 1621 miliae,
1217 1589 1388 1625 designatum
1416 1588 1579 1624 reipublicae
1601 1590 1687 1615 civem
1711 1588 1876 1615 sustulisset.

1084 1627 1188 1660 Quanto
1199 1626 1364 1662 Oppianicus
1374 1627 1402 1653 in
1413 1626 1505 1653 eadem
1520 1626 1617 1652 iniuria
1632 1627 1731 1652 maiore
1744 1625 1879 1661 supplicio

1084 1665 1197 1701 dignus!
1213 1663 1348 1699 siquidem
1362 1663 1416 1695 illa,
1432 1672 1517 1698 quum
1531 1671 1581 1690 suo
1594 1663 1695 1698 corpori
1707 1663 1761 1689 vim
1773 1662 1879 1690 attulis-

1085 1707 1138 1733 set,
1159 1710 1187 1728 se
1206 1702 1264 1736 ipsa
1281 1701 1424 1728 cruciavit:
1453 1701 1496 1727 hic
1514 1705 1603 1727 autem
1622 1700 1692 1726 idem
1711 1700 1779 1727 illud
1793 1700 1880 1727 effecit

1085 1748 1132 1775 per
1149 1739 1230 1765 alieni
1243 1739 1361 1774 corporis
1375 1742 1487 1765 mortem
1500 1742 1580 1773 atque
1593 1738 1752 1764 cruciatum.
1792 1737 1880 1765 Ceteri

1085 1786 1137 1804 non
1155 1776 1280 1803 videntur
1297 1777 1325 1802 in
1339 1774 1455 1811 singulis
1469 1775 1625 1802 hominibus
1639 1774 1723 1801 multa
1737 1774 1879 1810 parricidia

1084 1814 1222 1849 suscipere
1236 1822 1322 1849 posse,
1339 1812 1503 1848 Oppianicus
1518 1813 1644 1839 inventus
1657 1817 1707 1843 est,
1721 1812 1770 1847 qui
1783 1812 1811 1839 in
1825 1820 1879 1840 uno

1084 1860 1192 1887 corpore
1205 1851 1296 1886 plures
1311 1855 1425 1877 necaret.
1459 1850 1517 1876 ΧΠ.
1534 1851 1574 1876 33.
1594 1850 1695 1885 Itaque.
1710 1858 1795 1884 quum
1810 1849 1879 1876 hanc

1084 1890 1143 1916 eius
1161 1887 1383 1915 consuetudinem
1397 1887 1591 1922 audaciamque
1604 1892 1744 1923 cognosset
1757 1895 1879 1914 avuncu-

1085 1926 1128 1953 lus
1142 1926 1216 1953 illius
1231 1925 1420 1956 adolescentis,
1436 1924 1589 1960 Oppianici.
1607 1924 1654 1951 Cn.
1670 1924 1784 1960 Magius,
1799 1925 1879 1960 isque
1898 1927 1899 1931 ’

1083 1965 1160 2000 gravi
1178 1963 1271 1990 morbo
1284 1962 1393 1989 affectus
1407 1967 1490 1993 esset,
1510 1966 1535 1988 et
1548 1961 1674 1988 heredem
1688 1961 1765 1988 illum
1779 1961 1878 1988 sororis

1084 2009 1148 2028 suae
1162 2001 1248 2027 tilium
1262 2000 1372 2027 faceret:
1387 2000 1482 2026 amicis
1492 1999 1629 2030 adhibitis,
1645 2003 1784 2034 praesente
1793 2003 1879 2026 matre

1084 2047 1141 2069 sua,
1157 2039 1263 2069 Dinaea,
1280 2046 1390 2065 uxorem
1403 2046 1480 2064 suam
1490 2037 1672 2073 interrogavit,
1687 2040 1792 2063 essetne
1801 2044 1879 2071 prae-

1083 2085 1178 2112 gnans.
1212 2076 1285 2108 Quae
1298 2083 1384 2110 quum
1398 2083 1427 2101 se
1440 2083 1499 2101 esse
1513 2073 1703 2109 respondisset,
1719 2073 1752 2100 ab
1765 2081 1796 2100 ea
1809 2073 1879 2108 peti-

1084 2114 1134 2143 vit,
1152 2118 1194 2143 ut,
1211 2122 1239 2139 se
1253 2117 1370 2143 mortuo,
1387 2111 1460 2147 apud
1473 2112 1608 2141 Dinaeam,
1623 2119 1693 2146 quae
1707 2115 1764 2137 tum
1778 2111 1803 2137 ei
1816 2118 1878 2137 mu-

1085 2150 1143 2177 lieri
1157 2159 1249 2177 socrus
1268 2154 1336 2181 erat,
1355 2149 1444 2185 quoad
1462 2153 1577 2184 pareret,
1598 2148 1741 2179 habitaret,
1761 2147 1878 2184 diligen-

1085 2230 1114 2251 ut
1127 2225 1233 2251 salvum
1247 2233 1339 2260 parere
1353 2228 1452 2259 posset.
1492 2224 1584 2258 Itaque
1597 2223 1621 2249 ei
1636 2226 1794 2249 testamento
1807 2221 1878 2258 legat

1083 2262 1211 2298 grandem
1226 2263 1367 2297 pecuniam
1381 2271 1396 2288 a
1411 2261 1473 2291 filio,
1489 2261 1512 2287 si
1525 2261 1573 2295 qui
1587 2264 1666 2286 natus
1679 2263 1763 2286 esset:
1785 2259 1820 2286 ab
1833 2267 1878 2286 se-

1083 2299 1171 2326 cundo
1185 2299 1282 2326 herede
1296 2298 1363 2325 nihil
1379 2299 1457 2334 legat.
1479 2299 1521 2324 34.
1537 2297 1607 2330 Quid
1620 2297 1654 2323 de
1667 2296 1816 2331 Oppianico
1828 2304 1878 2323 su-

1083 2338 1202 2372 spicatus
1219 2337 1267 2368 sit,
1288 2336 1398 2362 videtis:
1418 2335 1485 2371 quid
1503 2334 1639 2365 iudicarit,
1659 2333 1805 2360 obscurum
1822 2341 1877 2360 non

1083 2379 1132 2401 est.
1173 2375 1254 2405 Nam,
1273 2382 1360 2408 quum
1373 2374 1432 2400 eius
1446 2372 1531 2399 silium
1545 2371 1641 2398 faceret
1654 2370 1793 2402 heredem,
1813 2378 1876 2397 eum

1083 2416 1196 2438 tutorem
1211 2411 1302 2437 liberis
1317 2419 1369 2437 non
1383 2410 1516 2444 ascripsit.
1541 2408 1613 2441 Quid
1626 2407 1792 2443 Oppianicus
1806 2407 1876 2434 fece—

1083 2450 1124 2480 rit,
1140 2448 1305 2485 cognoscite3
1321 2453 1351 2474 ut
1363 2447 1441 2474 illum
1455 2446 1573 2482 Magium
1587 2445 1744 2481 intelligatis
1753 2453 1806 2471 non
1817 2444 1876 2471 lon-

1082 2495 1116 2522 ge
1129 2487 1218 2512 animo
1231 2486 1402 2520 prospexisse
1416 2484 1582 2510 morientem.
1604 2482 1678 2515 Quae
1691 2482 1804 2517 pecunia
1813 2490 1876 2508 mu÷

1083 2524 1140 2550 lieri
1155 2523 1239 2559 legata
1253 2527 1308 2549 erat
1321 2531 1336 2549 a
1350 2521 1416 2552 tilio,
1437 2521 1460 2547 si
1474 2521 1522 2555 qui
1536 2525 1614 2547 natus
1627 2524 1710 2550 esset,
1725 2527 1784 2545 eam
1798 2527 1884 2554 prae—v

1082 2565 1184 2587 sentem
1203 2560 1368 2595 Oppianicus
1389 2567 1441 2585 non
1463 2557 1581 2584 debitam
1603 2556 1710 2584 mulieri
1732 2555 1826 2582 solvit:
1850 2555 1878 2583 si

1082 2598 1146 2624 haee
1160 2597 1258 2624 solutio
1272 2596 1432 2632 legatorum,
1448 2599 1474 2621 et
1486 2603 1539 2621 non
1553 2602 1654 2621 merces
1668 2593 1813 2620 abortionis
1826 2601 1879 2627 ap-.

1082 2634 1203 2669 pellanda
1219 2639 1268 2661 est.
1289 2634 1348 2666 Quo
1360 2633 1406 2660 illa
1420 2632 1504 2667 pretio
1517 2635 1624 2666 accepto
1636 2630 1786 2665 multisque
1798 2637 1877 2664 prae-

1081 2677 1150 2698 terea
1168 2671 1340 2702 muneribus,
1361 2678 1430 2705 quae
1448 2673 1505 2696 tum
1519 2678 1554 2696 ex
1566 2667 1665 2695 tabulis
1677 2667 1819 2702 Oppianici
1832 2674 1876 2692 re·-

1081 2709 1243 2735 citabantur.
1259 2717 1336 2743 spem
1350 2707 1434 2738 illam,
1449 2715 1531 2742 quam
1546 2706 1574 2732 in
1587 2705 1648 2732 alvo
1661 2703 1898 2737 commendatam}
