1941 3052
223 165 268 188 :⁸0
790 164 832 188 2¹.
869 163 902 187 M.

222 233 337 259 bostium
353 233 379 259 in
394 233 463 259 bello
478 234 535 267 ipso
554 233 633 257 sols-at
651 231 807 261 ‹ta-tendere,
828 240 885 257 cam
904 240 1009 257 aninmo

221 271 246 296 in
263 279 325 305 pace
339 271 465 305 prm-toris
480 269 570 304 populi
584 269 690 294 ltomani
707 269 800 294 statuis
816 268 948 302 praenidio
959 277 1010 294 non

221 307 313 334 fuisse.
356 310 411 333 ⁴60.
428 306 649 335 Tauronwnitani,
665 314 779 339 qnorum
794 310 834 330 cst
848 306 942 331 civitas
958 304 1011 330 soe-

219 345 320 375 deratu,
343 345 462 370 homines
477 343 650 377 quietissimi,
668 343 714 376 qui
730 342 844 368 maxime
858 342 891 368 ab
905 343 1011 368 iniuriis

221 388 368 408 nostrorum
402 382 603 413 inias-visitantum
635 379 726 404 remoti
757 383 915 404 consuerant
941 388 1008 409 esse,

221 419 351 453 praesidio
371 418 495 449 soe«l‹·ris;
518 417 543 442 hi
564 421 649 442 tamen
669 416 747 441 iatius
765 421 882 441 evertere
897 420 1010 442 statuam

222 465 271 482 uon
286 456 484 481 dubitaverunt.
525 454 581 485 Qua
596 453 705 483 abiecta,
723 453 798 478 busin
815 458 900 479 tamen
916 453 941 479 iu
957 453 1013 479 soro

221 502 324 519 inam-re
341 492 492 520 volucrunt,
513 490 584 525 quod
602 491 711 523 gravius
730 490 755 516 in
771 491 851 516 istum
868 489 921 516 sore
936 495 1013 524 puta-

221 531 294 559 bant,
312 530 332 555 si
348 530 444 554 scirent
460 528 592 557 homines,
609 531 723 553 statuam
738 527 797 553 eius
811 536 825 553 a
840 527 1012 553 Tauromeni-

220 567 288 592 tanis
302 575 360 591 esst·
374 566 515 596 deiectam,
535 573 616 599 quam
634 564 656 590 ei
677 564 778 590 nullam
797 573 925 599 umquam
941 565 1012 599 posi-

221 609 272 630 tam
291 604 489 629 arbitrarentur.
529 601 700 638 Tyndaritani
719 601 872 627 deiecerunt
891 602 916 628 in
941 601 1008 628 soro:

219 645 244 666 ct
269 640 360 666 eade-m
387 640 420 665 de
446 648 539 665 caussa
566 647 666 673 equum
698 639 802 665 inanem
835 639 1009 673 reliquerunt.

221 678 362 708 Leontinis,
380 678 474 703 misera
489 677 515 702 in
529 677 635 702 civitate
646 681 725 710 atque
737 676 817 706 inani,
834 681 920 702 tamen
934 676 1010 702 istius

220 715 245 740 in
268 715 409 750 gymnasio
431 719 517 740 statua
540 714 640 739 deiecta
660 718 707 739 cst.
749 714 813 739 Nam
832 713 898 748 quid
916 722 965 746 ego
978 713 1010 739 ‹le

219 752 358 787 Syracusis
379 751 483 786 loquar,
504 751 576 786 quod
595 760 645 777 nnn
660 755 700 776 est
714 752 851 785 proprium
866 751 1011 786 Syracusa-

220 797 327 819 norum,
343 789 389 815 sed
404 793 428 814 et
444 788 548 814 illorum
563 796 717 818 commune,
738 793 763 814 et
776 793 922 814 conventus
939 787 1010 814 illius

220 835 249 852 ac
268 835 349 861 prope
368 826 448 852 totius
468 825 636 860 provinciae?
662 824 764 857 Quanta
783 825 838 851 illic
857 825 1008 854 multitudo,

218 868 316 898 quanta
327 864 368 889 vis
379 863 517 889 hominum
528 863 685 889 convenisse
695 862 833 888 dicebatur
843 867 908 892 tum,
924 871 1010 896 quum

219 904 320 927 statuae
334 905 396 927 sunt
411 900 484 926 illius
498 900 614 926 deiectae
627 905 706 935 atque
721 899 846 926 eversae‘?
859 900 890 926 At
904 908 958 934 quo
973 899 1011 926 lo-

218 937 267 964 co‘?
286 938 458 964 celeberrimo
476 946 505 963 ac
523 938 738 971 religiosissimo:
759 942 818 963 ante
833 937 921 971 ipsum
935 937 1011 962 Sera-

220 976 284 1009 pim,
300 976 326 1001 in
343 975 428 1010 primo
442 975 514 1001 aditu
530 975 717 1009 vestibuloque
732 974 833 1008 templi.
867 974 943 1005 Quod
959 975 1010 1000 nisi

220 1012 341 1038 Metellus
366 1012 414 1038 hoc
438 1017 489 1038 tam
511 1013 626 1045 graviter
649 1013 748 1046 egisset
765 1017 844 1046 atque
862 1011 934 1037 illam
955 1020 1009 1037 rem

210 1050 330 1084 ¹imperio
341 1049 479 1083 edictoque
495 1049 689 1084 prohibuisset:
706 1049 848 1083 vestigium
863 1053 1010 1075 statuarum

219 1087 297 1113 istius
311 1087 338 1113 in
353 1091 404 1113 tota
419 1087 508 1113 Sicilia
524 1086 629 1112 nullum
644 1091 714 1112 esset
728 1086 859 1112 relictum.

275 1125 331 1150 ⁴6⁴.
351 1124 438 1159 Atque
456 1132 505 1159 ego
523 1124 571 1150 hoc
590 1133 641 1150 non
662 1132 765 1154 vereor,
788 1132 821 1149 ne
833 1123 900 1158 quid
916 1124 1009 1150 horum

219 1170 269 1188 non
285 1161 363 1188 modo
376 1161 510 1195 impulsu,
532 1169 624 1187 verum
642 1162 750 1187 omnino
768 1160 885 1187 adventu
900 1170 958 1187 meo
973 1160 1011 1187 fa-

217 1203 290 1225 ctum
304 1207 363 1225 esse
378 1199 508 1225 videatur.
543 1198 638 1224 Omnia
652 1199 701 1224 ista
715 1202 774 1224 ante
790 1197 855 1224 sacta
870 1203 941 1229 sunt,
959 1207 1009 1224 non

218 1236 309 1267 modo,
329 1245 410 1271 quam
429 1244 478 1271 ego
497 1235 630 1266 Siciliam,
651 1244 744 1261 verum
762 1236 841 1261 etiam
860 1244 941 1270 quam
961 1236 1010 1261 iste

217 1273 318 1300 Italiam
333 1273 428 1309 attigit.
459 1273 526 1299 Dum
541 1281 589 1307 ego
603 1273 628 1299 in
645 1272 735 1299 Sicilia
749 1281 819 1303 sum,
836 1273 909 1299 nulla
924 1277 1009 1299 statua

217 1311 316 1337 deiecta
340 1315 388 1337 est.
429 1311 603 1344 Posteaquam
626 1309 701 1336 illinc
719 1310 834 1340 decessi,
859 1318 928 1345 quae
946 1315 1010 1336 sunt

216 1353 302 1383 gesta,
328 1348 487 1383 cognoscite.
528 1347 629 1373 LXVlI.
648 1347 883 1382 Centuripinorum
901 1352 1009 1373 senatus

216 1386 334 1411 decrevit
347 1385 518 1420 populusque
532 1385 624 1416 iussit,
644 1389 687 1415 ut,
702 1393 771 1419 quae
785 1388 886 1410 statuae
901 1384 929 1411 C.
945 1385 1010 1411 Ver-

217 1424 253 1449 ris
267 1423 363 1457 ipsius,
379 1427 405 1448 et
418 1423 500 1457 patris
514 1425 539 1448 et
554 1421 610 1452 filii,
627 1426 724 1452 essent.
741 1430 784 1448 eas
798 1426 952 1456 quaestores
963 1421 1010 1448 de-

216 1459 363 1486 moliendas
378 1459 500 1490 locarent,
517 1459 637 1494 dumque
648 1468 676 1485 ea
687 1459 824 1485 demolitio
835 1459 915 1490 tieret,
931 1467 1009 1485 sena-

216 1503 285 1523 tores
299 1505 332 1523 ne
344 1505 403 1523 xxx
418 1497 509 1522 minus
522 1496 654 1522 adessent.
694 1496 787 1522 Videte
800 1497 956 1531 gravitatem
971 1497 1010 1523 ci-

216 1535 305 1561 vitatis
320 1539 345 1560 et
358 1534 526 1569 dignitatem.
560 1534 652 1568 Neque
665 1541 709 1559 eas
723 1534 751 1560 in
765 1533 832 1559 urbe
845 1542 893 1560 sua
907 1538 1008 1560 statuas

215 1580 274 1598 esse
288 1571 443 1602 voluerunt,
464 1579 531 1606 quas
545 1571 622 1597 inviti
637 1579 684 1605 per
698 1571 753 1597 vim
767 1574 847 1605 atque
865 1571 1008 1605 imperium

215 1609 365 1641 dedissent3
390 1617 477 1643 neque
500 1609 558 1634 eius
577 1608 706 1639 hominis,
731 1609 759 1634 in
777 1616 859 1643 quem
876 1608 929 1642 ipsi
947 1617 1009 1634 cum

215 1646 375 1682 gravissimo
393 1646 544 1672 testimonio
562 1645 681 1680 publice,
706 1644 778 1680 quod
797 1653 944 1680 numquam
962 1654 1010 1672 an-

216 1689 265 1714 tea,
280 1684 390 1710 Romam
406 1683 528 1709 mandata
543 1682 696 1718 legatosque
710 1682 861 1708 misissent:
877 1687 902 1708 et
912 1682 939 1708 id
949 1691 1010 1718 gra-

216 1721 277 1747 vius
295 1729 353 1747 esse
371 1724 544 1755 putaverunt,
569 1720 592 1746 si
611 1719 719 1754 publico
736 1719 861 1749 consilio,
886 1728 967 1754 quam
986 1720 1009 1746 si

216 1766 263 1792 per
276 1758 331 1784 vim
346 1757 527 1783 multitudinis
543 1756 640 1783 factum
656 1757 800 1783 videretur.
843 1758 898 1783 ⁴62.
919 1756 1008 1788 Quum

216 1795 265 1821 hoc
279 1795 390 1821 consilio
403 1799 503 1820 statuas
517 1794 684 1828 Centuripini
699 1793 806 1828 publice
823 1793 1006 1825 sustulissent.

215 1832 290 1858 audit
304 1831 440 1858 Metellus:
456 1832 571 1867 graviter
585 1831 647 1857 fert:
663 1835 754 1857 evocat
768 1830 801 1857 ad
814 1839 843 1857 se
857 1831 1010 1866 Centuripi-

217 1878 310 1896 norum
326 1869 495 1905 magistratus
509 1873 534 1895 et
551 1868 781 1902 decem-primos:
807 1869 858 1894 nisi
877 1868 1010 1894 restituis-

215 1911 274 1933 sent
292 1911 406 1938 statuas,
426 1906 597 1932 vehementer
615 1906 740 1931 minatur.
780 1904 821 1931 Illi
839 1905 872 1931 ad
886 1910 1008 1931 senatum

216 1944 376 1970 renuntiant.
418 1943 533 1974 Statuae,
549 1951 617 1977 quae
630 1943 709 1969 istius
722 1951 832 1969 caussae
846 1942 913 1969 nihil
929 1942 1009 1977 prod-

215 1986 312 2012 essent,
329 1985 508 2016 reponuntur:
523 1980 626 2006 decreta
637 1980 881 2014 Centuripinorum,
897 1988 966 2014 quae
976 1980 1008 2006 de

215 2019 311 2045 statuis
325 2023 398 2044 erant
412 2018 488 2048 sacta,
505 2026 557 2044 non
571 2017 711 2043 tolluntur.
752 2018 799 2043 Hic
813 2026 862 2053 ego
875 2017 949 2043 aliud
963 2016 1007 2043 alii

214 2055 342 2082 concedo:
363 2055 481 2086 Metello,
498 2055 598 2081 homini
613 2055 739 2089 sapienti,
756 2063 866 2089 prorsus
881 2063 932 2080 non
947 2063 1008 2089 pos-

214 2101 275 2119 sum
290 2094 439 2128 ignoscere,
461 2093 484 2118 si
500 2092 568 2127 quid
581 2091 662 2118 stulte
677 2091 748 2118 facit.
788 2091 878 2124 Quid?
895 2091 940 2118 ille
959 2091 1008 2118 hoc

215 2130 324 2165 putabat
338 2130 412 2157 Verri
426 2130 600 2156 criminosum
616 2128 678 2159 fore,
695 2129 718 2155 si
731 2129 790 2155 eius
804 2133 906 2155 statuae
919 2134 1008 2155 essent

214 2167 342 2198 deiectae,
362 2167 435 2202 quod
453 2175 532 2201 saepe
550 2171 628 2193 vento
650 2170 695 2192 aut
713 2166 803 2201 aliquo
817 2175 880 2192 casu
895 2166 951 2192 fieri
965 2175 1009 2192 so-

216 2203 268 2231 let?
294 2205 351 2231 Non
365 2209 419 2230 erat
432 2205 459 2230 in
474 2204 523 2230 hoc
537 2212 623 2238 neque
637 2204 738 2230 crimen
753 2203 850 2234 ullum,
866 2212 953 2238 neque
967 2211 1009 2229 re—

215 2241 365 2277 prehensio.
391 2241 432 2267 Ex
445 2250 498 2276 quo
512 2242 594 2276 igitur
607 2241 707 2267 crimen
722 2245 801 2276 atque
815 2241 947 2267 accusatio
961 2249 1009 2267 na—

214 2278 317 2305 scitur?
329 2287 362 2305 ex
376 2278 516 2305 hominum
531 2278 631 2304 iudicio
644 2283 669 2304 et
683 2278 829 2304 voluntate.

270 2316 385 2342 LXVIII.
406 2317 462 2342 ⁴63.
487 2316 556 2351 Ego,
580 2316 603 2341 si
622 2315 745 2342 Metellus
763 2320 864 2341 statuas
881 2324 1007 2349 reponere

213 2353 400 2388 Centuripinos
423 2361 475 2379 non
497 2353 639 2388 coegisset,
664 2353 728 2379 haec
746 2352 876 2379 dicerem:
904 2352 1005 2383 Videte,

214 2390 325 2422 iudices,
341 2395 472 2425 quantum
485 2395 511 2416 et
519 2399 599 2425 quam
611 2390 735 2416 acerbum
746 2389 864 2417 dolorem
874 2390 1006 2416 sociorum

214 2431 293 2461 atque
316 2428 461 2453 amicorum
483 2427 580 2453 animis
603 2427 750 2453 inusserint
772 2428 851 2453 istius
876 2427 1004 2458 iniuriae;

214 2472 299 2498 quum
310 2464 543 2499 Centuripinorum
555 2465 716 2490 amicissima
731 2469 756 2490 et
771 2464 926 2490 fidelissima
939 2464 1008 2490 civi-

215 2505 267 2531 tas,
287 2509 355 2535 quae
374 2502 452 2528 tantis
466 2501 561 2528 officiis
574 2510 636 2527 cum
651 2501 751 2536 populo
764 2502 882 2528 Romano
894 2501 1007 2527 coniun-

213 2542 254 2563 cta
272 2542 324 2566 est.
351 2543 380 2564 ut
404 2547 456 2565 non
479 2538 566 2565 solum
590 2538 783 2573 rempublicam
801 2543 931 2569 nostram,
959 2537 1006 2564 sed

213 2574 293 2600 etiam
307 2575 334 2600 in
348 2576 444 2609 quovis
458 2575 565 2602 homine
579 2575 682 2610 privato
695 2584 791 2601 nomen
805 2576 896 2609 ipsum
910 2575 1008 2602 Roma-

215 2619 279 2637 num
294 2619 399 2645 semper
411 2611 545 2643 dilexerit,
566 2620 596 2638 ea
615 2611 724 2647 publico
740 2612 852 2639 consilio
865 2617 945 2647 atque
958 2620 1007 2638 au-

213 2648 332 2674 ctoritate
345 2648 481 2678 iudicarit,
502 2649 531 2675 C.
545 2649 635 2675 Verris
648 2653 750 2675 statuas
763 2657 822 2675 esse
835 2649 863 2675 in
877 2649 944 2675 urbe
957 2657 1006 2675 sua

215 2693 266 2711 non
292 2689 420 2720 oportere.

937 162 966 187 Τ.
1002 161 1276 188 CICERONIS

1063 232 1207 258 Laudarem
1228 231 1300 258 illam
1319 232 1466 258 civitatem:
1491 232 1518 259 id
1540 233 1612 267 quod
1632 233 1769 259 verissime
1793 242 1853 268 pos-

1062 278 1128 294 sem.
1169 270 1422 299 Cunnmemorarcm.
1437 269 1528 296 decem
1543 269 1626 296 millia
1640 271 1740 296 civium
1755 270 1854 297 Centu-

1039 328 1041 345 Ι,
1064 306 1225 339 ripinorum.
1251 304 1456 332 fortissimorum
1480 306 1752 341 fidelissimorumque
1769 308 1854 334 socio-

1063 351 1136 371 rum;
1164 351 1209 368 eoa
1226 351 1319 368 omnes
1342 343 1467 369 aiamim
1488 353 1687 370 uoxcuznru·
1711 353 1806 371 tntu}
1827 353 1853 371 ικ

1064 389 1116 405 sun
1134 388 1273 405 cirin-r:
1293 388 1407 406 κυιιυι
1426 388 1495 406 ιιιι
1508 389 1671 407 oro-1212.
1713 381 1770 407 tot.
1786 381 1854 408 [iaec

1065 421 1120 442 tuni
1143 416 1273 447 dicerem,
1301 416 1323 442 si
1347 421 1447 442 statuas
1465 416 1587 443 Metella·
1610 426 1661 445 nou
1680 426 1756 452 repon

1065 453 1148 479 vet-'m
1167 462 1293 488 quaerere
1312 462 1382 479 nunc
1400 462 1433 480 ex
1452 454 1510 488 ipso
1524 454 1641 485 Metello,
1662 454 1792 490 quidnam
1807 464 1854 482 su·

1065 491 1088 516 vi
1113 495 1138 516 et
1162 491 1314 516 auctoritate
1338 490 1404 517 mihi
1426 499 1459 517 ex
1483 490 1531 517 hac
1548 491 1664 518 untione
1686 492 1853 526 praeciderit.

1064 527 1160 553 Eadem
1175 528 1269 562 opinor
1282 528 1370 553 omniu
1384 528 1535 554 convenire.
1558 528 1650 563 Neque
1662 529 1743 559 enim,
1760 530 1782 555 si
1799 538 1856 556 ma-

1064 566 1134 591 xime
1151 569 1252 591 statuae
1271 564 1388 591 deiectae
1406 569 1508 595 essent.
1528 573 1572 591 ean
1590 574 1639 601 ego
1658 565 1733 592 vohis
1748 575 1854 601 possem

1063 603 1176 628 iacentes
1193 601 1341 628 ostendere.
1383 602 1435 628 lloc
1453 610 1506 628 uno
1525 607 1624 628 uterer:
1648 602 1782 629 civitatem
1801 609 1854 630 um

1062 648 1170 672 gravem
1185 644 1286 665 statuas
1301 638 1433 665 iudicasse
1443 639 1472 666 C.
1486 639 1573 665 Verris
1587 638 1777 666 demoliendas.
1802 641 1855 667 iloc

1063 677 1127 702 mihi
1138 676 1260 702 Metellus
1274 685 1324 702 non
1340 677 1451 711 eripuit:
1468 676 1517 702 hoc
1528 677 1606 703 etiam
1621 676 1731 707 addidit,
1750 682 1778 703 ut
1788 686 1851 712 que-

1760 418 1853 444 uisset.

1039 707 1041 721 ³
1064 722 1141 743 rerer,
1157 714 1180 739 si
1196 713 1261 739 mihi
1278 713 1420 744 videretur,
1437 718 1489 740 tam
1505 714 1598 748 iniquo
1612 714 1668 740 iure
1682 714 1761 740 sociis
1775 719 1855 749 atque

1062 751 1154 777 amicis
1174 751 1311 785 imperari,
1333 755 1361 777 ut
1379 751 1412 777 iis
1430 760 1463 777 ne
1482 751 1508 777 in
1522 751 1580 777 suis
1593 750 1703 786 quidem
1718 751 1854 778 beneficiis

1063 788 1146 814 libero
1159 788 1259 814 iudicio
1273 788 1310 814 uti
1326 787 1428 814 liceret:
1454 793 1482 814 ut
1501 797 1548 814 vos
1566 797 1699 823 rogarem,
1720 793 1749 815 ut
1766 789 1855 815 conie-

1039 839 1041 846 ν
1061 830 1162 851 cturam
1182 825 1313 855 faceretis.
1334 825 1441 860 qualem
1461 825 1487 852 in
1506 825 1548 851 his
1562 825 1642 852 rebus
1657 825 1683 852 in
1699 834 1740 852 me
1754 825 1783 852 L.
1800 826 1855 852 Me·-

1039 869 1040 878 ¹
1062 862 1155 888 tellum
1170 862 1253 888 [uisse
1268 863 1409 896 putaretis,
1431 863 1457 889 in
1470 862 1572 897 quibus
1586 862 1666 889 rebus
1679 862 1773 889 obesse
1787 862 1854 890 mihi

1063 904 1164 934 posset,
1189 908 1274 933 quum
1289 901 1316 926 in
1331 900 1380 926 hac
1394 909 1421 926 re
1436 905 1487 926 tam
1502 905 1590 934 aperta
1604 899 1750 934 cupiditate
1764 899 1852 931 suerit,

1062 938 1088 964 in
1103 946 1155 972 qua
1171 937 1237 963 nihil
1251 936 1347 963 obfuit.
1372 936 1424 963 Sed
1438 945 1487 972 ego
1501 936 1605 963 Metello
1619 945 1670 963 non
1685 938 1791 968 irascor,
1808 946 1855 964 ne-

1039 969 1040 978 *
1061 983 1114 1009 que
1140 975 1164 1000 ei
1190 982 1267 1000 suam
1294 975 1477 1009 purgationem
1504 974 1600 1009 eripio,
1633 983 1685 1008 qua
1712 974 1757 1000 ille
1782 973 1854 1009 apud

1062 1020 1154 1038 omnes
1173 1012 1269 1042 utitur,
1290 1016 1319 1038 ut
1337 1011 1404 1038 nihil
1423 1010 1554 1038 malitiose
1571 1019 1659 1046 neque
1675 1010 1797 1038 consulto
1815 1011 1854 1038 se-

1062 1050 1131 1076 cisse
1146 1048 1276 1075 videatur.

1117 1123 1212 1150 LXIX.
1229 1124 1286 1150 ⁴65.
1302 1123 1355 1149 lam
1369 1123 1452 1158 igitur
1464 1127 1504 1149 est
1518 1123 1552 1150 ita
1566 1123 1748 1158 perspicuum,
1765 1127 1795 1150 ut
1808 1131 1855 1150 ne-

1061 1169 1123 1197 gare
1137 1169 1189 1187 non
1204 1161 1300 1195 possis,
1317 1160 1418 1187 nullam
1433 1160 1481 1187 tibi
1493 1165 1605 1186 statuam
1617 1159 1752 1187 voluntate
1761 1160 1854 1187 cuius-

1061 1207 1142 1233 quam
1162 1198 1263 1229 datam,
1290 1197 1391 1224 nullam
1411 1198 1550 1232 pecuniam
1569 1202 1717 1224 statuarum
1735 1197 1850 1227 nomine,

1061 1236 1112 1262 nisi
1128 1236 1153 1262 vi
1168 1244 1322 1270 expressam
1336 1239 1361 1261 et
1370 1240 1495 1261 coactam.
1517 1234 1575 1267 Quo
1583 1234 1693 1269 quidem
1706 1235 1732 1261 in
1742 1235 1853 1261 crimine

1061 1281 1112 1299 non
1128 1272 1195 1299 illud
1209 1272 1296 1299 solum
1311 1271 1425 1307 intelligi
1439 1272 1511 1303 volo.
1532 1276 1556 1298 te
1570 1272 1602 1298 ad
1616 1276 1717 1298 statuas
1731 1271 1794 1298 ti-S
1807 1272 1854 1298 tri-

1038 1330 1039 1334 .
1060 1311 1114 1336 cies
1127 1310 1260 1345 coegisse:
1284 1309 1332 1335 sed
1346 1309 1430 1336 multo
1444 1310 1523 1335 etiam
1538 1308 1605 1335 illud
1620 1309 1714 1344 magis,
1730 1308 1803 1344 quod
1816 1309 1854 1335 si-

1062 1347 1118 1373 mul
1137 1346 1347 1373 demonstratum
1365 1351 1418 1377 est,
1438 1351 1570 1381 quantum
1583 1346 1675 1372 odium
1690 1346 1717 1372 in
1731 1350 1756 1372 te
1769 1350 1854 1372 arato-

1060 1393 1134 1415 rum,
1158 1388 1290 1418 quantum
1305 1384 1425 1410 omnium
1439 1382 1592 1410 Siculorum
1606 1383 1642 1410 sit
1654 1387 1680 1409 et
1694 1382 1783 1409 suerit.
1824 1383 1852 1410 In

1060 1430 1114 1456 quo
1127 1429 1195 1456 quae
1210 1425 1296 1447 vestra
1309 1420 1430 1447 defensio
1444 1420 1532 1447 sutura
1550 1421 1597 1452 sit,
1617 1421 1767 1447 coniectura
1781 1428 1854 1447 asse-

1060 1459 1108 1493 qui
1123 1467 1175 1485 non
1188 1466 1268 1493 queo.
1300 1459 1356 1484 ⁴66.
1372 1457 1492 1484 Oderunt
1505 1457 1604 1484 Siculi:
1620 1462 1767 1493 togatorum
1781 1457 1853 1484 enim

1059 1504 1154 1522 caussa
1172 1495 1257 1522 multa
1275 1494 1335 1521 reci.
1376 1495 1410 1522 At
1423 1495 1450 1522 hi
1463 1495 1574 1530 quidem
1588 1495 1709 1522 acerrimi
1723 1495 1854 1522 inimicis-

1059 1533 1176 1568 simique
1189 1537 1263 1560 sunt.
1302 1532 1428 1559 Inimioos
1442 1532 1526 1559 habeo
1539 1532 1611 1559 cives
1625 1532 1765 1563 Romanos.
1780 1531 1853 1567 quod

1059 1571 1192 1597 sociorum
1211 1569 1348 1596 commoda
1366 1578 1395 1596 ac
1412 1570 1470 1596 iura
1483 1569 1600 1596 defendi.
1640 1570 1674 1596 At
1686 1569 1751 1596 socii
1764 1569 1791 1595 in
1805 1569 1854 1596 ho-

1059 1609 1142 1634 stium
1157 1615 1268 1634 numero
1281 1615 1309 1633 se
1323 1606 1371 1633 abs
1385 1611 1410 1633 te
1424 1606 1528 1633 habitos
1541 1611 1701 1641 queruntur.
1731 1606 1852 1633 Aratores

1060 1645 1162 1671 inimici
1176 1649 1240 1670 sunt
1253 1648 1360 1679 propter
1372 1643 1508 1670 decumas.
1548 1642 1638 1675 Quid?
1649 1644 1697 1678 qui
1711 1651 1788 1678 agros
1802 1643 1854 1669 im-

1060 1690 1156 1708 munes
1171 1681 1322 1716 liberosque
1336 1686 1419 1710 arant,
1434 1689 1482 1707 cur
1495 1679 1626 1707 oderunt?
1650 1681 1704 1707 Cur
1717 1680 1854 1707 Halesini‘?

1060 1728 1108 1745 cur
1133 1717 1318 1753 Centuripini?
1342 1727 1391 1744 cur
1413 1716 1570 1753 Segestani?
1594 1726 1643 1744 cur
1665 1716 1854 1753 Halicyenses?

1059 1755 1136 1788 Quod
1148 1764 1235 1791 genus
1250 1756 1402 1786 hominum,
1417 1763 1499 1790 quem
1515 1763 1670 1786 numerum,
1686 1763 1766 1790 quem
1781 1754 1854 1781 ordi-

1060 1802 1121 1820 nem
1135 1793 1251 1828 proi'erre
1265 1793 1365 1827 possis.
1385 1793 1433 1824 qui
1451 1797 1476 1818 te
1495 1801 1546 1818 non
1563 1792 1660 1822 oderit,
1680 1793 1738 1818 sive
1751 1792 1852 1818 civium

1059 1831 1253 1860 Romanorum,
1273 1830 1330 1856 sive
1348 1828 1521 1856 Siculorum?
1546 1829 1579 1856 Ut
1596 1830 1700 1855 etiamsi
1718 1837 1850 1860 caussam,

1036 1879 1038 1888 ι
1060 1876 1109 1894 cur
1122 1872 1148 1894 te
1160 1867 1272 1898 oderint,
1289 1875 1341 1894 non
1355 1867 1456 1902 possim
1471 1866 1568 1898 dicere,
1584 1871 1671 1893 tamen
1682 1866 1751 1893 illud
1761 1865 1853 1893 dicen-

460 2685 606 2712 Recitarem
632 2686 736 2712 decreta
758 2686 1003 2720 Centuripinorum.
1034 2716 1035 2719 Ἴ

1059 1905 1125 1931 dum
1140 1909 1245 1940 putem:
1270 1913 1343 1938 quem
1356 1913 1441 1930 onina
1454 1905 1574 1930 mortales
1587 1906 1699 1934 oderim,
1719 1913 1775 1929 eum
1788 1912 1853 1937 quo-

1059 1951 1107 1976 que
1120 1944 1190 1968 vobis
1203 1944 1260 1968 odio
1273 1950 1326 1968 esse
1338 1946 1460 1975 oportere.
1502 1941 1558 1967 ⁴67.
1577 1941 1618 1967 An
1637 1940 1686 1967 hoc
1703 1940 1791 1967 dicere
1804 1949 1853 1967 au-

1059 1979 1150 2006 debis:
1175 1984 1265 2006 utrum
1284 1978 1317 2005 de
1335 1983 1360 2005 te
1378 1983 1504 2009 aratores,
1525 1983 1615 2005 utrum
1634 1977 1751 2013 denique
1768 1976 1851 2005 Siculi

1061 2017 1178 2043 universi
1197 2017 1264 2043 bene
1281 2016 1435 2042 existiment
1452 2020 1497 2042 aut
1514 2024 1568 2051 quo
1586 2015 1665 2042 modo
1689 2015 1849 2045 existiment.

1059 2054 1093 2080 ad
1106 2063 1162 2080 rem
1175 2053 1204 2080 id
1217 2062 1269 2080 non
1284 2052 1433 2088 pertinere?
1458 2053 1551 2088 Neque
1564 2057 1593 2079 tu
1607 2052 1656 2079 hoc
1670 2052 1757 2078 dicere
1770 2052 1852 2079 aude-

1059 2091 1114 2122 bis,
1135 2099 1235 2126 neque,
1260 2091 1283 2116 si
1301 2091 1408 2125 cupias,
1433 2089 1531 2116 licebit.
1570 2090 1696 2124 Eripiunt
1713 2089 1785 2116 enim
1803 2089 1851 2116 tibi

1059 2129 1138 2154 istam
1159 2129 1304 2154 orationem
1326 2126 1580 2154 contemnendorum
1599 2126 1752 2153 Siculorum
1772 2131 1852 2161 atque

1059 2170 1191 2192 aratorum
1205 2170 1308 2191 statuae
1321 2164 1383 2191 illae
1396 2169 1542 2200 equestres,
1558 2172 1626 2199 quas
1640 2169 1669 2190 tu
1679 2162 1770 2198 paullo
1780 2168 1848 2192 ante,

1058 2212 1140 2238 quam
1154 2202 1187 2229 ad
1198 2202 1295 2229 Urbem
1307 2203 1422 2233 venires,
1438 2202 1501 2237 poni
1514 2201 1680 2236 inscribique
1693 2201 1806 2232 iussisti,
1822 2205 1851 2226 ut

1059 2240 1179 2267 omnium
1198 2240 1369 2266 inimicorum
1387 2240 1491 2265 animos
1508 2243 1746 2272 accusatorumque
1764 2237 1852 2264 tarda·

1058 2286 1110 2304 res.
1145 2278 1202 2303 ⁴68.
1217 2276 1284 2308 Quis
1297 2277 1369 2302 enim
1383 2276 1432 2302 tibi
1447 2275 1574 2302 molestus
1588 2279 1657 2301 esset
1670 2279 1715 2300 aut
1727 2275 1790 2309 quis
1803 2283 1852 2310 ap-

1060 2314 1158 2349 pellare
1171 2313 1289 2344 auderet.
1305 2322 1391 2348 quum
1406 2313 1509 2339 videret
1520 2317 1621 2339 statuas
1634 2311 1668 2338 ab
1682 2312 1851 2347 negotiatori-

1059 2352 1124 2382 bus,
1144 2351 1178 2377 ab
1196 2351 1358 2382 aratoribus,
1382 2359 1396 2377 a
1414 2350 1551 2377 communi
1569 2347 1693 2375 Siciliae?
1717 2348 1794 2380 Quod
1811 2353 1851 2375 δι

1058 2388 1133 2415 aliud
1146 2389 1174 2414 in
1188 2388 1233 2414 illa
1247 2388 1384 2423 provincia
1394 2396 1482 2423 genus
1491 2384 1649 2413 hominum‘.>
1663 2385 1778 2412 nullum.
1800 2385 1851 2412 Er—

1057 2434 1092 2461 go
1109 2425 1142 2452 ab
1160 2426 1286 2452 universa
1303 2425 1452 2460 provincia,
1476 2424 1676 2459 generatimque
1698 2431 1712 2449 a
1734 2421 1850 2458 siugulis

1058 2463 1116 2489 eius
1130 2463 1252 2497 partibus
1265 2471 1318 2488 non
1332 2461 1419 2488 solum
1433 2460 1562 2496 diligitur,
1578 2461 1626 2486 sed
1639 2460 1717 2486 etiam
1731 2464 1848 2486 ornatur.

1057 2500 1124 2532 Quis
1138 2499 1210 2526 hunc
1223 2500 1352 2534 attingere
1365 2497 1478 2525 audeat?
1490 2498 1566 2524 Potes
1577 2497 1659 2532 igitur
1669 2497 1765 2528 dicere,
1781 2496 1848 2523 nihil

1058 2537 1106 2563 tibi
1123 2537 1218 2563 obesse
1235 2541 1354 2571 oportere
1371 2539 1517 2566 aratorum,
1537 2535 1729 2570 negotiatorum
1745 2533 1850 2560 Siculo-

1057 2582 1172 2608 rumque
1185 2574 1306 2600 omnium
1320 2572 1478 2602 testimonia,
1494 2580 1580 2606 quum
1591 2579 1682 2598 eorum
1694 2570 1848 2597 nominibus

1056 2612 1084 2637 in
1103 2615 1251 2637 statuarum
1269 2609 1442 2644 inscriptione
1455 2608 1586 2643 oppositis
1599 2616 1705 2635 omnem
1718 2613 1744 2634 te
1756 2615 1849 2642 spera-

1057 2649 1094 2674 ris
1107 2647 1237 2674 invidiam
1251 2651 1331 2681 atque
1341 2645 1478 2672 infamiam
1490 2650 1563 2672 tuam
1573 2653 1651 2680 posse
1661 2643 1848 2680 exstinguere?

1057 2693 1103 2715 an,
1127 2692 1242 2719 quorum
1265 2683 1418 2710 auctoritate
1436 2687 1464 2709 tu
1482 2687 1582 2709 statuas
1600 2682 1770 2708 cohonestare
1788 2686 1846 2708 tuas
