1941 3052
242 146 301 169 tzttti
805 144 862 168 23⁸.
896 142 929 168 M.

236 224 327 241 vorum
340 215 373 240 sit
385 213 534 242 collocatio,
554 214 579 239 iu
594 221 743 238 sermonem
757 211 839 238 alium
852 212 1029 238 differi-ndum
1050 211 1053 235 1

237 258 284 283 est,
300 262 331 278 rw
345 253 369 278 iu
381 261 421 281 eo,
434 250 505 285 quod
518 250 703 285 attingendum
717 249 776 279 l'uit,
792 258 873 284 quani
887 251 912 276 in
925 258 969 279 eo.
983 258 1031 275 cu—

239 292 280 316 ius
291 298 384 314 ‹uui-sn
399 289 423 314 id
437 289 584 321 attigimus,
594 287 697 321 longior
708 292 821 321 ponatur
831 287 923 313 oratio.
940 286 1031 318 Quan-

237 328 271 353 ‹lo
288 328 368 360 igitur
385 334 466 351 uuum
482 324 608 359 quodque
624 333 715 350 eorum
731 324 850 351 siderum
861 332 970 350 cursum
983 324 1031 349 ‹le-

237 373 328 389 vorum
346 368 385 389 n-st
400 362 540 396 iuleptum.
563 370 596 388 cx
611 362 713 396 quibus
729 367 783 388 crat
799 367 886 388 motus
903 362 1030 396 temporis

237 400 449 434 consignandos:
472 398 659 433 colligatisquc
673 399 831 433 corporibus
844 398 961 425 vinculis
973 399 1030 424 ani-

238 438 367 466 malibus,
387 435 463 472 [tuni]
481 437 626 462 animantia
643 441 696 462 orta
714 442 788 463 sunt:
812 445 896 471 eaque
919 437 1031 470 imperio

237 484 327 511 parere
343 474 508 500 didicerunt:
532 478 594 499 tunc
610 482 643 499 ex
659 473 769 500 alterius
785 478 894 500 naturae
915 474 1030 499 motione
1050 490 1052 500 .

237 519 395 540 transversa,
411 512 436 537 in
448 510 571 536 eiusdem
584 515 692 536 naturae
704 516 804 538 motum
818 511 990 540 incurrentia,
1004 511 1029 536 in

236 558 320 584 eaque
333 549 467 575 haerentia
480 553 558 583 atquc
572 547 714 582 impedita.
737 557 822 583 quum
839 547 889 574 alia
903 548 1029 574 maiorem

237 589 378 613 lustrarent
389 586 496 615 orbem,
514 585 565 611 alia
578 587 717 616 minorem,
735 585 837 612 tardius
848 585 934 620 qua&
947 585 1031 611 maio-

236 622 517 658 ren1‚celeriusquac'
531 623 671 653 minorem,
681 628 752 650 motu
765 623 846 649 unius
853 622 1030 657 eiusdemque

235 666 356 688 naturae:
379 669 448 696 quae
461 659 631 686 velocissime
643 661 833 691 movebantur,
856 669 885 686 ea
896 659 1030 686 celeritate

236 699 307 725 vinci
322 708 335 724 a
348 697 520 729 tardioribus,
533 702 559 724 et
569 706 654 732 quum
666 697 841 732 superabant,
855 697 976 732 superari
990 697 1030 723 vi-

233 736 373 762 debantur.
399 736 499 761 Omnes
515 735 587 761 enim
597 735 676 761 orbes
687 744 779 761 eorum
791 736 869 770 quasi
882 734 977 761 helicis
989 735 1030 761 in-

234 773 347 800 flexione
373 773 505 799 vertebat:
534 781 616 807 quam
640 772 764 799 bifariam
789 773 919 799 contrarie
946 771 1028 798 simul

234 810 402 846 procedentia
415 809 576 840 esliciebant,
586 814 623 840 ut.
632 810 704 845 quod
716 815 786 837 esset
798 809 993 839 tardissimum,
1002 808 1029 835 id

234 849 388 883 proximum
405 848 478 874 lieret
493 847 642 873 celerrimo.
684 848 770 883 Atque
783 852 811 874 ut
822 852 893 874 esset
904 855 1028 873 mensura

233 885 366 921 quaedam
378 884 499 915 evidens.
513 893 581 919 quae
594 885 621 911 in
635 883 714 921 [istis]
727 890 785 911 octo
796 885 922 911 cursibus
933 883 1030 910 celeri-

234 928 299 950 tates
312 922 501 957 tarditatesque
513 921 671 948 declararet:
694 922 762 949 deus
774 923 831 957 ipse
843 921 937 951 solem,
950 921 1029 956 quasi

222 961 335 990 ‘lumem
344 959 466 986 accendit
476 959 508 985 ad
521 959 671 986 secundum
683 968 764 995 supra
777 964 873 986 terram
885 959 1027 989 ambitum,

233 1003 262 1024 ut
273 1006 355 1032 quam
368 997 484 1023 maxime
495 996 600 1024 caelum
610 997 737 1023 omnibus
747 996 898 1027 collucere!=
908 997 1030 1022 animan-

232 1041 340 1069 tesque‚
357 1034 458 1070 quibus
473 1035 515 1060 ius
531 1039 602 1061 esset
616 1034 720 1065 doceri,
736 1034 769 1061 ab
780 1034 903 1060 eiusdem
915 1038 988 1060 motu
1004 1038 1030 1059 et

232 1072 266 1098 ab
277 1073 346 1104 cius,
358 1071 431 1107 quod
442 1071 532 1098 simile
543 1076 622 1102 esset.
637 1081 809 1099 numerorum
825 1076 946 1098 naturam
959 1071 1029 1097 vim·
1050 1091 1059 1111 ,ἵ

547 1110 604 1135 Nox
622 1109 704 1144 igitur
718 1114 744 1136 et
758 1109 817 1135 dies
833 1109 866 1135 ad
885 1109 957 1135 hunc
973 1117 1030 1134 mo·
1050 1111 1053 1140 l

231 1118 285 1144 que
305 1113 506 1145 cognoscerent.

232 1147 308 1177 dum,
322 1152 347 1173 et
357 1146 391 1172 ob
404 1146 451 1173 has
462 1151 585 1182 generata
598 1154 721 1178 caussas,
735 1155 820 1173 unum
832 1147 975 1172 circuitum
987 1154 1030 1171 or·-

232 1184 275 1211 bis
286 1183 369 1210 eflicit
380 1184 610 1218 sapientissimum
623 1188 702 1219 atque
713 1185 860 1218 optimum:
874 1183 1030 1209 mensisau-

232 1227 294 1252 tem,
308 1221 416 1256 quando
429 1221 500 1251 luna.
515 1221 624 1247 lustrato
635 1230 684 1248 suo
695 1230 789 1252 cursu,
804 1220 888 1248 solem
899 1229 1030 1247 consecu-

233 1264 257 1285 ta
268 1263 321 1284 est:
336 1267 432 1289 annus,
446 1258 492 1284 ubi
504 1258 542 1285 sol
555 1267 636 1284 suum
647 1263 731 1286 totum
741 1257 857 1285 confecit
867 1262 893 1284 et
903 1266 1030 1294 peragra-

232 1297 271 1322 vit
280 1296 383 1322 orbem.
424 1295 577 1322 Ceterorum
590 1300 677 1322 autem
689 1295 809 1323 siderum
822 1295 940 1322 ambitus
953 1296 1030 1331 igno-

231 1338 319 1359 rantes
331 1333 468 1363 homines.
482 1338 585 1368 praeter
596 1333 742 1360 admodum
755 1342 868 1368 paucos,
883 1341 970 1368 neque
981 1342 1030 1359 no-

231 1371 303 1396 mine
315 1369 459 1405 appellant,
469 1379 555 1406 neque
567 1371 636 1397 inter
647 1380 674 1397 se
687 1380 799 1398 numero
809 1371 1028 1397 commetiuntur.

231 1408 322 1442 ltaque
334 1408 471 1438 nesciunt,
494 1408 542 1435 hos
558 1407 678 1435 siderum
694 1417 795 1435 errores
812 1407 840 1434 id
856 1409 946 1443 ipsum
959 1416 1027 1438 esse,

230 1445 302 1480 quod
316 1445 364 1471 rite
374 1444 474 1471 dicitur
484 1450 604 1480 tempuS‚
619 1445 793 1472 multitudine
805 1445 922 1476 inlinita,
942 1446 1030 1471 varie·
1058 1476 1059 1479 Ἴ

1058 1481 1059 1486 ’
1080 1489 1128 1519 ptu
1139 1488 1278 1520 generatos
1289 1483 1430 1518 editosque
1441 1491 1636 1510 memoremus:
1649 1491 1683 1509 ex
1695 1482 1876 1518 hisPhorcyn,

231 1487 282 1509 tate
294 1482 448 1508 admirabili
463 1483 608 1517 praeditos.
650 1484 771 1510 Attamen
788 1482 856 1509 illud
872 1483 989 1518 perspici
1004 1487 1029 1509 et

231 1519 346 1555 intelligi
361 1524 461 1554 potest,
484 1519 607 1547 absoluto
619 1520 791 1556 perfectoque
802 1529 915 1547 numero
926 1525 1030 1555 tempo-

230 1557 281 1588 ris,
304 1556 459 1584 absolutum
479 1557 682 1593 perlectumque
698 1567 799 1584 annum
821 1563 883 1584 tunc
899 1558 1029 1593 compleri

229 1593 362 1629 denique,
376 1602 461 1629 quum
473 1603 501 1621 se
513 1600 570 1621 octo
582 1595 714 1626 ambitus,
732 1595 861 1622 consectis
872 1596 931 1621 suis
941 1595 1029 1621 cursi-

229 1631 291 1662 bus,
304 1631 337 1658 ad
350 1631 421 1658 idem
432 1637 512 1667 caput
522 1632 680 1664 retulerunt,
694 1641 835 1668 quumque
846 1641 891 1660 eos
903 1641 1030 1668 permen-
1056 1655 1057 1659 ,

1056 1690 1058 1695 .
1081 1675 1177 1697 ventur
1192 1670 1335 1706 palamque
1350 1670 1541 1701 ostenduntur,
1564 1675 1589 1696 et
1609 1670 1657 1704 qui
1671 1674 1782 1696 eatenus
1799 1669 1877 1695 nobis

229 1677 277 1695 sus
293 1673 334 1695 est
347 1668 420 1695 idem
436 1674 461 1696 et
474 1678 582 1705 semper
592 1671 636 1697 sui
646 1670 746 1697 similis
757 1670 841 1697 orbis.
882 1670 934 1696 Has
946 1671 1029 1705 igitur

228 1706 264 1732 ob
275 1714 384 1732 caussas
397 1711 454 1734 nata
467 1711 536 1734 astra
546 1712 618 1738 sunt,
627 1716 705 1742 quae,
714 1716 762 1742 per
773 1707 878 1734 caelum
885 1712 1028 1742 penetran-

231 1743 279 1774 tia,
298 1743 433 1770 solstitiali
443 1753 472 1771 se
483 1749 509 1771 et
519 1744 636 1771 brumali
649 1746 816 1772 revocatione
827 1749 1026 1771 converterent:

231 1785 260 1806 ut
271 1780 320 1806 hoc
331 1789 410 1807 omne
421 1781 530 1812 animal,
544 1782 617 1817 quod
629 1782 764 1813 videmus,
773 1787 843 1808 esset
854 1781 895 1808 illi
906 1781 1026 1813 animali,

230 1817 303 1852 quod
323 1818 455 1845 sentimus
464 1839 470 1850 ,
492 1819 524 1845 ad
541 1820 704 1846 aeternitatis
725 1820 902 1846 imitationem
918 1818 1029 1845 similli-

230 1863 316 1881 mum.
347 1855 380 1880 X.
395 1856 428 1882 Et
438 1861 524 1883 cetera
534 1856 646 1891 quidem
657 1865 744 1891 usque
756 1856 789 1883 ad
801 1857 929 1891 temporis
939 1861 1027 1883 ortum
1056 1883 1057 1886 ,

229 1892 375 1926 expressa*
390 1892 508 1924 abillis,
530 1902 600 1928 quae
616 1894 785 1924 imitabatur,
806 1893 960 1920 effinxerat:
980 1893 1028 1919 sed
1050 1908 1051 1915 κ

229 1929 293 1963 quia
306 1929 426 1956 nondum
437 1939 516 1957 omne
528 1930 626 1957 animal
640 1932 667 1958 in
679 1930 781 1957 mundo
792 1930 1026 1961 intusincluserat,

230 1974 264 1992 ex
279 1974 309 1991 ea
321 1971 394 2000 parte
405 1967 547 1994 deficiebat
558 1967 591 1993 ad
602 1968 769 2002 propositum
781 1967 920 2002 exemplar
931 1968 1029 2003 imagi-

231 2003 273 2029 nis
284 2003 445 2030 similitudo.
486 2004 555 2036 Quot
568 2005 651 2040 igitur
662 2009 687 2031 et
697 2004 792 2039 quales
803 2005 962 2031 animalium
974 2005 1029 2031 sor—

230 2049 288 2066 mas
299 2049 384 2071 mens.
398 2042 424 2067 in
437 2042 555 2076 speciem
568 2050 657 2068 rerum
669 2042 787 2072 intuens,
796 2047 897 2076 poterat
907 2050 1025 2073 cernere,
1049 2071 1050 2074 Ἴ

230 2077 339 2104 totidem
356 2082 381 2104 et
396 2077 461 2105 tales
478 2079 505 2105 in
522 2079 571 2105 hoc
587 2078 689 2105 mundo
704 2088 796 2105 secum
810 2080 938 2115 cogitavit
949 2079 1029 2106 effin-

229 2123 300 2150 gere.
341 2115 422 2142 Erant
446 2121 534 2142 autem
559 2117 738 2143 animantium
764 2125 862 2152 genera
885 2121 1025 2151 quattuor:

229 2160 345 2187 quorum
358 2161 443 2179 unum
454 2153 579 2180 divinum
591 2158 670 2188 atque
681 2153 808 2180 caeleste:
830 2153 944 2181 alterum
960 2163 1028 2189 pen-

230 2190 354 2225 nigerum
366 2194 391 2216 et
402 2191 518 2217 a'e'rium:
542 2191 650 2217 tertium
661 2191 792 2226 aquatile:
811 2196 934 2217 terrestre
945 2200 1028 2226 quar-

228 2231 296 2253 tum.
336 2227 448 2254 Divinae
463 2228 635 2254 animationis
650 2228 768 2254 maxime
782 2229 903 2263 speciem
913 2228 1028 2255 faciebat

228 2264 348 2299 exigue,
372 2265 408 2291 ita
423 2269 453 2291 ut
467 2265 708 2300 splendidissimus
719 2270 789 2292 esset
804 2271 830 2292 et
843 2271 953 2300 aspectu
964 2266 1028 2301 pul·
1048 2275 1057 2295 ‚¹

1079 2310 1132 2330 tem
1142 2303 1288 2338 oportebit,
1306 2308 1336 2330 ut
1346 2312 1381 2330 ex
1391 2303 1485 2330 eodem
1497 2311 1530 2329 ne
1541 2302 1608 2338 quid
1619 2302 1702 2334 absit:
1721 2310 1791 2337 quae
1806 2310 1820 2328 a
1831 2310 1875 2328 me

1079 2341 1137 2376 ipso
1148 2341 1239 2368 effecta
1251 2341 1314 2371 sint,
1327 2340 1439 2367 deorum
1450 2340 1534 2367 vitam
1546 2340 1651 2375 possint
1661 2339 1820 2374 adaequare.
1842 2339 1877 2366 Ut

227 2301 389 2328 cherrimus.
429 2302 575 2337 Quumque
590 2302 708 2329 similem
719 2303 905 2330 universitatis
917 2308 1026 2329 naturae

228 2337 332 2365 efficere
345 2338 439 2370 vellet,
453 2339 486 2366 ad
497 2339 694 2366 volubilitatem
705 2339 873 2371 rotundavit,
886 2341 1027 2367 comitem-

227 2376 297 2410 que*
311 2385 373 2402 eum
384 2377 514 2411 sapientia
526 2386 608 2412 quam
619 2378 736 2412 optimae
748 2378 845 2404 mentis
857 2377 956 2409 effecit,
972 2378 1026 2404 cir-

227 2421 344 2448 cumque
355 2422 434 2441 omne
448 2415 552 2441 caelum
568 2414 716 2449 aequaliter
731 2414 884 2446 distribuit,
907 2420 936 2441 ut
952 2415 1025 2441 hunc

227 2449 277 2476 hac
288 2451 414 2478 varietate
426 2451 583 2479 distinctum
599 2452 668 2478 bene
678 2451 774 2478 Graeci
789 2452 902 2486 κόσμον,
918 2461 966 2479 nos
983 2452 1026 2478 lu-

227 2491 331 2513 centem
343 2489 475 2515 mundum
487 2490 697 2516 nominaremus.
731 2488 810 2515 Dedit
820 2493 910 2515 autem
921 2489 1025 2516 divinis

226 2523 281 2550 duo
291 2533 388 2560 genera
401 2532 501 2553 motus:
523 2535 623 2558 unum,
641 2525 714 2561 quod
729 2534 836 2560 semper
850 2531 921 2552 esset
937 2527 965 2553 in
979 2535 1026 2553 eo-

226 2560 289 2586 dem
300 2570 397 2596 aeque,
410 2568 436 2589 et
447 2563 519 2590 idem
531 2564 559 2590 in
572 2564 714 2594 omuibus,
732 2567 812 2598 atque
824 2571 878 2589 uno
892 2563 970 2590 niodo
981 2572 1025 2590 ce-

227 2597 335 2625 leraret:
349 2599 471 2632 alterum,
480 2601 553 2636 quod
565 2602 592 2631 in
603 2602 719 2627 anticam
730 2604 833 2635 partem
845 2609 858 2626 a
869 2601 1025 2627 conversio-

226 2643 260 2662 ne
271 2635 393 2662 eiusdem
404 2641 430 2664 et
439 2638 539 2664 similis
549 2636 704 2673 pelleretur.
743 2637 870 2672 Quinque
881 2643 970 2664 autem
982 2646 1025 2664 re-

227 2672 310 2708 liquis
321 2674 440 2701 motibus
449 2675 542 2702 orbem
552 2684 615 2702 eum
625 2683 685 2702 esse
701 2674 787 2702 voluit
801 2679 939 2710 expertem
947 2696 953 2706 ,
971 2676 1024 2702 im—

961 142 991 168 T.
1023 141 1296 168 (licit-:noxis

1083 212 1209 238 mobilem
1226 218 1251 238 vt
1267 217 1390 239 stantem.
1433 213 1471 239 Ex
1486 221 1540 248 quo
1555 222 1651 248 genere
1663 223 1692 241 ea
1704 221 1766 242 nunt
1778 216 1874 242 sidera.

1082 259 1150 285 qum·
1165 250 1244 276 inlixa
1256 250 1329 275 caelo
1344 259 1394 276 non
1412 256 1553 278 moventur
1564 248 1633 278 loco:
1656 261 1724 287 quae
1741 259 1803 279 sunt
1820 255 1878 279 ani-

1083 289 1191 316 manua,
1200 295 1284 322 eaque
1295 287 1387 313 divina
1399 287 1433 313 ob
1444 296 1557 323 eamque
1568 298 1690 316 caussam
1702 291 1759 316 suis
1766 291 1878 316 sedibus

1084 325 1223 351 inhaerent
1238 329 1262 350 et
1278 330 1406 359 perpetuo
1421 331 1537 352 manent.
1577 326 1651 358 Quae
1666 332 1755 353 autern
1774 337 1839 360 vaga
1853 333 1879 354 et

1083 362 1205 388 mutabili
1220 362 1368 388 erratione·
1382 362 1516 393 labuntur,
1531 364 1564 389 ita
1576 369 1699 398 generata
1711 370 1782 393 sunt.
1792 360 1820 391 ut
1831 374 1879 391 su-

1083 408 1128 433 pra
1149 399 1280 425 diximus.
1322 400 1374 425 lam
1398 408 1459 426 vero
1481 405 1590 431 terram,
1613 401 1732 427 altricem
1749 407 1875 431 nostram,

1081 445 1150 471 quae
1163 437 1270 462 traiecto
1282 445 1330 462 axe
1342 438 1560 465 sustinetur-,diei
1574 439 1877 473 noctisqueess'ectricem

1082 474 1259 508 eamdemque
1270 473 1422 504 custodem,
1439 475 1656 510 antiquissimam
1669 476 1779 502 deorum
1795 477 1879 503 voluit

1081 520 1140 537 esse
1151 520 1253 541 corum,
1267 512 1313 546 qui
1327 512 1393 538 intra
1405 511 1508 537 caeluni
1521 512 1704 547 gignerentur.
1738 513 1878 540 Flvxiones

1082 553 1170 574 autem
1183 549 1293 574 deorum
1306 553 1331 575 et
1342 550 1410 575 inter
1422 550 1493 584 ipsos
1505 549 1569 575 deos
1580 552 1779 580 concursiones,
1793 559 1878 585 quae-

1081 594 1134 620 que
1152 586 1177 612 in
1194 586 1307 612 orbibus
1323 595 1414 612 eorum
1426 588 1615 613 conversiones
1626 588 1878 623 antecessionesque

1082 624 1214 653 eveniant,
1228 632 1368 658 (piumque
1381 624 1449 650 inter
1459 633 1487 649 se
1500 633 1583 659 paene
1595 626 1877 660 contingant,eos,qui

1082 669 1163 695 prope
1177 661 1337 695 copulentur
1347 663 1477 687 contraria
1491 662 1606 697 regione,
1623 667 1648 688 et
1660 671 1728 696 pone
1741 670 1819 697 quos,
1833 668 1878 688 aut

1081 703 1140 724 ante
1157 698 1288 727 labantur,
1297 698 1453 733 quibusque
1464 699 1631 734 temporibus
1642 708 1655 724 a
1668 705 1756 725 nostro
1767 705 1876 734 aspectu

1080 735 1248 765 oblitescant,
1262 744 1410 771 rursusque
1421 737 1517 762 emersi
1529 745 1645 762 errorem
1658 737 1787 763 incutiant
1799 738 1877 763 ratio-

1082 773 1124 799 nis
1135 773 1302 808 expertibus,
1314 773 1337 799 si
1351 773 1441 799 verbis
1453 774 1587 808 explicare
1598 782 1734 802 conemur,
1744 774 1818 800 nullo
1829 783 1877 809 po-

1081 811 1132 836 sito
1143 810 1195 836 sub
1206 810 1292 836 oculis
1303 811 1462 840 simulacro,
1475 820 1567 837 earum
1580 820 1668 837 rerum
1682 811 1777 837 trustra
1789 812 1878 837 susci—

1081 848 1170 882 piatur
1183 848 1265 874 labor.
1306 847 1358 874 Sed
1377 848 1441 874 haec
1452 849 1518 875 satis
1529 850 1583 875 sint
1594 848 1663 875 dicta
1676 849 1764 875 nobis.
1803 849 1877 880 Quae

1081 885 1114 911 de
1125 885 1250 915 deorum.
1267 885 1314 920 qui
1331 891 1490 916 cernuntur,
1513 887 1616 920 quique
1629 887 1679 912 orti
1690 891 1766 916 sunt.
1784 891 1876 912 natura

1081 921 1313 957 praelatisumus,
1330 923 1528 949 habt-anthunc
1541 924 1695 950 terminum.
1736 923 1782 949 Xl.
1806 923 1878 949 Reli—

1080 968 1195 995 quorum
1207 965 1306 990 autem,
1315 969 1382 995 quos
1389 960 1484 986 Graeci
1495 961 1620 995 duiporag
1630 960 1774 995 appellant.
1783 961 1875 990 nostri,

1080 998 1183 1032 opinor.
1194 997 1282 1027 Lares.
1291 998 1314 1024 si
1327 997 1405 1024 modo
1417 998 1466 1023 hoc
1478 1002 1547 1024 recte
1558 1006 1718 1024 conversum
1732 997 1816 1024 videri
1828 1006 1877 1032 po-

1081 1039 1144 1065 test,
1166 1039 1191 1061 et
1211 1043 1289 1061 nosse
1305 1039 1330 1061 et
1346 1035 1468 1061 nuntiare
1483 1040 1570 1061 ortum
1586 1043 1693 1064 eorum,
1717 1036 1805 1061 maius
1826 1040 1875 1064 est.

1080 1080 1162 1106 quam
1184 1076 1213 1098 ut
1233 1071 1350 1106 profiteri
1365 1072 1483 1098 scribere
1499 1081 1546 1098 nos
1562 1072 1718 1098 audeamus.
1759 1072 1878 1098 Creden-

1081 1109 1146 1135 dum
1159 1110 1288 1135 nimirum
1299 1114 1339 1135 est
1349 1109 1487 1136 veteribus
1498 1115 1523 1135 et
1535 1110 1645 1144 priscis,
1663 1115 1691 1136 ut
1702 1110 1785 1139 aiunt,
1799 1110 1874 1139 viris,

1081 1147 1128 1182 qui
1145 1155 1173 1172 se
1189 1147 1345 1182 progeniem
1360 1146 1471 1173 deorum
1483 1155 1542 1173 esse
1553 1147 1688 1173 dicebant.
1729 1147 1820 1181 ltaque
1831 1155 1877 1172 eo·-

1081 1193 1141 1210 rum
1159 1183 1286 1210 vocabula
1299 1184 1376 1210 nobis
1388 1183 1573 1219 prodiderunt.
1601 1185 1684 1210 Nosse
1695 1188 1783 1210 autem
1795 1192 1878 1219 gene-

1081 1227 1181 1248 ratores
1192 1230 1256 1247 suos
1267 1222 1367 1256 optime
1379 1226 1512 1256 poterant:
1535 1230 1565 1247 ac
1579 1221 1690 1247 difficile
1707 1220 1776 1247 sactu
1792 1226 1845 1252 est,
1863 1230 1877 1247 a

1081 1259 1134 1285 diis
1146 1260 1211 1286 ortis
1218 1258 1297 1284 sideni
1306 1268 1356 1286 non
1370 1259 1481 1290 habere;
1495 1267 1660 1294 quamquam
1673 1267 1721 1285 nec
1732 1266 1878 1294 argumen-

1082 1297 1115 1323 tis
1127 1305 1176 1322 nec
1188 1296 1336 1323 rationibus
1347 1297 1427 1322 certis
1439 1304 1530 1322 eorum
1542 1296 1816 1323 oratiocontirmatur:
1829 1295 1878 1322 sed

1081 1335 1144 1369 quia
1161 1333 1194 1360 de
1210 1334 1268 1360 suis
1284 1333 1365 1360 rebus
1381 1334 1450 1360 notis
1466 1334 1594 1360 videntur
1609 1333 1696 1368 loqui.
1719 1334 1802 1360 veteri
1825 1333 1877 1369 legi

1081 1372 1203 1406 morique
1215 1371 1364 1406 parendum
1375 1376 1425 1397 est.
1466 1370 1510 1397 Sic
1522 1372 1617 1407 igitur.
1635 1376 1665 1397 ut
1682 1371 1716 1397 ab
1729 1371 1763 1397 iis
1774 1375 1814 1397 est
1825 1376 1879 1397 tra-

1080 1409 1181 1439 ditum.
1201 1408 1295 1435 horum
1312 1408 1424 1435 deorum
1439 1414 1512 1435 ortus
1528 1408 1658 1435 habeatur
1671 1413 1750 1443 atque
1761 1408 1875 1437 dicatur.

1080 1451 1110 1473 ut
1119 1446 1256 1472 Oceanum
1267 1445 1453 1481 Salaciamque
1466 1446 1538 1473 Caeli
1550 1451 1610 1472 satu
1622 1445 1771 1480 Terraeque
1782 1454 1879 1472 conce-

1080 1522 1225 1548 Saturnum
1237 1526 1262 1547 et
1272 1520 1371 1556 Opem:
1393 1520 1523 1556 deinceps
1538 1521 1626 1547 lovem
1641 1525 1721 1555 atque
1737 1520 1876 1549 lunonem,

1081 1558 1212 1594 reliquos,
1235 1567 1303 1593 quos
1319 1558 1412 1584 fratres
1428 1559 1496 1585 inter
1515 1566 1544 1584 se
1565 1562 1730 1594 agnatosque
1747 1565 1878 1592 usurpare

1080 1601 1160 1631 atque
1171 1595 1306 1631 appellare
1318 1595 1458 1627 videmus,
1475 1600 1501 1622 et
1511 1603 1603 1622 eorum
1612 1616 1618 1625 ,
1636 1599 1666 1621 ut
1675 1600 1784 1621 utamur
1794 1595 1878 1621 veteri

1081 1633 1172 1664 verbo,
1185 1634 1349 1668 prosapiam.
1389 1632 1502 1666 Quando
1513 1633 1596 1669 igitur
1606 1640 1708 1662 omnes,
1724 1637 1750 1658 et
1760 1633 1809 1667 qui
1820 1640 1879 1658 mo-

1079 1707 1262 1739 declarantur‚
1276 1717 1329 1743 qua
1341 1709 1394 1743 ipsi
1407 1707 1512 1737 volunt,
1525 1707 1606 1733 creati
1617 1711 1694 1733 sunt:
1719 1712 1775 1733 tum
1787 1705 1820 1732 ad
1831 1714 1877 1732 eos

1080 1746 1103 1772 is
1113 1745 1190 1776 deus,
1203 1746 1251 1780 qui
1262 1746 1351 1771 omnia
1362 1745 1464 1780 genuit.
1478 1744 1557 1770 fatur.
1597 1744 1667 1770 Haec
1678 1752 1735 1774 vos,
1751 1744 1799 1778 qui
1813 1743 1878 1770 deo-

1079 1791 1139 1809 rum
1155 1787 1214 1809 satu
1229 1783 1279 1809 orti
1295 1783 1373 1813 estis,
1395 1781 1538 1808 attendite:
1561 1789 1677 1816 quorum
1695 1789 1807 1816 operum
1828 1789 1878 1816 ego

1079 1828 1176 1854 parens
1187 1818 1348 1854 effectorque
1359 1827 1430 1850 sum,
1438 1826 1506 1854 quae
1514 1827 1561 1853 per
1571 1826 1613 1844 me
1626 1817 1702 1847 iacta,
1715 1823 1779 1844 sunt
1789 1817 1878 1844 indis-

1079 1856 1215 1887 solubilia,
1225 1865 1267 1883 me
1279 1857 1378 1883 invito:
1391 1864 1557 1892 quamquam
1566 1863 1644 1882 omne
1655 1855 1811 1891 colligatum
1823 1855 1878 1881 sol-

1079 1895 1107 1920 vi
1119 1898 1218 1929 potest:
1232 1893 1280 1920 sed
1295 1893 1506 1928 haudquaquam
1518 1893 1638 1923 boniest,
1647 1893 1748 1919 ratione
1755 1893 1876 1919 vinctum

1079 1931 1149 1957 velle
1161 1930 1320 1957 dissolvere.
1361 1930 1412 1956 Sed
1423 1931 1552 1965 quoniam
1563 1931 1614 1956 orti
1624 1930 1698 1960 estis,
1713 1929 1877 1956 immortales

1080 1977 1128 1995 vos
1139 1968 1250 2003 quidem
1263 1977 1322 1994 esse
1333 1973 1358 1995 et
1370 1967 1575 1994 indissolubiles
1586 1975 1638 1994 non
1649 1968 1775 2002 potestis:
1788 1968 1878 1993 neuti-

1056 2015 1057 2019 ’
1079 2014 1161 2040 quani
1173 2011 1261 2032 tamen
1273 2005 1476 2032 dissolvemini,
1494 2013 1582 2040 neque
1595 2013 1643 2031 vos
1653 2004 1707 2030 ulla
1720 2005 1813 2031 mortis
1825 2004 1877 2030 fata

1079 2044 1222 2077 periment,
1231 2051 1280 2069 nec
1291 2042 1364 2069 fraus
1376 2043 1514 2074 valentior,
1523 2050 1605 2077 quam
1616 2041 1762 2068 consilium
1774 2049 1874 2071 meum,

1079 2080 1151 2115 quod
1168 2081 1256 2106 maius
1271 2085 1311 2106 est
1326 2080 1467 2106 vinculum
1483 2079 1517 2106 ad
1530 2079 1736 2114 perpetuitatem
1747 2084 1874 2109 vestram,

1078 2126 1160 2152 quam
1173 2117 1227 2148 illa,
1241 2117 1344 2152 quibus
1354 2118 1420 2143 estis
1431 2122 1498 2147 tum,
1511 2125 1596 2151 quum
1607 2116 1809 2152 gignebamini,
1821 2115 1877 2143 col-

1080 2155 1165 2190 ligati.
1205 2154 1277 2186 Quid
1291 2155 1405 2181 sentiam
1417 2155 1510 2190 igitur,
1523 2154 1685 2189 cognoscite.
1726 2154 1786 2179 Tria
1797 2153 1876 2180 nobis

1078 2200 1177 2227 genera
1188 2191 1292 2226 reliqua
1303 2197 1375 2222 sunt,
1391 2200 1476 2226 eaque
1487 2191 1622 2218 mortalia:
1644 2190 1747 2226 quibus
1758 2195 1877 2225 praeter-

1080 2230 1180 2260 missis.
1193 2229 1260 2255 caeli
1272 2229 1406 2255 absolutio
1416 2228 1533 2263 perfecta
1545 2236 1597 2254 non
1609 2228 1668 2254 erit.
1694 2227 1791 2254 Omnia
1802 2228 1874 2254 enim

1078 2275 1176 2302 genera
1190 2265 1350 2292 animalium
1366 2265 1510 2301 complexu
1525 2274 1576 2292 non
1593 2265 1707 2291 tenebit:
1729 2269 1818 2291 teneat
1827 2273 1876 2291 au—

1077 2379 1161 2414 igitur
1172 2377 1277 2405 mortali
1287 2383 1452 2414 generentur
1461 2376 1622 2407 conditione,
1634 2385 1683 2403 vos
1693 2377 1832 2410 suscipite,
1846 2381 1876 2402 ut

1078 2416 1123 2442 illa
1133 2416 1253 2451 gignatis
1262 2436 1268 2446 ‚
1281 2415 1481 2450 imiteminique
1493 2415 1550 2440 vim
1561 2422 1648 2440 meam
1657 2434 1663 2444 ,
1679 2422 1732 2448 qua
1743 2414 1771 2439 in
1786 2417 1875 2439 vestro

1076 2457 1135 2479 ortu
1152 2462 1194 2479 me
1210 2461 1291 2479 usum
1306 2461 1366 2479 esse
1382 2452 1558 2478 meministis:
1582 2451 1610 2477 in
1627 2450 1729 2486 quibus
1743 2450 1793 2485 qui
1808 2449 1875 2476 tales

1076 2495 1214 2521 creantur,
1232 2495 1261 2516 ut
1275 2489 1387 2516 deorum
1403 2488 1596 2516 immortalium
1611 2487 1690 2522 quasi
1704 2486 1820 2523 gentiles
1831 2495 1875 2513 es-

1076 2536 1105 2553 se
1120 2527 1249 2558 debeant,
1271 2527 1361 2553 divini
1381 2527 1490 2562 generis
1509 2524 1690 2560 appellentur,
1713 2529 1875 2559 teneantque

1053 2558 1055 2564 ’
1075 2565 1198 2591 omnium
1213 2565 1393 2591 animantium
1407 2563 1603 2598 principatum,
1625 2561 1759 2596 vobisque
1775 2562 1833 2587 iure
1848 2565 1875 2588 et

1076 2601 1135 2637 lege
1155 2601 1275 2628 volentes
1293 2606 1417 2636 pareant:
1437 2608 1553 2635 quorum
1568 2598 1646 2625 vobis
1661 2598 1769 2624 initium
1785 2603 1874 2624 satus-

1075 2647 1128 2674 que
1136 2639 1147 2651 *
1159 2638 1361 2666 tradeturame:
1373 2646 1422 2664 vos
1433 2642 1522 2664 autem
1533 2636 1567 2662 ad
1578 2635 1695 2670 id,quod
1706 2636 1871 2662 eritimmor

1075 2675 1136 2707 tale,
1147 2680 1251 2711 partem
1262 2675 1398 2703 attexitote
1410 2673 1558 2701 mortalem.
1573 2673 1610 2700 Ita
1620 2673 1741 2700 orientur
1750 2673 1873 2699 animan-
