1941 3052
365 138 697 165 EPISTOLARUM
728 139 781 165 AD
810 138 1017 165 ATTICUM
1048 139 1127 165 LIB.
1151 139 1201 166 XI.
1224 140 1283 165 ΕΡ.
1308 141 1322 165 8
1342 155 1378 159 —
1403 141 1439 166 tt.

82 217 151 245 quae
161 208 303 235 scribenda
314 209 361 241 sit,
384 217 470 244 quum
481 210 638 244 praesertim
650 218 683 236 ne
693 218 756 244 spes
766 209 877 244 quidem

82 247 138 274 ulla
148 245 312 277 ostendatur,
326 245 380 272 fore
391 246 500 273 melius.
540 247 577 273 Ita
588 247 641 273 iam
654 255 687 273 ne
698 252 756 273 tuas
767 247 879 281 quidem

82 284 184 311 litteras
194 288 333 318 exspecto:
356 292 522 319 quamquam
533 284 749 319 semperaliquid
756 284 877 315 afferunt,

82 321 156 356 quod
175 320 269 347 velim.
309 320 396 352 Quare
411 325 439 347 tu
455 321 567 356 quidem
581 322 704 353 scribito,
722 330 807 357 quum
819 322 877 352 erit,

82 359 127 385 cui
143 357 204 384 des:
237 366 286 393 ego
297 358 352 384 tuis
363 359 509 393 proximis,
528 367 596 393 quas
607 363 696 385 tamen
708 359 761 385 iam
772 359 878 394 pridem

83 396 184 430 accepi,
198 395 267 421 nihil
279 395 374 426 haben,
387 395 460 430 quod
474 396 630 422 rescribam.
652 397 743 432 Longo
754 397 825 422 enim
838 397 880 422 in-

82 432 195 460 tervallo
210 432 289 459 video
303 433 443 459 immutata
459 441 518 459 esse
528 434 632 460 omnia:
664 433 711 459 illa
721 442 781 460 esse
793 433 877 464 firma,

83 478 153 505 quae
168 469 297 501 debeant,
315 478 363 496 nos
374 469 502 497 stultitiae
514 476 618 497 nostrae
629 471 805 506 gravissimas
816 479 880 505 poe-

84 515 132 534 nas
143 506 270 542 pendere.
310 508 336 534 2.
352 508 380 533 P.
393 507 522 534 Sallustio
532 507 650 534 curanda
661 513 725 534 sunt
736 508 799 534 tri-S
809 516 877 539 xxx,

83 553 153 580 quae
174 545 265 579 accepi
281 552 295 570 a
310 544 359 571 Cn.
377 544 514 571 Sallustio.

84 590 157 608 mora
172 586 309 608 curentur.

83 627 137 654 que
149 619 198 645 hoc
210 620 301 654 ipsum
312 619 365 645 iam
379 628 462 654 prope
472 624 663 654 consumptum
675 625 724 646 est.
755 619 841 652 Quare
853 619 880 646 id

84 665 194 691 quoque
211 655 307 687 velim,
330 665 416 691 quum
428 656 474 682 illa
485 656 588 687 videas,
601 661 631 683 ut
641 657 685 687 sit.
699 657 747 691 qui
761 662 879 683 utamur.
902 666 912 679 Ὶτ

83 694 132 720 Hic
154 693 264 720 fortasse
284 698 376 728 potero
396 702 516 724 sumere,
538 695 562 720 si
581 694 665 720 sciam
682 695 743 720 istic
759 699 881 729 paratum
902 702 903 710 ¹

902 735 911 763 ’Ἰ
934 730 968 755 De
979 729 1068 756 Servii
1079 732 1162 764 patris
1175 730 1270 758 litteris
1285 732 1358 767 quod
1373 732 1484 765 scribis,
1502 733 1579 761 item.
1597 733 1728 765 Quintum

241 767 294 800 Qui
304 768 340 794 sit
350 769 472 794 omnium
483 776 573 794 rerum
584 773 669 795 status
680 773 779 799 noster,
792 769 880 795 vides.
902 768 903 783 ³

84 730 150 757 fore.
191 730 245 757 Sed
260 731 350 765 prius,
367 739 448 766 quam
464 730 492 757 id
508 732 619 761 scirem,
637 731 705 757 nihil
722 740 783 758 sum
799 740 881 757 ausus

84 776 202 794 sumere.

84 805 159 832 Nihil
175 809 215 832 est
230 805 309 836 mali,
327 805 400 840 quod
415 814 467 831 non
484 810 510 831 et
520 806 669 832 sustineam
680 811 706 832 et
716 811 880 840 exspectem.

84 842 205 875 Quarum
220 851 311 869 rerum
327 850 357 868 eo
372 843 480 878 gravior
494 847 536 869 est
549 842 638 874 dolor,
656 851 710 878 quo
725 843 805 878 culpa
824 852 883 870 ma-

85 881 135 906 ior.
174 879 222 906 Ille
241 880 268 905 in
289 879 389 905 Achaia
408 888 461 906 non
482 885 568 906 cessat
587 880 620 906 de
637 880 715 907 nobis
730 880 880 908 detrahere.

85 916 159 943 Nihil
193 916 321 943 videlicet
353 921 415 944 tuae
444 916 547 944 litterae
576 916 756 953 profecerunt.
807 918 880 945 Vale.

87 962 142 980 vm.
164 953 203 980 Id.
218 954 294 981 Mart.

138 1023 192 1046 ΧΠ.
220 1025 333 1048 (Bruudjsii,
343 1025 421 1043 caesare
432 1026 523 1044 dictatore
533 1027 588 1049 707.)

271 1068 438 1096 CICERO
467 1069 639 1097 ATTICO
668 1070 697 1097 S.

143 1107 166 1132 l.
188 1101 323 1141 Cephalio
343 1107 411 1133 mihi
431 1116 445 1133 a
461 1112 486 1133 te
502 1107 602 1134 litteras
618 1107 880 1134 reddidita.d.v111.

85 1143 124 1170 Id.
136 1143 212 1170 Mart.
228 1152 350 1179 vespere.
372 1144 410 1171 Eo
421 1149 510 1170 autem
521 1144 566 1171 die
577 1154 655 1171 mane
665 1145 819 1172 tabellarios
830 1146 883 1171 mi-

85 1189 186 1212 seram,
209 1181 310 1216 quibus
326 1181 359 1207 ad
375 1186 400 1208 te
416 1181 542 1208 dederam
559 1181 670 1209 litteras.
711 1183 777 1209 Tuis
793 1188 881 1209 tamen

86 1218 162 1244 lectis
174 1218 279 1250 litteris,
292 1220 387 1254 putavi
400 1219 505 1254 aliquid
520 1220 726 1247 rescribendum
738 1229 811 1251 esse,
825 1229 882 1247 ma-

86 1256 168 1286 xime,
182 1256 255 1291 quod
266 1256 396 1287 ostendis,
408 1261 433 1283 te
443 1256 562 1292 pendere
573 1258 666 1289 animi,
680 1266 827 1293 quamnam
839 1267 882 1284 ra-

85 1293 185 1319 tionem
201 1294 253 1319 sim
269 1294 376 1320 Caesari
391 1293 521 1321 allaturus
537 1294 711 1329 profectionis
726 1304 801 1322 meae
813 1300 880 1327 tum,

85 1339 170 1365 quum
185 1339 218 1357 ex
230 1331 304 1357 ltalia
315 1331 497 1358 discesserim.
539 1332 612 1358 Nihil
624 1341 693 1367 opus
704 1338 744 1360 est
755 1333 823 1359 mihi
835 1341 883 1360 no-

86 1376 118 1393 va
140 1368 251 1395 ratione.
292 1368 377 1403 Saepe
392 1369 465 1395 enim
481 1368 515 1395 ad
530 1377 593 1396 eum
604 1371 715 1405 scripsi,
733 1370 882 1406 multisque

85 1404 221 1436 mandavi,
244 1414 296 1432 non
317 1407 446 1440 potuisse,
469 1415 555 1441 quum
575 1408 722 1442 cupissem,
744 1417 882 1435 sermones

86 1442 226 1469 hominum
248 1444 396 1477 sustinere;
428 1444 568 1479 multaque
589 1445 615 1471 in
632 1454 691 1471 eam
710 1446 880 1472 sententiam.

84 1479 159 1506 Nihil
171 1480 244 1506 enim
255 1485 322 1511 erat,
340 1481 413 1516 quod
429 1482 520 1508 minus
530 1490 592 1508 eum
604 1482 703 1509 vellem
715 1483 880 1515 existimare,

84 1525 167 1551 quam
188 1525 231 1544 me
250 1522 322 1544 tanta
342 1518 375 1544 de
396 1527 424 1545 re
444 1527 496 1545 non
512 1528 571 1546 meo
586 1519 700 1546 consilio
714 1529 796 1547 usum
811 1529 880 1547 esse.

83 1554 187 1585 Postea,
205 1563 291 1589 quum
307 1555 375 1582 mihi
392 1555 494 1582 litterae
510 1565 523 1583 a
539 1556 621 1584 Balbo
636 1557 760 1584 Cornelio
779 1559 882 1585 minore

85 1592 184 1618 missae
204 1597 306 1623 essent.
330 1592 409 1619 illum
429 1594 599 1626 existimare,
621 1594 752 1627 Quintum
774 1594 881 1622 fratrem

85 1628 183 1655 lituum
199 1638 274 1656 meae
289 1629 463 1665 profectionis
480 1630 579 1658 fuisse:
601 1632 646 1667 (ita
658 1633 731 1659 enim
746 1633 882 1668 scripsitz)

83 1667 132 1701 qui
153 1666 273 1693 nondum
296 1675 468 1703 cognossem,
491 1677 561 1703 quae
575 1668 609 1695 de
625 1678 667 1695 me
685 1669 803 1702 Quintus
814 1671 883 1697 scri-

83 1703 184 1738 psisset
205 1704 239 1730 ad
260 1704 371 1731 multos:
403 1706 454 1732 etsi
469 1706 553 1733 multa
568 1715 695 1741 praesens
711 1708 739 1734 in
755 1716 883 1742 praesen-

83 1745 138 1767 tem
158 1741 252 1769 acerbe
268 1741 373 1769 dixerat
382 1747 408 1769 et
418 1742 529 1770 fecerat:
561 1748 650 1771 tamen
662 1744 695 1771 de
707 1744 755 1771 eo*
768 1745 811 1772 his
822 1754 883 1772 ver-

83 1777 127 1804 bis
138 1777 171 1804 ad
182 1778 322 1806 Caesarem
334 1781 441 1815 scripsi.

139 1817 164 1843 2.
179 1816 217 1842 De
232 1817 326 1849 Quinto
335 1819 418 1851 fratre
431 1827 485 1844 meo
494 1827 545 1845 non
554 1821 638 1846 minus
654 1820 750 1850 laboro,
765 1829 842 1854 quam
852 1823 883 1847 de

82 1861 122 1879 me
142 1855 212 1887 ipso:
239 1856 283 1880 sed
301 1863 358 1881 eum
380 1856 426 1882 tibi
453 1858 628 1883 commendare
643 1858 688 1883 hoc
703 1866 758 1883 meo
772 1862 883 1891 tempore

82 1899 134 1917 non
150 1892 240 1917 audeo.
279 1892 350 1918 Illud
371 1894 510 1919 dumtaxat
528 1898 614 1920 tamen
631 1896 729 1920 audebo
737 1899 823 1928 petere
836 1898 882 1922 abs

83 1933 119 1958 te,
141 1929 208 1961 quod
224 1933 247 1954 te
263 1937 322 1959 oro,
345 1937 377 1955 ne
393 1932 456 1963 quid
466 1933 598 1957 existimes
608 1933 640 1957 ab
654 1933 699 1958 illo
708 1935 806 1965 sactum
819 1941 880 1964 esse,

82 1973 134 1998 quo
156 1967 241 1991 minus
255 1974 311 1992 mea
324 1968 351 1992 in
362 1971 385 1992 te
395 1968 482 2000 officia
496 1972 654 1999 constarent,
681 1971 796 1995 minusve
807 1975 830 1996 te
840 1972 881 1996 di-

83 2004 201 2036 ligerem,
219 2005 355 2036 potiusque
367 2011 466 2036 semper
476 2005 549 2030 illum
562 2010 693 2031 auctorem
704 2011 807 2033 nostrae
821 2016 882 2034 con-

82 2041 222 2066 iunctionis
242 2042 333 2073 fuisse,
345 2043 443 2074 meique
460 2043 562 2068 itineris
576 2044 703 2073 comitem,
720 2051 771 2069 non
781 2046 880 2071 ducem.

85 2076 173 2109 Quare
198 2079 288 2104 ceteris
298 2079 325 2103 in
335 2079 410 2104 rebus
421 2082 520 2104 tantum
531 2081 554 2105 ci
565 2081 673 2109 tribues,
698 2085 823 2114 quantum
833 2083 881 2107 lut-

82 2116 195 2141 manitas
215 2119 260 2140 tua
280 2116 446 2148 amicitiaque
466 2120 552 2142 vestra
570 2118 691 2149 postulat.
731 2117 785 2152 Eyo
805 2121 828 2144 εί
851 2128 882 2145 ne

81 2153 145 2185 quid
159 2153 230 2185 apud
246 2156 269 2178 te
284 2153 375 2183 obsim,
392 2154 420 2178 id
430 2157 453 2178 te
464 2154 618 2180 vehementer
629 2156 706 2180 etiam
715 2160 792 2189 atque
805 2158 882 2182 ceiam

81 2197 153 2223 royo.

135 2225 236 2258 Quare,
254 2226 278 2252 si
289 2226 353 2261 quis
363 2234 526 2262 congressus
537 2226 618 2254 fuerit
631 2228 699 2255 mihi
710 2237 772 2255 cum
785 2230 882 2256 Caesa-

82 2271 120 2295 re,
132 2263 192 2298 (etsi
204 2271 256 2289 non
268 2263 377 2294 dubito.
393 2264 460 2299 quin
473 2264 496 2290 is
508 2263 576 2291 lenis
587 2265 613 2291 in
627 2264 704 2292 illum
717 2265 824 2293 futurus
835 2268 878 2299 sit.

82 2299 166 2336 idque
177 2301 230 2327 iam
242 2300 440 2336 declaraverit.)
451 2310 500 2328 c¹⁷o
513 2306 600 2328 tamen
614 2303 636 2328 is
647 2311 701 2334 ero,
714 2305 762 2339 qui
774 2313 881 2340 semper

83 2337 132 2364 fui.
159 2339 184 2364 3.
201 2337 264 2369 Sed,
279 2342 308 2365 ut
319 2338 407 2370 video,
421 2347 467 2365 mu
482 2343 506 2365 to
518 2340 604 2375 magis
616 2345 656 2366 est
667 2341 744 2367 nohis
758 2340 881 2368 laboran-

81 2374 148 2401 dum
164 2374 198 2402 de
213 2374 316 2408 Africa;
339 2384 420 2411 quam
437 2376 548 2411 quidem
565 2382 592 2403 tu
608 2377 707 2404 scribis
728 2379 880 2406 confirmari

103 2412 204 2439 uotidie
219 2413 306 2449 magis
320 2413 353 2439 ad
365 2413 527 2440 conditionis
539 2422 629 2449 spem,
647 2423 728 2449 quam
741 2416 877 2443 victoriae.

81 2420 159 2482 guod
170 2450 273 2477 utinam
285 2451 320 2477 ita
332 2451 415 2478 essetl
429 2450 482 2477 Sed
496 2450 573 2487 longe
583 2451 661 2478 aliter
671 2460 730 2479 esse
743 2453 876 2489 intelligo;

82 2491 161 2521 teque
173 2487 265 2522 ipsum
277 2488 312 2514 ita
323 2489 480 2515 existimare
491 2488 613 2519 arbitror,
621 2488 699 2516 aliter
709 2495 798 2516 autem
809 2492 879 2517 scri—

82 2523 154 2554 berev
168 2532 220 2551 non
233 2524 353 2557 fallendi,
369 2525 417 2552 sed
428 2526 605 2552 confirmandi
617 2527 669 2552 mei
683 2535 787 2556 caussa.
802 2536 879 2562 prue-

81 2561 175 2588 sertim
190 2569 276 2596 quum
291 2562 455 2599 adiungatur
470 2563 502 2590 ad
515 2563 632 2589 Africam
644 2564 724 2590 etiam
739 2565 876 2599 Hispania.

81 2599 110 2624 45
127 2597 205 2630 Quod
217 2607 259 2626 me
270 2599 413 2631 admones,
431 2606 460 2628 ut
475 2601 591 2627 scribam
607 2600 640 2627 ad
651 2601 796 2628 Antonium
809 2607 834 2628 et
845 2602 877 2628 ad

81 2639 196 2662 ceteros:
213 2636 238 2662 si
248 2637 314 2671 quid
327 2637 464 2665 videbitur
475 2638 524 2665 tibi
535 2646 603 2673 opus
614 2646 687 2668 esse,
702 2638 783 2665 velim
797 2639 878 2666 facias

81 2671 119 2704 id,
131 2672 204 2708 quod
215 2681 295 2710 saepe
306 2674 404 2702 fecisti.
427 2675 500 2702 Nihil
513 2676 585 2703 enim
597 2676 665 2702 mihi
678 2678 752 2703 venit
764 2677 789 2703 in
803 2685 878 2704 men-

899 372 902 418 1

901 616 903 651 l

901 682 903 696 ⁴
910 682 911 704 ἓ

910 708 911 724 l

910 809 912 837 ξ
933 804 1045 838 quidem
1060 813 1154 831 verum
1165 810 1214 832 est.

910 2255 913 2278 1

909 2467 912 2499 l

910 2508 911 2527 l

898 2639 911 2703 n

911 2189 912 2194 ¹
935 2189 1015 2215 nosti.

912 2246 913 2254 ,
934 2225 1000 2260 quid
1011 2226 1074 2256 erit,
1091 2226 1163 2261 quod
1180 2226 1212 2252 ud
1224 2234 1293 2260 quos
1303 2226 1477 2253 scribendum
1490 2235 1549 2253 meo
1561 2229 1667 2253 nomine
1679 2236 1730 2262 pu—

1677 142 1725 168 905

930 214 999 239 tem,
1017 209 1089 245 quod
1101 210 1274 236 scribendum
1285 215 1388 245 putem.
1428 210 1505 243 Quod
1520 220 1561 237 me
1577 211 1654 238 audis
1669 221 1727 238 ere-

930 247 1041 273 ctiorem
1053 256 1111 273 esse
1126 248 1228 274 animo:
1245 247 1311 282 quid
1323 253 1410 282 putas,
1423 257 1509 284 quum
1520 249 1623 280 videas,
1637 258 1727 276 acces-

930 284 1001 310 sisse
1022 284 1054 310 ad
1078 285 1230 319 superiores
1253 285 1436 320 aegritudines
1460 286 1610 320 praeclaras
1634 287 1727 322 generi

931 321 1068 348 actiones?
1087 322 1127 348 Tu
1139 326 1227 348 tamen
1241 322 1322 348 velim
1333 331 1365 348 ne
1377 323 1550 353 intermittas,
1568 323 1656 358 quoad
1668 325 1727 350 eius

931 358 1018 384 Iacere
1035 359 1147 393 poteriS,
1165 359 1283 385 scribere
1297 359 1330 385 ad
1346 368 1402 389 me,
1420 361 1526 386 etiamsi
1542 369 1610 391 rem,
1627 361 1660 387 de
1674 369 1728 396 qua

933 395 1045 425 scribas,
1058 404 1109 422 non
1122 396 1245 422 habebis.
1286 396 1399 431 Semper
1412 398 1484 424 enim
1500 397 1613 425 afferunt
1623 398 1727 433 aliquid

934 432 1001 458 mihi
1012 437 1072 459 tuae
1085 433 1195 459 litterae.
1237 433 1363 460 Galeonis
1376 434 1550 461 hereditatem
1561 436 1644 462 crevi.
1676 436 1729 461 Pu-

910 496 911 500 ,
934 475 959 496 to
970 470 1042 496 enim
1053 471 1197 496 cretionem
1212 471 1365 505 simplicem
1377 471 1475 503 fuisse,
1493 474 1621 508 quoniam
1637 472 1670 499 ad
1686 481 1728 499 mc

910 505 912 513 '
934 506 1008 533 nulla
1019 508 1101 534 missa
1113 512 1163 534 est.

554 545 642 571 Velim
658 545 761 576 videas,
778 550 808 572 ut
822 546 880 571 sine
910 546 912 558 l

349 582 385 608 De
396 590 427 608 ea
440 590 468 608 re
479 583 577 617 scripsi
590 582 624 609 ad
634 583 794 609 Terentiam.
834 582 880 608 At·
909 591 911 597 ¹

1205 516 1260 534 viu.
1273 508 1312 535 ld.
1325 509 1401 536 Mart.

986 576 1050 597 Xfll.
1083 578 1195 601 (Brundisii,
1206 580 1285 596 Caesare
1295 579 1340 596 dict.
1350 582 1404 601 707.)

1118 619 1285 646 CICERO
1314 620 1482 647 ATTICO
1512 621 1540 647 S.

992 658 1014 682 1.
1029 651 1058 681 A
1069 656 1194 682 Murenae
1207 656 1302 684 liberto
1313 658 1381 684 nihil
1393 657 1481 684 adhuc
1492 666 1645 693 acceperam
1659 659 1729 685 litte·

934 701 1033 719 rarum.
1074 693 1103 719 P.
1126 693 1200 720 Siser
1220 694 1373 722 reddiderat
1392 704 1453 725 eas,
1475 696 1577 730 quibus
1598 696 1726 722 rescribo.

934 767 960 792 in
973 766 1077 802 Syriam
1088 768 1209 799 venisse,
1227 769 1300 804 quod
1311 770 1364 800 ais,
1378 778 1436 796 esse
1446 770 1494 804 qui
1507 772 1642 797 nuntient:
1657 779 1689 796 ne
1701 770 1728 795 id

1255 806 1333 838 Quod
1344 808 1484 833 certiorem
1496 812 1520 833 te
1532 808 1574 833 vis
1586 807 1656 835 fieri,
1675 816 1729 842 quo

933 841 1051 876 quisque
1062 841 1090 868 in
1099 850 1142 868 me
1153 844 1243 869 animo
1253 844 1288 870 sit
1299 849 1343 870 aut
1353 843 1433 870 fuerit
1443 852 1545 875 eorum,
1559 846 1607 879 qui
1620 845 1671 870 huc
1683 854 1730 870 ve-

933 883 1044 911 nerunt;
1065 880 1201 906 neminem
1213 880 1300 907 alieno
1310 881 1442 907 intellexi.
1483 881 1545 911 Sed,
1558 887 1689 916 quantun]
1703 882 1729 907 id

933 924 992 942 mea
1008 916 1127 947 intersit,
1150 918 1305 944 existimare
1323 923 1348 944 te
1369 927 1447 953 posse
1467 924 1538 945 certo
1556 919 1622 945 scio.
1662 919 1729 945 Mihi

933 961 1019 987 quum
1035 955 1125 980 omnia
1139 959 1202 980 sunt
1216 955 1394 982 intolerabilia
1405 955 1438 982 ad
1449 955 1581 987 dolorem,
1605 961 1661 982 tum
1673 965 1731 982 ma-

933 991 1020 1021 xime,
1038 991 1110 1025 quod
1122 992 1150 1018 in
1162 1000 1220 1018 eam
1231 1000 1355 1019 caussam
1367 993 1474 1019 venisse
1486 1002 1529 1019 me
1545 993 1636 1024 video,
1655 999 1683 1019 ut
1699 1002 1729 1019 ea

933 1027 989 1054 sola
1005 1028 1082 1054 utilia
1099 1029 1166 1055 mihi
1187 1037 1246 1055 esse
1262 1029 1417 1061 videantur,
1439 1039 1507 1065 quae
1523 1039 1630 1065 semper
1644 1031 1728 1057 nolui.

910 1096 911 1099 Ἴ
933 1065 961 1091 P.
975 1065 1119 1092 Lentulum
1130 1071 1233 1101 patrem
1244 1067 1331 1094 Rhodi
1342 1076 1401 1094 esse
1412 1068 1495 1098 aiunt,
1509 1068 1686 1094 Alexandriae
1699 1068 1731 1094 fi-

934 1102 1014 1135 lium,
1033 1103 1181 1139 Rhodoque
1191 1104 1383 1131 Alexandriam
1398 1105 1427 1132 C.
1443 1105 1567 1132 Cassium
1582 1105 1729 1140 profectum

933 1148 991 1166 esse
1002 1145 1114 1167 constat.
1155 1143 1180 1168 2.
1201 1141 1318 1174 Quintus
1334 1142 1403 1169 mihi
1419 1151 1466 1177 per
1478 1142 1578 1170 litteras
1589 1143 1727 1171 satisfacit,

933 1177 1018 1204 multo
1033 1179 1217 1213 asperioribus
1232 1179 1336 1211 verbis,
1359 1188 1441 1215 quam
1463 1188 1548 1215 quum
1569 1181 1730 1216 gravissime

933 1215 1085 1242 accusabat.
1125 1216 1170 1243 Ait
1184 1217 1271 1248 enim,
1291 1225 1320 1243 se
1337 1226 1371 1244 ex
1387 1217 1482 1244 litteris
1498 1219 1552 1244 tuis
1568 1218 1727 1253 intelligere.

933 1253 983 1280 tibi
994 1261 1046 1279 non
1058 1253 1176 1288 placere,
1193 1254 1265 1289 quod
1277 1254 1310 1281 ad
1322 1254 1421 1281 multos
1431 1255 1464 1281 de
1476 1263 1518 1281 me
1529 1256 1652 1290 asperius
1663 1256 1731 1281 scri-

933 1291 1030 1325 pserit:
1044 1291 1134 1326 itaque
1144 1300 1173 1318 se
1184 1292 1329 1326 poenitere,
1343 1292 1416 1327 quod
1427 1293 1548 1319 animum
1560 1298 1636 1319 tuum
1647 1292 1730 1319 offen—

933 1328 1015 1354 derit:
1028 1328 1076 1354 sed
1087 1337 1116 1354 se
1128 1329 1186 1355 iure
1198 1328 1305 1356 fecisse.
1340 1329 1442 1356 Deinde
1454 1330 1596 1364 perscribit
1608 1331 1729 1365 spurcis-

933 1366 1010 1396 sime,
1023 1374 1092 1400 quas
1102 1365 1137 1392 ob
1148 1374 1258 1393 caussas
1271 1366 1372 1393 fecerit.
1402 1367 1454 1393 Sed
1467 1376 1554 1402 neque
1566 1367 1615 1394 hoc
1627 1372 1731 1402 tempo-

933 1411 974 1434 re,
996 1411 1046 1429 nec
1063 1408 1139 1430 antea
1154 1403 1327 1438 patefecisset
1341 1404 1434 1431 odium
1453 1413 1534 1431 suum
1551 1406 1577 1431 in
1594 1414 1650 1435 me,
1677 1406 1729 1431 nisi

932 1440 1060 1467 omnibus
1077 1441 1157 1467 rebus
1172 1449 1215 1467 me
1235 1449 1295 1468 esse
1312 1450 1472 1476 oppressum
1489 1442 1602 1468 videret.
1643 1443 1729 1477 Atque

933 1478 1037 1504 utinam
1054 1477 1095 1504 vel
1111 1479 1263 1509 nocturnis.
1283 1479 1513 1514 quemadmodum
1529 1485 1557 1506 tu
1571 1480 1728 1514 scripseras.

934 1515 1077 1541 itineribus
1089 1516 1200 1550 propius
1211 1521 1235 1542 te
1247 1517 1434 1543 accessissem!
1458 1517 1535 1543 Nunc
1547 1517 1668 1544 necubi,
1682 1525 1730 1543 nec

933 1552 1042 1587 quando
1053 1557 1077 1579 te
1089 1553 1140 1579 sim
1153 1554 1272 1584 visurus,
1285 1562 1396 1588 possum
1408 1554 1551 1588 suspicari.
1592 1556 1616 1581 3.
1639 1555 1674 1580 De
1685 1563 1730 1580 co-

934 1590 1081 1616 heredibus
1088 1590 1237 1617 Fufidianis
1250 1591 1317 1617 nihil
1331 1591 1390 1621 fuit,
1403 1591 1476 1626 quod
1488 1591 1575 1618 adme
1586 1592 1728 1618 scriberes.

934 1628 1001 1653 Nam
1012 1632 1038 1654 et
1048 1636 1165 1663 aequum
1177 1628 1322 1663 postulant,
1336 1633 1370 1658 et.
1383 1628 1518 1664 quidquid
1530 1630 1647 1665 egisses,
1661 1634 1730 1655 recte

934 1673 993 1691 esse
1004 1670 1093 1691 actum
1105 1670 1237 1700 putarem.
1265 1667 1288 1693 4.
1305 1666 1341 1692 De
1354 1665 1437 1692 fundo
1448 1666 1583 1693 Frusinati
1595 1666 1730 1693 redimen-

933 1702 968 1729 do
979 1703 1032 1729 iam
1043 1702 1149 1737 pridem
1161 1702 1319 1730 intellexisti
1330 1703 1493 1730 voluntatem
1501 1712 1602 1730 meam:
1616 1705 1730 1731 etsitum

934 1739 1043 1766 meliore
1057 1740 1112 1767 loco
1124 1749 1166 1766 res
1177 1745 1252 1767 erant
1263 1746 1377 1771 nostrae,
1395 1749 1482 1776 neque
1494 1746 1546 1768 tam
1558 1741 1729 1776 desperatum

934 1777 1001 1804 mihi
1018 1778 1051 1803 iri
1068 1777 1243 1809 videbantur;
1266 1783 1354 1805 tamen
1366 1779 1393 1804 in
1405 1778 1498 1804 eadem
1510 1787 1570 1805 sum
1582 1779 1728 1806 voluntate.

933 1815 961 1841 Id
973 1815 1203 1850 quemadmodum
1216 1815 1273 1846 liat,
1289 1820 1318 1842 tu
1330 1815 1447 1842 videbis.
1488 1816 1521 1843 Et
1533 1816 1628 1846 velim,
1642 1816 1728 1851 quoad

933 1853 1046 1887 poteris,
1064 1853 1232 1883 consideres,
1246 1857 1275 1880 ut
1285 1854 1333 1884 sit,
1352 1853 1424 1879 unde
1435 1853 1512 1880 nobis
1524 1854 1731 1889 suppeditentur

933 1894 1059 1924 sumptus
1080 1891 1234 1917 necessarii.
1276 1890 1305 1917 Si
1325 1899 1394 1926 quas
1415 1890 1562 1917 habuimus
1581 1891 1728 1921 facultates,

933 1936 978 1954 eas
989 1928 1116 1962 Pompeio
1128 1933 1289 1963 tum‚quum
1302 1928 1330 1954 id
1342 1928 1503 1954 videbamur
1513 1930 1649 1963 sapienter
1661 1928 1731 1955 sace-

933 1974 974 1996 re,
991 1965 1151 1992 detulimus
1192 1966 1284 2000 Itaque
1300 1970 1356 1992 tum
1373 1970 1398 1992 et
1413 1974 1427 1992 a
1443 1970 1488 1992 tuo
1504 1966 1596 1993 villico
1610 1968 1731 2001 sumpsi-

933 2011 1004 2034 mus,
1017 2007 1043 2029 et
1053 2002 1163 2029 aliunde
1175 2003 1290 2029 mutuati
1301 2011 1499 2038 sumus,quum
1506 2003 1623 2036 Quintus
1634 2012 1731 2038 quere-

932 2045 1006 2066 retur
1015 2048 1063 2075 per
1075 2040 1185 2071 litteras,
1198 2040 1251 2066 sibi
1264 2049 1312 2067 nos
1323 2040 1391 2066 nihil
1403 2040 1525 2072 dedisse.
1539 2042 1586 2076 qui
1599 2050 1685 2076 neque
1697 2041 1730 2067 ab

934 2077 980 2104 illo
996 2078 1079 2113 rogati
1095 2086 1205 2108 sunum,
1223 2085 1311 2112 neque
1327 2078 1380 2112 ipsi
1395 2086 1454 2104 eam
1469 2079 1610 2113 pecuniam
1623 2080 1730 2113 aspexi-

934 2123 1005 2140 mus.
1046 2114 1099 2141 Sed
1112 2115 1193 2141 velim
1206 2114 1312 2145 videas,
1330 2114 1397 2150 quid
1407 2115 1456 2145 sit.
1473 2115 1545 2150 quod
1559 2116 1653 2142 confici
1669 2125 1730 2150 pos-

934 2152 977 2182 sit,
985 2151 1108 2186 quidque
1120 2152 1188 2178 mihi
1199 2151 1232 2178 de
1243 2152 1372 2178 omnibus
1382 2151 1430 2178 des
1440 2152 1562 2179 consilii:
1575 2158 1728 2179 etcaussam

1055 2190 1081 2215 5.
1104 2189 1182 2215 Plura
1199 2197 1231 2215 ne
1251 2189 1368 2215 scribam
1377 2209 1383 2219 ,
1406 2189 1496 2216 dolore
1518 2190 1659 2224 impedior.
1700 2190 1729 2216 Si

935 2268 982 2293 tes.
997 2262 1093 2293 velim.
1111 2268 1139 2289 ut
1150 2263 1234 2293 soles,
1253 2262 1348 2289 facins:
1371 2264 1532 2299 quotiesque
1545 2265 1671 2292 habebis.
1685 2265 1729 2290 cui

934 2300 982 2326 des
993 2300 1026 2327 ad
1038 2309 1080 2327 me
1093 2300 1202 2331 litteras,
1217 2299 1299 2326 nolim
1312 2302 1516 2335 praetermittas.
1558 2301 1630 2328 vale.

988 2373 1050 2393 XIV.
1077 2375 1189 2396 (Brundi-ii,
1200 2376 1277 2393 ctu-rr
1289 2375 1334 2393 din.
1347 2377 1402 2396 707⁴)

1115 2418 1284 2445 CICERO
1318 2418 1489 2445 ATTICO
1518 2418 1545 2445 S.

991 2457 1013 2481 l.
1035 2449 1099 2481 Non
1126 2464 1167 2482 mo
1190 2455 1300 2482 offendit
1321 2456 1419 2482 veritas
1441 2455 1587 2482 litterarum
1610 2461 1726 2485 tuarum,

932 2491 1004 2527 quod
1022 2501 1077 2523 me,
1095 2501 1180 2528 quum
1197 2493 1389 2519 communibus
1406 2498 1462 2519 tum
1479 2494 1633 2528 praecipuis
1650 2494 1728 2520 malis

931 2538 1106 2563 oppressum,
1120 2539 1152 2556 nc
1165 2531 1262 2565 incipis
1274 2530 1400 2565 quidem,
1414 2530 1570 2560 utsolebnS,
1584 2531 1725 2560 consolari.

933 2566 1077 2602 fulcrisque
1090 2566 1116 2593 id
1129 2567 1185 2594 Iieri
1199 2569 1250 2594 inm
1264 2577 1315 2594 non
1327 2576 1416 2603 posse.
1458 2568 1511 2594 Noc
1522 2569 1595 2594 enim
1608 2577 1638 2595 en
1653 2575 1725 2597 sunt.

932 2612 1000 2638 quae
1010 2609 1085 2631 erunt
1099 2610 1183 2635 antea,
1197 2614 1292 2640 qtuuu,
1306 2610 1335 2631 ut
1346 2604 1413 2631 nihil
1426 2604 1509 2635 aliud,
1526 2606 1637 2632 comites
1650 2615 1691 2632 me
1703 2612 1728 2632 ct

931 2642 1017 2667 socios
1030 2641 1127 2668 habere
1139 2642 1276 2677 putabam.
1315 2642 1414 2669 Omnes
1426 2643 1498 2669 enim
1510 2643 1619 2670 Achaici
1631 2643 1728 2678 depr&

930 2683 1046 2710 catores,
1065 2679 1127 2706 item
1143 2681 1191 2716 qui
1208 2681 1234 2707 in
1247 2680 1323 2711 Asia.
1345 2679 1447 2715 quibus
1463 2688 1514 2707 non
1526 2686 1581 2708 erat
1594 2681 1724 2717 ignotum.

1473 2730 1519 2754 11⁴
