1941 3052
239 156 288 181 1385
702 153 742 177 2311.
779 151 812 177 M.

238 234 353 262 qunnnm
371 223 448 250 modo
464 223 488 249 i‹l
507 222 583 248 ferret
597 222 704 247 civitas!
729 222 803 247 Nunc
819 222 889 247 enim
905 222 966 255 quis
977 226 1025 250 est,

238 264 284 298 qui
302 272 351 289 non
372 262 479 296 prolwt‘?
497 261 543 294 qui
561 268 610 284 non
625 258 731 284 tamn-1¹?
750 259 860 293 quinon
873 267 956 284 unum
970 263 1028 292 pont

239 301 376 327 bominum
395 298 546 324 montorium
566 295 595 321 T.
609 296 724 321 Annium
737 295 884 329 plurimum
898 295 1028 329 reipubli-

237 347 282 363 νου
304 336 448 371 profuisse,
473 334 586 359 maxima
610 332 705 358 laetitia
723 332 851 367 populum
868 333 1024 362 llomnnum,

238 379 359 399 cunctum
377 371 489 400 ltaliam,
509 371 626 395 nationes
642 378 735 395 omncs
750 369 868 395 atu-visse
883 374 907 395 et
922 369 991 395 dicat
1002 374 1027 395 et
1049 390 1058 410 ⁴„

1050 413 1051 420 ¹
1080 406 1182 432 fuimus
1202 415 1294 432 omnes
1315 407 1341 432 in
1363 407 1461 441 patriae
1482 407 1661 442 proditoribus
1675 408 1868 443 opprimendis,

237 410 352 437 sentint‘?
372 410 492 443 Nequeo,
517 412 602 432 veti-ru
623 407 666 432 illa
684 406 775 441 populi
796 407 906 432 Romani
929 406 1026 440 gaudia

236 452 334 482 qunntn
347 446 457 474 suerint,
472 444 596 470 iudicare.
628 443 724 469 Multas
736 449 822 470 tamen
840 445 890 470 inm
907 452 1027 469 summo-

237 493 295 510 rum
318 485 504 517 imperatorum
525 481 687 507 clarissimus
709 481 832 507 victorias
852 485 922 506 aetas
940 485 1026 507 nostra

238 521 316 551 vidit,
334 528 447 555 quarum
463 518 535 545 nullu
548 526 633 553 neque
645 523 696 544 tnm
711 517 864 544 diuturnum
876 518 964 544 attulit
976 518 1027 544 lae-

236 559 320 585 titiam
337 566 384 583 nec
400 561 507 582 tantam.
538 556 580 581 78.
600 555 719 581 Mandntc
732 555 780 581 hoc
792 556 942 585 memoriae,
957 555 1028 581 iudi·
1056 577 1057 580 ,

235 604 288 621 ces.
329 594 412 629 Spero
423 593 505 619 multa
518 602 564 619 vos
578 592 728 627 liberosque
740 597 841 619 vestros
853 593 879 619 in
891 592 1026 627 republica

236 633 303 658 liona
315 640 373 658 esse
385 631 504 660 visuros:
518 631 543 656 in
552 630 593 656 liis
605 630 720 665 singulis
732 630 766 656 ita
777 631 1027 664 sempcrexistimn-

235 670 311 699 bitis,
329 669 390 695 vivo
406 668 433 694 Ρ.
451 667 543 694 Clodio
558 667 625 694 nihil
642 676 732 693 corum
749 676 796 693 vos
812 668 916 693 visuros
932 667 1025 693 fuisse.

235 707 262 733 ln
278 714 353 741 spem
370 706 512 732 maximam
528 709 566 736 ct,
579 704 806 740 quemadmodum
818 704 929 735 confido,
943 704 1027 730 veris-

233 744 329 770 simam
346 743 452 769 adducti
468 751 576 772 sumus,
596 742 667 768 hunc
683 742 772 776 ipsum
785 750 894 772 annum,
909 741 957 768 boc
968 742 1027 776 ipso

233 789 341 807 summo
362 781 418 807 viro
437 779 561 810 consule,
582 787 734 813 compressa
753 779 891 805 bominum
911 779 1024 809 licentia,

233 817 427 853 cupiditatibus
449 817 550 847 fractis,
574 816 679 852 legibus
699 821 723 842 et
740 816 847 842 iudiciis
862 817 1023 846 constitutis,

233 855 376 881 salutarem
391 855 491 881 civitati
508 854 570 880 sore.
612 854 746 888 Numquis
762 858 802 879 est
817 854 899 889 igitur
915 858 966 880 tam
979 853 1026 879 de-

234 901 318 922 mens,
332 893 378 927 qui
390 892 446 922 hoc,
459 892 488 918 P.
503 891 595 918 Clodio
606 891 676 921 vivo,
690 891 842 926 contingere
855 891 973 925 potuisse
984 900 1026 916 ar-

234 929 364 956 bitretur?
375 928 463 961 Quid?
473 937 512 959 ca,
525 937 594 963 quae
606 928 708 958 tenetis.
723 929 824 962 privata
836 933 915 963 atque
928 932 1023 958 vestra.

211 962 215 969 ⁴
232 966 385 993 dominante
401 966 507 993 homine
519 965 617 992 furioso
627 965 699 1000 quod
711 966 753 992 ius
767 970 908 1001 perpetuae
919 974 1026 1000 posscs-

232 1004 316 1031 sionis
328 1004 424 1030 habere
435 1003 601 1038 potuissent?

288 1041 388 1067 XXlX.
411 1041 467 1067 Non
481 1041 567 1071 timeo,
582 1039 692 1070 iudices.
707 1048 739 1066 ne
749 1040 810 1066 odio
821 1040 1023 1066 inimicitiarum

232 1086 351 1104 mearum
367 1077 559 1108 inflammatus.
574 1077 700 1104 libentius
717 1077 780 1104 baec
790 1078 817 1103 in
830 1077 906 1103 illum
918 1085 1025 1103 evome-

232 1123 259 1142 re
271 1115 370 1146 videar,
383 1124 462 1150 quam
476 1116 576 1141 verius.
601 1115 706 1141 Etenim
718 1115 766 1140 etsi
779 1115 953 1149 praecipuum
965 1123 1024 1140 esse

231 1152 359 1185 debebat;
372 1157 458 1179 tamen
469 1153 504 1178 ita
516 1153 667 1178 communis
679 1156 733 1177 crat
743 1152 864 1178 omnium
877 1151 1021 1181 illehostis,

232 1191 298 1216 utin
309 1191 444 1217 communi
455 1189 515 1216 odio
527 1198 609 1224 paene
620 1189 765 1224 aequaliter
771 1193 921 1215 versaretur
931 1189 1022 1215 odium

231 1236 332 1253 meum.
373 1228 430 1253 Non
450 1231 536 1262 potest
555 1227 607 1253 dici
628 1226 705 1257 satis,
729 1235 761 1252 ne
776 1226 886 1262 cogitari
901 1226 1021 1261 quidem,

230 1269 361 1299 quantum
391 1265 418 1290 in
449 1264 495 1290 illo
525 1264 646 1294 sceleris,
677 1268 808 1298 quantum
833 1263 907 1290 exitii
932 1263 1021 1289 fuerit.

229 1302 272 1327 79.
285 1301 356 1334 Quin
367 1302 405 1328 sic
416 1301 550 1332 attendite,
565 1301 676 1327 iudices.
703 1301 804 1336 Nempe
815 1300 880 1327 haec
890 1305 929 1327 est
940 1309 1023 1335 quae-

229 1339 281 1365 stio
302 1338 334 1365 de
354 1339 462 1365 interitu
478 1339 507 1364 P.
525 1338 620 1365 Clodii.
661 1338 765 1373 Fingite
782 1338 893 1370 animis;
915 1337 1023 1372 (liberae

229 1377 301 1402 enim
316 1381 379 1402 sunt
393 1376 565 1412 cogitationes
576 1380 678 1402 nostrae
690 1380 724 1406 et,
737 1383 806 1410 quae
818 1375 919 1405 volunt,
933 1375 971 1401 sic
982 1375 1024 1401 in-

229 1418 345 1444 tuentur,
359 1418 388 1440 ut
398 1422 426 1439 ea
438 1414 581 1444 cernimus,
594 1421 663 1447 quae
675 1412 823 1447 videmus;)
841 1412 931 1448 tingite
943 1412 1024 1448 igitur

228 1451 386 1486 cogitatione
397 1451 540 1486 imaginem
553 1450 634 1476 huius
645 1449 805 1476 conditionis
817 1458 904 1476 meae:
927 1450 950 1476 si
962 1458 1024 1484 pos-

228 1488 281 1514 sim
296 1487 413 1518 eflicere,
427 1492 456 1514 ut
468 1487 591 1514 Milonem
603 1487 757 1516 absolvatis,
770 1486 817 1513 sed
829 1487 873 1518 ita,
887 1488 910 1513 si
921 1487 949 1513 P.
963 1487 1024 1514 Clo-

228 1525 290 1551 dius
301 1526 435 1551 revixerit.
452 1524 522 1557 Quid
535 1524 611 1551 vultu
623 1523 805 1551 extimuistis?
815 1533 933 1559 quonam
945 1524 1023 1551 modo

227 1562 273 1589 ille
285 1571 332 1589 vos
343 1563 423 1588 vivus
435 1562 558 1593 afficeret,
571 1571 639 1597 quos
652 1566 774 1588 mortuus
786 1562 1022 1598 inanicogitatione

228 1599 378 1635 percussit‘?
395 1599 484 1632 Quid‘?
499 1600 523 1626 si
534 1600 592 1634 ipse
603 1599 651 1626 Cn.
663 1599 816 1634 Pompeius,
825 1599 872 1634 qui
884 1607 913 1625 ea
925 1599 1022 1625 virtute

227 1646 257 1663 ac
269 1636 372 1664 fortuna
384 1641 432 1667 est,
445 1641 475 1663 ut
484 1645 513 1663 ea
525 1637 640 1672 potuerit
650 1645 764 1671 semper,
777 1644 847 1671 quae
858 1644 936 1663 nemo
946 1644 1023 1671 prae-

227 1678 267 1700 ter
281 1674 373 1700 illum:
395 1675 418 1700 si
433 1674 470 1704 is,
484 1675 607 1709 inquam,
624 1674 768 1709 potuisset,
782 1677 827 1699 aut
837 1674 1021 1708 quaestionem

226 1711 260 1737 de
272 1715 354 1738 morte
366 1711 487 1738 P.Clodii
500 1711 576 1740 ferre.
590 1716 634 1737 aut
646 1711 736 1746 ipsum
747 1710 780 1736 ab
791 1710 884 1736 inferis
895 1711 1018 1741 excitare,

227 1752 318 1775 utrum
329 1748 427 1783 putatis
439 1749 528 1782 potius
539 1748 671 1775 facturum
684 1747 787 1774 fuisse‘?
795 1748 1022 1783 Etiamsipropter

227 1785 370 1811 amicitiam
392 1785 472 1812 vellet
490 1785 568 1812 illum
589 1785 622 1812 ab
643 1785 736 1811 inferis
757 1793 892 1815 revocare,
914 1790 1021 1820 propter

227 1822 419 1857 rempublicam
430 1831 482 1849 non
494 1821 608 1849 fecisset.
647 1822 714 1848 Eius
725 1822 808 1858 igitur
819 1823 910 1848 mortis
921 1822 1020 1849 sedetis

226 1859 339 1891 ultores,
356 1860 434 1886 cuius
450 1860 532 1886 vitam
548 1860 570 1886 si
586 1860 685 1894 putetis
696 1868 744 1894 per
754 1868 800 1886 vos
812 1859 916 1885 restitui
930 1868 1017 1895 posse,

226 1896 331 1923 nolitis:
354 1901 379 1923 et
392 1897 425 1923 de
436 1897 494 1923 eius
506 1905 568 1923 nece
581 1896 630 1923 lata
641 1897 762 1932 quaestio
773 1901 821 1927 est,
834 1897 882 1931 qui
893 1897 916 1923 si
927 1896 1018 1923 eadem

227 1933 284 1970 lege
296 1934 454 1960 reviviscere
465 1938 564 1969 posset,
573 1933 623 1960 lata
631 1933 674 1960 lex
685 1942 832 1969 numquam
839 1938 918 1960 esset.
933 1934 1019 1961 Huius

226 1978 289 2006 ergo
303 1970 455 1998 interfector
469 1971 516 2006 qui
532 1976 611 2002 esset,
630 1971 657 1997 in
672 1970 822 1997 confitendo
832 1971 865 1997 ab
876 1971 945 1997 iisne
956 1980 1020 2006 poe-

226 2017 287 2034 nam
303 2009 420 2040 timeret,
437 2016 505 2043 quos
522 2007 708 2035 liberavisset?
727 2010 768 2034 80.
786 2008 880 2035 Graeci
896 2008 1018 2035 homines

225 2045 337 2072 deorum
352 2045 465 2072 honores
481 2045 602 2072 tribuunt
613 2046 646 2072 iis
658 2046 731 2076 viris.
745 2046 793 2080 qui
805 2050 930 2081 tyrannos
942 2054 1020 2072 neca-

226 2086 331 2109 verunt.
370 2082 443 2115 Quae
458 2091 507 2119 ego
522 2082 576 2109 vidi
592 2083 718 2109 Athenis!
740 2091 809 2117 quae
825 2082 884 2109 aliis
900 2083 927 2109 in
943 2083 1020 2110 urbi-

225 2119 277 2146 bus
289 2119 427 2146 Graeciae!
442 2128 510 2155 quas
522 2129 563 2146 res
570 2120 675 2146 divinas
687 2119 929 2147 talibusinstitutas
936 2121 1016 2147 viris!

224 2165 292 2192 quos
307 2158 415 2183 cantus!
436 2166 505 2192 quae
520 2158 650 2184 carmina!
673 2157 756 2192 Prope
767 2157 799 2183 ad
811 2158 1018 2184 immortalitatis

225 2199 250 2220 et
270 2194 426 2230 religionem
446 2199 472 2221 et
486 2195 642 2221 memoriam
657 2200 854 2221 consecrantur.
885 2195 937 2222 Vos
953 2196 1018 2222 tanti

223 2236 434 2258 conservatorem
445 2231 547 2267 populi,
556 2233 620 2258 tanti
631 2231 740 2258 sceleris
747 2232 868 2263 ultorem,
877 2241 929 2260 non
940 2232 1019 2259 modo

224 2268 369 2295 honoribus
390 2269 472 2296 nullis
493 2268 623 2300 afficietis,
645 2269 693 2296 sed
708 2269 787 2296 etiam
802 2269 836 2296 ad
852 2270 1018 2305 supplicium

223 2307 279 2340 rapi
292 2305 447 2341 patiemini?
467 2306 653 2337 eonfiteretur.
666 2306 847 2338 confiteretur,
860 2307 981 2342 inquam,
994 2308 1018 2334 si

224 2342 338 2374 fecisset.
352 2347 378 2370 et
387 2352 484 2380 magno
494 2344 583 2371 animo
593 2349 619 2370 et
631 2343 729 2370 libente
739 2353 767 2370 se
779 2343 874 2371 fecisse
885 2344 1016 2371 libertatis

222 2381 343 2407 omnium
354 2389 461 2407 caussa:
474 2381 546 2416 quod
557 2382 581 2407 ei
592 2386 661 2408 certe
672 2389 724 2407 non
735 2381 915 2408 confitendum
927 2381 1014 2411 modo.

225 2425 317 2444 verum
328 2418 407 2444 etiam
420 2418 639 2454 praedicandum.
660 2418 749 2444 XXX.
772 2420 813 2444 81.
826 2419 941 2451 Etenim,
954 2419 978 2445 si
988 2419 1015 2445 id

223 2461 276 2480 non
291 2459 380 2490 negat,
397 2463 431 2482 ex
441 2464 495 2490 quo
505 2455 572 2482 nihil
585 2457 658 2491 petit,
672 2456 725 2482 nisi
737 2460 766 2482 ut
776 2456 943 2491 ignoscatur:
965 2455 1017 2482 du—

223 2489 318 2516 bitaret
331 2491 358 2517 id
379 2491 467 2523 fateri,
481 2501 514 2519 ex
527 2501 582 2528 quo
595 2494 674 2520 etiam
690 2493 806 2527 praemia
823 2492 910 2520 laudis
926 2498 1016 2520 essent

223 2527 355 2561 petenda?
374 2529 432 2555 Nisi
451 2538 514 2556 vero
532 2531 635 2566 gratius
657 2534 732 2564 putat
749 2538 808 2556 esse
824 2530 915 2562 vobis,
932 2531 975 2557 sui
986 2539 1015 2557 se

222 2564 332 2597 capitis,
350 2573 431 2599 quam
446 2567 527 2593 vestri
542 2567 709 2594 defensorem
725 2566 821 2593 fuisse:
842 2575 928 2602 quum
939 2576 1016 2602 prae-

223 2600 315 2626 sertim
326 2600 353 2627 in
364 2610 393 2627 ea
404 2602 578 2635 confessione,
591 2605 614 2631 si
625 2604 694 2640 grati
705 2612 764 2630 esse
775 2603 888 2635 velletis,
902 2604 1014 2631 honores

223 2642 410 2672 assequeretur
420 2639 611 2674 amplissimos.
651 2641 680 2668 Si
691 2640 790 2667 fac-tum
802 2641 878 2667 vobis
889 2650 942 2668 non
953 2650 1015 2677 pro—

221 2673 343 2706 baretur,
356 2674 529 2711 (quamquam
540 2679 588 2713 qui
598 2682 699 2714 poterat
709 2677 782 2705 salus
793 2686 842 2704 sua
852 2679 951 2715 cuique
961 2687 1014 2706 non

847 151 876 176 Τ.
912 150 1185 177 ΕΙΟΙίΠΟΝΙέ
1218 150 1402 177 ΟΠᾹΤΙΟ

1080 220 1211 255 prol›ari‘?)
1232 220 1278 247 sed
1300 225 1386 247 tamen
1409 221 1431 247 si
1453 222 1543 248 minus
1564 221 1700 248 fortissimi
1719 222 1767 248 viri
1785 223 1870 249 virtus

1056 267 1059 301 J
1078 258 1184 284 civibus
1204 263 1276 292 grata
1297 258 1449 284 cecidisset:
1472 268 1568 294 magno
1584 260 1673 285 animo
1687 262 1871 295 constantique

1056 306 1058 310 ·
1079 294 1181 321 cederet
1193 304 1224 321 ex
1238 295 1337 331 ingrata
1349 296 1465 321 civitate.
1492 296 1556 322 Nam
1568 297 1714 331 quidmst-1
1729 298 1867 331 ingratius.

1079 341 1159 366 qnam
1174 332 1261 358 laetari
1274 337 1382 361 ceteros.
1393 333 1484 367 lugere
1495 341 1555 359 eum
1568 333 1663 361 mlum.
1673 339 1779 368 propter
1788 342 1869 369 quem

1079 370 1157 395 reteri
1176 369 1351 395 laetarentur?
1370 371 1411 395 82.
1427 370 1594 405 Quamquam
1606 371 1654 397 boc
1666 372 1755 397 animo
1766 380 1873 405 semper

1080 448 1117 473 ut,
1144 444 1272 478 quoniam
1298 448 1384 470 nostra
1406 443 1493 470 futura
1515 449 1585 470 esset
1604 444 1696 479 gloria.
1720 445 1870 480 periculum

1079 489 1186 515 qnoque
1209 486 1234 506 et
1250 481 1378 507 invidiam
1395 486 1509 507 nostram
1528 487 1690 516 putaremus.
1721 483 1786 509 Nam
1802 491 1871 517 quae

1081 518 1145 544 milii
1163 518 1213 552 ipsi
1230 518 1370 544 tribuenda
1388 518 1446 544 laus
1464 524 1542 549 esset,
1560 527 1646 554 quum
1658 523 1759 546 tantum
1770 520 1796 546 in
1807 528 1872 546 con-

1079 555 1167 581 sulatu
1185 564 1243 581 meo
1259 564 1305 590 pro
1320 555 1396 581 vobis
1412 564 1440 581 ac
1458 555 1548 582 liberis
1564 557 1659 582 vestris
1675 565 1756 582 ausus
1767 565 1868 584 essem:

1079 593 1100 618 si
1114 592 1150 622 id,
1163 592 1234 627 quod
1246 593 1367 623 conabar,
1380 593 1437 619 sine
1450 593 1870 620 maximisdirnicationibusmeis

1080 638 1121 655 me
1133 638 1191 655 esse
1202 638 1331 656 ausurum
1343 630 1502 656 arbitrarer?
1520 630 1593 662 Quae
1604 630 1702 657 mulier
1711 630 1870 658 sceleratum

1079 675 1107 693 ac
1122 667 1299 701 perniciosum
1311 668 1396 693 civem
1409 667 1526 694 occidere
1537 676 1587 694 non
1599 667 1715 698 auderet,
1731 669 1754 694 si
1766 669 1871 703 pericu-

1080 703 1134 730 lum
1148 713 1198 730 non
1211 703 1333 730 timeret?
1352 705 1486 739 Proposita
1499 705 1608 734 invidia,
1623 710 1713 734 morte.
1723 706 1870 741 poena.qui

1079 741 1162 767 nihilo
1177 743 1286 777 segnius
1303 742 1495 776 rempublicam
1512 742 1639 771 defendit,
1657 743 1680 768 is
1696 743 1736 768 vir
1748 751 1808 769 vere
1819 751 1871 778 pu-

1079 778 1174 804 tandus
1194 783 1243 805 est.
1284 779 1378 813 Populi
1395 780 1461 815 grati
1477 784 1525 809 est,
1545 780 1669 814 praemiis
1685 779 1788 806 afficere
1803 780 1870 806 bene

1078 817 1186 842 meritos
1201 816 1234 842 de
1250 816 1386 851 republica
1402 817 1489 843 cives:
1516 817 1566 843 viri
1584 817 1667 847 sortis,
1686 825 1718 843 ne
1728 816 1870 852 suppliciis

1077 853 1187 888 quidem
1213 854 1322 884 moveri,
1350 858 1379 880 ut
1404 853 1504 880 sortiter
1529 853 1623 880 secisse
1645 855 1786 888 poeniteat.
1826 856 1868 880 83.

1077 890 1254 923 Quamobrem
1275 896 1393 917 uteretur
1412 891 1504 917 eadem
1524 891 1691 917 consessione
1706 892 1736 917 T.
1754 892 1867 921 Annius,

1076 936 1129 962 qua
1152 928 1245 957 Ahala.
1267 937 1319 963 qua
1341 929 1444 958 Nasica,
1465 937 1517 963 qua
1537 928 1671 963 Opimius,
1689 937 1741 963 qua
1758 929 1867 959 Marius,

1076 973 1128 1000 qua
1141 970 1243 992 nosmet
1255 966 1320 1000 ipsi:
1343 970 1376 995 et,
1389 966 1411 991 si
1422 970 1494 1002 grata
1507 965 1657 1000 respublica
1668 971 1746 995 esset.
1761 965 1871 992 laetare-

1077 1007 1133 1028 tur:
1160 1003 1182 1028 si
1199 1003 1310 1038 ingrata,
1328 1007 1423 1033 tamen.
1441 1003 1467 1030 in
1483 1004 1558 1039 gravi
1575 1002 1688 1034 fortuna,
1709 1003 1869 1030 conscientia

1076 1048 1124 1065 sua
1136 1040 1272 1066 niteretur.

1131 1076 1183 1103 Sed
1200 1077 1281 1103 huius
1296 1077 1416 1104 beneficii
1490 1077 1562 1108 tiam,
1580 1077 1692 1107 iudices.
1707 1076 1810 1103 fortuna
1823 1085 1870 1112 po-

1076 1113 1133 1149 puli
1150 1115 1260 1141 Romani
1276 1119 1302 1141 et
1318 1119 1403 1141 vestra
1420 1114 1445 1141 fe
1458 1116 1532 1141 icitas
1543 1119 1569 1141 et
1588 1114 1625 1141 dii
1642 1114 1805 1141 immortales
1816 1115 1869 1141 sibi

1075 1151 1165 1177 deberi
1186 1156 1289 1186 putant.
1312 1152 1365 1178 Nec
1377 1161 1438 1178 vero
1447 1153 1592 1187 quisquam
1604 1152 1679 1178 aliter
1689 1152 1809 1178 arbitrari
1822 1160 1870 1187 po-

1075 1193 1134 1219 test,
1148 1189 1200 1215 nisi
1211 1189 1258 1224 qui
1271 1188 1372 1215 nullam
1384 1189 1438 1215 vim
1451 1189 1867 1219 esseducitnumenvedivinum,

1074 1234 1155 1261 quem
1172 1234 1258 1261 neque
1274 1226 1379 1261 imperii
1396 1227 1478 1253 nostri
1490 1225 1652 1262 magnitudo,
1665 1234 1752 1261 neque
1762 1225 1801 1253 sol
1813 1226 1868 1257 itte,

1075 1272 1122 1289 nec
1133 1263 1197 1290 caeli
1209 1264 1402 1299 signorumque
1413 1268 1509 1295 motus,
1523 1271 1570 1290 nec
1576 1263 1774 1290 vicissitudines
1781 1271 1870 1290 rerum

1075 1305 1154 1335 atque
1169 1300 1276 1327 ordines
1292 1305 1409 1332 movent,
1427 1309 1523 1336 neque,
1537 1300 1563 1327 id
1575 1300 1646 1336 quod
1658 1301 1805 1327 maximum
1817 1306 1867 1332 est,

1075 1339 1206 1364 maiorum
1222 1342 1371 1365 nostrorum
1387 1339 1530 1374 sapientia.
1551 1338 1598 1373 qui
1614 1347 1699 1369 sacra,
1724 1339 1770 1373 qui
1785 1339 1870 1365 caeri-

1075 1375 1186 1405 monias,
1202 1376 1250 1410 qui
1265 1376 1383 1410 auspicia
1399 1381 1424 1402 et
1438 1376 1491 1410 ipsi
1505 1376 1673 1402 sanctissime
1683 1374 1830 1406 coluerunt,
1843 1380 1869 1402 et

1076 1413 1161 1443 nobis.
1179 1413 1237 1439 suis
1254 1413 1377 1448 posteris,
1390 1413 1573 1448 prodiderunt.
1595 1412 1694 1439 XXXI.
1706 1414 1748 1439 8⁴.
1759 1413 1815 1442 Est.
1828 1417 1869 1439 est

1076 1449 1193 1484 profecto
1212 1449 1256 1476 illa
1273 1451 1328 1477 vis:
1360 1459 1447 1486 neque
1462 1451 1490 1477 in
1506 1450 1548 1476 bis
1562 1450 1728 1485 corporibus,
1745 1454 1826 1485 atque
1840 1450 1869 1477 in

1076 1488 1124 1514 hac
1134 1487 1316 1514 imbecillitate
1328 1492 1424 1519 nostra,
1437 1487 1654 1522 inestquiddam,
1667 1487 1738 1522 quod
1748 1487 1870 1523 vigeatet

1075 1525 1179 1556 sentiat,
1193 1529 1218 1551 et
1229 1533 1280 1551 non
1291 1525 1361 1551 inest
1371 1526 1398 1551 in
1411 1525 1459 1552 boc
1470 1529 1542 1551 tanto
1553 1529 1660 1551 naturae
1671 1529 1723 1551 tam
1734 1524 1869 1560 praeclaro

1074 1566 1158 1589 motu.
1180 1562 1238 1588 Nisi
1249 1562 1315 1589 forte
1321 1561 1420 1589 idcirco
1425 1571 1484 1589 esse
1490 1571 1542 1589 non
1548 1566 1650 1597 putant,
1657 1562 1721 1597 quia
1728 1570 1778 1588 non
1785 1570 1869 1597 appa·

1074 1603 1121 1630 ret,
1130 1607 1178 1626 nec
1183 1600 1312 1626 cernitur:
1325 1599 1517 1635 proindequasi
1525 1603 1640 1626 nostram
1647 1599 1732 1634 ipsam
1739 1604 1865 1629 mentem,

1073 1645 1126 1671 qua
1141 1637 1271 1671 sapimus,
1289 1645 1342 1671 qua
1354 1636 1536 1672 providemus,
1549 1645 1602 1672 qua
1615 1636 1679 1662 haec
1689 1637 1747 1671 ipsa
1759 1636 1866 1671 agimus

1073 1682 1103 1700 ac
1117 1673 1242 1704 dicimus,
1257 1673 1355 1705 videre,
1369 1678 1413 1700 aut
1425 1673 1511 1709 plane.
1523 1673 1620 1709 qualis,
1633 1678 1680 1699 aut
1691 1673 1736 1699 ubi
1747 1674 1791 1703 sit,
1804 1681 1867 1699 sen·

1073 1711 1121 1737 tire
1136 1711 1282 1746 possimus.
1303 1711 1341 1737 Ea
1357 1711 1398 1737 vis
1408 1711 1491 1746 igitur
1501 1711 1568 1745 ipsa,
1580 1719 1649 1745 quae
1660 1718 1740 1745 saepe
1751 1710 1866 1737 incredi-

1072 1748 1140 1774 biles
1162 1748 1225 1774 huic
1245 1747 1306 1774 urbi
1326 1747 1464 1774 felicitates
1485 1753 1564 1783 atque
1585 1756 1649 1782 opes
1669 1747 1769 1778 attulit,
1791 1747 1865 1774 illam

1072 1786 1216 1820 perniciem
1232 1785 1361 1812 exstinxit
1375 1793 1404 1811 ac
1419 1784 1538 1815 sustulit,
1555 1785 1600 1811 cui
1615 1785 1732 1820 primum
1749 1790 1865 1811 mentem

1073 1823 1169 1853 iniecit,
1195 1827 1224 1849 ut
1244 1823 1270 1848 vi
1290 1823 1392 1848 irritare
1409 1822 1531 1858 ferroque
1546 1821 1674 1849 lacessere
1689 1821 1865 1849 fortissimum

1072 1861 1160 1886 virum
1176 1859 1284 1886 auderet
1300 1860 1504 1895 vincereturque
1519 1859 1552 1886 ab
1567 1867 1606 1890 eo.
1618 1867 1698 1895 quern
1710 1859 1734 1885 si
1746 1860 1862 1889 vicisset,

1072 1897 1213 1924 habiturus
1224 1897 1487 1932 essetimpunitatem
1493 1897 1657 1923 etlicentiam
1663 1897 1863 1931 sempiternam.

1071 1936 1114 1961 85.
1126 1935 1184 1961 Non
1195 1939 1236 1960 est
1247 1934 1364 1961 humano
1374 1934 1494 1965 consilio,
1509 1942 1541 1961 ne
1551 1933 1678 1961 mediocri
1689 1933 1809 1969 quidem,
1822 1934 1865 1960 iu-

1071 1971 1153 2002 dices,
1179 1971 1290 1998 deorum
1315 1971 1506 1998 immortalium
1527 1980 1590 1997 cura
1610 1979 1652 1997 res
1672 1970 1717 1997 illa
1737 1970 1863 2006 perfecta.

1071 2008 1223 2044 Religiones
1234 2008 1386 2035 mehercule
1400 2009 1482 2044 ipsae,
1495 2017 1564 2044 quae
1574 2008 1647 2035 illam
1659 2007 1775 2034 belluam
1786 2007 1866 2035 cade·

1070 2054 1098 2072 re
1119 2046 1252 2077 viderunt,
1274 2047 1453 2073 commovisse
1472 2054 1500 2072 se
1521 2045 1655 2077 videntur,
1677 2049 1703 2071 et
1717 2046 1760 2072 ius
1775 2045 1803 2072 in
1818 2044 1865 2072 illo

1070 2092 1151 2110 suum
1163 2084 1316 2110 retinuisse.
1347 2083 1399 2110 Vos
1410 2083 1481 2110 enim
1493 2083 1554 2113 iam,
1568 2082 1663 2109 Albani
1675 2081 1772 2109 tumuli
1783 2086 1864 2118 atque

1071 2120 1133 2151 luci,
1146 2129 1203 2151 vos.
1215 2121 1334 2156 inquam,
1348 2120 1462 2156 imploro
1472 2125 1552 2156 atque
1562 2120 1686 2150 obtestor,
1698 2127 1809 2154 vosque,
1817 2119 1865 2146 At-

1070 2158 1200 2185 banorum
1220 2158 1330 2184 obrutae
1350 2166 1419 2189 arae,
1435 2166 1570 2184 sacrorum
1585 2156 1679 2192 populi
1693 2157 1805 2184 Romani
1818 2165 1864 2183 so-

1069 2196 1125 2222 ciae
1145 2200 1171 2221 et
1190 2195 1324 2230 aequales,
1345 2203 1414 2230 quas
1428 2194 1483 2225 ille,
1496 2203 1623 2230 praeceps
1635 2195 1759 2225 amentia.
1776 2194 1863 2220 caesis

1070 2233 1261 2267 prostratisque
1281 2232 1459 2258 sanctissimis
1481 2231 1556 2262 lucis,
1573 2231 1804 2258 substructionum
1819 2231 1863 2257 in-

1069 2270 1142 2296 sanis
1157 2269 1274 2296 molibus
1289 2274 1470 2305 oppresserat:
1497 2273 1599 2296 vestrae
1609 2273 1666 2295 tum
1677 2276 1746 2298 arae,
1758 2272 1862 2294 vestrae

1070 2307 1211 2342 religiones
1226 2307 1379 2342 viguerunt.
1397 2311 1485 2333 vestra
1495 2307 1537 2333 vis
1550 2305 1643 2337 valuit,
1655 2313 1736 2340 quam
1747 2304 1794 2331 ille
1804 2313 1862 2332 om-

1047 2347 1049 2360 ¹'
1069 2345 1095 2370 ni
1107 2344 1206 2370 scelere
1217 2344 1360 2379 polluerat;
1374 2349 1457 2378 tuque
1468 2352 1501 2370 ex
1512 2348 1557 2370 tuo
1567 2342 1740 2372 editomonte,
1749 2342 1860 2369 Latiaris

1070 2386 1159 2408 sancte
1169 2382 1296 2416 Iuppiter,
1307 2382 1386 2408 cuius
1397 2381 1442 2407 ille
1453 2380 1534 2411 lacus,
1548 2388 1654 2406 nemora
1665 2379 1787 2414 finesque
1801 2387 1861 2406 sae-

1071 2427 1103 2453 pe
1119 2419 1191 2445 omni
1213 2418 1314 2445 nefario
1324 2422 1417 2453 stupro
1427 2423 1453 2444 et
1463 2417 1562 2444 scelere
1572 2415 1725 2447 macularat.
1737 2416 1862 2452 aliquan-

1069 2456 1103 2482 do
1117 2456 1151 2482 ad
1166 2464 1229 2482 eum
1245 2455 1413 2490 puniendum
1423 2454 1514 2482 oculos
1525 2454 1666 2489 aperuisti:
1698 2453 1775 2480 vobis
1787 2453 1857 2480 illae.

1069 2493 1145 2519 vobis
1164 2497 1253 2519 vestro
1267 2493 1295 2519 in
1310 2497 1454 2527 conspectu
1469 2499 1552 2522 serae,
1567 2490 1615 2517 sed
1630 2491 1716 2517 iustae
1731 2495 1818 2517 tamen
1833 2495 1860 2517 et

1067 2530 1171 2556 debitae
1186 2538 1286 2565 poenae
1299 2530 1402 2556 solutae
1415 2533 1488 2555 sunt.
1515 2530 1556 2554 86.
1573 2528 1630 2554 Nisi
1643 2528 1708 2554 forte
1719 2527 1769 2554 boc
1778 2528 1858 2554 etiam

1066 2576 1131 2594 casu
1151 2567 1250 2594 factum
1266 2575 1326 2594 esse
1340 2567 1470 2596 dicemus,
1487 2570 1518 2591 ut
1531 2570 1592 2592 ante
1605 2566 1697 2600 ipsum
1711 2565 1858 2592 sacrarium

1066 2605 1151 2631 Bonae
1166 2605 1243 2635 Deae,
1259 2603 1332 2639 quod
1344 2603 1421 2629 estin
1432 2602 1517 2629 fundo
1527 2603 1557 2629 T.
1570 2602 1654 2629 Sextii
1666 2602 1746 2633 Galli,
1761 2603 1790 2629 in
1801 2602 1859 2637 pri-

1065 2642 1117 2668 mis
1128 2641 1232 2668 bonesti
1243 2646 1269 2668 et
1277 2641 1361 2668 ornati
1371 2639 1554 2671 adolescentis,
1567 2640 1727 2674 meipsam,
1735 2639 1856 2674 inquam.

1064 2679 1163 2705 Bonam
1177 2679 1267 2711 Deam,
1284 2686 1371 2714 quum
1386 2676 1518 2713 praelium
1532 2678 1720 2708 commisisset,
1737 2677 1857 2712 primum
