1941 3052
410 130 736 158 EPISTOLARUM
766 129 819 157 AD
848 129 1057 157 ATTICUM
1088 130 1168 156 LIB.
1191 130 1254 156 VII.

85 203 144 224 facta
154 200 191 222 sit.
220 200 277 221 Tum
288 207 338 221 vero
349 199 427 221 Cicero
438 200 572 227 Campaniae
587 203 608 221 et
622 207 673 221 orae
683 199 806 221 maritimae
816 206 879 227 prae-

86 244 136 258 ene
146 235 219 263 coepit
228 239 266 256 XI.
282 235 397 262 Epistulae
405 238 476 256 autem
487 235 573 263 priores
581 251 586 260 ,
602 242 614 255 a
624 235 693 262 prima
702 242 773 262 usque
783 235 808 255 ad
820 234 879 255 ‹leci—

85 279 149 295 mam.
160 271 239 298 plenae
249 273 300 290 sunt
310 270 479 295 sollicitudinis,
491 271 555 297 qnod,
568 278 629 297 quern
639 271 662 290 in
673 270 739 295 bello,
747 270 806 290 inter
814 271 879 290 Pom-

85 306 158 334 peium
173 308 194 326 et
204 306 321 326 Caesarem
335 305 422 329 futuro,
439 308 519 326 statum
530 305 652 330 obtineret,
668 305 745 326 Cicero
757 305 879 329 dubitabat,

87 343 114 362 ob
121 341 239 367 utriusque
249 346 299 365 erga
310 347 333 360 se
343 340 464 360 amicitiam
479 344 512 361 IV.
528 343 551 360 et
564 344 631 361 XVII.
660 340 801 361 Posteriores
811 346 881 366 usque

87 377 113 397 ad
128 377 191 396 tinem
208 375 262 396 libri
273 375 382 402 epistolae
396 382 459 402 quum
476 375 545 395 multa
555 375 599 395 alia
610 375 734 399 continent,
749 379 793 395 tum
805 382 880 401 quere-

86 411 129 432 lam
144 411 171 431 «le
185 410 303 438 Pompeio:
318 410 479 430 accusationem
493 410 643 437 impudentiae
658 410 773 430 Caesaris:
788 409 880 435 legatio-

87 453 135 467 nem
146 446 170 466 L.
182 445 285 466 Caesaris
297 446 323 465 ad
333 445 461 472 Pompeium
477 448 498 465 et
512 444 614 465 eonsules
630 446 654 465 C,
667 444 769 465 Caesaris
784 444 881 464 nomine:

88 485 110 502 et
124 488 179 508 quae
194 481 231 501 illi
247 481 273 501 ad
288 480 341 500 haee
351 480 517 507 responderint,
533 484 592 500 XIII.
612 480 706 506 Reliqua
720 479 806 506 privata
820 482 881 499 sunt:

88 517 114 537 de
125 515 243 537 Dolabella
253 522 332 540 genero
344 519 381 536 III.
393 516 419 536 tle
429 516 503 535 eodem
514 515 591 535 Liviae
606 515 685 535 herede
700 518 756 535 VIII.
771 515 798 535 de
812 521 882 534 uxore

88 554 110 571 et
124 550 172 571 tilia
189 551 245 577 quod
255 550 373 571 consilium
388 550 516 577 capiendum
532 550 573 575 sit,
588 549 698 570 dubitatio
712 553 772 570 XIII.
783 553 840 570 XIV.
857 550 883 569 ile
903 557 904 560 ¹

88 586 168 606 iisdem
178 585 279 606 Formias
290 585 397 612 profectis
407 589 487 606 XVIII.
497 588 580 606 XXIII.
591 585 618 605 de
628 584 773 605 Ciceronibus
784 588 844 605 XIII.
856 585 883 604 de

88 620 182 648 pecunia
192 620 285 641 Caesari
298 619 372 640 debita
383 624 420 640 III.
431 620 457 640 de
468 619 561 640 Tironis
572 619 699 640 valetudine
709 622 731 639 et
746 620 772 639 tle
782 619 845 640 Curii
859 619 882 639 in

90 663 115 676 eo
128 656 224 676 curando
235 655 352 680 diligentia
363 658 390 675 II.
403 658 441 675 III.
455 655 482 675 de
493 656 518 679 Q.
530 655 599 675 fratre
609 654 680 675 Attici
694 654 794 674 debitore
804 658 881 674 XVIII.

89 691 116 711 de
127 690 198 711 Attici
208 690 335 711 valetudine
346 693 372 710 II.
385 693 408 709 V.
420 693 476 710 VIII.
488 689 514 709 de
520 689 594 710 Piliae
604 689 675 709 Attici
685 689 763 709 uxoris
773 689 883 709 invaletu-

90 725 142 746 dine
152 729 175 746 V.
186 726 213 745 de
223 724 339 746 Philotimi
351 724 467 745 fraudibus
478 728 493 745 1.
507 728 544 744 III.
556 724 582 744 [le
592 724 655 744 Curii
665 724 748 744 tabulis
759 727 781 744 et
790 725 816 744 de
827 725 883 744 Hor-

90 759 158 780 tensii
173 759 253 784 legatis
269 763 306 779 III.
322 760 348 779 de
362 759 473 784 Dionysio
488 759 559 779 Attici
574 759 655 779 liberto
669 759 775 779 iudicium
791 762 824 779 lv.
838 762 882 779 VII.

90 798 147 815 VIII.
162 795 189 815 (le
204 797 287 814 mutata
296 794 367 815 Caelii
383 794 491 814 sententia
504 798 541 815 111.
557 794 583 814 de
593 794 724 819 Philogenis
738 793 826 818 negotio
837 797 882 813 VII.

91 829 238 850 Grammaticis
247 830 274 850 de
284 829 377 849 Piraeeo
388 828 475 849 nomine
485 828 688 849 uhsenvatinniue
699 828 820 853 aenigmate
831 835 883 855 quo-

90 865 138 885 dam
149 868 209 885 xnl.
222 865 248 884 de
258 866 331 884 statua
341 864 453 884 Minervae
463 870 475 884 a
485 863 592 884 Cicerone
605 863 629 883 iu
640 863 751 890 Capitolio
763 866 813 883 ante
824 862 883 883 exsi-

90 898 144 920 lium
154 898 233 919 relicta
244 902 281 919 111,
292 899 319 919 de
328 905 373 925 rep.
385 898 464 919 librum
476 901 562 918 sextum
572 901 676 919 memorat
687 902 724 919 III.

144 962 160 982 l.
190 964 283 985 (Athenis,
293 964 366 986 Paullo,
376 966 468 984 Marcello
478 971 523 982 coss.
535 967 590 986 704.)

270 1011 437 1039 CICERO
474 1013 641 1040 ATTICO
676 1013 703 1040 S.

151 1060 172 1084 1.
195 1057 324 1084 Dederam
335 1057 462 1093 equidem
474 1059 503 1085 L.
517 1058 625 1085 Saufeio
637 1059 747 1090 litteras,
761 1063 786 1085 et
797 1058 881 1084 dede—

91 1104 147 1122 ram
159 1095 191 1121 ad
203 1099 227 1121 te
239 1104 338 1126 unum,
354 1095 440 1130 quod,
453 1104 539 1131 quum
550 1105 602 1123 non
614 1102 684 1123 esset
694 1097 822 1131 temporis
833 1096 885 1121 mi-

92 1133 120 1159 hi
132 1132 165 1158 ad
180 1132 355 1159 scribendum
365 1133 443 1164 satis,
461 1137 550 1160 tamen
566 1133 704 1160 hominem
721 1134 770 1160 tibi
781 1139 832 1160 tam
846 1133 886 1159 sa-

91 1169 224 1196 miliarem
235 1170 293 1196 sine
305 1171 373 1196 meis
385 1169 480 1197 litteris
487 1171 520 1197 ad
531 1175 555 1197 te
567 1172 658 1197 venire
669 1171 802 1198 nolebam.
820 1170 882 1201 Sed,

92 1211 121 1233 ut
134 1207 289 1242 philosophi
305 1207 457 1239 ambulant,
481 1208 529 1235 has
544 1208 594 1235 tibi
610 1209 745 1235 redditum
763 1209 795 1234 iri
808 1213 885 1243 puta-

91 1244 153 1270 bam
165 1245 251 1279 prius.
292 1244 338 1271 Sin
350 1245 403 1271 iam
416 1245 475 1271 illas
487 1246 624 1280 accepisti,
637 1247 700 1277 scis,
714 1254 755 1272 me
767 1246 885 1272 Athenas

92 1282 199 1308 venisse
214 1282 284 1316 prid.
302 1282 366 1308 Idus
381 1282 521 1316 Octobres,
540 1292 554 1309 e
570 1284 632 1310 navi
648 1292 786 1319 egressum
802 1284 828 1309 in
840 1283 885 1309 Pi-

92 1327 199 1345 raeeum
216 1324 275 1346 tuas
291 1319 324 1346 ab
335 1319 430 1346 Acasto
441 1325 529 1347 nostro
542 1320 642 1347 litteras
654 1321 803 1355 accepisse,
822 1329 886 1346 con-

91 1356 238 1387 turbatum,
250 1356 323 1391 quod
334 1365 396 1383 cum
409 1357 482 1384 febre
494 1358 604 1384 Romam
616 1359 751 1390 venisses,
766 1358 835 1384 hono
847 1362 886 1384 ta-

91 1402 152 1420 men
165 1394 254 1420 animo
265 1403 323 1420 esse
334 1395 469 1429 coepisse,
483 1395 555 1430 quod
567 1396 679 1422 Acastus
690 1404 733 1426 ea,
747 1404 815 1430 quae
828 1394 886 1421 vel-

92 1430 158 1462 lem,
179 1431 212 1457 de
232 1431 346 1458 allevato
357 1440 466 1466 corpore
481 1436 526 1458 tuo
544 1433 691 1465 nuntiaret,
715 1432 885 1459 cohorruisse

91 1473 180 1494 autem
196 1477 252 1499 me,
268 1468 341 1503 quod
357 1474 417 1495 tuae
434 1468 535 1495 litterae
551 1469 583 1496 de
601 1469 753 1505 legionibus
765 1470 886 1496 Caesaris

91 1505 227 1539 afferrent;
245 1510 270 1532 et
281 1506 369 1541 egisse
381 1511 478 1537 tecum,
493 1511 522 1533 ut
532 1507 650 1538 videres,
668 1516 701 1533 ne
711 1507 777 1542 quid
788 1509 887 1541 φιλοτι-

89 1544 136 1578 μία
148 1543 220 1574 eius,
237 1551 319 1578 quem
331 1544 413 1575 nosti,
430 1544 507 1570 nobis
519 1549 637 1577 noceret,
656 1544 688 1570 de
700 1553 753 1580 quo
765 1545 817 1571 iam
830 1545 887 1579 pri-

90 1579 152 1606 dem
168 1580 201 1606 ad
217 1584 242 1606 te
260 1581 434 1615 scripseram,
457 1582 610 1608 Turannius
626 1586 716 1608 autem
736 1590 815 1608 secus
836 1581 885 1608 tibi

90 1617 228 1643 Brundisii
243 1617 360 1651 dixerat,
378 1618 460 1653 (quod
476 1627 509 1645 ex
521 1619 554 1645 iis
568 1619 662 1646 litteris
673 1620 801 1654 cognovi,
818 1628 886 1654 quas

90 1663 105 1680 a
116 1654 236 1686 Xenone,
248 1655 349 1689 optimo
361 1656 427 1687 viro,
441 1656 553 1691 accepi.)
592 1656 645 1683 Cur
657 1656 764 1683 fratrem
776 1657 887 1691 provin-

90 1692 147 1718 ciae
159 1700 210 1718 non
227 1691 430 1727 praefecissem,
449 1694 562 1727 exposui
578 1693 706 1720 breviter.
746 1695 815 1720 Haec
832 1693 886 1720 fere

90 1733 154 1755 sunt
165 1729 191 1755 in
203 1729 248 1756 illa
259 1729 381 1764 epistola.
422 1732 447 1757 2,
470 1731 547 1757 Nunc
557 1731 621 1757 audi
633 1731 747 1766 reliqua.
774 1732 822 1758 Per
833 1731 887 1757 [οι--

90 1767 182 1793 tunas!
205 1775 313 1793 omnem
328 1771 404 1794 tuum
416 1776 547 1799 amorem,
565 1777 619 1803 quo
634 1777 676 1795 me
688 1778 716 1794 es
728 1769 883 1803 amplexus!

90 1812 253 1839 omnemque
275 1808 348 1830 tuam
368 1805 553 1839 prudentiam,
580 1814 662 1841 quam
684 1806 837 1832 mehercule
859 1806 886 1832 in

90 1841 165 1867 omni
177 1850 275 1877 genere
287 1841 377 1868 iudico
387 1842 566 1878 singularem!
580 1843 671 1870 confer
682 1849 705 1870 te
719 1844 771 1869 iam
783 1843 815 1870 ad
827 1852 885 1870 eam

91 1886 196 1909 curam,
214 1882 244 1904 ut
259 1878 291 1905 de
309 1880 382 1905 omni
398 1884 467 1906 statu
484 1888 543 1906 meo
553 1881 664 1916 cogites.
706 1881 802 1907 Videre
814 1881 886 1907 enim

91 1915 160 1941 mihi
176 1915 270 1942 videor
287 1920 386 1942 tantam
402 1916 616 1949 dimicationem
639 1918 702 1952 (nisi
719 1918 791 1944 idem
807 1918 884 1949 deus,

91 1953 139 1986 qui
161 1960 209 1978 nos
229 1952 341 1984 melius,
364 1962 445 1988 quam
465 1958 555 1988 optare
571 1954 746 1986 auderemus,
765 1956 887 1982 Parthico

91 1988 163 2015 bello
175 1989 312 2020 liberavit,
325 1991 474 2024 respexerit
484 1991 679 2026 rempublicam
688 1992 706 2027 ς)
717 1992 763 2018 sed
776 1997 884 2023 tantam,

91 2031 190 2061 quanta
203 2035 352 2061 numquam
364 2027 424 2054 suit.
464 2028 534 2063 Age,
553 2028 602 2055 hoe
619 2029 720 2055 malum
735 2029 802 2055 mihi
813 2038 888 2056 corn-

91 2072 173 2090 mune
188 2068 229 2090 est
243 2072 305 2090 cum
321 2065 458 2091 omnibus.
500 2065 572 2091 Nihil
585 2066 634 2092 tibi
646 2066 756 2098 mando,
773 2072 802 2093 ut
813 2067 846 2093 de
857 2076 888 2093 eo

91 2101 203 2136 cogites.
244 2100 313 2127 lllud
330 2110 420 2127 meum
441 2103 580 2137 proprium
602 2103 751 2139 πρόβλημα,
775 2112 885 2138 quaeso,

91 2139 210 2173 suscipe.
252 2138 382 2170 Videsne,
400 2143 429 2165 ut
441 2143 465 2165 te
476 2144 582 2166 auctore
593 2140 644 2166 sim
658 2146 803 2175 utrumque
814 2150 888 2167 eom-

91 2175 207 2210 plexus‘?
226 2175 263 2202 Ac
280 2175 378 2202 vellem
394 2184 407 2202 a
422 2177 556 2211 principio
568 2181 592 2204 te
604 2177 711 2204 audisse
723 2179 887 2205 amicissime

92 2218 254 2240 monentem.

127 2250 188 2277 Ἀλλ’
202 2251 264 2286 ἐμὸν
276 2250 372 2278 οὔποτε
382 2251 473 2286 θυμὸν
485 2252 522 2278 ἐνὶ
533 2251 678 2286 στήθεσσιν
690 2252 802 2284 ἴπειθες,

322 2306 330 2310 -
344 2306 354 2310 -
368 2306 379 2310 -
393 2288 531 2324 πιιῐρίδοςὶ

91 2323 145 2351 Sed
156 2324 302 2360 aliquando
314 2330 401 2352 tamen
414 2327 586 2360 persuasisti,
604 2331 633 2353 ut
643 2326 755 2353 alterum
768 2327 888 2362 comple-

91 2366 185 2393 cterer,
199 2363 263 2397 quia
274 2362 307 2389 de
319 2372 361 2389 me
373 2368 427 2389 erat
437 2363 537 2397 optime
550 2364 675 2395 meritus,
689 2364 811 2395 alterum,
823 2366 887 2400 qnia

92 2404 194 2426 tantum
206 2399 321 2426 valebat.
363 2401 424 2427 Feci
437 2401 528 2435 igitur.
569 2402 659 2435 ltaque
669 2401 743 2427 effeci
755 2403 828 2428 omni
839 2402 888 2427 ob-

91 2437 200 2472 sequio,
218 2441 248 2464 ut
263 2438 351 2464 neutri
368 2437 475 2463 illorum
492 2439 637 2473 quisquam
653 2443 723 2464 esset
739 2448 780 2465 me
791 2440 885 2465 carior.

91 2475 116 2500 3.
138 2474 208 2501 Haec
218 2475 290 2501 enim
302 2475 501 2510 cogitabamus:
520 2484 568 2501 nec
581 2475 657 2507 mihi,
671 2476 814 2502 coniuncto
825 2485 886 2502 cum

92 2511 227 2546 Pompeio,
237 2511 407 2538 sorenecesse
419 2521 528 2547 peccare
541 2513 567 2538 in
581 2512 718 2547 republica
731 2513 885 2547 aliquando,

93 2556 154 2579 nec,
177 2557 238 2575 cum
254 2549 366 2576 Caesare
384 2550 524 2581 sentienti,
548 2550 724 2585 pugnandum
746 2559 804 2576 csse
825 2559 887 2576 cnm

92 2585 232 2620 Pompeio;
247 2590 317 2613 tanta
328 2591 384 2613 erat
395 2586 502 2613 illorum
514 2588 676 2613 coniunctio.
694 2588 770 2613 Nunc
783 2588 888 2622 impen-

91 2660 235 2686 contentio.

277 2660 318 2687 Me
338 2666 427 2688 autem
448 2666 561 2697 uterque
579 2667 701 2688 numerat
715 2671 810 2692 suum,
835 2663 887 2688 nisi
917 2678 919 2685 κ

909 2227 911 2241 c
941 2215 1111 2249 plicationem
1128 2224 1190 2240 eum
1208 2215 1275 2240 mihi
1289 2224 1340 2241 non
1353 2215 1515 2241 decrevisse.

914 1343 915 1346 ,
936 1319 1040 1345 caelum
1054 1319 1171 1350 serebas,
1195 1321 1314 1352 ἐπίτηκτα
1327 1318 1443 1345 fuerunt.

917 2303 918 2308 =
940 2289 1068 2318 Scrofam,
1084 2289 1166 2315 habes
1178 2289 1286 2315 Silium.

917 2657 919 2673 l

917 2600 919 2610 ν
939 2588 1025 2614 sibus.

91 2622 149 2654 det,
167 2627 196 2649 ut
211 2627 237 2650 et
252 2628 279 2650 tu
294 2623 414 2650 ostendis
429 2628 455 2650 et
470 2633 517 2660 ego
534 2624 625 2655 video,
641 2633 747 2650 summa
764 2625 832 2651 inter
843 2634 888 2651 eos
917 2611 918 2624 ³

1285 130 1304 156 E
1317 130 1345 156 P.
1370 132 1394 156 l.
1674 133 1722 158 865

931 200 996 227 forte
1007 200 1117 227 simulat
1127 200 1202 227 alter.
1233 201 1300 227 Nam
1311 201 1456 235 Pompeius
1467 209 1518 227 non
1530 200 1647 234 dubitat;
1662 210 1723 228 vere

931 238 1003 264 enim
1015 238 1171 269 iudicat,ea,
1180 246 1248 272 quae
1260 238 1292 263 de
1304 238 1443 272 republica
1454 247 1525 264 nunc
1536 239 1641 265 sentiat.
1655 239 1724 265 mihi

931 274 1009 301 valde
1019 275 1137 310 probari.
1173 275 1318 310 Utriusque
1331 280 1419 301 autem
1431 276 1522 310 accepi
1534 275 1667 302 eiusmodi
1681 275 1725 302 lit-

931 317 1008 343 teras,
1022 312 1115 338 eodem
1128 317 1254 347 tempore,
1271 321 1325 347 quo
1336 317 1403 343 tuas,
1418 317 1446 339 ut
1457 317 1550 339 neuter
1560 322 1725 348 quemquam

931 350 1052 375 omnium
1065 349 1151 384 pluris
1164 349 1263 380 facere,
1282 358 1362 384 quam
1375 359 1426 381 me,
1440 350 1586 376 videretur.
1628 352 1652 377 4.
1674 351 1727 376 Ve-

932 396 991 413 rum
1004 387 1070 421 quid
1081 386 1177 421 agam?
1197 388 1254 413 Non
1266 396 1365 421 quaero
1377 387 1421 413 illa
1434 387 1536 418 ultima,
1553 387 1669 421 (sienim
1681 396 1727 414 ca-

933 425 995 450 stris
1006 433 1048 449 res
1064 429 1183 459 geretur,
1202 424 1280 449 video
1295 433 1356 450 eum
1374 424 1454 451 altero
1470 426 1542 451 vinci
1557 426 1641 451 satius
1655 433 1724 456 esse,

933 470 1014 496 quam
1026 470 1087 487 cum
1098 461 1178 487 altero
1190 461 1319 494 vincere,)
1331 462 1378 487 sed
1391 461 1445 492 illa,
1455 471 1522 496 quae
1535 467 1590 488 tum
1603 467 1724 498 agentur,

933 507 1018 533 quum
1031 507 1141 524 venero:
1160 507 1192 524 ne
1209 499 1274 525 ratio
1289 499 1408 525 absentis
1424 499 1566 529 habeatur,
1586 500 1728 526 utexerci-

934 541 991 562 tum
1002 535 1132 561 dimittat:
1147 545 1207 566 nic,
1222 546 1247 561 n.
1260 545 1353 562 rusti.
1380 536 1451 568 Quid
1463 536 1569 562 dicam‘?
1582 537 1724 571 Exspecta,

934 573 1029 599 amabo
1041 578 1078 604 te,
1091 573 1156 599 dum
1168 572 1285 599 Atticum
1297 573 1473 599 conveniam?
1489 574 1545 600 Non
1557 579 1596 600 est
1609 574 1682 600 locus
1694 574 1727 600 ad

934 610 1178 645 tergiversandum.
1219 610 1314 636 Contra
1336 610 1493 636 Caesarem?>
1511 611 1563 637 Ubi
1585 611 1644 637 illae
1665 616 1728 638 sunt

934 647 1032 673 densae
1049 646 1190 673 dexterae‘?
1206 648 1272 673 Nam
1285 652 1313 673 ut
1324 647 1365 673 illi
1378 648 1426 674 hoc
1438 648 1542 679 liceret,
1560 649 1667 680 adiuvi,
1686 657 1727 675 ro-

912 712 913 718 ,
934 689 1012 719 gatus
1023 685 1056 710 ab
1068 685 1127 719 ipso
1138 685 1279 710 Ravennae
1291 684 1323 710 de
1335 685 1424 711 Caelio
1435 686 1543 711 tribuno
1555 685 1652 719 plebis.
1686 686 1727 711 Ab

935 722 993 756 ipso
1004 721 1111 747 autem‘?
1121 722 1208 747 Etiam
1220 730 1234 747 a
1246 722 1332 748 Cnaeo
1344 727 1440 753 nostro,
1450 723 1477 748 in
1489 722 1535 748 illo
1546 723 1639 748 divino
1651 724 1728 749 tertio

934 758 1084 785 consulatu.
1125 758 1209 784 Aliter
1219 758 1345 785 sensero‘?
1360 759 1485 794 Αἷδὲομαι
1497 760 1558 795 (non
1570 760 1727 795 Pompeium

935 795 1022 827 modo,
1034 796 1092 830 sed)
1105 798 1196 831 Τρῶας
1207 797 1250 823 καὶ
1264 796 1390 832 Τρωάδας
1400 812 1442 822 -.

989 833 1168 867 Πουλυδάμας
1178 844 1222 867 μοι
1233 836 1336 869 πρῶτος
1347 834 1474 869 ἐλεγχείην
1486 832 1628 868 ἇναθήσει.

935 869 1019 902 Quis‘?
1039 871 1078 896 Tu
1095 871 1152 904 ipse
1169 870 1285 901 scilicet,
1304 870 1425 896 laudator
1440 876 1465 897 et
1480 871 1609 897 factorum
1623 876 1647 898 et
1663 873 1729 898 scri-

935 913 1041 942 ptorum
1063 916 1194 933 meorum.
1235 909 1260 933 5.
1282 908 1354 933 Hanc
1375 916 1437 943 ergo
1458 908 1565 943 plagam
1586 909 1667 944 effugi
1683 918 1730 944 per

935 945 1003 971 duos
1023 945 1176 979 superiores
1194 944 1380 971 Marcellorum
1396 945 1564 976 consulatus,
1587 955 1671 980 quum
1691 952 1731 973 est

936 987 1024 1008 actum
1036 982 1068 1007 de
1080 982 1218 1016 provincia
1229 982 1360 1009 Caesaris.
1401 983 1478 1009 Nunc
1493 983 1583 1009 incido
1595 984 1621 1009 in
1633 983 1731 1010 discri-

936 1028 996 1045 men
1010 1020 1110 1054 ipsum.
1151 1021 1256 1054 ltaque,
1270 1024 1298 1046 ut
1309 1019 1407 1046 stultus
1420 1021 1524 1054 primns
1536 1029 1612 1046 suam
1624 1027 1731 1047 senten-

936 1058 1000 1083 tiam
1011 1057 1091 1087 dicat,
1106 1057 1174 1082 mihi
1186 1056 1264 1083 valde
1276 1057 1375 1092 placet,
1389 1057 1421 1083 de
1434 1058 1571 1092 triumpho
1583 1067 1630 1084 nos
1642 1058 1730 1085 moliri

936 1094 1054 1129 aliquid:
1069 1094 1248 1120 extraUrbem
1255 1103 1314 1121 esse
1325 1104 1387 1120 cum
1400 1096 1549 1121 iustissima
1560 1104 1664 1121 caussa.
1681 1096 1729 1121 Ta<

936 1140 997 1158 men
1013 1132 1117 1158 dabunt
1135 1140 1257 1166 operam,
1280 1136 1309 1158 ut
1324 1132 1431 1158 eliciant
1452 1133 1610 1159 sententiam
1632 1142 1728 1159 meam.

936 1169 1047 1195 Ridebis
1060 1169 1109 1195 hoc
1121 1168 1177 1195 loco
1189 1169 1312 1195 fortasse:
1326 1178 1407 1204 quam
1420 1169 1518 1196 vellem
1529 1171 1608 1196 etiam
1621 1179 1692 1196 nunc
1705 1171 1730 1196 in

937 1207 1075 1241 provincia
1087 1207 1197 1233 morari!
1211 1207 1291 1233 Plane
1302 1216 1370 1242 opus
1382 1207 1441 1237 suit,
1451 1208 1474 1233 si
1486 1207 1535 1234 hoc
1547 1208 1729 1242 impendebat.

936 1245 993 1270 Etsi
1008 1244 1045 1270 nil
1062 1245 1199 1270 miserius.
1240 1245 1307 1270 Nam
1324 1244 1387 1271 ὁδοῦ
1403 1245 1550 1281 πάρεργον,
1567 1245 1626 1271 volo
1642 1250 1665 1271 te
1683 1245 1731 1271 hoc

937 1282 1018 1308 scire:
1041 1282 1130 1308 omnia
1152 1281 1197 1308 illa
1211 1283 1312 1316 prima,
1336 1290 1405 1316 quae
1426 1283 1506 1308 etiam
1522 1283 1576 1308 tuis
1593 1282 1687 1308 litteris
1705 1283 1730 1308 in

1485 1322 1509 1345 6.
1531 1320 1616 1351 Quam
1630 1328 1680 1345 non
1693 1325 1733 1346 est

938 1356 1024 1382 facilis
1037 1357 1134 1383 virtus!
1149 1365 1230 1391 quam
1238 1356 1427 1383 verodiflicilis
1438 1357 1496 1382 eius
1508 1356 1634 1383 diuturna
1646 1358 1732 1382 simu-

938 1393 1012 1420 latio!
1035 1394 1125 1425 Quum
1141 1395 1213 1420 enim
1230 1394 1280 1420 hoc
1291 1399 1392 1420 rectum
1404 1398 1429 1420 et
1439 1394 1586 1429 gloriosum
1599 1399 1730 1428 putarem,

937 1440 970 1457 ex
981 1440 1069 1457 annuo
1081 1436 1200 1466 sumptu,
1214 1432 1262 1466 qui
1273 1431 1339 1457 mihi
1352 1431 1474 1457 decretus
1485 1436 1563 1462 esset,
1577 1432 1653 1458 meC.
1667 1432 1732 1458 Cae-

939 1468 973 1495 lio
984 1469 1118 1503 quaestori
1131 1468 1283 1503 relinquere
1295 1478 1414 1495 annuum
1423 1490 1428 1500 ,
1447 1468 1543 1495 referre
1560 1470 1586 1495 in
1600 1470 1731 1495 aerarium

938 1506 969 1532 ad
982 1506 1048 1532 H-S·
1060 1514 1077 1531 x
1091 1506 1116 1538 *ς
1136 1507 1269 1541 ingemuit
1281 1511 1369 1532 nostra
1385 1507 1494 1536 cohors,
1512 1515 1589 1532 omne
1602 1506 1669 1532 illud
1683 1515 1733 1540 pu-

914 1566 915 1570 .
937 1548 996 1569 tans
1007 1543 1135 1570 distribui
1151 1544 1204 1569 sibi
1220 1548 1353 1578 oportere',
1372 1548 1401 1569 ut
1416 1552 1465 1579 ego
1476 1545 1586 1570 amicior
1598 1544 1734 1569 invenirer

938 1581 1075 1616 Phrygum
1087 1586 1111 1607 et
1123 1581 1238 1607 Cilicum
1251 1581 1373 1611 aerariis,
1390 1590 1471 1615 quam
1487 1586 1584 1607 nostro.
1626 1581 1678 1606 Sed
1692 1589 1733 1607 me

938 1627 989 1644 non
1002 1623 1153 1644 moverunt.
1193 1619 1259 1644 Nam
1270 1623 1295 1644 et
1306 1627 1364 1644 mea
1379 1618 1435 1644 laus
1447 1618 1518 1652 apud
1532 1628 1572 1644 me
1584 1617 1733 1652 plurimum

938 1655 1036 1682 valuit:
1054 1665 1101 1681 nec
1113 1660 1199 1682 tamen
1212 1656 1361 1690 quidquam
1375 1656 1517 1681 honorilice
1531 1657 1556 1681 in
1569 1664 1733 1690 quemquam

939 1693 995 1718 lieri
1012 1694 1111 1727 potuit,
1129 1693 1200 1728 quod
1216 1694 1453 1728 praetermiserim.
1494 1693 1546 1718 Sed
1563 1693 1626 1719 haec
1643 1693 1731 1722 fuerit,

939 1731 1014 1756 utait
1025 1730 1212 1766 Thucydides,
1229 1731 1319 1765 ἐκβολὴ
1333 1730 1413 1766 λόγου
1430 1739 1481 1756 non
1493 1730 1606 1756 inutilis.
1646 1731 1672 1756 7.
1695 1730 1733 1756 Tu

938 1772 1027 1794 autem
1043 1768 1075 1793 de
1092 1773 1181 1794 nostro
1196 1772 1265 1794 statu
1281 1768 1426 1803 cogitabis:
1450 1769 1640 1802 prinunn,(pio
1652 1768 1735 1793 artili-

938 1806 980 1831 cio
996 1810 1118 1831 tueamur
1134 1805 1348 1831 benevolentiam
1361 1806 1495 1835 Caesaris,
1518 1805 1615 1830 deinde
1631 1805 1663 1830 de
1677 1805 1735 1839 ipso

939 1843 1090 1877 triumpho,
1106 1851 1187 1878 quem
1200 1842 1292 1873 video,
1310 1843 1363 1868 nisi
1376 1842 1540 1876 reipublicae
1553 1847 1670 1876 tempora
1684 1843 1735 1867 im—

938 1880 1060 1914 pedient,
1079 1880 1246 1915 εὐπόριστον.
1286 1880 1378 1906 Iudico
1395 1885 1482 1906 autem
1498 1888 1582 1914 quum
1595 1888 1628 1905 ex
1641 1879 1735 1905 litteris

939 1918 1100 1948 amicorum,
1118 1922 1174 1944 tum
1191 1926 1224 1943 ex
1239 1917 1448 1952 supplicatione;
1467 1926 1548 1951 quam
1565 1917 1612 1951 qui
1626 1925 1676 1942 non
1688 1916 1736 1942 de-

938 1955 1031 1986 crevit,
1044 1954 1106 1989 plns
1117 1955 1245 1985 decrevit,
1259 1963 1340 1989 quam
1353 1955 1376 1980 si
1390 1963 1483 1981 omnes
1495 1954 1629 1980 decresset
1640 1954 1736 1980 trium-

939 1992 1016 2026 phos.
1057 1992 1089 2018 Ei
1103 2001 1181 2027 porro
1191 2001 1319 2018 assensus
1330 1997 1369 2018 est
1397 2001 1466 2018 unus
1496 1991 1635 2017 familiaris
1648 2000 1733 2017 mens.

940 2029 1087 2060 Favonius,
1106 2029 1172 2056 alter
1187 2030 1283 2060 iratus,
1302 2030 1405 2055 llirrus.
1447 2030 1509 2055 Cato
1525 2034 1614 2055 autem
1631 2034 1654 2054 et
1669 2029 1735 2054 scri-

940 2066 1027 2093 bendo
1042 2066 1129 2093 adsuit
1142 2066 1211 2093 etad
1224 2075 1265 2092 me
1277 2066 1310 2092 de
1321 2068 1451 2092 sententia
1462 2075 1511 2092 sua
1524 2065 1736 2092 iucundissimas

941 2103 1040 2130 litteras
1057 2104 1139 2130 misit.
1181 2104 1234 2130 Sed
1252 2109 1338 2130 tamen
1355 2103 1493 2139 gratulans
1509 2103 1576 2129 mihi
1593 2104 1688 2129 Caesar
1703 2102 1735 2128 de

939 2141 1149 2175 supplicatione,
1174 2141 1322 2175 triumphat
1343 2141 1376 2167 de
1397 2141 1527 2167 sententia
1544 2141 1664 2168 Catonisz
1689 2148 1736 2165 nec

939 2178 1046 2208 scribit,
1060 2178 1126 2212 quid
1139 2177 1184 2203 ille
1194 2178 1341 2204 sententiae
1353 2178 1465 2209 dixerit,
1479 2177 1525 2203 sed
1538 2183 1653 2205 tantum,
1671 2185 1736 2211 sup-

1557 2217 1580 2240 8.
1604 2214 1692 2240 Redeo
1703 2214 1734 2239 nd

1099 2253 1230 2286 Coeperas
1242 2261 1304 2278 eum
1317 2252 1383 2277 mihi
1397 2252 1515 2286 placare:
1529 2252 1638 2286 perlit-tw
1654 2251 1736 2277 habes

1322 2289 1361 2315 Ad
1373 2298 1417 2315 eos
1429 2298 1478 2324 ego
1489 2290 1569 2315 etiam
1581 2294 1657 2315 antea
1669 2289 1736 2314 scri-

940 2327 995 2361 psi,
1009 2326 1077 2352 etad
1091 2327 1181 2361 ipsum
1194 2327 1312 2352 llirrum.
1354 2327 1470 2352 Locutus
1480 2327 1551 2352 enim
1563 2331 1617 2352 erat
1629 2334 1690 2351 rum
1704 2326 1736 2351 iis

939 2364 1088 2392 commode,
1102 2373 1129 2389 se
1142 2364 1260 2398 potuisse
1274 2363 1405 2398 impedire
1414 2384 1419 2391 .
1436 2363 1482 2389 sed
1495 2364 1627 2391 noluisse:
1644 2371 1736 2389 assen-

939 2410 999 2427 sum
1012 2407 1099 2427 tamen
1112 2401 1278 2431 essetIatoni,
1293 2401 1457 2426 amicissimo
1469 2410 1540 2428 meo:
1557 2409 1641 2435 quum
1655 2402 1677 2426 is
1690 2400 1737 2426 ho-

940 2439 1200 2464 norilicentissimam
1219 2439 1244 2463 in
1261 2447 1303 2464 ine
1318 2439 1476 2464 sententiam
1488 2437 1615 2464 dixisset:
1635 2446 1682 2463 nec
1695 2447 1737 2464 me

939 2476 971 2501 nd
984 2485 1011 2501 se
1025 2475 1093 2501 ullas
1107 2475 1206 2501 litteras
1219 2476 1336 2505 misisse,
1345 2484 1430 2509 (pium
1442 2475 1474 2500 ad
1486 2484 1579 2501 omnes
1592 2476 1734 2501 mitterem.

941 2253 1058 2278 llirrum.

917 2540 918 2544 ,
940 2514 1037 2539 Verum
1055 2512 1175 2541 dicebat:
1194 2512 1227 2539 nd
1244 2522 1305 2539 enm
1321 2513 1392 2538 enim
1409 2512 1496 2538 solum
1513 2517 1537 2538 et
1554 2512 1586 2538 ad
1598 2513 1735 2547 Crassipe-

939 2550 1000 2576 dem
1016 2559 1067 2576 non
1079 2551 1252 2585 scripseram.
1293 2552 1317 2575 9.
1339 2550 1424 2584 Atque
1438 2550 1501 2575 haec
1511 2549 1544 2575 de
1556 2549 1637 2575 rebus
1650 2549 1737 2575 soren-

1058 2587 1208 2614 lledenmns
1220 2588 1341 2613 domum.
1378 2588 1521 2622 Diiungere
1533 2595 1575 2612 me
1587 2587 1620 2612 ab
1633 2586 1678 2613 illo
1691 2596 1737 2612 vo-

941 2625 974 2651 lo.
997 2625 1081 2651 Mirus
1093 2630 1133 2652 est
1144 2625 1268 2660 ᾳιιράιηε,
1282 2633 1428 2660 germanus
1440 2624 1585 2651 Lartidius.

976 2662 1047 2689 Ἀλλα
1064 2663 1094 2690 τὰ
1105 2664 1152 2698 μὲν
1163 2663 1343 2699 πρυτειιίχθαι
1355 2662 1476 2697 ἐάσομεν,
1488 2661 1629 2696 ἀχνύμενοί
1639 2672 1694 2696 περ.

1483 2711 1530 2735 109
