1941 3052
336 137 662 165 EPISTOLARUM

70 219 142 247 pare,
155 210 257 237 vincire
268 209 421 244 praesidiis.
453 209 475 236 O
489 209 624 244 perditum
636 209 777 236 latronem!
791 217 805 235 o
817 208 865 235 vix

70 248 126 276 ullo
141 249 194 275 otio
208 246 434 281 compensandam
451 246 519 273 hanc
535 246 701 281 reipublicae
717 245 865 281 turpitudi-

71 285 145 313 nem!
168 284 222 311 Sed
232 284 393 310 stomachari
406 284 573 315 desinamus,
586 285 700 319 tempori
710 292 861 318 pareamus,

69 332 132 350 cum
147 322 274 356 Pompeio
294 322 321 347 in
337 322 493 356 Hispaniam
512 329 615 348 eamus.
656 322 724 347 Haec
744 321 816 355 optio
836 321 864 346 in

70 359 162 392 malis;
181 359 309 394 quoniam
325 358 400 384 illius
411 358 525 385 alterum
536 358 706 385 consulatum
718 366 732 384 a
744 357 866 392 republi-

69 406 100 424 ca
123 405 155 423 ne
166 396 226 423 data
236 395 347 431 quidem
358 396 497 422 occasione
528 395 689 430 repulimus.
731 394 783 422 Sed
799 395 865 421 haec

70 435 211 462 hactenus.
251 435 276 459 3.
300 434 336 459 De
347 434 482 469 Dionysio,
496 432 567 468 fugit
578 441 619 459 me
631 433 664 459 ad
676 438 701 459 te
711 437 786 459 antea
798 432 866 458 scri-

70 472 146 499 bere:
164 470 211 497 sed
224 471 258 497 ita
269 471 410 497 constitui:
423 475 579 505 exspectare
594 478 721 505 responsa
732 470 863 500 Caesaris,

69 514 113 540 ut,
131 509 154 535 si
165 508 198 534 ad
209 508 309 534 Urbem
320 507 483 539 rediremus,
502 508 541 534 ibi
557 516 604 534 nos
620 512 799 542 exspectaret3
822 507 865 532 sin

70 546 174 574 tardius
189 545 218 572 id
238 545 325 576 fieret,
348 550 405 572 tum
424 554 486 571 eum
502 553 710 571 arcesseremus.
750 544 866 571 Omnino

71 583 139 619 quid
150 583 195 609 ille
207 582 293 609 facere
303 582 427 609 debuerit
439 583 465 608 in
477 587 566 609 nostra
577 582 623 608 illa
630 581 777 617 fuga.quid
789 581 866 608 docto

70 621 180 648 homine
192 625 217 647 et
228 621 313 647 amico
323 619 437 655 dignum
450 619 542 651 fuerit,
559 628 644 654 quum
655 619 812 654 praesertim
824 627 867 644 ro-

70 663 148 695 gatus
160 662 239 688 esset,
252 673 298 684 —.
334 657 386 683 Sed
401 657 466 683 haec
476 666 528 683 non
541 657 622 683 nimis
633 657 746 691 exquiro
757 664 771 682 a
784 656 867 682 Grae—

70 697 120 722 cis.
151 696 190 722 Tu
203 700 290 721 tamen
303 694 419 725 videbis,
433 695 456 720 si
468 695 525 725 erit,
540 694 612 729 quod
623 693 715 724 nolim,
729 701 867 719 arcessen-

70 733 131 764 dus,
145 741 178 759 ne
190 732 295 759 molesti
306 732 392 758 simus
402 732 497 758 invito.
529 733 553 757 4.
574 731 690 763 Quintus
702 730 781 757 frater
793 730 867 756 labo-

71 775 119 800 rat,
132 775 161 797 ut
172 770 231 800 tihi,
245 769 317 804 quod
329 769 417 800 debet,
431 769 464 795 ab
474 769 588 804 Egnatio
599 768 698 795 solvat:
717 776 766 794 nec
777 768 867 803 Egna-

70 809 108 835 tio
119 807 242 834 voluntas
253 807 341 833 deest:
355 814 404 832 nec
414 814 509 840 parum
521 805 641 840 locuples
652 810 704 838 est;
718 805 767 831 sed
780 813 866 840 quum

70 844 122 872 tale
134 850 241 879 tempus
255 844 302 874 sit,
316 848 345 870 ut
355 843 387 875 Q.
400 843 517 869 Titinius
532 842 659 878 (multum
674 843 748 868 enim
763 847 804 869 est
819 850 867 869 no-

70 882 188 917 biscum)
198 882 327 908 viaticum
339 889 368 906 se
379 885 458 916 neget
468 880 580 913 habere;
599 880 726 915 idemque
738 879 868 906 debitori-

70 920 122 946 bus
134 919 191 945 suis
201 918 378 949 denuntiarit,
395 922 425 944 ut
436 918 529 944 eodem
541 917 647 944 foenore
658 922 808 950 uterentur3
828 921 868 943 at-

70 965 124 992 que
136 957 186 983 hoc
196 955 269 982 idem
280 955 360 982 etiam
372 956 402 981 L.
416 956 499 991 Ligus
512 955 608 982 fecisse
619 955 738 988 dicatur3
756 963 805 981 nec
817 954 867 981 hoc

70 999 189 1029 tempore
200 997 246 1020 aut
256 992 329 1019 domi
340 1001 465 1019 nummos
472 992 588 1025 Quintus
600 992 705 1024 habeat,
719 997 764 1019 aut
775 993 868 1028 exige—

70 1040 98 1058 re
113 1032 146 1058 ab
162 1031 288 1067 Egnatio,
306 1034 352 1056 aut
367 1039 507 1057 versuram
522 1039 638 1065 usquam
660 1029 746 1056 facere
767 1030 864 1064 possit3

70 1070 191 1100 miratur,
201 1073 226 1095 te
236 1076 289 1094 non
300 1067 429 1094 habuisse
441 1068 569 1095 rationem
581 1068 664 1094 huius
675 1067 802 1102 publicae
813 1066 867 1094 dif-

71 1106 207 1133 ficultatis.
247 1105 304 1141 Ego
321 1110 424 1137 autem,
447 1106 498 1132 etsi
518 1105 587 1132 illud
600 1104 801 1140 ψει-δησιόδειον
821 1105 866 1140 (ita

70 1144 143 1170 enim
155 1143 272 1178 putatur)
282 1142 410 1174 observo,
423 1142 487 1178 μηδὲ
498 1143 580 1177 δίκην,
596 1142 754 1178 praesertim
766 1142 793 1168 in
805 1147 839 1174 te,
853 1150 867 1168 a

70 1180 336 1217 quonihilumquam
348 1180 406 1206 vidi
418 1185 517 1207 temere
527 1180 598 1211 fieri,
614 1184 702 1207 tamen
713 1179 788 1206 illius
800 1188 867 1215 que-

70 1218 124 1246 rela
136 1218 273 1245 movebar.
313 1218 376 1248 Hoc,
390 1217 526 1253 quidquid
537 1222 585 1249 est,
599 1222 623 1244 te
634 1218 703 1244 scire
714 1216 798 1244 volui.

125 1305 189 1325 XIX.
213 1305 309 1329 (formiis,
319 1306 357 1323 Mn
363 1312 372 1322 e

255 1348 424 1376 CICERO
452 1348 621 1376 ATTICO
650 1348 678 1375 S.

126 1389 207 1421 Nihil
220 1394 314 1425 habeo,
323 1394 395 1429 quod
407 1394 439 1420 ad
451 1399 475 1421 te
486 1394 614 1421 scribam.
636 1394 706 1427 Quin
718 1395 798 1421 etiam
809 1395 868 1429 epi-

70 1432 175 1464 stolam,
189 1441 270 1467 quam
281 1440 353 1458 eram
365 1431 549 1463 elucubratus,
563 1431 596 1458 ad
608 1436 632 1458 te
644 1441 696 1459 non
707 1432 780 1459 dedi.
805 1433 868 1459 Erat

70 1471 143 1497 enim
155 1469 233 1505 plena
244 1470 304 1504 spei
315 1469 414 1496 bonae:
434 1469 507 1504 quod
518 1474 544 1496 et
553 1470 691 1496 concionis
702 1469 867 1496 voluntatem

70 1507 222 1538 audieram,
245 1511 271 1533 et
286 1506 363 1533 illum
379 1507 580 1534 conditionibus
596 1515 711 1533 usurum
726 1507 864 1542 putabam,

69 1545 227 1580 praesertim
242 1545 311 1571 suis.
351 1544 420 1571 Ecce
435 1544 485 1571 tibi
500 1553 537 1571 ιν.
554 1545 622 1571 Νοη.
640 1545 718 1571 Febr.
734 1553 812 1571 mane
824 1553 868 1571 ac-

69 1583 130 1617 cepi
143 1582 243 1609 litteras
257 1586 325 1613 tuas,
342 1581 489 1613 Philotimi,
502 1582 606 1613 Furnii,
619 1581 744 1608 Curionis
755 1582 788 1608 ad
800 1583 868 1608 Fur-

70 1621 161 1651 nium,
178 1619 280 1654 quibus
296 1619 389 1646 irridet
400 1620 430 1646 L.
443 1620 564 1646 Caesaris
580 1619 752 1654 legationem.
786 1619 867 1646 Plane

69 1658 192 1692 oppressi
208 1656 346 1690 videmur,
363 1665 426 1688 nec,
444 1657 511 1692 quid
527 1656 635 1683 consilii
653 1657 772 1692 capiam,
795 1657 864 1690 sci03

70 1703 119 1721 nec
135 1694 289 1721 mehercule
304 1694 337 1720 de
353 1703 395 1720 me
412 1694 516 1721 laboro:
538 1694 572 1721 de
587 1694 679 1729 pueris
695 1694 762 1729 quid
777 1703 864 1730 agam,

70 1740 123 1759 non
139 1732 235 1758 habeo.
275 1731 395 1766 Capuam
411 1736 499 1758 tamen
515 1731 705 1767 proficiscebar
721 1732 786 1758 haec
799 1733 868 1759 scri-

69 1769 146 1800 bens,
161 1778 214 1805 quo
226 1769 332 1796 facilius
343 1769 376 1796 (le
388 1770 508 1804 Pompeii
520 1769 601 1796 rebus
612 1777 811 1805 cognoscerem.

374 1306 418 1325 ello.
430 1306 510 1323 Lentulo
520 1312 567 1324 coss.
580 1305 634 1328 705.)

122 1847 177 1868 XX.
206 1849 298 1873 (Capuam
308 1850 407 1870 Marcella,
417 1849 499 1868 Lvntulo
509 1856 555 1867 coss.
566 1851 621 1870 705.)

128 1930 150 1954 l.
172 1923 413 1964 Breviloquentem
434 1930 487 1956 iam
505 1939 547 1956 me
563 1934 670 1965 tenipus
686 1931 777 1964 ipsum
793 1929 865 1956 facit.

70 1967 165 1992 Pacem
181 1966 253 1992 enim
269 1966 424 2001 desperavi,
443 1966 546 1994 bellum
562 1968 645 1994 nostri
657 1967 763 1993 nullum
780 1967 868 1993 admi-

69 2004 194 2030 nistrant.
236 2003 306 2030 Cave
321 2004 393 2030 enim
410 2008 502 2038 putes,
519 2004 670 2039 quidquam
685 2012 744 2030 esse
755 2005 867 2031 minoris

70 2040 114 2067 his
129 2039 303 2067 consulibus:
321 2049 436 2075 quorum
448 2049 498 2076 ego
508 2049 557 2076 spe
568 2041 710 2072 audiendi,
728 2046 754 2068 et
768 2050 868 2077 cogno-

69 2077 163 2104 scendi
180 2078 264 2104 nostri
275 2083 428 2113 apparatus,
446 2079 566 2105 maximo
580 2078 661 2105 imbri
674 2079 793 2113 Capuam
805 2079 866 2105 veni

69 2115 157 2150 pridie
173 2116 276 2146 Nonas,
302 2120 332 2142 ut
351 2124 423 2142 eram
439 2116 542 2142 iussus.
582 2115 624 2142 Illi
643 2121 732 2142 autem
747 2115 867 2142 nondum

70 2157 207 2183 venerant,
219 2152 266 2179 sed
279 2157 353 2179 erant
364 2153 592 2184 venturi.inanes,
606 2154 740 2188 imparati.
762 2153 867 2180 Gnaeus

69 2194 159 2216 autem
171 2190 298 2217 Luceriae
309 2190 450 2217 dicebatur
461 2198 519 2217 esse
529 2194 555 2217 et
565 2190 638 2217 adire
649 2191 772 2217 cohortes
784 2190 868 2226 legio-

70 2235 135 2254 num
148 2227 326 2258 Attianarum,
341 2236 392 2254 non
406 2227 634 2254 firmissimarum.
673 2228 706 2254 At
716 2227 794 2254 illum
806 2236 867 2254 rue—

70 2273 98 2291 re
114 2265 251 2296 nuntiant,
269 2269 295 2292 et
310 2266 363 2291 iam
379 2266 487 2300 iamque
503 2265 612 2296 adesse,
636 2273 687 2292 non
707 2270 737 2292 ut
756 2274 866 2292 manum

69 2306 199 2333 conserat,
207 2302 328 2337 (quicum
341 2302 441 2338 enim‘?)
452 2302 500 2329 sed
511 2307 540 2329 ut
551 2302 643 2338 sugam
656 2302 825 2329 intercludat.
840 2304 866 2329 2.

69 2339 126 2375 Ego
137 2343 225 2365 autem
238 2340 265 2366 in
277 2339 351 2366 Italia
362 2340 406 2367 καὶ
417 2341 628 2367 συναποθανεῖν.
662 2340 717 2366 Nec
729 2345 752 2366 te
765 2340 792 2366 i‹l
803 2348 868 2366 con-

68 2376 139 2402 sulo.
170 2376 218 2403 Sin
230 2382 313 2408 extra,
326 2377 393 2412 quid
405 2376 472 2414 ago‘?
492 2376 531 2403 Ad
544 2376 708 2403 manendum
721 2377 817 2408 hiems,
835 2377 868 2403 li-

68 2418 164 2445 ctores,
177 2414 323 2448 improvidi
335 2419 361 2441 et
372 2415 540 2450 negligentes
551 2414 648 2447 duces;
662 2414 694 2440 ad
703 2414 794 2449 sugam
806 2414 867 2441 hor-

69 2455 140 2478 tatur
150 2451 267 2478 amicitia
279 2452 360 2479 Cnaei
368 2472 374 2484 ,
384 2461 482 2479 caussa
495 2452 640 2482 bonorum,
654 2451 792 2486 turpitudo
803 2460 867 2478 con·-

69 2488 201 2524 iungendi
221 2497 283 2515 cum
304 2494 430 2525 tyranno:
453 2489 502 2524 qui
523 2489 648 2524 (pridem,
665 2489 797 2515 incertum
816 2493 864 2520 est.

69 2525 240 2552 Phalarimne
255 2534 287 2553 an
299 2527 469 2554 Pisistratum
485 2527 520 2553 sit
534 2527 699 2553 imitaturus.
740 2526 809 2552 llaec
821 2534 868 2552 ve-

70 2561 118 2588 lim
133 2562 268 2598 expliceS,
291 2568 318 2591 et
332 2572 375 2591 me
391 2565 468 2591 iuves
488 2563 610 2590 consilio.
651 2563 708 2590 Etsi
731 2568 755 2590 te
776 2564 866 2598 ipsum

69 2599 131 2626 istic
147 2600 199 2626 iam
214 2600 300 2628 calere
315 2606 390 2636 puto.
430 2601 482 2627 Sed
499 2606 586 2628 tamen
602 2605 733 2636 quantum
755 2601 865 2635 poteris.

69 2636 125 2672 Ego
136 2637 159 2663 si
169 2637 236 2672 quid
249 2637 293 2665 hic
304 2638 384 2666 hodie
396 2639 459 2665 novi
470 2647 595 2675 cognoro,
608 2639 688 2664 scies.
729 2639 782 2665 lam
794 2638 866 2664 enim

70 2673 184 2702 aderunt
193 2675 318 2703 consules
329 2675 362 2703 ad
373 2685 436 2704 suas
447 2677 546 2704 Nonus.
581 2676 652 2703 Tuas
663 2675 784 2711 quotidie
797 2674 867 2703 litte-

692 138 746 164 AD
774 136 983 164 ATTICUM
1013 137 1093 164 LIB.
1116 136 1180 164 VII.
1202 136 1263 163 ΕΡ.
1289 137 1318 163 16
1338 151 1374 156 —
1394 137 1435 162 ⁶23.

1660 138 1708 164 873

915 217 957 234 ras
968 207 1138 243 exspectabo.
1171 207 1212 234 Ad
1224 207 1272 233 has
1284 211 1382 239 autem,
1395 215 1481 242 quum
1491 207 1600 242 poteriS,
1613 208 1710 234 rescri-

915 245 972 272 bes.
1014 245 1140 272 Mulieres
1152 250 1177 272 et
1187 245 1328 272 Cicerones
1340 245 1367 271 in
1379 245 1519 271 Formiano
1530 243 1638 279 reliqui.

968 314 1034 335 XXI.
1062 316 1154 338 (Calibus.
1163 316 1262 337 Marcello,
1272 316 1353 334 Lentulo
1363 322 1409 333 coss.
1420 317 1476 337 705.)

1098 359 1265 387 CICERO
1297 358 1465 386 ATTICO
1494 359 1522 385 S.

977 398 999 423 l.
1016 397 1051 423 De
1068 397 1147 423 malis
1169 397 1266 423 nostris
1287 401 1314 423 tu
1326 397 1402 431 prius
1426 396 1518 427 audis,
1542 404 1623 431 quam
1649 404 1708 431 ego.

916 434 991 460 Istim
1005 434 1077 460 enim
1089 439 1222 460 emanant.
1263 434 1328 460 Boni
1345 439 1443 464 autem,
1458 434 1520 460 hinc
1531 433 1603 468 quod
1615 442 1712 468 exspe-

916 476 980 502 ctes,
994 471 1062 497 nihil
1075 476 1124 498 est.
1165 472 1233 498 Veni
1244 471 1363 505 Capuam
1380 471 1413 497 ad
1425 472 1513 498 Nonas
1525 471 1614 501 Febr.,
1631 471 1667 497 ita
1683 476 1713 497 ut

917 510 1049 535 iusserant
1061 508 1196 535 consules.
1227 509 1265 535 Eo
1276 508 1320 534 die
1335 508 1464 535 Lentulus
1476 509 1549 535 venit
1560 517 1632 534 sero:
1646 507 1712 534 alter

917 545 1011 572 consul
1024 547 1134 572 omnino
1150 554 1202 572 non
1218 550 1327 572 venerat
1347 555 1392 572 vu.
1410 546 1484 572 Idus.
1528 546 1564 572 Eo
1580 546 1652 572 enim
1668 545 1712 571 die

917 592 966 619 ego
978 583 1067 617 Capua
1082 583 1195 609 discessi
1211 588 1236 609 et
1247 584 1334 609 mansi
1345 583 1465 610 Calibus.
1506 583 1569 609 Inde
1582 583 1629 609 has
1642 582 1713 609 litte-

919 630 960 646 ras
976 620 1104 655 postridie
1119 625 1178 647 ante
1197 620 1284 647 lucem
1300 620 1373 647 dedi.
1413 621 1495 651 Haec,
1519 621 1625 655 Capuae
1646 620 1712 646 dum

918 657 967 688 fui,
981 658 1108 693 cognovi:
1124 657 1192 684 nihil
1205 658 1231 684 in
1244 658 1412 689 consulibus,
1421 658 1527 684 nullum
1538 666 1654 693 usquam
1666 657 1713 684 de-

919 694 1027 721 lectum.
1062 696 1117 721 Nec
1128 696 1200 721 enim
1212 696 1408 730 conquisitores
1419 697 1653 731 ᾳιιινοπροπωπεῖν
1664 703 1713 720 au-

918 732 993 765 dent3
1012 741 1098 767 quum
1114 732 1159 758 ille
1171 732 1241 759 adsit
1252 737 1356 764 contra,
1373 741 1458 767 quum
1474 738 1563 759 noster
1577 732 1633 758 dux
1648 740 1714 758 nus-

918 778 999 804 quam
1010 770 1058 800 sit,
1072 769 1141 796 nihil
1153 775 1225 805 agat,
1245 778 1294 796 nec
1305 771 1412 796 nomina
1424 770 1496 796 dant.
1537 769 1629 796 Deficit
1641 770 1713 795 enim

918 816 970 833 non
982 806 1119 838 voluntas,
1133 807 1181 833 sed
1192 816 1264 841 spes.
1305 807 1409 833 Cnaeus
1424 812 1512 833 autem
1524 812 1611 833 noster
1622 807 1646 840 (ο
1657 815 1713 832 rem

918 845 1044 870 miseram
1056 848 1081 870 et
1091 844 1279 870 incredibilem
1288 844 1304 879 l)
1316 849 1345 870 ut
1356 849 1426 870 totus
1439 845 1518 870 iacet!
1536 845 1594 870 Non
1606 844 1713 870 animus

918 886 966 912 est,
979 890 1031 908 non
1041 881 1185 908 consilium
1194 902 1200 912 ,
1213 890 1265 907 non
1277 882 1382 916 copiae,
1397 890 1448 908 non
1461 881 1611 917 diligentia.
1652 881 1715 906 Mit-

918 924 971 946 tam
983 918 1038 950 illa,
1053 918 1144 954 fugam
1156 918 1266 945 abUrbe
1277 919 1472 953 turpissimam,
1485 918 1674 945 timidissimas
1688 918 1714 944 iu

917 956 1025 991 oppidis
1037 957 1192 987 conciones,
1210 956 1405 991 ignorationem
1420 965 1472 983 non
1489 955 1576 982 solum
1588 955 1715 982 adversa-

918 995 965 1025 rii,
981 993 1028 1020 sed
1044 995 1124 1020 etiam
1139 1002 1249 1020 suarum
1259 995 1408 1029 copiarum.
1449 995 1473 1020 ΞΖ.
1495 994 1549 1020 Hoc
1560 992 1714 1019 cuiusmodi

918 1031 976 1058 est‘?
990 1040 1037 1057 vu.
1049 1031 1088 1057 Id.
1102 1031 1180 1057 Febr.
1194 1031 1313 1065 Capuam
1325 1031 1354 1058 C.
1368 1031 1478 1058 Cassius
1489 1031 1614 1057 tribunus
1626 1030 1715 1065 plebis

918 1069 1006 1100 venit,
1023 1068 1112 1095 attulit
1126 1068 1251 1095 mandata
1266 1068 1299 1095 ad
1312 1068 1452 1100 consules,
1470 1073 1500 1095 ut
1511 1069 1621 1094 Romam
1638 1068 1716 1094 veni-

918 1111 989 1138 rent,
1006 1106 1149 1141 pecuniam
1161 1106 1193 1132 de
1205 1107 1336 1133 sanctiore
1348 1107 1449 1133 aerario
1460 1105 1608 1135 auferrent,
1624 1106 1715 1131 statim

918 1145 1032 1170 exirent.
1047 1143 1117 1170 Urbe
1124 1143 1224 1174 relicta,
1234 1143 1463 1178 redeantt—quo
1473 1142 1627 1179 praesidio?
1638 1142 1716 1168 dein-

918 1181 951 1208 de
958 1180 1114 1208 exeant‘?—
1124 1181 1187 1216 quis
1198 1181 1286 1208 sinat‘?
1296 1181 1395 1208 Consul
1407 1182 1431 1207 ei
1444 1181 1590 1215 rescripsit,
1599 1185 1628 1206 ut
1639 1180 1715 1215 prius

918 1220 977 1254 ipse
990 1219 1017 1245 in
1027 1220 1170 1245 Picenum.
1202 1218 1236 1245 At
1247 1218 1316 1245 illud
1326 1223 1410 1245 totum
1422 1224 1477 1245 erat
1488 1219 1632 1244 amissum:
1647 1217 1717 1244 scie-

918 1257 963 1283 bat
974 1265 1052 1283 nemo
1063 1261 1167 1291 praeter
1177 1264 1220 1282 me
1234 1265 1267 1283 ex
1279 1256 1374 1283 litteris
1385 1255 1548 1283 Dolabellae.
1586 1255 1654 1281 Mihi
1664 1254 1716 1280 du-

918 1294 995 1320 bium
1007 1302 1058 1320 non
1071 1298 1139 1325 erat,
1156 1294 1223 1328 quin
1240 1293 1286 1320 ille
1300 1294 1353 1320 iam
1366 1294 1473 1328 iamque
1486 1292 1551 1319 soret
1563 1293 1590 1319 in
1601 1292 1712 1327 Apulia.

918 1332 1023 1358 Gnaeus
1039 1336 1128 1358 noster
1143 1331 1170 1357 in
1187 1332 1260 1357 navi.
1303 1333 1327 1357 3.
1350 1331 1406 1366 Ego
1422 1331 1489 1366 quid
1505 1339 1596 1366 agam,
1614 1331 1716 1364 σκέμμα

918 1377 1060 1405 magnum3
1079 1377 1167 1403 neque
1178 1368 1331 1395 mehercule
1344 1369 1411 1394 mihi
1423 1368 1535 1403 quidem
1548 1367 1648 1398 ullum,
1662 1367 1715 1393 nisi

917 1407 1007 1433 omnia
1019 1410 1109 1432 essent
1119 1411 1175 1432 acta
1187 1406 1358 1441 turpissime,
1372 1414 1460 1440 neque
1471 1414 1520 1441 ego
1532 1404 1615 1431 ullius
1626 1405 1717 1431 consi-

919 1444 949 1470 lii
965 1445 1112 1479 particep53
1130 1443 1177 1469 sed
1193 1448 1296 1474 tamen,
1314 1443 1385 1478 quod
1402 1452 1443 1468 me
1459 1442 1560 1469 deceat.
1602 1443 1661 1477 lpse
1674 1450 1715 1467 me

919 1482 1015 1509 Caesar
1032 1481 1065 1507 ad
1081 1489 1174 1516 pacem
1191 1481 1320 1507 hortatur.
1352 1480 1403 1507 Sed
1420 1480 1585 1515 antiquiores
1602 1479 1713 1506 litterae.

919 1528 1000 1554 quam
1013 1527 1090 1545 ruere
1101 1519 1198 1553 coepit.
1239 1517 1383 1549 Dolabella,
1397 1517 1513 1547 Caelius,
1531 1526 1573 1543 me
1585 1516 1625 1543 illi
1638 1516 1715 1543 valde

919 1556 1082 1584 satisfacere.
1124 1557 1189 1583 Mira
1204 1565 1246 1582 me
1258 1555 1355 1590 ἀπορία
1368 1560 1482 1590 torquet.
1523 1555 1586 1580 Iuva
1599 1563 1641 1580 me
1652 1563 1717 1580 cou-

919 1595 990 1626 sitio,
1003 1595 1027 1621 si
1038 1599 1125 1629 potcs;
1143 1599 1167 1620 et
1179 1599 1267 1620 tamen
1279 1594 1338 1623 ista,
1352 1598 1482 1628 quantum
1495 1597 1577 1627 potes,
1592 1591 1714 1626 provide.

919 1631 994 1658 Nihil
1010 1632 1110 1662 habeo,
1133 1636 1202 1658 tanta
1220 1640 1308 1657 rerum
1326 1630 1538 1665 perturbatione,
1561 1629 1632 1664 quod
1649 1629 1716 1655 seri-

919 1670 991 1696 barn.
1031 1670 1102 1696 Tuas
1114 1668 1215 1696 litteras
1227 1673 1362 1703 exspecto.

972 1739 1049 1760 xxu.
1079 1740 1226 1763 (lul-'nr1==inm·.
1238 1741 1336 1758 navt-uu.
1348 1740 1427 1757 nri-ma,
1439 1746 1483 1755 um.
1497 1740 1550 1758 τιή)

1106 1775 1273 1802 CICERO
1304 1773 1471 1801 ATTICO
1500 1774 1527 1799 S.

976 1815 999 1840 l.
1021 1809 1124 1839 Pedem
1137 1814 1164 1839 in
1176 1812 1249 1840 ltalia
1262 1812 1341 1839 video
1352 1811 1457 1838 nullum
1469 1820 1541 1841 esse,
1558 1811 1605 1845 qui
1620 1818 1671 1836 nou
1689 1810 1716 1836 in

919 1851 999 1878 istius
1013 1855 1141 1886 potestate
1153 1851 1198 1877 sit.
1239 1851 1275 1876 De
1286 1850 1413 1884 Pompeio
1424 1850 1479 1875 scio
1491 1848 1572 1879 nihil;
1587 1855 1714 1882 eumque,

919 1889 972 1915 nisi
985 1889 1011 1915 in
1024 1889 1115 1915 navim
1126 1897 1156 1914 se
1167 1887 1318 1918 contulerit,
1332 1892 1474 1921 exceptum
1487 1887 1519 1912 iri
1531 1890 1605 1920 puto.
1640 1884 1662 1911 O
1672 1893 1717 1911 ee-

920 1926 1050 1953 leritatem
1066 1925 1268 1952 incredibilem!
1290 1925 1372 1951 huius
1388 1929 1477 1951 autem
1494 1922 1594 1950 nostri?
1614 1937 1650 1942 -
1669 1922 1716 1948 secl

919 1972 970 1990 non
983 1972 1093 1998 possum
1105 1964 1163 1990 sine
1174 1963 1265 1990 dolore
1276 1970 1480 1991 accusareeum,
1489 1961 1522 1987 de
1533 1968 1588 1995 quo
1598 1968 1681 1995 angor
1692 1965 1717 1985 et

918 2002 1033 2027 crucior.
1068 2001 1107 2027 Tu
1123 2000 1233 2027 caedem
1249 2009 1301 2027 non
1312 2000 1371 2026 sine
1382 2008 1476 2025 caussa
1490 1999 1581 2025 times:
1600 2007 1651 2023 non
1663 2006 1717 2032 quo

919 2039 1010 2065 minus
1026 2038 1176 2073 quidquam
1193 2038 1301 2065 Caesari
1316 2037 1442 2071 expediat
1457 2036 1490 2062 ad
1510 2036 1716 2062 diuturnitatem

920 2076 1046 2102 victoriae
1057 2080 1083 2102 et
1093 2076 1299 2102 dominationis:
1315 2075 1364 2101 sed
1379 2074 1466 2105 video,
1479 2081 1595 2108 quorum
1607 2072 1717 2098 arbitrio

918 2113 954 2139 sit
964 2117 1083 2139 acturus.
1124 2115 1149 2139 2.
1172 2114 1251 2139 Recte
1262 2113 1306 2139 sit.
1348 2112 1451 2139 Censeo
1461 2110 1611 2137 cedendum
1624 2110 1657 2135 de
1668 2118 1717 2143 op—

919 2150 991 2184 pidis
1003 2150 1055 2176 his.
1082 2150 1153 2185 Egeo
1164 2149 1281 2176 consilii.
1321 2148 1398 2181 Quod
1413 2149 1545 2183 optimum
1559 2147 1627 2173 sactu
1641 2146 1717 2172 vide-

919 2188 1001 2218 bitur,
1016 2186 1107 2213 facies.
1129 2188 1196 2213 Cum
1209 2186 1353 2213 Philotimo
1366 2185 1488 2220 loquere:
1503 2190 1582 2219 atque
1594 2184 1716 2210 adeo'l'e-

919 2225 1032 2251 rentiam
1053 2224 1166 2250 habebis
1182 2224 1285 2250 Idibus.
1326 2224 1384 2258 Ego
1405 2223 1471 2257 quiri
1488 2222 1584 2256 again?
1603 2230 1655 2256 qua
1672 2225 1717 2246 aut

919 2267 985 2288 terra
998 2266 1043 2287 aut
1054 2262 1121 2288 mari
1133 2270 1280 2296 persequar
1290 2269 1361 2290 eum,
1375 2261 1422 2295 qui
1435 2260 1482 2286 ubi
1494 2261 1537 2288 sit.
1553 2258 1660 2285 neseio?
1672 2258 1717 2284 Et·

919 2300 941 2325 si
955 2304 1021 2325 terra
1033 2299 1154 2333 quidem,
1168 2299 1215 2333 qui
1228 2298 1357 2333 possum?
1368 2298 1444 2327 mari,
1453 2296 1525 2332 quo'?
1539 2296 1650 2322 'nudum
1665 2296 1716 2330 igi-

919 2341 962 2362 tur
973 2337 1017 2362 isti
1034 2336 1094 2362 me‘?
1109 2337 1158 2362 Fac
1175 2345 1252 2370 posse
1270 2340 1338 2367 tuto,
1359 2334 1447 2369 (multi
1463 2335 1535 2360 enim
1553 2332 1716 2363 hortantur.)

919 2382 983 2400 num
999 2374 1080 2400 etiam
1093 2372 1222 2400 honeste?
1242 2372 1321 2399 Nullo
1333 2372 1420 2398 modo.
1461 2370 1551 2403 Quid'?
1565 2379 1578 2396 a
1592 2376 1615 2396 te
1627 2375 1715 2404 petam

918 2410 1078 2442 eonsilium,
1095 2415 1124 2437 ut
1137 2410 1228 2437 soleo?
1248 2409 1384 2444 Explienri
1401 2417 1441 2435 res
1458 2417 1509 2434 non
1526 2412 1620 2442 potest.
1662 2406 1715 2433 Sed

919 2453 1016 2478 tamen.
1033 2448 1056 2474 si
1067 2447 1134 2483 quid
1146 2449 1172 2474 in
1185 2452 1300 2474 mentem
1314 2445 1486 2478 venit,velim
1499 2445 1611 2473 scribas.
1621 2449 1645 2470 et
1658 2445 1715 2478 ipse

918 2485 984 2520 quid
997 2486 1034 2512 sis
1045 2490 1164 2511 acturus.

973 2554 1059 2575 ΧΧΠΙ.
1083 2557 1113 2579 (Ιιι
1124 2557 1231 2576 bunun-un,
1244 2556 1341 2573 Man-tto.
1353 2555 1434 2572 [munta
1444 2561 1483 2570 unu
1502 2554 1557 2572 tos.)

1104 2598 1272 2626 ClCERO
1303 2596 1471 2624 ATTltIO
1501 2596 1529 2622 S.

977 2640 998 2664 l.
1012 2632 1118 2669 Quinto
1131 2637 1168 2663 ld.
1182 2637 1245 2663 Feb.
1260 2635 1364 2669 vesperi
1378 2643 1390 2659 n
1403 2633 1546 2660 Philotimo
1559 2633 1659 2660 litteras
1671 2641 1714 2659 ae-

917 2675 991 2711 cepi:
1010 2675 1154 2702 Domitium
1171 2674 1317 2701 exereitum
1335 2672 1442 2698 lirmum
1460 2671 1571 2698 habere:
1593 2671 1715 2698 cohortes

1462 2721 1508 2745 ltu
