1941 3052
259 161 271 186 4
798 162 804 184 l
815 180 818 184 ,

258 235 298 256 est
315 230 395 260 vovis,
416 228 516 259 vultus,
541 234 632 262 gestus
656 229 799 255 moderatio
817 239 877 255 cum
899 235 1045 255 venustate.

260 268 326 293 llaec
340 267 427 292 ‹unnia
444 267 528 292 tribus
540 267 619 292 rebus
630 268 735 301 assequi
748 267 902 301 poterimus,
915 272 977 295 arte,
988 268 1047 292 imi-

260 305 364 335 tatione,
381 305 576 330 exercitatione,
616 305 664 330 Ars
683 309 722 329 est
746 305 901 338 praeceptio,
923 313 990 338 quae
1004 304 1048 329 dat

259 347 355 367 certam
375 343 441 368 viani
458 342 638 376 rationemque
653 341 772 367 (lii-eruli:
801 342 912 366 imitatio
926 346 978 370 est,
996 350 1047 375 qua

260 379 433 413 impellimur,
449 388 510 404 eum
525 379 645 411 diligenti
662 379 760 404 ratione
775 383 802 403 ut
813 378 962 412 aliquorum
973 379 1049 404 simi-

261 416 299 442 les
323 417 348 442 in
372 416 484 442 ‹lic-endo
507 416 621 441 velimus
643 425 714 441 esse:
747 416 898 441 exercitatio
920 420 960 441 est
982 416 1049 441 assi-

260 454 331 480 duus
347 463 411 479 usus
425 453 641 487 cousin-tudoque
655 453 770 478 (licendi.

315 492 357 517 lll.
384 493 406 517 πί.
430 492 559 522 Quoniam
584 491 664 523 igitur
685 490 894 516 demonstratum
913 493 961 519 est,
982 498 1048 523 quas

261 537 369 554 caussas
391 534 518 554 oratorem
541 529 665 562 recipere,
685 536 806 562 quasque
822 536 862 552 res
877 527 972 552 babere
986 535 1049 552 con—
1070 533 1071 541 ¹

261 567 357 595 veniat,
375 575 453 596 nune,
466 565 691 600 quemadmodum
706 565 738 590 ad
753 565 931 590 inventioni-ui
948 564 1049 598 possint

261 604 369 629 oratoris
384 603 469 628 officia
484 602 684 632 accommodari,
701 601 843 627 dicendum
864 601 977 627 videtur.
1007 601 1049 627 ln-

262 641 350 666 vcntio
368 641 394 666 in
418 649 465 666 sex
489 644 574 674 partes
593 640 717 665 orationis
735 639 910 669 consumitur,
932 639 957 664 in
973 647 1049 664 exor-

261 678 345 708 dium,
362 678 546 707 narrationem,
559 677 727 707 divisionem,
739 677 974 704 confirmationem.
986 684 1049 701 eon-

262 715 430 745 fntationem,
447 714 654 741 conclusionem.
675 714 822 740 Exordium
837 719 875 739 est
887 713 1047 747 principium

261 753 394 783 orationis,
415 761 461 787 per
477 752 549 787 quod
568 752 673 777 animus
692 751 818 777 auditoris
833 751 1002 776 constituitur
1016 749 1048 775 ad

261 790 438 816 audiendum:
467 790 579 815 narratio
601 793 641 815 est
661 797 749 814 rerum
772 793 907 823 gestarum
934 792 979 813 aut
1003 796 1049 821 pe-

262 827 336 853 rimle
352 832 380 853 ut
398 831 533 862 gestarum
553 827 696 860 expositio:
718 826 816 851 divisio
831 829 882 855 cst,
903 833 950 859 per
967 833 1047 859 quam

261 865 405 899 aperimus,
421 864 487 899 quid
501 864 647 894 conveniat,
664 863 729 898 quid
745 864 770 888 in
781 862 957 888 controversia
969 862 1011 892 sit,
1025 866 1049 887 ct

261 911 308 936 per
326 911 405 936 quam
421 902 588 936 exponimus,
609 901 708 935 quibus
723 900 755 926 de
770 900 849 925 rebus
863 900 948 925 simus
962 899 1049 925 dictu—

262 940 296 965 ri:
323 939 489 965 confirmatio
511 943 550 964 est
572 943 721 964 nostrorum
735 942 952 971 argumentorum
967 944 1049 970 expo—

261 977 322 1002 sitio
336 985 397 1002 cum
416 976 623 1001 asseveratione:
646 975 791 1001 confutatio
809 979 848 1000 cst
858 974 1048 1000 contrariorum

262 1013 377 1039 locorum
393 1013 546 1039 dissolutio:
567 1012 702 1039 conclusio
724 1017 764 1038 est
781 1012 939 1038 artificiosus
958 1011 1049 1037 termi-

262 1060 312 1077 nus
326 1051 460 1077 orationis.

217 1117 221 1124 Ι
317 1090 341 1114 5.
354 1089 430 1114 Nunc
446 1088 572 1122 quoniam
584 1095 635 1112 una
645 1096 706 1113 cum
717 1087 825 1113 oratoris
836 1085 998 1120 officiis,quo
1008 1093 1048 1111 res

261 1126 367 1161 cognitu
383 1124 484 1151 facilior
497 1129 575 1154 esset,
592 1124 712 1159 producti
727 1133 831 1155 sumus,
844 1123 914 1150 utde
925 1123 1049 1149 orationis

261 1163 381 1197 partibus
400 1162 570 1197 loqueremur
587 1166 612 1188 et
629 1170 673 1187 eas
691 1161 723 1187 ad
743 1161 903 1187 inventionis
921 1161 1048 1186 rationem

260 1199 534 1226 accommodaremus:
554 1199 587 1225 de
601 1198 709 1225 exordio
723 1199 839 1233 primum
854 1198 996 1224 dicendum
1009 1197 1050 1223 vi-

260 1237 346 1264 detur.
369 1237 467 1263 Caussa
483 1237 574 1271 posita,
588 1245 641 1271 quo
654 1236 820 1262 commodius
834 1235 948 1262 exordiri
963 1235 1050 1269 possi-

260 1283 329 1306 mus,
357 1283 443 1310 genus
469 1282 577 1300 caussae
603 1273 825 1300 considerandum
852 1277 900 1298 est.
947 1272 1049 1299 Genera

259 1320 414 1337 caussarum
429 1316 492 1337 sunt
505 1315 637 1346 quattuor,
655 1311 804 1340 honestum,
821 1315 906 1344 turpe
923 1309 1046 1340 dubium,

260 1349 371 1375 humile.
406 1349 551 1374 Honestum
574 1357 682 1374 euissae
705 1356 790 1383 genus
818 1352 938 1382 putatur,
963 1355 1048 1381 quum

260 1391 304 1412 aut
326 1385 495 1412 defendimus
517 1386 553 1416 id,
574 1385 645 1420 quod
664 1385 697 1411 ab
711 1385 836 1411 omnibus
850 1384 1048 1410 defendendum

260 1423 373 1454 videtur,
390 1427 435 1449 aut
448 1423 475 1449 id
489 1431 685 1457 oppugnamus,
702 1422 773 1456 quod
787 1422 820 1448 ab
834 1422 959 1447 omnibus
975 1421 1049 1447 vide-

259 1465 302 1486 tur
320 1461 468 1495 oppugnari
487 1460 591 1490 debere,
613 1464 642 1485 ut
656 1468 702 1494 pro
717 1460 774 1485 viro
787 1458 847 1485 forti
861 1464 949 1485 contra
965 1459 1049 1493 parri-

258 1498 360 1524 cidam:
382 1502 460 1532 turpe
482 1506 567 1533 genus
589 1497 756 1532 intelligitur,
777 1505 862 1531 quum
881 1501 925 1522 aut
939 1496 1048 1522 honesta

259 1544 300 1561 res
323 1539 495 1570 oppugnatur
517 1538 562 1560 aut
580 1534 733 1560 defenditur
751 1534 850 1568 turpis:
873 1533 988 1559 dubium
1002 1541 1049 1568 ge-

259 1581 310 1598 nus
324 1577 372 1603 est,
388 1581 473 1607 quum
489 1572 568 1598 habet
581 1572 608 1598 in
622 1580 650 1597 se
664 1580 757 1597 caussa
768 1575 792 1597 et
803 1571 947 1597 honestatis
958 1575 983 1596 et
993 1575 1049 1596 tur-

258 1610 388 1644 pitudinis
407 1614 508 1644 partes:
531 1608 633 1635 humile
650 1617 736 1644 genus
755 1613 807 1639 est,
827 1617 913 1643 quum
931 1612 1049 1634 contem-

258 1651 302 1682 pta
316 1656 357 1673 res
372 1646 486 1672 affertur.
509 1647 551 1672 lv.
568 1648 592 1672 6.
608 1645 697 1678 Quum
711 1645 777 1672 haec
790 1646 825 1671 ita
839 1646 900 1676 sint,
910 1645 1049 1671 conveniet

258 1684 427 1710 exordiorum
441 1684 568 1710 rationem
583 1683 616 1709 ad
629 1691 715 1719 genus
725 1691 835 1709 caussae
845 1682 1046 1709 accommodari.

258 1721 434 1748 Exordiorum
461 1721 514 1747 duo
540 1725 603 1747 sunt
629 1729 740 1756 genera,
770 1720 947 1755 principium,
975 1719 1048 1754 quod

259 1759 357 1785 Graece
371 1759 508 1801 τζροοίμιον
522 1758 679 1793 appellatur,
696 1762 721 1784 et
734 1758 887 1788 insinuatio,
904 1766 972 1792 quae
986 1757 1049 1791 ἐφο-

259 1796 303 1826 δος
316 1796 476 1822 nominatur

311 1833 477 1867 Principium
499 1837 547 1863 est,
572 1841 657 1867 quum
672 1833 761 1858 statim
780 1832 907 1859 auditoris
926 1831 1046 1857 animum

259 1871 335 1896 nobis
349 1871 474 1896 idoneum
489 1870 626 1896 reddimus
640 1870 673 1896 ad
687 1870 861 1896 audiendum.
876 1869 905 1895 Id
916 1869 952 1894 ita
962 1869 1048 1895 sumi-

258 1912 309 1939 tur,
322 1912 352 1934 ut
361 1912 481 1939 attentos,
495 1911 524 1933 ut
537 1907 644 1938 dociles,
658 1912 687 1933 ut
700 1907 843 1933 benevolos
857 1906 991 1932 auditores
1001 1906 1048 1932 ha-

258 1945 319 1971 bere
334 1946 478 1980 possimus.
496 1944 523 1971 Si
538 1953 623 1980 genus
633 1953 742 1971 caussae
751 1944 866 1970 dubium
876 1943 1044 1973 habebimus,

258 1991 272 2008 a
287 1982 468 2008 benevolentia
484 1983 645 2017 principium
660 1983 862 2012 constituemus,
880 1989 912 2007 ne
922 1980 988 2014 quid
1002 1980 1047 2006 illa

258 2020 433 2054 turpitudinis
448 2028 508 2054 pars
523 2020 599 2045 nobis
610 2019 703 2045 obesse
714 2020 811 2053 possit:
829 2019 870 2045 sin
885 2017 987 2044 humile
998 2018 1047 2043 erit

257 2065 343 2092 genus
361 2065 483 2088 caussae,
503 2056 630 2082 faciemus
645 2061 771 2082 attentos:
800 2057 842 2082 sin
879 2060 954 2089 turpe
969 2064 1047 2081 caus-

258 2102 302 2120 sae
315 2102 400 2129 genus
415 2095 472 2125 erit,
492 2094 671 2120 insinuatione
689 2093 818 2119 utendum
833 2097 881 2123 est,
897 2108 933 2112 —
947 2091 979 2118 de
993 2101 1046 2127 qua

258 2131 390 2166 posterius
409 2131 537 2161 dicemus,
554 2146 590 2150 ——
604 2131 656 2156 nisi
673 2130 739 2165 quid
754 2131 822 2156 nacti
839 2131 948 2161 erimus,
965 2138 1046 2164 quare

258 2168 422 2194 adversarios
440 2168 604 2194 criminando
620 2168 830 2194 benevolentiam
849 2176 941 2201 capere
960 2167 1047 2201 possi-

258 2215 333 2232 mus:
354 2206 395 2231 sin
414 2205 555 2231 honestum
573 2214 683 2231 caussae
700 2214 785 2240 genus
799 2205 856 2235 erit,
874 2204 964 2230 licebit
977 2209 1046 2230 recte

259 2243 300 2269 vel
319 2243 358 2269 uti
378 2241 420 2268 vel
436 2250 486 2268 non
502 2243 541 2268 uti
554 2242 695 2276 principio.
724 2242 751 2268 Si
766 2243 805 2268 uti
820 2241 950 2272 volemus,
963 2241 1045 2267 autid

257 2280 388 2315 oportebit
401 2279 547 2310 ostendere,
563 2287 645 2314 quare
654 2288 747 2305 caussa
757 2280 791 2305 sit
801 2279 919 2309 honesta,
931 2283 977 2304 aut
986 2279 1047 2304 bre-

259 2318 326 2343 viter
348 2317 449 2351 quibus
471 2316 503 2342 de
521 2316 601 2342 rebus
625 2316 710 2342 simus
729 2316 825 2342 dicturi
849 2324 994 2350 exponere:
1023 2316 1045 2341 si

259 2355 389 2388 principio
403 2355 442 2380 uti
456 2353 587 2384 nolemus,
604 2362 617 2379 a
633 2353 704 2388 lege,
720 2362 734 2379 a
748 2354 878 2387 scriptura
898 2357 942 2379 aut
953 2353 985 2378 ab
997 2352 1046 2378 ali—

258 2400 311 2426 quo
322 2392 475 2417 firmissimo
489 2396 591 2417 nostrae
601 2399 710 2416 caussae
720 2391 873 2416 adiumento
883 2390 1045 2424 principium

257 2437 350 2463 capere
369 2429 506 2462 oportebit.
542 2429 568 2454 7.
587 2428 717 2460 Quoniam
732 2428 814 2463 igitur
827 2427 949 2457 docilem,
966 2427 1046 2452 bene—

258 2466 359 2495 volum,
376 2470 502 2491 attentum
518 2465 615 2491 habere
629 2465 775 2491 auditorem
790 2464 924 2494 volumus,
934 2472 1046 2498 quomo-

258 2503 291 2529 do
309 2502 429 2538 quidque
448 2503 540 2528 confici
559 2503 651 2537 possit,
668 2503 828 2537 aperiemus.
853 2501 956 2527 Dociles
968 2501 1045 2527 audi-

258 2545 326 2566 tores
341 2540 437 2566 habere
452 2540 606 2574 poterimus,
623 2541 645 2565 si
660 2548 793 2565 summam
807 2547 916 2565 caussae
930 2539 1045 2564 breviter

257 2586 424 2612 exponemus
443 2582 467 2603 et
485 2577 507 2603 si
521 2582 633 2603 attentos
647 2585 691 2603 eos
705 2576 850 2603 faciemus:
875 2584 937 2601 nam
951 2575 1045 2602 docilis

257 2620 310 2646 est,
335 2615 382 2649 qui
404 2618 501 2640 attente
519 2614 578 2640 vult
599 2614 701 2640 audire.
739 2614 857 2640 Attentos
873 2612 1042 2643 habebimus,

257 2652 280 2678 si
294 2651 489 2687 pollicebimur,
507 2660 554 2678 nos
567 2651 601 2677 de
614 2651 695 2677 rebus
709 2649 822 2686 magnis,
834 2650 920 2680 novis,
932 2650 1045 2676 inusita—

257 2689 291 2715 tis
304 2689 385 2715 verba
403 2688 518 2716 facturos
540 2693 586 2715 aut
606 2688 639 2714 de
657 2689 704 2719 iis,
719 2696 788 2723 quae
805 2687 837 2714 ad
851 2687 1044 2722 rempublicam

1071 741 1078 769 'l
1099 759 1174 784 spem
1199 750 1316 776 noluisse
1340 751 1446 777 habere.

855 160 1059 186 tNttEnTl
1094 160 1342 186 AUcTontS

1076 230 1078 264 Ι
1100 231 1247 264 pertineant
1266 236 1309 256 aut
1328 230 1360 256 ad
1378 239 1422 257 eos
1441 231 1512 265 ipsos
1531 232 1577 266 qui
1596 231 1704 258 audient
1721 236 1767 258 aut
1784 232 1816 258 ad
1835 233 1883 259 De-

1076 269 1078 279 *
1099 276 1174 293 orum
1191 268 1378 294 immortalium
1399 268 1463 296 reli·¹
1454 269 1565 303 donem,
1590 274 1615 294 et
1637 270 1658 295 si
1678 269 1839 304 rogabimus,
1857 275 1885 296 ut

1100 309 1196 330 attente
1210 305 1331 336 audiant,
1351 310 1376 331 ct
1390 306 1411 331 si
1424 314 1534 331 numero
1544 314 1708 340 exponemus
1720 315 1770 337 res,
1783 307 1884 342 quibus

1077 351 1079 376 ζ
1099 341 1131 367 de
1152 342 1231 367 rebus
1249 326 1345 368 dictuii
1364 351 1468 368 sumus
1498 343 1527 368 V.
1544 344 1567 368 8.
1593 343 1737 369 Benevolos
1751 344 1885 370 auditores

1078 380 1079 386 ¹
1101 378 1184 404 facere
1198 384 1321 413 quattuor
1335 380 1420 405 modis
1435 388 1591 414 possumus:
1608 389 1621 406 a
1636 385 1731 411 nostra,
1744 381 1777 407 ab
1791 380 1885 407 adver-

1100 416 1238 446 sariorum,
1255 416 1287 442 ab
1302 417 1451 442 auditorum
1468 425 1586 451 persona,
1602 422 1627 443 et
1641 427 1653 443 a
1669 418 1748 444 relius
1763 418 1839 452 ipsis.
1864 418 1883 445 Α

1101 458 1186 479 nostra
1211 462 1320 487 persona
1344 453 1553 479 benevolentiam
1577 454 1775 485 contrahemus,
1796 456 1819 481 si
1839 463 1885 481 no-

1100 495 1184 516 strum
1199 490 1316 516 officinm
1331 492 1388 516 sine
1403 491 1547 524 arrogantia
1564 490 1732 518 laudabimus
1750 497 1841 527 atque,
1858 493 1884 519 in

1101 528 1291 562 rempublicam
1307 528 1398 563 quales
1411 528 1540 554 fuerimus
1558 532 1603 554 aut
1617 529 1643 554 in
1663 534 1783 563 parentes
1798 533 1843 555 aut
1858 529 1884 556 in

1100 566 1198 590 amicos
1212 570 1256 591 aut
1271 566 1296 591 in
1311 574 1355 591 eos
1371 566 1442 600 ipsos
1456 567 1501 600 qui
1513 565 1633 596 audiunt,
1650 565 1803 597 referemus,
1819 566 1884 592 dum

1077 623 1078 630 ,
1101 601 1163 627 hacc
1177 603 1263 628 omnia
1278 602 1310 628 ad
1325 612 1381 628 cam
1397 603 1481 637 ipsam
1497 612 1560 632 rem,
1572 612 1624 638 qua
1634 603 1667 628 de
1677 604 1772 638 agitur,
1780 604 1885 630 sintae-r

1076 639 1078 674 j
1099 639 1276 665 commodata:
1301 640 1363 665 item
1383 641 1404 666 si
1425 644 1510 666 nostra
1529 640 1694 666 incommoda
1709 640 1883 675 proferemus,

1077 675 1078 710 l
1100 676 1225 710 inopiam,
1245 676 1425 707 solitudinem,
1445 677 1634 703 calamitatem:
1658 682 1683 703 et
1701 678 1723 703 si
1738 678 1883 709 orabimus.

1101 718 1129 739 ut
1143 713 1219 739 nobis
1229 715 1282 740 sint
1292 713 1434 745 auxilio,et
1447 714 1527 740 simul
1542 714 1712 741 ostendemus
1727 723 1774 741 nos
1789 715 1815 741 in
1825 714 1885 741 aliis

1479 751 1520 778 Ab
1543 751 1755 778 adversariorum
1774 760 1884 787 persona

1100 787 1282 814 benevolentia
1297 788 1453 823 captabitur,
1470 789 1492 814 si
1504 797 1547 814 eos
1559 790 1584 814 in
1595 789 1695 820 odium,
1708 790 1734 816 in
1745 789 1883 820 invidiam,

1099 825 1126 851 in
1141 826 1362 860 contemptionem
1381 825 1554 851 adducemus.
1588 826 1615 852 ln
1629 826 1720 852 odium
1739 827 1883 861 rapiemus,

1100 863 1122 888 si
1136 862 1208 897 quod
1222 871 1313 888 eorum
1328 871 1432 897 spurce,
1445 863 1724 898 superbe,perfidiose,
1732 863 1883 894 crudeliter,

1077 910 1079 920 ι
1099 899 1269 930 confidenter,
1286 899 1425 930 malitiose,
1446 899 1573 935 flagitiose
1592 899 1689 926 factum
1705 900 1883 935 proferemus:

1077 958 1079 969 ,
1101 937 1126 962 in
1147 937 1274 962 invidiam
1287 937 1432 967 trahemus,
1445 938 1468 963 si
1485 938 1548 967 vim,
1568 938 1719 971 potentiam,
1735 937 1883 969 factionem,

1100 974 1222 1004 divitias,
1243 975 1469 1005 incontinentiam,
1491 974 1664 1005 nobilitatem,
1677 974 1821 1006 clientelas,
1838 974 1886 1001 ho-

1100 1011 1220 1045 spitium,
1237 1011 1411 1042 sodalitatem,
1428 1011 1568 1037 affinitates
1578 1012 1788 1038 adversariorum
1799 1011 1886 1047 profe-

1101 1057 1190 1074 remus
1212 1053 1237 1074 et
1255 1049 1297 1074 his
1320 1048 1480 1074 adiumentis
1499 1049 1596 1084 magis,
1617 1058 1697 1084 quam
1717 1050 1824 1076 veritate
1841 1057 1886 1076 eos

1100 1086 1231 1112 confidere
1263 1086 1428 1120 aperiemus:
1467 1086 1494 1112 in
1525 1087 1747 1121 contemptionem
1771 1086 1887 1112 adduce-

1101 1132 1170 1154 mus,
1187 1124 1209 1149 si
1224 1123 1354 1154 inertiam,
1375 1123 1518 1159 ignaviam,
1539 1122 1678 1153 desidiam,
1695 1123 1829 1150 luxuriam
1843 1132 1887 1150 eo-

1101 1169 1160 1186 rum
1184 1160 1358 1195 proferemus.
1394 1160 1435 1186 Ab
1458 1160 1609 1187 auditorum
1638 1169 1748 1195 persona
1771 1160 1887 1187 benevo-

1101 1197 1180 1223 lentia
1194 1197 1342 1233 colligetur,
1355 1198 1378 1223 si
1393 1206 1434 1224 res
1444 1206 1535 1224 eorum
1547 1197 1654 1229 fortiter,
1663 1199 1803 1233 sapienter,
1812 1206 1887 1224 man-

1100 1239 1183 1265 suete,
1200 1235 1339 1270 magnifice
1353 1234 1482 1261 iudicatas
1496 1234 1674 1270 proferemus,
1699 1239 1723 1261 et
1737 1236 1845 1270 si,quae
1854 1235 1887 1261 de

1100 1272 1133 1298 iis
1144 1273 1312 1302 existimatio,
1321 1281 1389 1307 quae
1400 1272 1492 1298 iudicii
1503 1273 1663 1307 exspectatio
1673 1273 1715 1303 sit,
1723 1273 1885 1307 aperiemus.

1099 1309 1139 1335 Ab
1159 1309 1238 1335 rebus
1262 1310 1328 1344 ipsis
1351 1309 1511 1336 benevolum
1530 1309 1677 1335 efficiemus
1691 1310 1847 1340 auditorem,
1863 1309 1886 1336 si

1100 1351 1215 1373 nostram
1225 1355 1347 1373 caussam
1359 1346 1491 1373 laudando
1500 1346 1667 1377 extollemus,
1676 1346 1887 1373 adversariorum

1099 1392 1146 1418 per
1159 1385 1380 1418 contemptionem
1394 1384 1585 1418 deprimemus.

1153 1421 1196 1447 VI.
1223 1423 1248 1446 9.
1281 1421 1410 1455 Deinceps
1441 1421 1473 1447 dc
1503 1421 1682 1447 insinuatione
1713 1420 1887 1456 aperiendum

1100 1462 1148 1484 est.
1176 1459 1236 1484 Tria
1250 1462 1313 1484 sunt
1327 1462 1452 1493 tempora,
1465 1459 1565 1493 quibus
1575 1459 1706 1493 principio
1715 1459 1754 1485 uti
1765 1467 1816 1486 non
1825 1467 1888 1494 pos-

1099 1504 1204 1527 sumus,
1220 1504 1288 1530 quae
1301 1495 1444 1531 diligenter
1456 1500 1519 1522 sunt
1528 1495 1731 1522 consideranda:
1747 1500 1887 1530 autquum

1100 1537 1205 1567 turpem
1227 1541 1349 1559 caussam
1372 1532 1511 1563 habemus,
1536 1533 1585 1559 hoc
1602 1537 1650 1563 est,
1666 1541 1751 1567 quum
1769 1533 1827 1568 ipsa
1845 1541 1888 1559 res

1099 1571 1219 1596 animum
1233 1570 1362 1596 auditoris
1375 1578 1389 1596 a
1404 1570 1480 1596 nobis
1493 1570 1603 1601 alienat,
1627 1575 1673 1596 aut
1685 1578 1770 1604 quum
1781 1570 1887 1596 animus

1099 1607 1226 1633 auditoris
1241 1616 1386 1642 persuasus
1400 1615 1458 1633 esse
1473 1607 1578 1633 videtur
1591 1607 1624 1633 ab
1638 1607 1680 1637 iis,
1697 1608 1743 1642 qui
1755 1611 1815 1633 ante
1824 1615 1888 1633 oon-

1099 1649 1137 1670 tra
1148 1644 1286 1676 dixerunt,
1304 1649 1349 1670 aut
1358 1653 1443 1679 quum
1454 1644 1577 1670 defessus
1587 1648 1627 1670 est
1636 1653 1680 1670 eos
1690 1643 1831 1675 audiendo,
1839 1644 1887 1679 qui

1100 1686 1159 1708 ante
1186 1681 1320 1708 dixerunt.
1357 1681 1386 1708 si
1418 1690 1513 1708 caussa
1547 1681 1740 1716 turpitudinem
1767 1681 1884 1712 habebit,

1099 1719 1214 1745 exordiri
1237 1720 1384 1754 poterimus
1407 1718 1450 1745 his
1464 1719 1623 1745 rationibus:
1647 1727 1715 1749 rem,
1735 1727 1786 1745 non
1801 1718 1888 1745 homi-

1099 1765 1173 1787 nem,
1199 1761 1244 1782 aut
1260 1757 1408 1787 hominem,
1426 1765 1477 1782 non
1491 1765 1546 1782 rem
1557 1756 1668 1791 spectari
1678 1760 1810 1790 oportere;
1834 1764 1887 1782 non

1099 1793 1203 1828 placere
1217 1794 1294 1820 nobis
1307 1794 1383 1828 ipsis,
1399 1802 1468 1828 quae
1481 1793 1548 1820 facta
1562 1793 1683 1820 dicantur
1696 1793 1730 1819 ab
1739 1793 1888 1820 adversari-

1098 1832 1134 1862 is,
1151 1835 1176 1858 et
1189 1839 1248 1857 esse
1260 1831 1370 1867 indigna
1389 1835 1434 1857 aut
1448 1830 1559 1863 nefaria:
1575 1830 1671 1857 deinde
1679 1839 1764 1866 quum
1774 1830 1822 1857 diu
1830 1838 1886 1857 rem

1099 1869 1262 1899 auxerimus,
1283 1868 1350 1894 nihil
1365 1867 1454 1894 simile
1468 1877 1482 1894 a
1496 1868 1573 1894 nobis
1587 1867 1686 1894 factum
1699 1867 1885 1900 ostendemus-»3

1099 1910 1144 1932 aut
1162 1905 1312 1940 aliquorum
1330 1905 1463 1931 iudicium
1477 1905 1510 1932 de
1523 1905 1606 1931 simili
1620 1913 1714 1931 caussa
1732 1909 1778 1931 aut
1797 1905 1830 1932 de
1843 1913 1888 1932 ea-

1098 1943 1159 1969 dem
1178 1947 1223 1968 aut
1240 1942 1273 1968 de
1291 1943 1392 1969 minore
1410 1947 1455 1969 aut
1473 1942 1505 1968 de
1519 1943 1616 1969 maiore
1633 1941 1812 1977 proferemu33
1839 1943 1887 1969 de—

1098 1980 1160 2006 inde
1179 1979 1211 2006 ad
1229 1984 1346 2006 nostram
1363 1988 1486 2006 caussam
1504 1979 1665 2014 pedetentim
1687 1979 1844 2006 accedemus
1861 1984 1888 2006 et

1098 2017 1303 2043 similitudinem
1313 2016 1493 2049 conferemus,
1508 2017 1571 2042 item
1582 2017 1604 2043 si
1619 2016 1777 2052 negabimus
1791 2025 1839 2043 nos
1853 2017 1886 2044 de

1098 2055 1257 2081 adversariis
1275 2059 1320 2080 aut
1337 2054 1370 2080 de
1388 2054 1477 2089 aliqua
1491 2062 1518 2080 re
1527 2054 1653 2084 dicturos,
1665 2058 1690 2079 et
1701 2058 1788 2080 tamen
1797 2054 1886 2081 occul-

1098 2096 1123 2118 te
1137 2091 1257 2118 dicemus
1271 2092 1452 2118 interiectione
1465 2091 1617 2117 verborum.
1643 2092 1682 2116 40.
1699 2090 1727 2117 Si
1740 2099 1886 2126 persuasus

1098 2129 1202 2155 auditor
1215 2128 1303 2160 fuerit,
1327 2128 1355 2155 id
1373 2133 1422 2160 est,
1445 2129 1468 2154 si
1490 2129 1573 2154 oratio
1587 2128 1799 2154 adversariorum
1809 2128 1886 2155 audi—

1098 2167 1200 2192 toribus
1226 2166 1308 2192 fidem
1331 2165 1423 2192 fecerit
1440 2166 1537 2200 (neque
1560 2166 1630 2191 enim
1654 2173 1706 2192 non
1724 2165 1801 2192 facile
1817 2167 1885 2192 scire

1097 2204 1252 2238 poterimus,
1268 2203 1394 2238 quoniam
1408 2211 1459 2229 non
1473 2211 1568 2228 sumus
1582 2203 1674 2233 nescii,
1690 2203 1790 2237 quibus
1804 2203 1885 2230 rebus

1098 2240 1163 2266 fides
1187 2240 1243 2266 fieri
1265 2240 1369 2275 soleat):
1393 2248 1456 2276 ergo
1473 2241 1495 2266 si
1515 2240 1594 2266 fidem
1612 2239 1706 2266 factam
1719 2239 1882 2274 putabimus,

1097 2278 1140 2303 his
1154 2286 1202 2304 nos
1219 2278 1300 2304 rebus
1314 2277 1512 2303 insinuabimus
1521 2277 1554 2303 ad
1563 2285 1699 2303 caussam:
1714 2276 1748 2302 de
1765 2285 1804 2308 eo,
1812 2277 1884 2312 quod

1097 2314 1241 2341 adversarii
1255 2315 1440 2341 firmissimum
1459 2314 1511 2340 sibi
1525 2314 1707 2340 adiumentum
1722 2315 1882 2348 putaverint,

1097 2352 1214 2386 primum
1234 2360 1282 2378 nos
1304 2351 1421 2378 dicturos
1443 2351 1643 2386 pollicebimur:
1675 2355 1721 2376 aut
1738 2351 1772 2377 ab
1789 2351 1885 2378 adver-

1097 2389 1159 2415 sarii
1177 2389 1248 2415 dicto
1265 2388 1435 2415 exordiemur
1452 2393 1478 2414 et
1495 2389 1529 2414 ab
1550 2396 1582 2414 eo
1603 2388 1728 2419 maxime,
1747 2388 1821 2423 quod
1837 2387 1883 2415 ille

1097 2426 1250 2460 nuperrime
1263 2426 1373 2457 dixeritj.
1389 2430 1435 2452 aut
1447 2425 1611 2452 dubitatione
1625 2429 1740 2456 utemur,
1755 2425 1823 2460 quid
1836 2433 1884 2460 po-

1097 2463 1231 2489 tissimum
1254 2463 1375 2489 dicamus
1397 2467 1443 2489 aut
1463 2463 1507 2489 cui
1529 2461 1585 2488 loco
1608 2463 1725 2496 primum
1740 2462 1884 2497 responde-

1096 2508 1186 2530 amuS,
1207 2509 1268 2526 cum
1286 2499 1469 2526 admiratione.
1508 2498 1537 2525 Si
1559 2498 1658 2525 defessi
1681 2503 1760 2525 erunt
1771 2499 1884 2526 audien-

1096 2537 1138 2567 do,
1155 2537 1187 2563 ab
1201 2537 1290 2572 aliqua
1303 2546 1340 2568 re,
1355 2546 1424 2572 quae
1437 2537 1521 2562 risum
1535 2545 1641 2562 movere
1654 2537 1747 2570 possit,
1763 2536 1884 2563 exordie-

1096 2583 1165 2605 mur,
1181 2575 1214 2600 ab
1228 2574 1346 2610 apologo,
1359 2573 1448 2600 fabula
1458 2574 1514 2599 veri
1523 2573 1614 2604 simili,
1626 2574 1780 2604 imitatione,
1789 2573 1884 2608 depra—

1096 2612 1210 2641 vatione,
1235 2612 1394 2642 inversione,
1419 2611 1555 2646 ambiguo,
1576 2611 1737 2645 suspicione,
1761 2611 1884 2637 irrisione

1097 2648 1233 2679 stultitiae,
1249 2648 1461 2683 exsuperatione,
1476 2647 1623 2679 collatione,
1640 2648 1786 2674 litterarum
1796 2653 1884 2674 muta-

1096 2686 1181 2718 tione,
1196 2690 1330 2720 praeterea
1343 2685 1546 2720 exspectatione,
1562 2685 1747 2716 similitudine,
1756 2685 1880 2716 novitate,
