1941 3052
216 137 262 163 tw
677 136 716 160 ω.
752 134 786 160 Μ.

213 208 260 242 qui
273 208 329 233 aine
343 207 408 232 ferro
420 215 451 232 ne
463 215 533 231 nuni·
545 205 653 239 quidem
668 210 753 230 tecum
769 208 822 229 est:
845 204 905 237 qui.
924 207 947 228 te
960 204 1006 229 tri-

214 245 286 271 liuno
298 244 398 278 pii-tiis,
417 243 482 268 niliil
495 243 527 267 dt·
539 252 580 268 uu·
592 242 692 270 «tivum.
711 241 756 266 med
773 241 820 274 qui
833 241 880 266 Cn.
894 240 1006 274 Pompo-

214 283 269 308 iutu
283 280 492 308 interficit-nilum
505 279 667 313 depoposcit.
699 278 764 309 Quis
776 282 815 303 est
826 277 955 310 Sergius?
965 286 1006 303 ar-

214 320 298 353 miger
309 318 449 346 Catilinae,
463 318 573 350 stipator
585 317 622 342 tui
634 315 760 349 corporis,
774 314 885 349 signifer
896 314 1006 340 seditio-

214 357 268 384 nis.
286 356 429 381 concitator
441 353 662 382 tabernariorum.
681 353 822 378 damnatus
836 351 1003 381 iniuriarum,

213 402 360 427 percussor,
371 391 506 425 lapidator,
522 390 568 416 fori
581 389 764 424 depopulator,
773 389 896 415 obsessor
906 389 1004 414 curiae.

213 430 259 456 llis
280 434 358 463 atqua
380 427 534 454 huiusmodi
550 427 680 456 ducibus,
703 435 788 461 quum
805 431 831 451 tu
850 426 875 452 in
887 434 1006 451 annonae

212 468 318 492 caritate
332 467 356 491 in
369 464 492 490 consules
501 484 506 494 ,
521 464 547 490 in
559 469 681 490 senatum
690 484 695 494 ,
714 464 740 490 in
753 463 820 489 bona
833 462 1005 497 fortunasque

214 503 394 537 locupletium,
406 511 451 536 per
462 510 583 527 caussam
597 502 706 536 inopum
718 505 798 535 atque
809 500 1004 534 imperitorum,

212 541 363 575 repentinos
377 540 492 573 impetus
503 547 682 573 comparares:
705 547 789 573 qutun
803 537 850 563 tibi
863 537 935 563 saluii
947 545 1006 563 esse

212 579 238 604 in
250 578 303 603 otio
315 576 387 603 nulla
401 580 502 610 posset:
520 585 615 611 quum,
629 575 775 610 desperatis
786 575 910 604 ducibus,
924 574 1005 600 decu-

212 615 290 641 riatos
316 623 345 640 ac
369 613 516 647 descriptos
541 613 651 639 haberes
672 613 804 639 exercitus
825 612 1003 646 perditorum:

213 660 298 678 nonne
315 650 509 686 providendum
526 650 630 677 senatui
647 650 709 681 fuit,
733 659 765 676 ne
781 650 807 676 in
825 650 891 676 hanc
908 654 1005 675 tantam
1034 648 1035 682 j

212 689 348 715 materiem
361 688 500 714 seditionis
512 688 560 713 ista
574 687 676 714 funesta
690 687 731 714 fax
743 685 960 713 adhaeresceret‘?

268 726 309 752 Vl.
328 727 368 752 Η.
392 726 452 752 Fuit
469 726 550 759 igitur
564 734 658 751 caussa
674 725 796 759 capiendi
812 724 916 751 consilii
932 723 1004 750 novi.

212 763 304 789 Videte
316 772 400 794 nunc,
415 762 547 789 fuerintne
559 767 646 796 partes
657 770 730 788 meae
743 770 825 796 paene
837 761 1004 796 praecipuae.

211 800 296 833 Quem
308 805 364 826 tum
377 799 486 835 Sergius
499 799 543 826 ille
555 804 630 829 tuus,
643 808 723 834 quem
738 799 851 829 Lollius,
869 807 949 833 quem
961 806 1006 824 ce-
1034 806 1035 834 ᾗ

212 843 281 864 terne
293 842 380 872 pestes
393 838 418 864 in
432 837 592 872 lapidatione
603 837 648 863 illa
661 836 852 863 nominabant?
865 844 946 871 quem
959 844 1006 861 an—
1027 852 1029 859 Α

212 884 307 902 nonam
320 879 451 910 praestare
462 879 582 909 oportere
593 873 733 900 dicebant?
754 882 839 900 nonne
857 873 917 899 nie?
935 872 1005 905 Quid

211 921 354 948 puerorum
372 912 416 938 illa
431 912 598 939 concursatio
613 916 739 938 nocturna
755 916 812 937 tum
828 919 842 937 a
857 915 881 937 te
895 911 954 945 ipso
965 910 1006 936 in-

207 949 322 976 stituta?
342 950 382 976 Me
399 949 562 976 frumentum
579 948 742 983 flagitabant.
782 948 863 980 Quasi
880 956 943 974 vero
957 955 1006 982 ego

211 991 255 1014 aut
277 987 313 1013 rei
335 986 522 1013 frumentariae
543 986 734 1021 praefuissem,
756 990 802 1012 aut
821 993 1004 1020 compressum

211 1024 319 1059 aliquod
332 1024 495 1051 frumentum
508 1028 637 1055 tenerem,
653 1028 698 1050 aut
712 1024 738 1050 in
751 1024 801 1049 isto
811 1031 908 1058 genere
919 1022 1006 1049 omni-

212 1071 245 1088 no
259 1061 408 1097 quidquam
424 1066 470 1088 aut
484 1061 618 1088 curatione
634 1065 679 1087 aut
699 1065 826 1096 potestate
848 1059 1004 1086 valuissem.

211 1099 263 1125 Sed
280 1099 358 1126 honio
374 1099 405 1125 ad
420 1099 527 1125 caedem
544 1099 688 1125 imminens
704 1106 793 1124 meum
810 1106 905 1124 nomen
917 1097 1005 1131 operis

211 1136 338 1167 ediderat,
351 1137 483 1171 imperitis
495 1136 628 1162 iniecerat.
662 1135 752 1167 Quum
763 1135 796 1161 de
808 1143 865 1161 mea
876 1134 1005 1169 dignitate

211 1174 238 1200 in
255 1173 354 1208 templo
368 1174 437 1200 Iovis
453 1173 552 1208 Optimi
569 1173 679 1199 Maximi
695 1177 802 1199 senatus
819 1171 1006 1207 frequentissi-

210 1219 286 1242 mus,
303 1219 357 1237 uno
371 1212 422 1238 isto
436 1211 623 1241 dissentiente,
641 1210 816 1236 decrevisset:
838 1209 942 1240 subito,
960 1208 1006 1235 illo

211 1248 270 1283 ipso
281 1248 333 1279 die,
346 1249 511 1275 carissimam
524 1256 654 1274 annonam
666 1256 714 1274 nec
725 1248 830 1282 opinata
843 1247 931 1273 vilitas
943 1255 1006 1273 con-

209 1290 300 1312 secuta
312 1290 360 1312 est.
403 1287 443 1312 45.
465 1286 560 1316 Erant,
576 1285 622 1320 qui
635 1285 698 1311 deos
710 1284 873 1312 immortales
884 1284 921 1319 (id
932 1283 1004 1318 quod

209 1331 259 1358 ego
274 1322 370 1358 sentio)
385 1323 496 1349 numine
511 1331 560 1349 suo
576 1322 690 1348 reditum
703 1331 792 1349 meum
804 1322 923 1348 dicerent
933 1330 1005 1347 com-

210 1360 346 1395 probasse.
387 1360 515 1387 Nonnulli
530 1364 619 1386 antem
635 1359 708 1386 illam
725 1368 780 1386 rem
796 1359 828 1386 ad
841 1359 914 1385 illam
926 1359 1006 1385 ratio-

209 1406 270 1424 nem
281 1398 515 1432 coniecturamque
526 1397 758 1431 revocabant,qui,
771 1396 843 1432 quod
855 1397 881 1423 in
894 1405 953 1423 meo
964 1404 1006 1422 re—

208 1434 266 1461 ditu
278 1443 340 1469 spes
351 1435 396 1461 otii
408 1439 433 1461 et
443 1434 598 1462 concordiae
609 1435 659 1461 sita
673 1434 827 1465 videbatur,
845 1434 871 1460 in
882 1434 1004 1460 discessu

208 1477 297 1498 autem
313 1472 486 1507 quotidianus
501 1472 640 1498 seditionis
661 1472 752 1503 timor,
775 1472 828 1498 iam
843 1479 926 1506 paene
941 1471 1005 1498 belli

208 1509 323 1544 depulso
339 1513 423 1541 metu,
441 1514 630 1536 commutatam
647 1517 779 1536 annonam
794 1517 853 1535 esse
866 1508 1003 1535 dicebant:

208 1555 277 1581 quae
288 1547 351 1581 quia
363 1555 456 1573 rursus
467 1547 495 1573 in
507 1555 566 1573 meo
577 1546 663 1573 reditu
676 1546 742 1573 facta
754 1551 809 1573 erat
821 1546 921 1577 durior,
930 1554 1002 1577 ame,

208 1585 286 1610 cuius
297 1584 414 1610 adventu
426 1583 480 1611 fore
493 1584 621 1610 vilitatem
634 1584 696 1610 boni
708 1584 759 1611 viri
770 1583 940 1614 dictitabant,
957 1592 1005 1609 an-

208 1630 276 1648 nona
288 1620 463 1657 flagitabatur.
479 1621 596 1657 VILEgo
607 1621 723 1656 denique
735 1630 787 1648 non
797 1620 885 1647 solum
897 1620 930 1647 ab
941 1629 1005 1654 ope-

208 1659 245 1685 ris
257 1659 322 1689 tuis,
337 1658 456 1693 impulsu
469 1664 527 1690 tuo,
540 1659 708 1689 nominabar,
721 1658 769 1684 sed
780 1658 868 1689 etiam,
882 1657 1004 1692 depulsis

208 1705 238 1722 ac
253 1696 390 1730 dissipatis
406 1696 459 1722 tuis
475 1696 572 1731 copiis,
590 1704 603 1722 a
620 1695 720 1730 populo
733 1696 851 1722 Romano
867 1695 1001 1725 universo,

208 1733 256 1768 qui
269 1737 324 1759 tum
336 1733 363 1759 in
375 1733 535 1768 Capitolium
547 1738 718 1764 convenerat,
735 1741 821 1767 quum
838 1732 883 1759 illo
897 1732 941 1758 die
953 1732 1004 1758 mi-

209 1779 260 1796 nus
272 1770 396 1801 valerem,
410 1771 566 1797 nominatim
578 1771 606 1796 in
617 1774 739 1796 senatum
752 1770 872 1796 vocabar.
902 1771 940 1795 ⁴6.
953 1769 1004 1795 vo.-

210 1808 236 1833 ni
252 1811 431 1842 exspectatus.
472 1807 563 1834 Multis
574 1807 713 1833 sententiis
725 1807 777 1833 iam
789 1807 877 1835 dictis.
895 1811 1002 1842 rogatus

208 1853 270 1871 sum
281 1845 448 1870 sententiam.
470 1845 529 1871 Dixi
541 1844 703 1879 reipublicae
714 1844 927 1874 saluberrimam,
937 1844 1003 1870 mihi

209 1882 395 1908 necessariam.
417 1882 556 1908 Petebatur
567 1890 580 1907 a
593 1890 634 1908 me
647 1881 772 1908 frumenti
784 1881 868 1916 copia,
883 1889 1002 1908 annonae

210 1919 312 1945 vilitas:
329 1919 407 1953 quasi
424 1927 528 1953 possem
545 1918 646 1953 aliquid
661 1919 688 1945 in
699 1927 729 1944 ea
741 1927 767 1944 re
777 1918 903 1954 gerenda.
945 1919 1001 1945 Non

210 1956 366 1982 habebatur.
393 1956 544 1991 Flagitabar
555 1956 685 1982 bonorum
697 1955 919 1990 expostulatione.
950 1956 1003 1982 lm-

210 1993 352 2028 proborum
368 1994 486 2020 convicia
502 1993 634 2019 sustinere
646 2002 697 2020 non
710 1998 837 2028 poteram.
878 1993 1001 2028 Delegavi

208 2031 294 2057 amico
307 2030 479 2065 locupletiori,
494 2039 545 2057 non
557 2039 612 2065 quo
622 2030 670 2061 illi,
679 2031 714 2056 ita
725 2030 757 2057 de
769 2039 810 2056 me
822 2031 1002 2061 merito,onus

209 2067 277 2094 illud
292 2068 455 2102 imponerem
467 2068 680 2103 (succubuissem
692 2068 764 2094 enim
776 2068 865 2102 potius
876 2067 944 2102 ipse)
955 2067 1002 2094 sed
1031 2092 1032 2102 ἶ

207 2105 271 2140 quia
282 2105 406 2131 videbam
419 2105 455 2136 id,
468 2105 540 2141 quod
552 2114 658 2132 omnes:
675 2105 747 2140 quod
760 2114 807 2131 nos
818 2105 851 2131 de
863 2105 911 2132 Cn.
924 2105 1003 2131 Pom-

209 2143 269 2177 peio
280 2142 479 2177 polliceremur,
494 2142 520 2168 id
531 2142 609 2168 illum
622 2143 686 2172 tide,
699 2142 820 2171 consilio.
834 2143 940 2172 virtute.
954 2151 1002 2168 au-

207 2180 335 2210 ctoritate,
349 2179 473 2206 felicitate
483 2179 600 2214 denique
611 2189 659 2206 sna
671 2179 797 2206 facillime
809 2179 1000 2214 perfecturum.

210 2218 249 2242 Π.
267 2217 371 2252 Itaque,
389 2217 446 2243 sive
463 2217 535 2243 bunc
545 2217 582 2243 dii
594 2217 756 2243 immortales
769 2217 884 2243 fructum
898 2217 949 2243 mei
961 2226 1002 2243 re-

207 2254 280 2280 ditus
291 2254 391 2289 populo
397 2255 514 2281 Romano
524 2254 655 2285 tribuunt,
664 2259 702 2286 ut,
710 2254 938 2289 quemadmodum
945 2254 1002 2281 dis-

207 2300 285 2318 cessu
302 2300 360 2318 meo
377 2291 484 2327 frugum
505 2292 607 2326 inopia,
630 2291 727 2322 fames,
750 2292 872 2322 vastitas,
895 2291 999 2323 caedes,

208 2328 338 2360 incendia,
353 2329 469 2363 rapinae,
482 2329 613 2355 scelerum
625 2329 782 2364 impunitas,
795 2328 867 2364 fuga,
877 2328 999 2360 formido,
1030 2353 1031 2362 ,

208 2366 341 2392 discordia
362 2365 469 2397 fuisset,
491 2367 530 2392 sic
551 2366 637 2393 reditu
658 2375 717 2392 meo
738 2367 844 2393 ubertas
864 2375 999 2402 agrorum,

209 2402 316 2438 frugum
328 2404 412 2438 copia,
425 2412 488 2438 spes
497 2403 553 2435 otii,
568 2403 746 2438 tranquillitas
757 2404 916 2434 animorum,
930 2403 1002 2430 iudi-

208 2440 256 2470 cia,
267 2440 346 2475 leges,
355 2440 493 2467 concordia
506 2440 607 2476 populi,
621 2446 729 2467 senatus
741 2442 882 2467 auctoritas
894 2449 1000 2467 mecum

209 2476 289 2502 simul
301 2477 408 2504 reducta
419 2478 573 2510 videantur,
585 2479 644 2504 sive
654 2483 759 2513 egomet
769 2478 872 2513 aliquid
883 2478 999 2504 adventu

209 2521 282 2544 meo,
295 2514 419 2545 consilio,
432 2516 594 2546 auctoritate,
608 2515 746 2551 diligentia
759 2523 807 2550 pro
819 2520 889 2542 tanto
901 2515 1001 2541 beneti-

209 2550 249 2576 cio
261 2550 360 2584 populo
371 2551 486 2578 Romano
499 2557 630 2586 praestare
641 2552 737 2579 debui:
760 2557 872 2587 praesto,
890 2552 1001 2587 promit-

210 2591 243 2617 to,
257 2587 383 2621 spondeo.
424 2588 496 2614 Nihil
507 2589 566 2615 dico
577 2589 707 2623 amplius:
725 2589 788 2617 hoc.
800 2589 873 2624 quod
884 2589 949 2615 satis
961 2593 1001 2615 est

211 2623 273 2649 huic
287 2624 412 2658 tempori,
429 2625 501 2655 dico,
519 2626 712 2660 rempublicam
724 2635 843 2652 annonae
854 2627 961 2653 nomine
972 2627 1000 2653 in

209 2660 236 2687 id
247 2660 399 2692 discrimen,
412 2669 466 2696 quo
479 2662 627 2694 vocabatur,
642 2672 692 2690 non
703 2672 763 2690 esse
775 2668 923 2690 venturam.

818 132 1154 159 T.(:1t:ssttoNtS
1188 132 1374 160 OttA'rto

1034 205 1035 241 i
1113 204 1177 229 vm.
1193 205 1232 229 ta.
1249 204 1318 230 Num
1331 204 1412 237 igitur
1422 204 1449 230 in
1461 204 1510 230 hoc
1519 203 1615 234 officio,
1627 203 1700 240 quod
1713 204 1761 231 fuit
1774 214 1849 240 prat*

1034 247 1035 265 l
1057 241 1135 274 cipue
1147 249 1236 266 meum
1245 261 1251 270 ,
1268 242 1397 267 sententia
1409 250 1466 267 mea
1478 241 1697 276 reprehenditur?
1717 243 1780 269 Item
1793 251 1849 269 m·-

1059 278 1156 303 ximam
1167 278 1254 312 eripui
1265 286 1279 303 e
1291 282 1364 312 peste
1374 279 1473 305 summi
1486 279 1606 313 periculi.
1618 288 1669 306 non
1681 279 1768 306 solum
1780 288 1847 306 eam.

1034 301 1036 349 l
1057 313 1104 340 aed
1116 314 1195 340 etiam
1209 324 1255 340 vos
1266 323 1280 340 a
1291 315 1384 345 caede,
1398 315 1542 346 incendiis.
1556 317 1690 342 vastitate:
1714 326 1793 343 nemo
1804 325 1849 342 ne-

1057 356 1110 384 gat,
1119 360 1202 385 quum
1216 351 1248 377 ad
1260 360 1382 378 caussam
1394 352 1510 379 caritatis
1521 353 1654 380 accederet
1666 354 1715 380 isto
1726 354 1850 389 apecula·

1059 393 1097 414 tor
1107 389 1292 415 communium
1304 389 1486 419 miseriarum.
1503 391 1551 424 qui
1565 399 1671 425 semper
1682 392 1708 417 in
1721 391 1850 426 reipubli-

1035 442 1037 446 =
1058 434 1103 451 cao
1116 426 1192 451 malis
1204 426 1312 452 sceleris
1324 427 1366 452 sui
1380 426 1449 452 faces
1462 426 1640 454 inflammarit.

1114 463 1198 498 Negat
1212 464 1360 497 oportuisse
1371 464 1519 499 quidquam
1533 465 1578 491 uni
1589 470 1661 491 extra
1672 464 1791 491 ordinem
1804 464 1850 491 de-

1057 501 1139 526 cerni.
1181 501 1237 527 Non
1255 501 1305 526 iam
1322 501 1370 527 tibi
1385 501 1424 527 sic
1436 501 1613 535 respondebo.
1631 506 1660 528 ut
1670 503 1777 528 ceteri».-
1800 502 1848 529 Cn.

1059 537 1184 572 Pompeio
1196 537 1324 571 plurima,
1339 538 1574 572 periculosissima,
1589 539 1704 565 maxima
1717 543 1782 566 terra
1794 548 1844 565 ma·

1057 575 1133 609 rique
1145 574 1213 601 bella
1225 579 1297 601 extra
1308 575 1428 602 ordinem
1441 584 1499 602 esse
1509 576 1666 602 commissa:
1683 584 1797 611 quarum
1810 585 1850 603 re-

1057 621 1117 638 rum
1129 613 1151 638 si
1162 621 1243 646 quem
1257 613 1401 647 poeniteat,
1417 621 1479 639 eum
1497 614 1622 640 victoriae
1636 613 1727 648 populi
1740 613 1849 640 nom-ni

1059 658 1166 675 necesse
1177 654 1217 675 cst
1228 651 1370 684 poenitere.
1388 651 1443 676 Non
1456 651 1490 677 ita
1503 655 1589 677 tecum
1601 660 1659 686 ago.
1682 650 1795 677 tecam
1808 650 1850 677 his

1034 685 1035 710 l
1058 686 1122 712 baec
1133 696 1146 712 a
1159 695 1201 713 me
1213 687 1303 713 haberi
1315 687 1398 713 oratio
1409 692 1502 722 potest,
1515 689 1562 723 qui
1576 688 1609 714 ita
1620 688 1767 723 disputant.
1781 689 1850 718 κ,ιί

1034 734 1035 739 ’
1057 732 1109 758 qua
1122 732 1162 750 res
1173 724 1206 750 ad
1219 733 1302 750 unum
1314 724 1456 752 deferenda
1468 725 1514 755 sit,
1531 725 1563 751 ad
1575 726 1623 751 Cn.
1637 725 1792 761 Pompeium
1803 724 1851 751 do-

1034 776 1035 804 *
1058 760 1156 787 laturos
1169 762 1354 796 potissimum:
1377 763 1423 788 sed
1440 771 1468 788 se
1484 767 1556 789 extra
1572 763 1692 789 ordinem
1709 762 1776 790 nihil
1792 762 1851 789 cui-

1057 806 1136 833 quam
1149 798 1224 825 dare:
1237 808 1322 834 quum
1330 800 1455 834 Pompeio
1465 799 1556 826 datum
1569 801 1611 830 sit,
1625 800 1652 826 id
1663 809 1692 826 ae
1704 808 1751 835 pro
1761 799 1852 835 digni-

1058 840 1108 862 tate
1121 835 1237 863 hominis
1247 845 1339 863 ornare
1350 845 1380 863 ac
1391 838 1458 863 tueri
1475 837 1568 864 solere.
1609 837 1707 864 Horum
1725 846 1774 873 ego
1789 845 1851 863 sen—

1058 873 1167 899 tentiam
1179 882 1210 900 ne
1223 873 1342 904 laudern.
1358 874 1490 909 impedior
1500 874 1548 901 Cn.
1562 874 1681 909 Pompeii
1693 874 1848 909 triumphis.

1034 913 1035 919 ¹
1057 910 1157 944 quibus
1169 910 1228 941 ille,
1241 919 1325 946 quum
1337 916 1407 938 esset
1419 916 1490 938 extra
1502 912 1623 938 ordinem
1635 912 1667 938 ad
1680 913 1791 946 patriam
1802 911 1850 937 de-

1057 947 1216 974 fendendam
1229 953 1350 979 vocatus,
1368 949 1443 975 auxit
1457 958 1553 975 nomen
1570 949 1661 984 populi
1675 949 1783 976 Romani
1800 949 1850 975 im-

1058 986 1216 1020 periumque
1228 985 1391 1013 honestavit:
1413 987 1586 1013 constantiam
1602 987 1696 1021 probo.
1714 995 1767 1022 qua
1783 986 1850 1012 mihi

1056 1031 1164 1057 quoque
1176 1023 1304 1049 utendum
1318 1023 1380 1054 fuit,
1397 1032 1451 1059 quo
1466 1023 1511 1050 ille
1526 1029 1631 1050 auctore
1646 1028 1718 1050 extra
1729 1023 1850 1050 ordinem

1057 1059 1158 1086 bellum
1174 1069 1236 1086 cum
1251 1060 1401 1087 Mithridate
1417 1061 1584 1096 Tigraneque
1599 1062 1693 1097 gessit.
1734 1063 1775 1088 20.
1797 1059 1850 1086 Sed

1056 1105 1118 1123 cum
1135 1097 1188 1123 illis
1205 1102 1291 1124 tamen
1308 1106 1417 1132 possum
1433 1098 1534 1133 aliquid
1551 1098 1701 1133 disputare:
1724 1103 1768 1125 tua
1790 1105 1852 1124 vero

1056 1142 1125 1168 quae
1137 1139 1206 1160 tanta
1219 1135 1385 1170 impudentia
1396 1140 1448 1165 est,
1463 1140 1491 1161 ut
1502 1135 1600 1162 audeas
1611 1135 1712 1167 dicere,
1725 1140 1797 1162 extra
1808 1143 1851 1161 or-

1034 1192 1035 1204 ,
1057 1171 1147 1198 dinem
1163 1172 1219 1198 dari
1237 1172 1303 1199 nihil
1319 1173 1445 1207 cuiquam
1461 1172 1599 1207 oportere?
1618 1172 1679 1205 Qui,
1694 1181 1781 1208 quum
1793 1171 1850 1207 lege

1057 1208 1156 1235 nefaria
1169 1209 1348 1236 Ptolemaeum
1357 1231 1363 1240 ,
1377 1218 1464 1245 regem
1477 1210 1572 1245 Cypri,
1590 1209 1696 1236 fratrem
1707 1211 1778 1246 regis
1789 1209 1851 1235 Ate-

1034 1243 1035 1273 l
1057 1246 1190 1277 xandrini,
1204 1247 1297 1274 eodem
1309 1248 1366 1273 iure
1378 1251 1540 1282 regnantem,
1549 1256 1644 1273 caussa
1655 1248 1788 1283 incognita
1800 1255 1851 1281 pu-

1056 1283 1184 1310 blicasses
1201 1284 1386 1319 populumque
1402 1285 1551 1311 Romanum
1565 1284 1665 1311 scelere
1685 1285 1848 1320 obligasses:

1034 1334 1035 1348 l
1055 1330 1141 1356 quum
1153 1322 1180 1348 in
1192 1322 1252 1348 eius
1263 1330 1385 1357 regnum.
1399 1321 1476 1352 bona,
1489 1321 1608 1348 fortunas
1621 1321 1787 1348 latrocinium
1800 1320 1851 1347 hu-

1057 1358 1099 1385 ius
1111 1359 1216 1393 imperii
1229 1359 1399 1390 immisisses,
1412 1360 1490 1385 cuius
1502 1368 1563 1385 cum
1576 1363 1658 1394 patre,
1671 1368 1730 1391 avo,
1743 1358 1850 1385 maiori-

1056 1396 1108 1422 bus
1119 1397 1231 1422 societas
1243 1397 1320 1423 nobis
1331 1401 1356 1423 et
1367 1397 1482 1423 amicitia
1494 1396 1604 1422 fuisset:
1627 1396 1708 1423 huius
1723 1397 1851 1431 pecuniae

1056 1433 1235 1468 deportandae
1246 1438 1280 1465 et,
1294 1434 1317 1460 si
1328 1434 1391 1469 quis
1402 1442 1482 1460 suum
1494 1433 1657 1464 defenderet,
1675 1433 1746 1460 bello
1755 1442 1851 1469 geren-

1056 1470 1089 1497 do
1102 1471 1136 1497 M.
1150 1471 1275 1498 Catonem
1287 1471 1448 1506 praefecisti.
1489 1472 1530 1498 2⁴.
1552 1471 1637 1501 Dices,
1650 1479 1732 1506 quem
1743 1468 1852 1497 virum?

1033 1512 1035 1541 ξ
1056 1508 1270 1539 Sanctissimum.
1284 1508 1536 1543 prudentissimum,
1550 1508 1850 1539 fortissimum,amicis-

1033 1558 1034 1562 =
1055 1546 1156 1572 simum
1167 1545 1340 1580 reipublicae,
1353 1547 1460 1577 virtute,
1473 1546 1594 1577 consilio,
1602 1546 1701 1572 ratione
1713 1546 1790 1576 vitae,
1800 1546 1851 1572 mi-

1033 1587 1034 1594 *
1057 1583 1133 1609 rabili
1145 1583 1177 1609 ad
1193 1582 1312 1614 laudem,
1326 1587 1351 1609 et
1362 1591 1444 1618 prope
1455 1583 1596 1619 singulari.
1628 1582 1681 1610 Sed
1691 1582 1758 1617 quid
1769 1582 1802 1609 ad
1813 1587 1847 1612 te.

1032 1634 1034 1654 1
1055 1621 1102 1654 qui
1123 1629 1205 1655 negas
1221 1628 1280 1646 esse
1295 1629 1402 1650 verum,
1425 1628 1589 1655 quemquam
1605 1619 1654 1646 ulli
1670 1621 1707 1646 rei
1726 1619 1850 1655 publicae

1055 1662 1128 1683 extra
1142 1657 1262 1683 ordinem
1279 1656 1405 1691 praefici?
1433 1657 1480 1683 IX.
1501 1657 1590 1692 Atque
1605 1657 1632 1683 in
1649 1657 1698 1683 hoc
1708 1656 1795 1683 solum
1807 1658 1850 1683 in—

1054 1695 1229 1721 constantiam
1241 1694 1372 1730 redarguo
1383 1699 1469 1726 tuam,
1482 1694 1529 1729 qui
1541 1695 1568 1721 in
1580 1694 1639 1729 ipso
1649 1694 1755 1724 Catone,
1767 1702 1849 1729 quem

1055 1736 1083 1758 tu
1095 1740 1146 1758 non
1158 1740 1205 1766 pro
1216 1731 1290 1758 illius
1300 1731 1430 1767 dignitate
1441 1731 1613 1766 produxeras.
1621 1731 1667 1758 sed
1678 1740 1726 1766 pro
1737 1736 1782 1758 tuo
1791 1739 1851 1758 sce-

1055 1768 1108 1795 lere
1119 1769 1302 1800 subduxeras,
1319 1777 1402 1803 quem
1412 1770 1466 1795 tuis
1477 1768 1588 1804 Sergiis,
1603 1768 1704 1799 Lolliis.
1718 1769 1795 1795 Titiis
1805 1777 1850 1795 ce-

1055 1807 1173 1841 terisque
1195 1806 1285 1832 caedis
1307 1811 1333 1832 et
1355 1805 1540 1832 incendiorum
1563 1805 1680 1832 ducibus
1703 1806 1846 1835 obieceras,

1054 1852 1134 1878 quem
1150 1843 1300 1870 carnificem
1316 1843 1431 1874 civium,
1448 1852 1529 1878 quem
1544 1843 1759 1869 indemnatorum
1776 1843 1849 1869 necis

1055 1881 1212 1915 principem,
1220 1889 1301 1916 quem
1313 1880 1477 1907 crudelitatis
1488 1885 1620 1907 auctorem
1634 1879 1718 1906 fuisse
1726 1879 1846 1907 dixeras:

1053 1918 1086 1944 ad
1104 1918 1174 1944 hunc
1191 1918 1316 1944 honorem
1332 1922 1358 1944 et
1373 1918 1517 1952 imperium
1532 1922 1606 1944 extra
1621 1918 1741 1944 ordinem
1762 1917 1849 1944 nomi-

1032 1984 1033 1990 ,
1055 1955 1136 1982 natim
1152 1956 1286 1991 rogatione
1301 1959 1345 1981 tua
1360 1955 1480 1981 detulisti
1495 1959 1521 1981 et
1536 1959 1606 1981 tanta
1621 1954 1697 1981 fuisti
1717 1955 1850 1990 intempe-

1031 1996 1033 2018 l
1055 1993 1150 2023 rantia,
1174 1997 1204 2019 ut
1224 1992 1297 2019 illius
1318 1993 1357 2019 tui
1376 1992 1486 2018 sceleris
1501 1992 1629 2019 rationem
1644 1991 1776 2019 occultare
1796 2000 1848 2019 non

1055 2038 1157 2064 posses.
1198 2031 1241 2056 22.
1259 2030 1370 2056 Litteras
1381 2030 1409 2056 in
1419 2030 1546 2056 concione
1557 2029 1682 2060 recitasti,
1695 2037 1763 2064 quas
1774 2029 1847 2056 tibia

1054 2067 1082 2094 C.
1096 2067 1206 2094 Caesare
1217 2067 1314 2093 missas
1329 2067 1441 2094 diceres.
1472 2075 1585 2093 eat-:ssa
1596 2075 1741 2093 runcano:
1761 2074 1847 2101 quum

1030 2104 1032 2112 ¹
1053 2105 1132 2131 etiam
1144 2113 1172 2131 es
1183 2109 1392 2140 argumentatus,
1401 2105 1498 2131 amoris
1508 2112 1568 2130 esse
1578 2104 1627 2131 hoc
1635 2104 1753 2140 signum.
1761 2111 1847 2139 quum

1054 2143 1209 2168 nominibus
1233 2147 1335 2168 tantum
1352 2146 1484 2173 uteretur,
1509 2149 1596 2176 neque
1613 2141 1770 2171 ascriberet,
1795 2149 1848 2167 rao

1053 2188 1198 2209 cossura,
1211 2184 1257 2205 aut
1267 2188 1394 2206 Tntnun'o
1406 2187 1523 2205 ruanis:
1540 2178 1638 2205 deinde
1647 2177 1775 2214 gratulari
1787 2177 1845 2208 tibi,

1053 2217 1126 2252 quod
1140 2217 1211 2242 idem
1228 2217 1254 2243 in
1269 2221 1406 2251 posterum
1416 2217 1452 2242 M.
1465 2216 1591 2243 Catonem
1601 2215 1739 2242 tribunatu
1750 2219 1795 2241 tuo
1805 2223 1848 2241 re—

1030 2259 1032 2287 ]
1054 2254 1198 2284 movisses,
1217 2258 1243 2280 et
1257 2253 1330 2288 quod
1345 2253 1416 2280 idem
1433 2254 1459 2280 in
1475 2258 1612 2288 posterum
1623 2252 1656 2279 de
1665 2251 1848 2279 extraordina-

1053 2291 1100 2317 riis
1112 2291 1288 2326 potestatibus
1301 2291 1447 2317 libertatem
1459 2291 1619 2317 ademisses:
1631 2298 1700 2324 quas
1711 2294 1758 2316 aut
1767 2297 1847 2316 num-

1052 2337 1133 2363 quam
1146 2328 1193 2354 tibi
1206 2328 1251 2354 ille
1263 2328 1363 2354 litteras
1375 2329 1460 2359 misit,
1473 2333 1532 2359 aut,
1545 2328 1569 2354 si
1579 2327 1666 2357 misit,
1682 2327 1709 2353 in
1720 2327 1847 2353 concione

1053 2366 1157 2392 recitari
1178 2365 1271 2397 noluit,
1294 2370 1348 2396 aut,
1371 2366 1428 2392 sive
1449 2364 1495 2391 ille
1510 2365 1591 2395 misit,
1613 2364 1672 2390 sive
1688 2368 1717 2390 tu
1733 2363 1843 2394 finxisti,

1051 2408 1121 2429 certe
1135 2403 1279 2429 consilium
1295 2407 1371 2429 tuum
1386 2402 1419 2428 de
1430 2402 1536 2429 Catonis
1548 2401 1646 2428 honore
1657 2400 1764 2427 illarum
1776 2400 1846 2426 litte-

1052 2449 1142 2467 rarum
1157 2440 1309 2466 recitatione
1324 2439 1484 2474 patefactum
1499 2443 1548 2465 est.
1589 2438 1642 2465 Sed
1661 2439 1754 2465 omitto
1768 2437 1846 2464 Cato—

1053 2486 1127 2508 nem.
1145 2478 1224 2504 cuius
1238 2477 1337 2503 eximia
1352 2477 1451 2506 virtus,
1467 2476 1584 2511 dignitas
1599 2481 1625 2501 et
1640 2476 1668 2502 in
1682 2483 1714 2502 eo
1728 2475 1843 2510 negotio,

1029 2517 1032 2541 l
1051 2515 1123 2550 quod
1137 2515 1233 2550 gessit,
1256 2514 1322 2540 tides
1336 2518 1362 2540 et
1375 2513 1536 2540 continentia
1552 2518 1639 2548 tegere
1655 2512 1779 2539 videntur
1793 2512 1845 2538 im-

1052 2553 1209 2586 probitatem
1221 2556 1247 2577 et
1258 2551 1324 2587 legis
1336 2555 1362 2577 et
1371 2551 1481 2577 actionis
1492 2555 1562 2576 tuae.
1588 2552 1630 2576 23.
1642 2548 1731 2582 Quid?
1741 2549 1844 2576 homini

1053 2594 1112 2624 post
1123 2589 1245 2615 homines
1256 2593 1330 2615 natos
1342 2588 1510 2622 turpissimo,
1523 2586 1741 2616 sceleratissimo,
1754 2591 1844 2612 conta-

1029 2650 1031 2655 ,
1052 2627 1230 2652 minatissimo
1248 2626 1311 2660 quis
1325 2625 1398 2652 illam
1414 2626 1531 2659 opimam
1545 2624 1715 2658 fertilemque
1726 2622 1840 2658 Syriam.

1028 2657 1031 2689 l
1051 2664 1114 2698 quis
1125 2663 1227 2690 bellum
1239 2662 1416 2697 pacatissimis
1427 2661 1553 2697 gentibus
1561 2681 1567 2691 ,
1584 2661 1647 2697 quis
1657 2661 1799 2696 pecuniam
1809 2659 1842 2686 ad
