1941 3052
214 149 261 173 ΗΟ
785 145 826 170 37.
862 144 896 170 M.
931 144 960 170 T.

211 219 274 244 nint.
308 216 337 244 Si
349 216 590 251 nibileritprncter
602 216 720 250 ipsorum
737 214 908 247 suffragium,
927 218 1006 240 tenue

211 260 265 281 est:
279 256 312 285 ni,
327 259 355 280 ut
365 254 551 286 suffragentur,
565 253 630 278 nibil
647 252 733 277 valent
744 253 838 285 gratia.
865 252 918 286 lpsi
930 251 1006 277 deni-

211 301 278 327 que,
292 297 320 318 ut
332 292 418 317 auli-nt
432 291 517 325 loqui,
535 299 585 316 non
596 290 683 315 (licere
696 297 743 323 pro
754 289 844 319 nubis,
863 298 914 314 non
926 297 1007 322 spon-

211 329 287 360 dere,
307 338 356 355 non
376 337 466 354 vocare
482 328 591 353 «lunium
607 335 684 352 uuum
701 330 826 360 possunt:
849 331 928 361 atque
943 326 1007 351 baec

212 377 225 393 a
238 367 314 393 nobis
327 370 419 401 petunt
431 366 533 391 omniu:
547 372 634 398 neque
647 363 700 389 ulla
712 372 738 389 re
750 363 810 393 alia,
823 372 892 398 quw
903 372 916 388 n
929 362 1006 389 nobis

211 408 426 438 consequuntur,
440 402 489 428 nisi
501 410 579 435 operti
590 409 648 431 sua,
662 401 828 435 compensari
841 405 934 434 putant
946 409 1007 434 pos-

212 451 249 467 se.
283 442 371 474 ltaque
383 444 407 465 et
421 439 470 472 legi
483 439 586 469 Fabiae,
600 446 669 473 quae
679 442 720 463 est
730 437 762 463 tle
774 446 885 463 numero
895 442 1007 464 sectato-

213 487 285 507 rum,
302 482 327 503 et
338 475 582 506 senatusconsulto,
599 474 670 510 quod
683 479 722 501 est
735 475 763 501 L.
776 476 886 501 Caesare
896 475 1006 501 consule

213 516 319 545 fai-tum,
335 514 496 540 restiterunt.
536 512 614 539 Nulla
625 516 665 538 est
676 513 746 538 enim
759 521 850 546 poena,
864 520 933 546 quae
945 521 1006 547 pos-

211 553 245 578 sit
257 552 451 578 observantiam
465 551 615 576 tenuiorum
627 549 660 576 ab
672 549 721 575 boc
733 554 820 575 vetere
832 550 953 576 instituto
966 549 1007 576 of-

212 590 330 616 ficiorum
343 588 494 614 excludere.
534 589 577 614 72.
598 587 632 613 At
647 586 796 622 spectacula
811 592 874 613 sunt
886 587 1005 613 tributim

211 628 278 656 (lata,
292 626 358 652 etad
371 625 512 660 prandium
525 624 606 661 vulgo
618 625 711 651 vocati.
751 624 809 651 Etsi
822 625 870 651 lioc
881 624 982 650 factum
993 632 1006 650 a

212 665 319 690 Murena
331 663 452 694 omnino,
467 662 581 693 iudices,
601 671 652 688 non
664 666 716 692 est,
739 662 773 688 ab
783 662 842 688 eius
854 662 947 688 amicis
959 670 1008 688 au—

212 707 262 727 tem
284 709 356 727 more
376 705 402 726 et
424 700 502 726 modo
518 699 616 726 factum
633 704 686 729 est;
709 704 796 725 tamen
813 699 965 725 admonitus
980 708 1007 725 re

212 739 268 773 ipsa
281 737 415 768 recordor,
433 742 563 772 quantum
576 737 624 763 liae
635 737 805 772 quaestiones
816 737 842 762 in
854 741 948 763 senatu
960 736 1007 762 ba-

211 776 280 802 bitae
291 780 451 810 punctorum
464 775 549 805 nobis,
558 775 641 805 Servi,
654 774 826 800 detraxerint.
848 773 923 806 Quod
935 775 1006 800 enim

211 818 318 848 tempus
334 812 385 839 fuit
400 817 445 838 aut
461 817 547 838 nostra
563 816 608 838 aut
624 817 728 847 patrum
743 816 894 837 nostrorum
906 820 1007 838 memo-

211 851 262 881 ria,
284 858 339 885 quo
359 850 424 876 haec
443 850 501 876 sive
521 849 630 875 ambitio
650 854 689 875 est
709 849 766 875 sive
789 849 933 875 liberalitas
954 858 1006 875 non

211 887 305 918 fuerit,
323 891 351 913 ut
368 887 441 913 locus
456 891 481 913 et
497 887 523 913 in
539 887 609 913 circo
619 887 682 912 etin
695 886 750 912 foro
760 886 867 912 daretur
877 886 971 913 amicis
981 890 1007 913 et

212 924 375 951 tribulibus?
386 925 454 950 llaec
466 925 588 950 homines
600 925 733 950 tenuiores
745 924 873 958 primum,
887 924 1006 950 nondum

210 963 259 997 'qui
282 971 295 988 a
318 963 376 988 suis
400 961 545 988 tribulibus
570 966 657 988 vetere
681 961 803 988 instituto
825 961 1008 997 assequeban-

211 1005 254 1026 tiu·
265 1000 275 1011 ’
288 999 298 1012 ⁸
311 999 321 1012 ‘

491 1037 576 1071 (Deest
587 1036 722 1070 nonnihil.)

212 1074 323 1101 XXXV.
339 1075 382 1101 73.
404 1073 568 1101 Praefectum
586 1074 691 1101 fabrum
705 1073 788 1100 semel
800 1073 887 1100 locum
900 1072 1007 1100 tribuli-

211 1112 262 1138 bus
279 1113 336 1138 suis
351 1111 471 1138 dedisse:
494 1111 560 1146 quid
577 1116 708 1138 statuetur
723 1111 750 1138 in
767 1112 838 1138 viros
853 1111 1004 1146 primarios,

210 1150 257 1184 qui
275 1150 301 1176 in
317 1150 386 1176 circo
401 1154 465 1175 totas
477 1149 599 1175 tabernas
611 1149 752 1176 tribulium
763 1157 858 1175 caussa
869 1157 1006 1183 compara-

211 1186 291 1213 runt?
310 1187 378 1213 llaec
388 1187 475 1213 onmia
490 1191 664 1218 sectatorum,
681 1186 907 1221 spectaculorum,
927 1195 1007 1221 pran-

210 1224 315 1250 diorum
332 1225 394 1250 item
410 1224 521 1250 crimina
536 1232 550 1250 a
566 1223 738 1251 multitudine
754 1224 781 1250 in
801 1228 874 1250 tuam
895 1224 1006 1250 nimiam

210 1261 392 1297 diligentiam,
410 1261 500 1292 Servi,
522 1262 639 1288 coniecta
658 1266 735 1288 sunt:
759 1261 785 1287 in
800 1261 901 1296 quibus
919 1266 1006 1287 tamen

210 1299 319 1325 Murena
331 1298 363 1325 ab
373 1303 480 1325 senatus
491 1299 644 1325 auctoritate
654 1298 816 1325 defenditur.
836 1298 907 1331 Quid
917 1297 1007 1325 enim‘?

210 1336 324 1362 Senatus
335 1345 400 1363 num
411 1336 518 1363 obviam
533 1336 638 1371 prodire
649 1337 749 1363 crimen
761 1336 855 1370 putat‘?
875 1336 946 1362 Non:
959 1335 1006 1361 sed
1028 1339 1029 1370 ζ

210 1373 344 1400 mercede:
366 1374 504 1400 convince.
545 1374 616 1400 Num
628 1374 722 1400 sectari
735 1373 852 1400 multos?
871 1374 942 1405 N0n3
959 1372 1006 1399 sed

209 1411 368 1437 conductos:
390 1411 464 1437 doce.
505 1411 575 1437 Num
591 1411 679 1438 locum
695 1411 727 1437 ad
739 1411 914 1446 spectandum
927 1409 1008 1437 dare?

210 1453 255 1475 aut
266 1448 298 1475 ad
308 1448 451 1483 prandium
463 1447 595 1475 invitare?
615 1449 735 1475 Minime.

209 1487 271 1512 sim.
311 1485 382 1518 Quid
393 1491 433 1513 est
444 1485 544 1522 vulgo?
564 1486 714 1513 universos.
756 1486 814 1512 Non
825 1486 922 1522 igitur,
940 1486 963 1511 si
975 1485 1005 1511 L.

209 1524 298 1555 Natta,
316 1532 423 1550 summo
434 1523 491 1551 loco
500 1522 668 1555 adolescens.
681 1524 729 1558 qui
745 1528 771 1550 et
785 1532 839 1558 quo
854 1524 943 1549 animo
954 1523 1006 1549 iam

208 1561 251 1591 sit,
264 1565 290 1587 et
300 1560 388 1596 qualis
399 1561 440 1587 vir
450 1560 557 1588 futurus
568 1562 612 1592 sit,
625 1561 758 1592 videmus,
772 1561 800 1587 in
811 1561 934 1596 equitum
945 1569 1008 1587 cen—

208 1599 287 1624 turiis
302 1598 388 1625 voluit
402 1607 462 1625 esse
476 1603 502 1625 et
516 1598 549 1625 ad
564 1598 614 1625 hoc
629 1598 748 1625 officium
763 1598 971 1625 necessitudinis
982 1602 1008 1624 et

209 1635 242 1662 ad
264 1635 400 1671 reliquum
420 1640 527 1671 tempus
547 1637 694 1672 gratiosus,
717 1635 745 1662 id
766 1637 815 1662 erit
834 1636 892 1662 eius
913 1635 1007 1661 vitrico

210 1672 297 1699 fraudi
308 1677 353 1699 aut
363 1673 483 1700 crimini:
506 1682 566 1704 nec,
585 1673 608 1699 si
620 1674 695 1709 virgo
706 1672 834 1703 Vestalis.
852 1673 934 1699 liuius
945 1681 1007 1707 pro-

209 1711 311 1745 pinqua
322 1714 348 1737 et
359 1711 521 1741 necessaria,
539 1710 627 1737 locum
643 1719 725 1737 suum
739 1709 929 1745 gladiatorium
944 1718 1008 1736 con-

209 1748 290 1774 cessit
301 1747 377 1778 huic,
395 1756 448 1774 non
464 1752 490 1774 et
503 1747 548 1774 illa
564 1748 607 1783 pie
618 1747 693 1779 fecit,
710 1752 736 1773 et
747 1748 790 1773 hie
801 1756 815 1773 a
826 1746 904 1782 culpa
915 1752 955 1773 est
966 1755 1008 1773 re-

210 1789 309 1811 motus.
345 1784 441 1811 Omnia
452 1785 517 1811 haec
527 1789 591 1811 sunt
601 1784 688 1811 officia
700 1785 920 1818 necessariorum,
934 1793 1008 1811 com-

210 1821 287 1849 moda
299 1822 460 1853 tenuiorum,
472 1823 565 1849 munia
576 1822 788 1849 candidatorum.

265 1860 308 1886 74,
330 1859 364 1886 At
384 1860 455 1886 enim
471 1860 526 1895 agit
541 1868 647 1886 mecum
664 1865 769 1886 austere
789 1864 815 1886 et
830 1858 917 1886 Stoice
933 1859 1005 1886 Cato.

210 1897 295 1932 Negat
305 1905 399 1923 verum
415 1905 487 1928 esse,
505 1896 576 1923 allici
591 1897 804 1923 benevolentiam
820 1897 894 1923 cibo:
918 1902 1004 1933 negat,

209 1934 342 1960 iudicium
357 1934 497 1960 hominum
511 1934 539 1960 in
553 1934 755 1970 magistratibus
770 1934 930 1961 mandandis
949 1943 1007 1961 cor-

210 1971 300 2006 rumpi
311 1971 494 2006 voluptatibus
505 1976 634 2006 oportere.
674 1972 744 2007 Ergo
755 1971 788 1998 ad
798 1981 907 1998 coenam
915 1993 921 2002 ,
939 1973 1008 2006 peti-

211 2009 290 2035 tionis
301 2017 408 2040 caussa,
426 2009 450 2035 si
464 2009 526 2044 quis
542 2013 630 2040 vocat,
648 2009 849 2036 condemnetur.
889 2009 1004 2044 Quippe,

208 2046 307 2081 inquit,
320 2050 349 2072 tu
360 2046 427 2072 mibi
438 2055 576 2073 summum
587 2047 741 2081 imperium,
755 2047 801 2073 tu*
813 2055 947 2073 summam
959 2055 1007 2073 au-

209 2084 370 2115 ctoritatem,
388 2088 415 2110 tu
431 2083 611 2119 gubernacula
623 2084 787 2119 reipublicae
799 2089 872 2119 petas
884 2083 1006 2111 fovendis

210 2120 350 2147 hominum
362 2121 488 2148 sensibus
499 2125 524 2148 et
534 2121 696 2148 deliniendis
707 2122 805 2148 animis
815 2121 1007 2148 etadbibendis

210 2157 414 2193 voluptatibus?
424 2158 518 2185 Utrum
531 2158 703 2190 lenocinium,
717 2159 814 2194 inquit,
823 2168 836 2185 a
847 2167 929 2195 grege
940 2159 1008 2185 deli-

209 2199 282 2222 catae
293 2195 441 2222 iuventutis
449 2217 455 2227 ,
468 2205 502 2222 an
513 2196 585 2223 orbis
597 2201 727 2223 terrarum
739 2197 883 2232 imperium
895 2205 909 2222 a
921 2205 1008 2231 popu-

211 2232 236 2259 lo
246 2233 364 2260 Romano
375 2233 502 2268 petebas?
520 2233 661 2260 Horribilis
676 2235 772 2260 oratio:
789 2234 837 2260 sed
853 2243 911 2260 eam
928 2243 1004 2265 usus,

210 2270 273 2301 vita,
287 2279 383 2302 mores,
395 2271 490 2297 civitas
501 2271 560 2306 ipsa
571 2272 683 2306 respuit.
724 2272 817 2306 Neque
827 2276 915 2298 tamen
926 2272 1008 2298 Lace-

209 2307 357 2339 daemonii,
380 2313 500 2335 auctores
516 2309 595 2335 istius
611 2309 680 2335 vitae
695 2314 774 2343 atque
795 2309 936 2340 orationis,
959 2309 1007 2344 qui

209 2345 374 2380 quotidianis
389 2345 477 2380 epulis
492 2346 520 2372 in
535 2346 627 2372 robore
644 2347 820 2378 accumbunt,
843 2355 931 2382 neque
944 2355 1008 2373 vero

211 2382 314 2414 Cretes,
331 2391 446 2417 quorum
459 2391 537 2410 nemo
546 2384 666 2419 gustavit
677 2392 805 2418 umquam
817 2384 932 2415 cubans,
950 2392 1008 2410 me-

212 2419 277 2450 tius.
295 2429 376 2454 quam
389 2421 501 2447 Romani
512 2421 647 2452 homines,
665 2421 713 2455 qui
730 2426 847 2456 tempora
859 2421 1006 2456 voluptatis

212 2455 363 2492 laborisque
379 2457 554 2492 dispertiunt.
571 2458 739 2493 respublicas
749 2467 813 2485 suas
824 2459 1005 2485 retinuerunt:

211 2501 326 2528 quorum
350 2494 423 2521 alteri
447 2504 501 2521 uno
523 2495 639 2522 adventu
663 2496 747 2522 nostri
770 2497 904 2522 exercitus
926 2496 1007 2522 deleti

212 2535 288 2561 sunt,
301 2530 376 2557 alteri
390 2533 471 2558 nostri
483 2533 588 2567 imperii
600 2533 734 2567 praesidio
745 2533 918 2568 disciplinam
929 2542 1006 2560 suam

214 2567 340 2602 legesque
349 2575 516 2595 conservant.
557 2570 680 2596 XXXVI.
694 2571 736 2596 75.
753 2570 839 2602 Quare
851 2570 914 2602 noli⁷
933 2571 1004 2602 Cato⁷

214 2605 343 2630 maiorum
355 2605 484 2637 instituta,
493 2615 562 2641 quae
573 2616 615 2633 res
626 2607 693 2642 ipsa,
702 2616 771 2642 quae
781 2607 944 2634 diuturnitas
955 2609 1007 2634 im-

214 2641 281 2675 perii
291 2643 456 2676 comprobat,
475 2644 588 2670 nimium
599 2653 690 2671 severa
701 2645 818 2671 oratione
828 2645 1008 2679 reprebende-

214 2686 250 2704 re.
276 2679 337 2705 Fuit
346 2679 438 2706 eodem
450 2688 483 2707 ex
493 2681 582 2708 studio
592 2682 633 2708 vir
644 2681 766 2708 eruditus
777 2682 849 2717 apud
860 2687 947 2717 patres
958 2691 1007 2710 no—

996 143 1274 170 ctCEtioxtS

1033 215 1036 254 l
1058 219 1139 244 atros,
1161 218 1187 240 et
1203 213 1330 240 honestus
1346 213 1425 241 homo
1439 219 1465 242 et
1479 215 1590 246 nobilis.
1611 215 1643 248 Q.
1659 215 1775 242 Tubero.
1815 216 1849 248 1»,

1034 266 1036 277 ι
1057 260 1142 286 quum
1154 251 1265 285 epulum
1276 251 1308 283 Q.
1322 251 1455 278 Maximus
1465 252 1580 280 Africani
1593 253 1678 288 patrui
1689 254 1732 280 aui
1744 253 1852 280 nomino

1034 314 1035 317 ,
1058 288 1158 323 populu
1169 289 1286 315 Romano
1295 288 1382 319 daret.
1397 294 1504 325 rogatus
1514 295 1554 316 est
1565 300 1578 317 ι
1590 291 1714 321 Maximo.
1728 295 1757 317 ut
1769 290 1853 317 tricli-

1059 327 1133 352 nium
1146 331 1286 355 sterneret.
1304 334 1389 360 quum
1405 331 1475 353 esset
1485 327 1590 354 Tubero
1600 327 1722 354 eiusdem
1734 327 1853 355 Africani

1058 363 1155 389 sororia
1168 363 1250 389 lilius.
1276 363 1363 398 Atque
1376 363 1429 393 ille.
1444 363 1522 391 bomo
1532 364 1731 392 eruditissimus
1742 374 1772 391 ac
1783 365 1854 392 Stoi·-

1057 409 1119 431 cus,
1138 401 1231 426 stravit
1248 400 1383 435 pelliculis
1399 401 1521 428 haedinis
1538 401 1647 428 lectulos
1663 402 1813 429 Punicanos
1827 407 1854 430 et

1034 472 1035 476 Ἰ
1058 438 1183 472 exposuit
1195 447 1256 463 vasa
1268 438 1371 469 Samia:
1384 439 1462 472 quasi
1475 447 1536 465 vero
1547 444 1617 465 esset
1631 440 1759 475 Diogenes
1771 440 1854 476 Cyni·

1057 484 1105 501 cus
1117 480 1252 505 mortuus.
1269 479 1295 501 ct
1307 484 1357 501 non
1369 475 1453 502 divini
1466 476 1583 502 bominis
1594 476 1710 504 Africani
1721 486 1793 504 mors
1805 477 1854 504 ho—

1059 517 1219 539 nestaretur:
1241 520 1322 547 quem
1343 521 1428 547 quum
1445 522 1572 548 supremo
1587 514 1646 540 eius
1660 513 1704 540 dia
1718 515 1853 542 Maximus

1059 550 1190 579 laudaret,
1207 550 1306 585 gratias
1317 549 1370 585 egit
1381 550 1433 576 diis
1445 550 1655 581 immortalibus,
1672 551 1744 586 quod
1755 551 1800 579 ille
1812 552 1854 579 vir

1058 589 1084 614 in
1106 588 1154 613 bac
1175 587 1311 622 republica
1339 588 1508 622 potissimum
1534 593 1612 614 natus
1635 593 1719 615 esset:
1744 597 1853 616 neeesse

1058 625 1129 651 enim
1142 624 1238 655 fuisse.
1258 625 1294 651 ibi
1305 633 1364 651 esse
1375 629 1503 651 terrarum
1514 625 1671 660 imperium,
1690 625 1736 652 ubi
1752 625 1797 652 ille
1810 635 1854 653 es-

1034 681 1036 687 .
1057 667 1106 688 set.
1139 663 1224 688 lluius
1236 662 1262 688 in
1274 666 1357 688 morte
1369 662 1526 689 celebranda
1538 663 1654 698 graviter
1665 662 1726 689 tulit
1736 662 1853 699 populus

1059 701 1193 726 Romanus
1207 700 1272 726 lianc
1285 708 1436 734 perversam
1447 701 1605 734 sapientiam
1617 700 1775 727 Tuberonis.
1808 701 1852 727 76.

1059 739 1149 772 ltaque
1161 738 1240 763 bomo
1249 738 1451 770 integerrimus,
1463 738 1532 764 civis
1542 738 1674 772 optimus,
1686 746 1772 773 quum
1783 742 1854 765 esset

1060 776 1087 801 L.
1102 774 1186 801 Paulli
1198 784 1289 809 nepos,
1304 775 1331 800 Ρ.
1345 774 1472 805 Africani.
1486 774 1591 805 utdixi,
1605 775 1703 802 sororis
1714 775 1796 807 filius,
1810 775 1853 802 hia

1059 812 1180 838 haedinis
1193 812 1327 846 pelliculis
1339 817 1461 846 praetura
1471 812 1591 839 deiectus
1605 817 1654 839 est.
1694 812 1756 839 Odit
1767 821 1854 848 popu-

1060 849 1100 876 lus
1115 850 1250 876 Romanus
1267 850 1396 884 privatam
1414 849 1562 881 luxuriam.
1579 849 1714 885 publicam
1731 850 1854 886 magnifi-

1057 887 1169 913 centiam
1181 887 1284 923 diligit:
1308 896 1358 913 non
1374 892 1445 913 amat
1460 887 1582 922 profusas
1597 887 1704 922 epulas.
1721 887 1813 914 sordes
1827 892 1855 914 et

1059 924 1279 951 inhumanitatem
1292 924 1376 950 multo
1387 925 1487 951 minus.
1518 925 1665 961 Distinguit
1675 925 1802 952 rationem
1813 924 1854 952 of-

1058 962 1179 988 ficiorum
1190 970 1220 988 ac
1232 966 1396 996 temporum.
1414 961 1630 988 vicissitudinem
1648 961 1745 988 laboris
1760 971 1790 988 ac
1806 971 1854 989 vo-

1059 999 1176 1034 luptatis.
1198 999 1353 1034 Nam,quod
1364 999 1412 1029 ais,
1421 999 1494 1026 nulla
1506 1007 1534 1026 re
1545 999 1615 1026 allici
1627 999 1766 1026 hominum
1778 1008 1855 1026 men-

1035 1026 1037 1081 i
1059 1041 1097 1063 tes
1111 1041 1230 1071 oportere
1241 1036 1273 1063 ad
1287 1037 1471 1071 magistratum
1484 1036 1680 1067 mandandum.
1697 1037 1750 1063 nisi
1763 1036 1855 1073 digni-

1059 1079 1122 1101 tate:
1142 1074 1190 1100 boc
1202 1078 1229 1100 tu
1242 1074 1313 1108 ipse,
1326 1075 1353 1100 in
1364 1083 1419 1109 quo
1429 1083 1534 1100 summa
1546 1079 1586 1100 est
1595 1074 1721 1109 dignitas,
1734 1082 1787 1101 non
1797 1082 1855 1101 aet·-

1058 1121 1115 1138 vas.
1138 1111 1191 1138 Cur
1202 1112 1272 1138 enim
1283 1119 1462 1146 quemquam,
1476 1116 1504 1138 ut
1515 1111 1620 1138 studeat
1631 1111 1688 1141 tibi.
1702 1116 1731 1138 ut
1743 1116 1767 1138 te
1777 1111 1855 1138 adiu-

1035 1159 1037 1175 1
1058 1154 1115 1180 vet,
1129 1148 1223 1185 rogas?
1243 1149 1329 1184 Rogas
1341 1153 1368 1175 tu
1381 1157 1432 1179 me,
1445 1154 1474 1175 ut
1485 1148 1552 1175 mihi
1563 1149 1674 1183 praesis,
1690 1153 1721 1175 ut
1731 1149 1855 1175 commit-

1035 1204 1037 1210 ι
1058 1191 1111 1213 tam
1121 1195 1170 1222 ego
1182 1194 1224 1212 me
1236 1186 1293 1212 tibi.
1315 1185 1387 1218 Quid
1399 1185 1523 1213 tandem?
1542 1187 1614 1213 Istuc
1625 1194 1667 1212 me
1679 1186 1764 1222 rogari
1776 1194 1855 1221 opor-

1035 1213 1037 1240 l
1058 1229 1093 1250 tet
1104 1224 1152 1250 abs
1163 1228 1238 1254 te,an
1249 1228 1274 1250 te
1285 1225 1374 1258 potius
1385 1232 1398 1249 a
1410 1232 1461 1254 me,
1474 1228 1504 1250 ut
1514 1231 1561 1258 pro
1571 1232 1628 1250 mea
1639 1222 1725 1250 salute
1737 1223 1854 1250 laborem

1035 1265 1037 1291 ζ
1058 1261 1263 1297 periculumque
1274 1260 1425 1296 suscipias?
1453 1261 1496 1287 77.
1518 1260 1608 1293 Quid?
1626 1260 1699 1296 quod
1713 1260 1796 1287 babes
1806 1269 1855 1288 no-

1035 1296 1037 1327 }
1059 1298 1245 1325 menclatorem
1254 1319 1260 1329 ,
1277 1299 1304 1324 in
1320 1307 1350 1324 eo
1361 1297 1471 1333 quidem
1483 1297 1554 1324 fallis
1563 1303 1589 1324 et
1599 1297 1711 1332 decipis.
1751 1298 1819 1325 Nam
1830 1298 1855 1325 si

1036 1333 1037 1338 ¹
1059 1337 1166 1363 nomine
1177 1335 1304 1370 appellari
1316 1335 1364 1362 abs
1376 1340 1400 1362 te
1410 1336 1483 1362 cives
1495 1340 1564 1366 tuos,
1578 1335 1720 1362 honestum
1731 1340 1785 1362 est:
1798 1340 1855 1362 tur-

1059 1383 1090 1409 pe
1102 1378 1141 1400 est
1152 1382 1196 1400 eos
1208 1374 1321 1400 notiores
1332 1381 1391 1399 esse
1402 1381 1479 1400 servo
1490 1377 1535 1400 tuo
1545 1381 1626 1408 quam
1638 1372 1697 1399 tibi.
1717 1372 1764 1399 Sin
1774 1373 1854 1399 etiam

1028 1432 1037 1444 ,,
1059 1412 1139 1442 noris,
1153 1415 1240 1437 tamen
1252 1419 1299 1445 per
1310 1410 1467 1437 monitorem
1478 1410 1632 1446 appellandi
1642 1415 1719 1442 sunt;
1735 1419 1784 1436 cur
1793 1414 1855 1437 ante

776 1448 829 1475 Sed
841 1448 931 1484 vulgo,
945 1456 1007 1483 pas·
1028 1479 1030 1484 ἲ

1058 1449 1140 1484 petis,
1158 1456 1239 1483 quam
1251 1447 1449 1475 insusurravit?
1476 1447 1566 1480 Quid?
1583 1447 1656 1482 quod
1665 1456 1752 1482 quum
1762 1447 1856 1474 admo-

1036 1492 1037 1509 }
1059 1486 1138 1517 neris,
1153 1491 1250 1516 tamen,
1263 1486 1342 1520 quasi
1353 1490 1409 1512 tute
1419 1485 1501 1516 noris,
1515 1485 1550 1512 ita
1560 1484 1679 1512 salutas?
1688 1484 1767 1518 Quid.
1781 1489 1856 1520 post-

1059 1531 1170 1558 eaquam
1192 1531 1220 1549 es
1241 1523 1408 1558 designatus,
1430 1522 1516 1549 multo
1534 1522 1635 1549 salutas
1656 1521 1856 1558 negligentius?

1058 1562 1126 1587 Haec
1137 1561 1225 1587 omnia
1236 1560 1269 1586 ad
1280 1561 1408 1586 rationem
1418 1560 1534 1586 civitatis
1545 1560 1568 1586 si
1578 1560 1688 1596 dirigas,
1701 1564 1770 1586 recta
1779 1564 1852 1586 sunt:

1036 1610 1038 1619 i
1058 1599 1100 1625 sin
1118 1597 1281 1633 perpendere
1295 1597 1328 1623 ad
1344 1597 1503 1632 disciplinae
1520 1602 1658 1632 praecepta
1674 1596 1756 1628 velis,
1778 1605 1855 1632 rep&

1059 1637 1160 1662 riantur
1181 1635 1352 1669 pravissima.
1391 1634 1478 1666 Quare
1498 1643 1547 1661 nec
1567 1634 1640 1669 plebi
1655 1634 1787 1661 Romanae
1802 1634 1855 1661 eri-

1058 1672 1149 1708 piendi
1162 1672 1265 1699 fructus
1276 1672 1320 1698 isti
1332 1677 1396 1698 sunt
1407 1671 1544 1702 ludorum,
1557 1671 1749 1707 gladiatorum,
1761 1672 1855 1698 convi—

1059 1711 1178 1741 viorum,
1200 1717 1270 1744 quae
1288 1709 1377 1736 omnia
1393 1710 1506 1736 maiores
1520 1709 1603 1736 nostri
1617 1714 1852 1744 comparaverunt:

1058 1756 1107 1774 nec
1118 1746 1266 1774 candidatis
1277 1747 1327 1773 ista
1338 1746 1489 1783 benignitas
1501 1746 1642 1773 adimenda
1652 1750 1701 1776 est,
1709 1754 1778 1781 quae
1788 1745 1855 1773 libe-

1059 1785 1189 1812 ralitatem
1201 1785 1287 1820 magis
1298 1784 1440 1819 significat,
1453 1792 1535 1819 quam
1547 1783 1722 1819 largitionem.

1037 1845 1038 1850 ,
1114 1822 1250 1849 xxxva.
1263 1823 1305 1848 78.
1322 1823 1356 1848 At
1366 1822 1438 1848 enim
1449 1826 1473 1848 te
1485 1821 1517 1848 ad
1527 1820 1709 1847 accusandum
1720 1820 1856 1855 respubli-

1037 1875 1038 1880 =
1058 1869 1087 1887 ca
1099 1859 1222 1886 adduxit.
1261 1858 1359 1890 Credo,
1377 1860 1453 1890 Cato,
1472 1863 1496 1885 te
1507 1859 1558 1885 isto
1567 1859 1657 1885 animo
1665 1863 1746 1894 atque
1756 1866 1787 1884 ea
1795 1858 1856 1893 opi-

1037 1907 1038 1914 *
1059 1898 1137 1924 nione
1149 1897 1265 1923 venisse.
1291 1896 1345 1923 Sed
1356 1901 1384 1924 tu
1395 1896 1575 1931 imprudentia
1587 1895 1694 1922 laberis.
1715 1895 1772 1931 Ego
1781 1895 1855 1930 quod

1036 1941 1038 1957 ¹
1060 1935 1139 1965 facio,
1158 1934 1274 1965 iudices,
1291 1942 1378 1969 quum
1394 1934 1525 1960 amicitiae
1540 1933 1734 1969 dignitatisque
1751 1933 1782 1959 L.
1795 1932 1856 1959 Mu-

1036 1979 1038 1990 l
1058 1981 1136 1998 renae
1147 1972 1230 2008 gratia
1242 1971 1322 2002 facio,
1341 1977 1398 1999 tum
1410 1979 1453 1997 me
1464 1971 1550 2006 pacis,
1567 1971 1627 2001 otii.
1639 1969 1808 2001 concordiae,
1821 1969 1856 1996 li-

1059 2010 1177 2040 bernaus,
1190 2009 1295 2040 salutis,
1304 2010 1374 2036 vitae
1383 2008 1501 2043 denique
1511 2008 1632 2035 omnium
1645 2012 1765 2034 nostrum
1775 2015 1856 2034 caus-

1059 2056 1087 2073 sa
1100 2046 1184 2073 facere
1195 2046 1281 2073 clamo
1291 2051 1370 2082 atque
1382 2051 1471 2073 testor.
1490 2045 1597 2076 Audite,
1605 2044 1695 2071 audite
1704 2043 1853 2076 consulem,

1060 2084 1176 2115 iudices,
1190 2083 1257 2111 nibil
1269 2083 1356 2111 dicam
1368 2083 1549 2119 arrogantius,
1563 2086 1666 2109 tantum
1677 2082 1774 2113 dicam,
1787 2086 1855 2109 totos

1059 2122 1117 2148 dies
1129 2126 1209 2156 atque
1220 2126 1310 2148 noctes
1321 2121 1353 2148 de
1365 2120 1502 2156 republica
1513 2120 1686 2156 cogitantem!
1699 2119 1758 2146 Non
1767 2127 1855 2154 usque

1037 2161 1038 2194 i
1059 2168 1090 2186 eo
1106 2160 1136 2186 L.
1153 2158 1266 2186 Catilina
1282 2158 1476 2194 rempublicam
1496 2157 1620 2192 despexit
1639 2161 1719 2192 atque
1736 2161 1856 2183 contem—

1037 2202 1039 2236 ᾗ
1059 2197 1126 2232 psit,
1145 2201 1174 2223 ut
1184 2205 1213 2222 ea
1224 2197 1299 2230 copia
1307 2217 1313 2227 ,
1329 2204 1412 2231 quam
1422 2203 1513 2222 secum
1525 2195 1631 2225 eduxit,
1643 2202 1672 2220 se
1684 2194 1752 2221 hanc
1760 2193 1856 2220 civita-

1037 2239 1039 2259 ὲ
1059 2239 1111 2260 tem
1122 2242 1316 2268 oppressurum
1327 2233 1506 2260 arbitraretur.
1527 2232 1619 2258 Latius
1630 2235 1701 2266 patet
1710 2230 1785 2258 illius
1796 2239 1856 2257 sce-

1037 2267 1039 2292 l
1060 2271 1121 2298 leris
1132 2271 1263 2306 contagio,
1276 2279 1358 2306 quam
1368 2271 1515 2306 quisquam
1527 2273 1614 2304 putat:
1626 2268 1659 2294 ad
1671 2267 1762 2302 plures
1772 2268 1856 2303 perti-

1059 2313 1112 2335 net.
1143 2309 1228 2339 Intus,
1242 2308 1325 2338 intus.
1338 2309 1459 2343 inquam,
1472 2312 1513 2333 est
1522 2314 1610 2341 equus
1619 2305 1763 2332 Troianus:
1776 2313 1790 2331 a
1800 2313 1856 2340 quo

1059 2354 1217 2380 numquam,
1231 2354 1273 2372 me
1284 2345 1404 2376 consule,
1416 2344 1578 2371 dormientes
1587 2342 1788 2377 opprimemiui.
1809 2343 1852 2368 79.

1037 2404 1039 2410 ,
1058 2383 1170 2416 Quaeris
1179 2391 1194 2409 a
1206 2391 1258 2414 me,
1270 2382 1338 2418 quid
1348 2391 1398 2418 ego
1408 2381 1550 2409 Catilinam
1560 2385 1688 2406 metuam.
1727 2378 1815 2406 Nihil:
1828 2383 1855 2406 et

1036 2417 1038 2448 ἶ
1058 2421 1164 2452 curavi,
1182 2428 1215 2447 ue
1224 2421 1288 2456 quis
1298 2423 1441 2446 metueret:
1463 2417 1512 2445 sed
1521 2417 1611 2452 copias
1622 2416 1710 2447 iltius,
1727 2425 1795 2451 quas
1810 2416 1855 2443 hic

1036 2458 1039 2485 l
1058 2458 1149 2489 video,
1173 2457 1233 2484 dico
1253 2466 1312 2484 esse
1333 2455 1503 2483 metuendas:
1525 2462 1574 2481 nec
1593 2458 1648 2480 tam
1662 2453 1799 2480 timendus
1813 2457 1854 2480 est

1036 2496 1038 2512 ¹
1058 2504 1131 2522 nunc
1141 2495 1274 2522 exercitus
1285 2493 1459 2523 L.Catilinae,
1471 2499 1553 2527 quam
1563 2491 1618 2522 isti,
1629 2491 1676 2526 qui
1689 2490 1767 2517 illum
1777 2498 1854 2517 exer-

1036 2539 1038 2573 3
1057 2533 1141 2559 citum
1156 2532 1309 2559 deseruisse
1323 2531 1458 2558 dicuntur.
1498 2529 1556 2555 Non
1571 2529 1643 2555 enim
1662 2527 1851 2554 deseruerunt:

1036 2584 1037 2603 1
1058 2570 1106 2596 sed
1121 2570 1154 2596 ab
1169 2569 1216 2596 illo
1231 2570 1259 2596 in
1270 2567 1388 2604 speculis
1399 2572 1479 2602 atque
1489 2565 1596 2593 insidiis
1610 2565 1708 2596 relicti,
1724 2565 1753 2592 in
1767 2565 1854 2600 capite

1036 2605 1037 2612 ¹
1058 2612 1137 2642 atque
1147 2607 1175 2633 in
1185 2606 1336 2633 cervicibus
1347 2605 1444 2632 nostris
1455 2603 1619 2630 restiterunt.
1640 2603 1673 2629 Hi
1683 2607 1709 2629 et
1718 2602 1853 2638 integrum

1036 2641 1037 2665 l
1057 2644 1197 2671 consulem
1207 2648 1234 2670 et
1242 2644 1344 2670 bonum
1354 2643 1540 2677 imperatorem
1547 2661 1554 2671 ‚
1571 2645 1597 2667 et
1610 2644 1703 2666 natura
1713 2643 1739 2666 et
1748 2639 1853 2666 fortuna

1036 2667 1039 2708 l
1057 2689 1119 2708 cum
1135 2680 1298 2716 reipublicae
1312 2679 1399 2707 salute
1417 2678 1605 2710 coniunctum,
1627 2676 1707 2704 deiici
1726 2675 1761 2703 de
1774 2675 1853 2703 Urbis
