1941 3052
658 129 848 157 TOPICA.
883 130 971 156 CAP
1005 131 1152 157 46—22.
1680 136 1725 160 4⁸7

148 201 221 228 XIX,
237 202 278 227 72.
296 202 348 228 Sed
362 201 489 236 quoniam
504 202 540 227 ita
554 210 568 227 a
581 201 714 236 principio
727 201 881 231 divisimus,

92 245 120 266 ut
134 239 199 266 alios
215 239 284 266 locos
298 239 448 265 diceremus
464 240 490 265 in
502 248 532 265 eo
542 239 608 273 ipso,
622 238 655 265 de
665 247 718 273 quo
729 239 881 274 ambigitur,

92 277 206 308 haerere,
223 276 256 302 de
269 277 370 312 quibus
384 277 448 302 satis
463 281 502 302 est
516 276 627 307 dictum,
644 276 708 302 alios
723 276 824 302 assumi
838 285 885 302 ex-

91 313 232 344 trinsecus,
248 313 281 341 de
295 315 328 340 iis
343 322 426 348 pauca
440 313 570 344 dicamus,
587 314 635 340 etsi
651 322 680 339 ea
695 313 761 339 nihil
776 314 884 339 omnino

91 352 124 378 ad
139 357 239 378 vestras
254 352 448 387 disputationes
463 352 608 385 pertinent,
634 351 681 377 sed
701 355 788 377 tamen
803 355 883 376 totam

91 398 146 416 rem
165 388 343 424 perficiamus,
367 388 585 423 quandoquidem
609 389 756 423 coepimus.
791 389 884 422 Neque

90 427 162 453 enim
181 431 210 452 tu
227 427 251 453 is
270 436 307 458 es,
328 435 409 461 quem
424 426 490 452 nihil
507 426 558 452 nisi
571 426 614 452 ius
629 425 708 451 civile
721 425 841 455 delectet,
859 429 884 450 et

90 464 217 499 quoniam
235 465 268 491 ad
286 470 311 491 te
330 464 394 490 haec
413 465 446 489 ita
461 463 624 494 scribuntur,
640 467 670 489 ut
684 463 763 489 etiam
777 463 804 489 in
819 462 884 488 0110-
905 467 906 473 ¹

90 511 150 528 rum
164 510 260 528 manus
275 503 328 528 sint
342 506 461 531 ventura,
478 501 556 527 detur
569 509 656 535 opera,
673 504 702 526 ut
716 500 884 534 quampluri-

91 548 165 565 mum
180 539 222 570 iiS,
239 548 306 574 quos
321 543 389 565 recta
404 538 492 565 studia
507 538 645 568 delectant,
659 537 785 572 prodesse
797 537 884 571 possi-

90 585 161 603 mus.
187 577 229 603 73.
249 578 318 603 Haec
332 585 393 612 ergo
408 576 609 611 argumentatio,
626 583 694 609 quae
708 575 807 600 dicitur
820 574 883 600 artis

90 622 194 649 expers,
211 614 238 641 in
253 614 404 641 testimonio
418 613 503 648 posita
517 617 565 639 est.
586 612 780 638 Testimonium
794 616 883 637 autem

90 660 161 678 nunc
175 651 290 678 dicimus
305 650 472 685 omne,quod
486 650 518 676 ab
533 650 622 684 aliqua
637 658 663 675 re
677 654 784 675 externa
798 649 884 675 sumi—

91 694 134 715 tur
147 689 180 715 ad
195 688 341 716 faciendam
356 688 445 714 fidem.
479 688 593 713 Persona
612 691 699 713 autem
716 695 766 712 non
781 686 884 721 qualis-

89 735 207 761 cumque
226 732 265 753 est
283 726 427 752 testimonii
446 725 551 759 pondus
566 725 658 750 habet:
688 724 720 750 ad
736 723 882 750 faciendam

90 764 162 790 enim
177 764 255 790 fidem
270 764 410 790 auctoritas
422 763 572 797 quaeritur:
589 762 636 788 sed
647 762 828 788 auctoritatem
839 766 884 787 aut

90 805 183 828 natura
197 806 241 827 aut
254 806 361 835 tempus
376 800 458 826 affert.
480 801 594 826 Naturae
608 800 749 825 auctoritas
760 800 787 825 in
800 799 884 824 virtu—

90 843 114 865 te
128 839 197 865 inest
211 839 340 866 maxime:
361 838 388 864 in
403 842 520 872 tempore
534 842 623 863 autem
638 837 721 863 multa
735 840 883 871 sunt,quae

89 875 198 903 afferant
211 877 402 906 auctoritatem,
419 875 567 910 ingenium,
584 883 656 909 opes,
674 879 753 905 aetas,
768 873 880 904 fortuna,

90 922 140 944 ars,
162 923 237 945 usus,
259 914 411 944 necessitas,
431 913 572 939 concursio
586 913 665 938 etiam
680 920 883 946 nonnumquam

90 959 178 978 rerum
197 951 376 978 fortuitarum.
411 951 478 976 Nam
497 955 522 976 et
535 950 688 985 ingeniosos
703 954 728 975 et
742 949 882 984 opulentos

89 993 114 1015 et
136 989 228 1015 aetatis
248 989 333 1023 spatio
357 988 480 1023 probatos
503 987 608 1023 dignos,
626 987 726 1022 quibus
750 986 880 1016 credatur,

89 1031 196 1061 putant3
224 1035 275 1053 non
295 1030 363 1052 recte
382 1026 501 1056 sortasse,
522 1025 569 1051 sed
584 1025 658 1060 vulgi
678 1025 767 1059 opinio
787 1024 883 1050 mutari

89 1065 136 1090 vix
149 1068 244 1099 potest,
261 1064 293 1090 ad
307 1072 419 1098 eamque
433 1063 521 1089 onmia
536 1063 656 1098 dirigunt
671 1067 696 1088 et
707 1063 754 1097 qui
765 1062 884 1087 iudicant

89 1106 114 1128 et
127 1102 175 1136 qui
189 1102 353 1128 existimant.
375 1101 426 1133 Qui
441 1101 511 1126 enim
527 1100 559 1126 iis
574 1100 663 1131 rebus,
680 1108 747 1135 quas
758 1099 822 1130 dixi,
837 1107 884 1124 ex·-

88 1138 197 1170 cellunt,
214 1140 271 1174 ipsa
287 1139 385 1165 virtute
400 1138 526 1164 videntur
539 1137 678 1164 excellere.
699 1138 742 1163 74
755 1137 807 1163 Sed
821 1136 883 1162 reli—

88 1177 150 1212 quis
173 1185 281 1220 quoque
303 1176 393 1207 rebus,
414 1185 481 1211 quas
504 1175 583 1202 modo
604 1175 767 1205 enumeravi,
788 1183 884 1209 quam-

87 1223 169 1249 quam
191 1215 219 1240 in
238 1215 271 1240 iis
290 1214 364 1240 nulla
382 1214 485 1256 species
504 1213 612 1239 virtutis
630 1217 678 1243 est,
699 1217 786 1238 tamen
800 1213 884 1238 inter—

88 1251 153 1278 dum
167 1252 339 1278 confirmatur
353 1251 426 1282 tides,
443 1252 466 1277 si
481 1255 526 1277 aut
540 1259 582 1277 ars
596 1250 727 1285 quaedam
741 1249 883 1275 adhibetur

88 1288 193 1325 (magna
212 1294 252 1315 est
270 1290 340 1315 enim
356 1290 396 1315 vis
411 1289 443 1315 ad
458 1288 673 1324 persuadendum
690 1287 824 1322 scientiae)
838 1290 883 1312 aut

88 1335 169 1359 usus;
192 1326 352 1361 plerumque
366 1327 437 1352 enim
451 1326 568 1352 creditur
582 1326 624 1356 iis,
637 1325 683 1360 qui
695 1325 797 1359 experti
808 1328 880 1350 sunt.

87 1363 150 1389 XX.
167 1364 239 1390 Facit
253 1364 332 1390 etiam
348 1364 491 1390 necessitas
506 1363 594 1394 fidem,
611 1371 679 1397 quae
695 1367 750 1388 tum
766 1371 778 1388 a
789 1370 883 1396 corpo-

88 1402 172 1433 ribus,
193 1406 251 1428 tum
270 1401 302 1427 ab
321 1401 417 1427 animis
432 1401 558 1427 nascitur.
594 1401 660 1426 Nam
674 1404 698 1426 et
713 1400 879 1429 verberibuS,

88 1439 235 1470 tormentis,
256 1439 312 1474 igni
333 1438 433 1474 fatigati
448 1447 516 1473 quae
530 1438 631 1468 dicunt,
648 1446 677 1463 ea
693 1437 799 1463 videtur
813 1437 878 1463 veri-

87 1481 127 1503 tas
151 1477 210 1511 ipsa
233 1476 329 1507 dicere,
354 1481 379 1502 et
401 1484 470 1511 quae
493 1485 505 1501 a
530 1475 776 1510 perturbationibus
800 1475 882 1500 animi
904 1495 906 1499 .

87 1518 158 1544 sunt,
175 1513 273 1544 dolore,
290 1513 445 1548 cupiditate,
462 1512 608 1543 iracundia,
622 1517 703 1543 metu,
716 1513 778 1547 quia
791 1520 883 1538 neces-

86 1552 172 1578 sitatis
196 1552 250 1577 vim
275 1551 381 1581 babent,
408 1550 519 1576 afferunt
542 1551 724 1576 auctoritatem
747 1554 772 1576 et
790 1550 880 1575 tidem.

86 1589 129 1616 75,
145 1589 229 1616 Cuius
243 1588 348 1624 generis
363 1588 441 1614 etiam
454 1588 498 1614 illa
509 1592 580 1619 sunt,
595 1587 737 1622 exquibus
749 1596 882 1613 nonnum-

86 1635 168 1661 quam
182 1635 276 1652 verum
290 1626 435 1657 invenitur,
451 1625 574 1660 pueritia,
591 1633 710 1667 somnus,
724 1624 882 1659 impruden-

86 1665 131 1695 tia,
151 1663 305 1694 vinolentia,
322 1664 436 1690 insania.
471 1664 536 1689 Nam
556 1666 581 1688 et
596 1663 671 1697 pueri
686 1671 765 1705 saepe
779 1662 883 1688 iudica—

88 1705 185 1728 verunt
208 1701 320 1736 aliquid,
344 1709 398 1736 quo
418 1700 444 1726 id
459 1701 611 1736 pertineret,
628 1700 654 1730 i*
658 1701 722 1731 nari,
740 1704 765 1726 et
779 1708 826 1735 per
839 1708 883 1726 so-

86 1748 190 1771 mnum,
207 1739 310 1781 vinum,
331 1738 462 1765 insaniam
477 1738 560 1764 multa
573 1746 651 1772 saepe
666 1737 793 1772 patefacta
807 1742 880 1763 sunt.

87 1776 165 1804 Multi
184 1777 263 1803 etiam
282 1776 309 1802 in
328 1785 370 1802 res
388 1776 493 1803 odiosas
516 1775 700 1810 imprudentes
719 1775 879 1805 inciderunt,

86 1819 116 1840 ut
139 1813 245 1840 Staieno
268 1822 354 1848 nuper
376 1813 480 1844 accidit,
505 1814 553 1848 qui
572 1822 600 1839 ea
621 1813 725 1839 locutus
740 1817 787 1843 est,
805 1813 881 1838 bonis

87 1852 152 1878 viris
175 1851 445 1878 subauscultantibus
468 1851 567 1885 pariete
590 1851 754 1884 interposito,
780 1850 881 1885 quibus

86 1888 223 1924 patefactis
247 1889 274 1915 in
297 1888 483 1923 iudiciumque
502 1888 611 1923 prolatis
631 1888 667 1914 rei
686 1887 808 1922 capitalis
823 1888 881 1913 iure

86 1926 227 1953 damnatus
241 1930 291 1952 est.
314 1927 381 1952 Huic
392 1925 480 1952 simile
490 1925 619 1960 quiddam
630 1925 662 1951 de
674 1925 882 1951 Lacedaemonio

85 1963 215 1990 Pausania
234 1964 395 1998 accepimus.
429 1964 472 1989 76.
492 1963 637 1989 Concursio
656 1967 744 1989 autem
760 1962 882 1989 fortuito-

87 2009 146 2027 rum
161 2001 221 2028 talis
236 2006 284 2032 est,
307 2006 344 2032 ut,
361 2001 383 2026 si
399 2001 579 2026 interventum
594 2005 633 2026 est
647 2009 720 2031 casu,
736 2009 822 2035 quum
836 2004 882 2026 aut

86 2043 208 2073 ageretur
230 2038 341 2073 aliquid,
367 2038 440 2073 quod
458 2037 646 2072 proferendum
667 2046 718 2063 non
737 2042 815 2068 esset,
836 2042 882 2063 aut

85 2075 227 2102 diceretur.
249 2076 277 2102 In
293 2075 342 2102 1100
355 2084 451 2111 genere
466 2075 543 2101 etiam
560 2075 603 2100 illa
618 2079 657 2101 est
672 2075 697 2101 in
713 2074 880 2101 Palamedem

85 2113 202 2140 coniecta
225 2113 410 2148 suspicionum
439 2113 595 2147 proditionis
622 2112 780 2145 multitudo;
809 2112 881 2147 quod

85 2159 170 2186 genus
190 2149 304 2177 refutare
327 2150 461 2176 interdum
482 2150 578 2176 veritas
598 2150 643 2176 vix
665 2154 759 2184 potest.
795 2150 881 2175 Huius

85 2189 163 2214 etiam
181 2189 288 2224 generis
306 2192 346 2214 est
365 2187 433 2213 fama
449 2187 532 2223 vulgi,
548 2187 682 2222 quoddam
699 2187 881 2213 multitudinis

86 2226 279 2252 testimonium.
314 2225 386 2257 Quae
406 2229 494 2251 autem
515 2225 611 2251 virtute
631 2225 710 2251 tidem
727 2224 835 2255 faciunt,
851 2233 880 2250 ea

85 2263 208 2298 bipartita
222 2267 298 2294 sunt;
326 2271 358 2289 ex
372 2263 473 2298 quilius
488 2261 598 2288 alterum
615 2267 706 2288 natura
721 2262 799 2293 valet,
816 2262 882 2288 alte-

85 2309 146 2327 rum
159 2300 300 2327 industria.
336 2301 449 2326 Deorum
469 2300 540 2325 enim
557 2300 641 2326 virtus
656 2304 748 2326 natura
763 2299 878 2330 excellit,

86 2338 225 2365 hominum
241 2342 329 2364 autem
344 2338 485 2364 industria.
507 2337 550 2362 77.
566 2337 659 2363 Divina
675 2337 738 2363 11000
753 2336 806 2363 scre
817 2342 881 2363 sunt

86 2375 249 2402 testimonia:
277 2375 394 2410 primum
414 2374 552 2407 orationis,
579 2374 693 2409 (oracula
713 2374 784 2400 enim
803 2383 837 2400 ex
851 2383 881 2400 eo

86 2413 144 2447 ipso
158 2412 288 2447 appellata
303 2417 375 2444 sunt,
388 2412 461 2447 quod
476 2412 544 2438 inest
559 2411 585 2437 in
601 2411 642 2437 1115
652 2411 762 2437 deorum
774 2411 881 2445 oratiog)

85 2450 181 2476 deinde
196 2458 293 2481 rerum,
310 2450 337 2476 in
351 2450 453 2485 quibus
468 2450 559 2475 insunt
573 2449 649 2483 quasi
661 2449 792 2483 quaedam
803 2457 880 2483 opera

85 2487 189 2514 divina:
216 2488 333 2522 primum
349 2488 406 2522 ipse
422 2486 539 2513 muudus
554 2487 666 2521 eiusque
681 2486 768 2512 omnis
782 2486 846 2512 ordo
856 2490 881 2512 et

85 2529 206 2557 ornatus;
230 2524 356 2560 deinceps
370 2525 437 2551 aerei
453 2523 557 2550 volatus
571 2524 661 2549 avium
677 2528 757 2558 atque
771 2527 878 2554 cantus,

85 2561 181 2588 deinde
194 2562 316 2588 eiusdem
331 2563 398 2589 aeris
413 2562 516 2588 sonitus
528 2566 553 2587 et
563 2561 668 2587 ardores
681 2560 881 2595 multarumque

86 2607 173 2626 rerum
189 2600 215 2626 in
231 2604 297 2626 terra
313 2604 440 2634 portenta,
457 2603 536 2634 atque
550 2599 629 2624 ctiam
646 2607 692 2632 per
702 2603 761 2624 exta
774 2598 880 2623 inventa

86 2637 247 2679 praesensio.
270 2637 289 2663 A
306 2637 502 2663 dormientibus
515 2644 623 2671 quoque
639 2635 721 2661 multa
732 2635 773 2665 si·
777 2635 880 2661 niticata

87 2673 165 2707 visis3
180 2674 282 2710 quibus
296 2682 330 2701 ex
344 2674 408 2701 locis
422 2675 493 2701 sumi
508 2673 643 2700 interdum
658 2672 743 2699 solent
757 2672 790 2698 ad
801 2672 879 2699 tidem

904 1477 906 1491 1

936 199 1083 226 faciendam
1099 201 1249 227 testimonia
1264 200 1384 227 deorum.
1406 202 1448 227 78.
1464 202 1492 227 In
1503 201 1610 228 homine
1622 204 1727 230 virtutis

935 238 1026 272 opinio
1040 237 1110 264 valet
1127 238 1285 272 plurimum.
1317 237 1414 272 Opinio
1427 243 1466 264 est
1481 244 1568 265 autem
1584 249 1635 266 non
1651 241 1728 267 modo

936 284 980 301 eos
995 276 1120 301 virtutem
1136 275 1240 306 habere,
1257 276 1304 310 qui
1319 276 1440 306 habeant,
1457 276 1503 302 sed
1518 285 1561 303 eos
1576 278 1664 307 etiarn,
1682 279 1728 312 qui

936 312 1033 338 habere
1048 312 1198 339 videantur.
1220 314 1319 347 Itaque,
1336 322 1404 348 quos
1418 314 1535 348 ingenio,
1547 323 1614 349 quos
1629 316 1726 345 studio,

936 358 1003 384 quos
1027 349 1145 376 doctrina
1169 350 1300 384 praeditos
1323 350 1422 381 vident,
1451 359 1621 386 quorumque
1648 353 1729 378 vitam

912 414 914 416 ,
936 392 1099 413 constantem
1114 392 1138 413 et
1153 388 1298 422 probatam,
1315 392 1345 414 ut
1359 388 1473 419 Catonis,
1490 388 1581 420 Laelii,
1596 389 1729 424 Scipionis

936 424 1103 459 aliorumque
1122 424 1250 459 plurium,
1272 430 1364 451 rentur
1381 434 1425 451 eos
1444 434 1510 456 esse,
1527 426 1620 461 quales
1635 435 1664 452 se
1679 428 1728 461 ipsi

936 461 1028 487 velint.
1064 463 1116 488 Nec
1131 462 1218 488 solum
1233 471 1278 489 eos
1292 467 1399 488 censent
1415 462 1479 489 tales
1493 472 1560 494 esse,
1577 464 1625 499 qui
1640 465 1668 490 in
1683 464 1730 490 110-

936 499 1046 524 noribus
1061 499 1154 533 populi
1169 508 1250 534 reque
1264 500 1371 534 publica
1387 505 1533 532 versantur,
1546 501 1593 527 sed
1607 506 1632 528 et
1645 506 1731 528 orato—

935 545 977 562 res
1000 541 1025 562 et
1043 536 1216 571 philosophos
1234 542 1260 562 et
1277 542 1367 571 poetas
1386 542 1410 563 et
1429 538 1581 571 historicos;
1612 547 1645 565 ex
1663 548 1730 574 quo—

912 603 913 608 ,
936 582 995 600 rum
1018 578 1044 600 et
1065 573 1143 599 dictis
1165 578 1190 600 et
1208 575 1315 609 scriptis
1333 584 1411 609 saepe
1430 577 1570 602 auctoritas
1585 577 1683 611 petitur
1698 577 1730 602 ad

935 610 1082 637 faciendam
1098 610 1187 636 tidem

990 648 1121 674 XX1.79
1141 649 1277 683 Expositis
1295 649 1421 675 omnibus
1436 651 1638 683 arf-‘umentandi
1655 651 1727 681 10015,

912 693 913 700 ¹
936 684 1004 711 illud
1022 686 1140 720 primum
1159 685 1363 721 intelligendum
1379 692 1425 716 est,
1444 684 1490 713 nec
1505 688 1588 714 ullam
1602 697 1660 714 esse
1674 688 1730 714 dis-

912 725 914 749 ⁴3
936 723 1109 757 putationem,
1131 723 1158 749 in
1176 732 1257 758 quam
1273 732 1324 749 non
1339 723 1437 758 aliquis
1453 725 1525 751 locus
1541 726 1665 757 incurrat,
1683 735 1730 752 nec

936 760 990 786 sere
1008 769 1100 786 omnes
1120 760 1190 786 locos
1204 760 1320 786 incidere
1335 761 1362 787 in
1376 770 1482 788 omnem
1496 764 1688 797 quaestionem,
1705 768 1730 790 et

935 798 1100 832 quibusdam
1123 798 1327 832 quaestionibus
1350 798 1415 825 alios
1437 808 1496 825 esse
1513 801 1627 834 aptiores
1648 800 1727 827 locos.

913 856 914 862 .
935 834 1127 867 Quaestionum
1142 835 1196 862 duo
1209 840 1272 861 sunt
1286 844 1391 870 genera,
1408 836 1520 863 alterum
1535 838 1678 868 inlinitum,
1692 838 1730 864 al-

937 877 1022 899 terum
1037 872 1188 899 definitum.
1210 873 1353 899 Definitum
1365 878 1412 904 est,
1422 874 1492 908 quod
1503 875 1637 901 ὑπόθεσιν
1649 876 1730 901 Grae-

935 911 967 941 ci,
985 919 1032 936 nos
1047 919 1183 944 caussam3
1206 910 1431 946 inlinitum,quod
1446 914 1523 938 θέσιν
1534 912 1572 937 1111
1585 912 1727 947 appellant,

936 957 983 974 nos
998 948 1164 982 propositum
1180 957 1324 983 possumus
1339 949 1482 975 nominare,
1505 951 1546 975 80.
1563 949 1663 975 Caussa
1674 958 1730 976 cer-

936 986 969 1012 tis
992 986 1122 1020 personis,
1149 985 1221 1016 10015,
1247 987 1421 1020 temporibus,
1443 987 1600 1017 actionibus,
1618 988 1729 1023 negotiis

935 1023 1053 1049 cernitur
1067 1027 1112 1049 aut
1126 1024 1152 1049 in
1167 1024 1293 1049 omnibus
1308 1028 1353 1049 aut
1368 1024 1393 1049 in
1409 1024 1544 1059 plerisque
1557 1033 1657 1055 eorum,
1670 1034 1730 1059 pro-

936 1061 1053 1095 positum
1068 1065 1156 1086 autem
1171 1061 1198 1087 in
1216 1061 1306 1095 aliquo
1325 1070 1415 1087 eorum
1431 1067 1476 1087 aut
1490 1062 1517 1088 in
1532 1062 1665 1096 pluribus,
1683 1071 1730 1088 nec

936 1102 1023 1124 tamen
1037 1098 1065 1124 in
1080 1098 1215 1124 maximis.
1250 1099 1341 1133 ltaque
1361 1100 1526 1133 propositum
1546 1108 1606 1134 pars
1621 1108 1730 1125 caussae.

935 1140 984 1162 est.
1007 1135 1060 1161 Sed
1074 1136 1161 1162 omnis
1175 1137 1297 1170 quaestio
1310 1145 1401 1162 eorum
1417 1137 1506 1172 aliqua
1520 1137 1552 1163 de
1567 1146 1594 1163 re
1609 1142 1656 1167 est,
1669 1138 1730 1172 qui-

935 1173 986 1199 bus
1010 1182 1120 1199 caussae
1142 1174 1318 1204 continentur,
1344 1179 1390 1200 aut
1409 1183 1460 1200 una
1479 1179 1524 1200 aut
1542 1174 1667 1209 pluribus
1686 1180 1731 1200 aut

935 1219 1137 1245 nonnumquam
1148 1211 1284 1237 omnibus.
1301 1213 1328 1237 81
1338 1233 1342 1237 .
1354 1211 1545 1243 Quaestionum
1557 1217 1655 1243 autem,
1664 1221 1730 1254 qua-

935 1257 1051 1290 cumque
1072 1248 1105 1274 de
1119 1257 1146 1274 re
1160 1249 1203 1279 sit,
1220 1248 1274 1275 duo
1288 1254 1369 1275 sunt·
1364 1257 1473 1283 40001οῑ
1499 1258 1583 1275 unum
1602 1250 1731 1285 cognitio-

935 1286 986 1317 nis,
1003 1285 1115 1312 0110111111
1130 1286 1315 1312 0011001582
1332 1270 1497 1322 Cognitionis
1511 1292 1575 1313 sunt
1589 1287 1647 1318 1100,
1664 1296 1730 1322 qua-

935 1332 994 1349 rum
1018 1323 1078 1349 finis
1102 1327 1142 1349 est
1164 1324 1282 1355 scientia,
1308 1328 1336 1350 ut
1355 1325 1377 1350 si
1400 1329 1550 1359 quaeratur,
1571 1334 1584 1350 a
1603 1329 1730 1351 naturane

934 1361 978 1386 1115
997 1360 1145 1395 profectum
1163 1361 1206 1392 sit,
1228 1370 1260 1387 an
1275 1362 1307 1387 ab
1322 1361 1411 1396 aliqua
1426 1362 1503 1397 quasi
1518 1362 1668 1388 conditione
1683 1362 1731 1388 bo-

935 1399 1039 1424 minum
1054 1403 1079 1424 et
1093 1399 1222 1432 pactione.
1244 1399 1362 1425 Actionis
1373 1404 1460 1425 autem
1473 1399 1628 1425 huiusmodi
1640 1408 1731 1426 exem-

935 1435 978 1470 pla
997 1440 1073 1462 sunt.-
1101 1435 1176 1462 Sitne
1194 1437 1322 1470 sapientis
1341 1437 1372 1463 ad
1388 1437 1580 1471 rempublicam
1596 1437 1728 1463 accedere.

935 1473 1101 1508 Cognitionis
1112 1474 1281 1508 quaestiones
1293 1475 1436 1508 tripartitae
1447 1479 1522 1500 sunt:
1540 1479 1584 1500 aut
1594 1475 1672 1505 sitne,
1686 1480 1729 1500 aut

934 1510 1001 1545 quid
1012 1511 1046 1536 sit
1057 1516 1102 1536 aut
1111 1510 1190 1545 quale
1202 1512 1244 1542 sit,
1257 1512 1404 1545 quaeritur.
1427 1512 1525 1538 Horum
1538 1512 1655 1546 primum
1667 1520 1731 1538 con-

934 1549 1042 1579 iectura,
1051 1548 1200 1574 secundum
1215 1548 1376 1579 delinitione,
1387 1550 1494 1575 tertium
1506 1550 1572 1575 iuris
1583 1554 1608 1575 et
1618 1550 1730 1575 iniuriae

934 1585 1103 1612 distinctione
1118 1586 1275 1620 explicatur.
1303 1587 1473 1612 Coniecturae
1489 1587 1553 1613 ratio
1568 1587 1594 1612 in
1605 1591 1731 1621 quattuor

934 1628 1021 1658 partes
1032 1623 1174 1649 distributa
1186 1628 1233 1654 est,
1242 1632 1356 1658 quarum
1368 1633 1420 1649 una
1432 1628 1479 1655 est,
1488 1633 1573 1659 quum
1583 1625 1727 1659 quaeritur,

934 1661 1002 1687 sitne
1017 1660 1133 1695 aliquid3
1150 1661 1240 1691 altera,
1258 1661 1327 1687 unde
1342 1666 1429 1687 ortum
1444 1662 1491 1693 sit,
1521 1662 1604 1692 tertia,
1621 1670 1689 1696 quae
1703 1662 1729 1688 id

933 1707 1027 1725 caussa
1042 1698 1169 1730 effecerit,
1185 1699 1323 1733 quarta,in
1338 1708 1390 1733 qua
1403 1699 1434 1724 de
1447 1700 1591 1725 mutatione
1602 1699 1730 1733 reiquae-

934 1737 1010 1762 ritur.
1045 1736 1094 1766 Sit,
1113 1744 1194 1762 necne
1208 1737 1256 1762 sit:
1279 1737 1438 1771 ecquidnam
1455 1737 1596 1762 honestum
1611 1737 1658 1767 sit;
1687 1745 1730 1762 00-

934 1774 1001 1809 quid
1024 1782 1141 1809 aequum
1165 1782 1192 1799 re
1206 1782 1282 1806 vera3
1313 1783 1345 1800 an
1366 1774 1429 1800 haec
1448 1778 1550 1800 tantum
1565 1774 1592 1799 in
1606 1774 1730 1808 opinione

934 1812 996 1838 sint.
1031 1811 1106 1838 Unde
1125 1816 1213 1837 autem
1237 1812 1272 1837 sit
1289 1816 1390 1837 ortum:
1425 1816 1453 1837 ut
1474 1820 1560 1846 quum
1583 1812 1727 1846 quaeritur.

935 1854 1026 1875 natura
1041 1858 1073 1875 an
1088 1849 1207 1875 doctrina
1222 1850 1306 1883 possit
1321 1848 1389 1875 ellici
1402 1849 1495 1875 virtus.
1531 1849 1631 1875 Caussa
1642 1854 1728 1874 autem

934 1886 1052 1913 efficiens
1072 1887 1124 1912 sic:
1156 1891 1185 1912 ut
1199 1895 1283 1921 quum
1299 1887 1445 1921 quaeritur,
1466 1886 1567 1921 quibus
1582 1886 1662 1912 rebus
1677 1886 1730 1912 elo-

933 1925 1042 1959 quentia
1065 1923 1204 1950 efficiatur.
1240 1925 1275 1949 De
1298 1924 1504 1950 comtuutatione
1527 1925 1578 1950 sic:
1610 1924 1730 1950 Possitne

934 1961 1084 1996 eloquentia
1095 1962 1301 1987 commutatione
1312 1961 1401 1996 aliqua
1412 1962 1529 1987 converti
1541 1962 1567 1987 in
1580 1961 1728 1987 infantiam.

934 1999 1019 2026 XXll.
1036 2002 1077 2025 83.
1102 2000 1192 2031 Quum
1217 2004 1314 2029 autem,
1335 1999 1400 2033 quid
1420 1999 1462 2029 sit,
1479 1999 1630 2033 quaeritur;
1660 1999 1730 2024 notio

934 2037 1090 2071 explicanda
1118 2041 1157 2062 est
1181 2041 1206 2062 et
1231 2038 1377 2071 proprietas
1400 2041 1425 2062 et
1447 2036 1545 2062 divisio
1566 2041 1591 2062 et
1614 2037 1727 2071 partitio.

935 2075 1002 2100 llaec
1020 2075 1091 2100 enim
1111 2079 1174 2100 sunt
1193 2074 1340 2100 ‹letinitioni
1360 2074 1497 2106 attributa3
1525 2073 1632 2099 additur
1651 2074 1728 2099 etiam

933 2111 1086 2146 descriptio,
1103 2120 1183 2146 quam
1200 2112 1456 2146 Gt·;1et·i21‹4mx11]4m
1472 2116 1574 2137 vocant.
1604 2111 1680 2136 Notio
1691 2111 1729 2136 sic

934 2150 1086 2184 quaeritur:
1102 2150 1176 2175 Sitne
1191 2149 1217 2175 id
1229 2148 1436 2183 aequuin‚quml
1450 2149 1482 2177 ei,
1495 2149 1542 2183 qui
1558 2148 1619 2183 plus
1634 2153 1726 2182 potest,

934 2186 999 2213 utile
1013 2192 1062 2212 est.
1086 2187 1234 2221 Proprietas
1249 2187 1300 2212 sic:
1319 2187 1345 2212 ln
1362 2186 1531 2212 hominemne
1545 2185 1631 2211 solum
1643 2185 1726 2213 cadat,

933 2233 966 2250 an
980 2225 1059 2250 etiam
1076 2224 1102 2250 in
1118 2223 1220 2249 belluas
1235 2223 1381 2259 aegritudo.
1406 2223 1506 2249 Divisio
1516 2228 1541 2248 et
1551 2223 1643 2249 eodem
1655 2227 1730 2256 pacto

934 2262 1039 2296 partitio
1053 2262 1104 2287 sic:
1131 2261 1224 2287 Triane
1237 2270 1334 2296 genera
1350 2261 1478 2286 bonorum
1489 2261 1551 2286 sint.
1569 2260 1726 2294 Descriptio:

933 2298 1026 2331 Qualis
1049 2299 1084 2324 sit
1102 2307 1207 2328 avarus,
1225 2298 1313 2332 qualis
1332 2303 1486 2328 assentator,
1502 2302 1641 2331 ceteraque
1656 2298 1729 2322 eius-

933 2336 993 2362 dem
1012 2336 1127 2371 generis,
1148 2336 1175 2361 in
1198 2336 1299 2370 quibus
1323 2340 1414 2361 natura
1439 2340 1463 2360 et
1482 2335 1534 2360 vita
1557 2334 1726 2360 describitur.

933 2374 972 2400 84.
992 2373 1082 2405 Quum
1102 2377 1190 2399 autem
1209 2373 1355 2407 quaeritur,
1371 2372 1450 2406 quale
1464 2372 1530 2406 quid
1545 2373 1587 2399 sit,
1605 2377 1649 2397 aut
1663 2371 1728 2397 sim-

934 2410 1038 2445 pliciter
1056 2411 1193 2445 quaeritur
1211 2414 1257 2436 aut
1270 2414 1433 2444 comparate:
1461 2409 1626 2443 simpliciter,
1647 2417 1729 2443 expe-

934 2447 1046 2474 tendane
1060 2448 1094 2473 sit
1108 2447 1205 2482 gloria:
1228 2452 1385 2481 comparate,
1405 2446 1624 2481 praeponetulanc
1638 2447 1673 2472 sit
1687 2446 1728 2472 di-

904 2489 912 2519 ³¹
934 2486 1007 2512 vitiis
1021 2484 1114 2519 gloria.
1141 2484 1312 2519 Simplicium
1329 2485 1376 2510 tria
1390 2493 1486 2519 genera
1501 2489 1578 2510 sunt:
1601 2483 1633 2510 de
1647 2492 1728 2518 expe-

904 2524 905 2530 *
934 2523 1012 2549 tendo
1032 2521 1226 2557 fugiendoque,
1249 2522 1281 2547 do
1299 2530 1385 2555 aequo
1403 2526 1427 2547 et
1442 2522 1548 2556 inique.
1571 2521 1604 2547 de
1619 2521 1728 2547 honesto

933 2565 958 2586 et
973 2561 1058 2594 turpi;
1079 2560 1307 2593 comparationum
1323 2564 1411 2584 autent
1423 2558 1485 2589 duo,
1497 2567 1581 2585 unum
1592 2559 1624 2584 de
1635 2558 1726 2584 eodem

904 2596 912 2631 ’1
932 2602 957 2624 01
972 2596 1037 2628 atio,
1060 2596 1172 2622 alterum
1187 2596 1219 2623 dc
1234 2597 1332 2622 maiore
1346 2601 1370 2622 et
1386 2596 1495 2622 minore.

910 2638 911 2642 ’
932 2639 958 2660 et
972 2634 1099 2669 fugiendo
1114 2634 1283 2660 huiusmodi:
1300 2634 1327 2659 si
1343 2633 1506 2668 expetendae
1521 2633 1638 2663 divitiae,
1652 2634 1674 2659 si
1687 2633 1727 2659 [11-

903 2674 912 2699 lt
931 2672 1029 2708 gienda
1053 2677 1205 2707 paupertas.

1531 2597 1566 2622 De
1580 2595 1728 2631 expetendo

1241 2672 1275 2697 De
1289 2679 1375 2706 aequo
1388 2676 1413 2697 01
1427 2672 1533 2706 iniquo:

1465 2710 1520 2735 221·

1570 2672 1727 2706 Aequumne
