1941 3052
257 122 288 144 ar,
836 124 859 143 ὴ,
896 119 929 144 ΜΔ
966 119 993 144 Τ.

255 196 322 220 ctus,
343 200 433 226 quam.
456 191 481 217 id
495 190 566 225 quod
581 194 620 215 cst
635 191 729 218 matun,
749 193 884 223 expertus.
919 189 1045 214 (titinium

255 233 400 254 veterarum
416 237 503 254 rerum
518 228 607 257 oratio,
625 227 690 252 mihi
705 226 791 255 crede,
805 225 885 251 ludus
895 230 934 250 ent
946 225 1045 251 homini

257 274 306 291 non
322 265 408 291 hebeti
425 273 510 299 nequ·-
525 265 694 290 inexercitato
708 272 793 297 neque
807 262 991 288 communium
1005 261 1046 288 lit-

257 307 371 328 tu-rarum
387 307 411 327 et
427 302 554 336 politioris
570 301 742 327 humanitatis
756 300 871 334 experti:
898 299 924 324 iu
939 307 1046 324 causitu-

257 349 314 365 rum
329 339 542 365 contentionilmst
554 341 726 370 magnumest
736 336 870 371 qufflldam
881 344 958 370 optut,
967 340 1046 370 atque

257 376 327 402 lumd
349 377 439 405 seiani.
465 385 496 401 an
519 376 551 400 dn·
575 375 699 400 humanis
722 373 849 408 operibus
869 373 947 406 longe
962 373 1046 399 maxi·

257 422 343 439 utum:
368 414 392 439 in
408 413 508 447 quibus
524 412 563 438 vis
577 412 686 437 oratoris
702 411 860 445 plerumque
871 410 904 436 ub
916 410 1046 444 imperitis

256 452 327 476 exitu
343 455 367 475 nt
384 451 489 476 tic-turia
505 449 649 476 iudicatur:
675 448 719 474 ubi
734 447 807 473 adest
822 452 938 473 armatus
952 446 1046 472 adver-

255 489 350 517 sarius,
367 488 412 521 qui
429 488 461 512 sit
475 492 499 511 et
515 485 650 511 feriendus
664 490 689 511 et
703 484 886 520 repr-tiendus,
908 484 953 509 uhi
969 492 1046 519 saepe

256 534 286 552 is,
303 525 348 559 qui
365 524 399 549 rei
415 524 539 549 dominus
555 522 661 548 futurus
676 527 723 552 est,
743 521 846 548 alicnus
860 526 939 556 atque
954 522 1044 551 iratus,

256 567 298 586 :tut
322 562 399 587 etiam
424 561 525 586 amicus
549 560 701 586 adversario
724 564 749 585 et
772 559 897 585 iuimicus
921 558 968 584 tibi
991 563 1044 589 esu

255 607 338 632 quum
357 602 402 623 aut
419 597 555 623 (lucendus
571 597 593 622 is
607 602 646 623 cst
660 601 705 623 aut
719 596 889 622 dedocendus
903 600 948 621 aut
962 596 1046 630 repri-

255 635 368 661 mendus
386 639 431 661 aut
450 634 600 661 incitandus
619 638 664 660 aut
681 634 753 660 omni
769 634 867 659 ratione
882 633 913 659 ad
929 637 1043 667 tempus.

254 673 285 697 ,ιιΙ
300 681 420 698 caussam
435 673 551 698 oratione
566 671 757 702 moderandusx,
785 671 821 705 (iu
840 679 894 705 quo
908 679 986 704 saepe
1000 670 1046 695 be-

255 709 402 736 nevolentia
417 709 448 735 ad
463 709 564 740 odium,
577 709 669 735 odium
683 713 770 734 autem
786 708 818 734 ad
834 707 1044 734 benevolentiam

253 746 440 772 deducendum
455 747 520 782 est2)
539 751 584 772 aut
599 751 733 781 tamquam
749 745 942 771 machinatione
956 744 1044 779 aliqua
1073 763 1075 773 Α

255 789 310 809 tum
329 784 361 809 ad
380 784 546 810 severitatem
567 788 622 810 tum
642 784 674 809 ad
694 783 876 809 remissionem
892 782 973 808 animi
989 786 1044 807 tum

254 821 284 846 ml
301 821 433 847 tristitiam
449 826 504 847 tum
519 821 550 847 ad
567 820 690 847 laetitiam
705 819 934 854 contorquendus:
960 819 1047 845 omni-

1029 118 1303 145 ‹zttzt-:tioxts

1066 188 1069 196 A

255 867 299 884 um
319 859 508 884 sententiarum
527 859 664 892 gravitate,
685 858 804 884 omnium
821 857 961 882 verborum
980 864 1046 890 pon·
1066 871 1067 890 1

253 896 363 922 deribus
377 900 415 922 est
431 892 573 923 utendunu
591 896 632 921 73.
649 895 754 921 accedat
767 898 868 929 oportet
882 894 949 919 actio
964 893 1043 923 varia,

255 933 406 963 vehemens,
425 933 500 967 plena
515 932 692 967 animi,ptena
707 932 827 967 spiritus,
844 931 920 966 plena
935 930 1042 961 doloris,
1066 935 1067 940 ¹

255 970 330 1004 plenu
339 971 464 996 veritatis.
473 971 500 996 In
513 970 554 996 his
561 970 686 1005 operibus
696 969 786 1004 siquis
798 968 870 995 illam
882 973 962 994 artem
973 976 1046 994 com-

255 1007 431 1041 prehenderit,
453 1012 489 1037 ut.
506 1012 641 1042 tamquam
656 1007 772 1037 Phidias,
790 1006 923 1032 Minervae
937 1006 1044 1041 signum

253 1044 357 1070 eslicere
376 1045 467 1079 possit,
490 1054 540 1070 non
560 1053 631 1075 saue,
652 1043 888 1079 quemadmodum,
910 1047 938 1068 ut
951 1042 1046 1078 clypeo

254 1082 324 1108 idem
337 1081 439 1112 artilex,
448 1082 548 1108 minora
561 1081 603 1107 illa
616 1090 693 1116 opera
706 1081 789 1107 lacere
800 1081 892 1110 discat,
906 1079 1043 1106 laborabit.
1066 1090 1067 1093 ¹

309 1119 401 1145 xvltt.
416 1120 459 1146 Ἡ.
475 1119 543 1145 Tum
558 1119 682 1145 Catulus:
704 1118 762 1150 Quo
776 1118 824 1144 ista
840 1118 937 1143 maiora
951 1125 981 1143 ac
995 1117 1046 1143 mi-

254 1156 375 1183 rabiliora
394 1155 488 1187 fecisti,
509 1165 539 1182 eo
558 1165 600 1182 me
619 1157 701 1182 maior
714 1155 876 1190 exspectatio
889 1159 967 1185 tenet,
983 1154 1046 1189 qui-

255 1194 366 1220 busnam
387 1194 534 1220 rationibus
552 1193 687 1229 quibusve
706 1193 853 1228 praeceptis
872 1201 900 1218 ea
920 1196 988 1218 tanta
1004 1191 1045 1217 vis
1066 1195 1074 1218 ι]

252 1235 433 1266 comparetur,
462 1240 513 1257 non
527 1240 582 1266 quo
599 1239 656 1257 mea
670 1230 779 1265 quidem
794 1231 846 1256 iam
861 1229 972 1259 intersit,
989 1228 1046 1263 (ne-
1066 1249 1074 1264 ,.

253 1277 305 1303 que
323 1268 394 1294 enim
414 1273 484 1294 aetas
503 1268 530 1294 id
548 1277 605 1294 ntea
623 1267 756 1294 desiderat
773 1272 798 1293 et
816 1266 890 1293 aliud
909 1265 1045 1301 quoddam
1066 1265 1074 1271 '¹

252 1314 338 1341 genus
355 1305 461 1332 dicendi
481 1314 527 1332 nos
542 1305 625 1331 secuti
640 1313 744 1336 sumus,
760 1304 806 1339 qui
822 1312 970 1338 numquam
984 1312 1046 1329 sen·
1066 1306 1067 1313 ¹

252 1343 347 1369 tentias
365 1342 398 1369 de
412 1343 537 1369 manibus
556 1342 675 1369 iudicum
691 1342 717 1368 vi
731 1341 846 1376 quadam
860 1341 984 1367 orationis
999 1348 1046 1367 ex-

252 1381 379 1406 torsimus
403 1388 432 1406 ac
456 1380 544 1414 potius
568 1379 677 1414 placatis
700 1387 791 1405 eorum
815 1379 912 1405 animis
931 1382 1042 1409 tantum,

252 1421 382 1452 quantum
397 1417 449 1452 ipsi
464 1417 640 1451 patiebantur,
649 1415 821 1451 accepimus,)
835 1415 882 1442 sed
897 1420 983 1442 tamen
995 1415 1044 1441 ista

252 1459 297 1480 tua
311 1454 416 1480 nullum
431 1454 463 1480 ad
478 1463 557 1480 usum
573 1458 784 1485 meum‚tantum
799 1452 977 1489 cognoscendi
987 1457 1046 1479 stu-

251 1492 296 1518 dio
309 1491 440 1518 adductus
455 1491 570 1526 requiro.
603 1492 646 1517 75.
663 1491 715 1517 Nec
729 1490 795 1517 mihi
810 1499 878 1525 opus
892 1494 932 1516 est
945 1489 1045 1516 Graeco

251 1529 342 1564 aliquo
355 1528 468 1560 doctore,
484 1529 531 1564 qui
546 1528 613 1554 mihi
627 1527 782 1564 pervulgata
796 1531 933 1563 praecepta
948 1527 1046 1553 decan-

251 1571 296 1596 tet,
321 1574 407 1601 quum
429 1566 487 1601 ipse
510 1574 657 1601 numquam
682 1565 778 1596 forum,
795 1573 942 1599 numquam
956 1564 1044 1590 ullum

253 1603 383 1630 iudicium
410 1603 557 1638 aspexerit;
593 1607 623 1629 ut
649 1603 839 1637 Peripateticus
870 1601 916 1628 ille
946 1601 1045 1627 dicitur

252 1641 384 1672 Phormio,
398 1649 483 1676 quum
498 1640 628 1666 Hannibal
643 1640 804 1674 Karthagine
814 1638 945 1674 expulsus
954 1638 1045 1673 Ephe-

251 1686 312 1704 sum
332 1677 364 1704 ad
383 1677 544 1704 Antiochum
564 1677 682 1703 venisset
699 1676 785 1707 exsul,
802 1684 903 1711 proque
917 1684 956 1707 eo,
972 1675 1045 1711 quod

251 1715 310 1741 eius
325 1723 420 1741 nomen
435 1719 489 1741 erat
503 1723 598 1750 magna
616 1714 687 1749 apud
701 1722 794 1740 omnes
807 1713 899 1750 gloria,
917 1713 1045 1739 invitatus

252 1756 322 1778 esset
339 1752 372 1778 ab
390 1752 543 1787 hospitibus
561 1752 628 1783 suis,
645 1756 673 1778 ut
687 1760 758 1782 eum,
774 1759 855 1786 quem
869 1750 935 1782 dixi,
951 1751 974 1777 si
988 1750 1045 1776 vel-

254 1788 296 1819 let,
313 1789 430 1822 audiret;
451 1797 591 1824 quumque
605 1797 633 1815 se
648 1797 699 1815 non
714 1788 783 1815 nolle
797 1788 922 1814 dixisset:
940 1787 1044 1814 locutus

252 1834 310 1852 esse
328 1826 426 1852 dicitur
444 1826 523 1852 homo
539 1826 664 1861 copiosus
678 1825 779 1860 aliquot
793 1825 870 1852 horas
883 1825 916 1851 de
930 1825 1046 1859 impera-

253 1864 316 1889 toris
329 1863 416 1890 officio
430 1867 456 1890 et
469 1863 501 1889 de
515 1864 587 1890 omni
601 1872 628 1889 re
643 1863 760 1889 militari.
776 1863 1042 1898 Tum,quumceteri,

252 1901 299 1935 qui
326 1900 404 1927 illum
430 1900 576 1931 audierant,
602 1900 774 1926 vehementer
796 1905 885 1926 essent
911 1899 1042 1931 delectati,

252 1938 415 1972 quaerebant
433 1938 466 1964 ab
483 1937 638 1968 Hannibale,
659 1937 787 1972 quidnam
807 1937 864 1972 ipse
877 1937 910 1964 de
924 1936 970 1963 illo
984 1937 1046 1972 phi-

254 1974 363 2009 losopho
376 1975 514 2001 iudicaret.
536 1975 640 2001 Poenus
655 1984 706 2001 non
720 1975 818 2009 optime
829 1975 936 2005 Graece,
949 1975 996 2000 sed
1007 1979 1046 2001 ta-

253 2021 314 2038 men
333 2012 414 2038 libere
433 2012 602 2047 respondisse
622 2011 712 2042 fertur,
733 2011 831 2038 multos
849 2020 878 2038 se
891 2012 988 2038 deliros
1002 2020 1046 2038 S&

253 2058 300 2075 nes
322 2058 401 2084 saepe
424 2049 537 2082 vidisse,
565 2049 613 2076 sed
634 2049 680 2084 qui
705 2050 798 2084 magis,
818 2058 899 2084 quam
921 2049 1045 2076 Phormio
1066 2065 1067 2074 η

252 2086 383 2117 deliraret,
399 2086 501 2113 vidisse
515 2087 659 2113 neminem.
679 2087 721 2113 76.
734 2087 827 2121 Neque
842 2086 993 2113 mehercule
1003 2087 1045 2113 in-
1066 2098 1067 2104 ¹

253 2124 330 2150 iuria.
360 2123 430 2156 Quid
449 2124 519 2149 enim
535 2128 580 2150 aut
594 2124 761 2159 arrogantius
775 2128 820 2150 aut
835 2123 974 2158 loquacius
989 2124 1043 2150 lieri
1066 2137 1067 2150 ι

253 2162 346 2195 potuit,
362 2169 443 2195 quam
458 2161 663 2196 ltannihali‚qui
678 2166 713 2187 tot
724 2169 806 2187 anuos
817 2161 849 2187 de
860 2161 972 2196 imperio
982 2169 1043 2187 cum

253 2198 352 2233 populo
373 2199 490 2224 Romano
512 2198 634 2224 omnium
656 2199 776 2234 gentium
792 2199 890 2224 victore
908 2203 1041 2229 certasset,

253 2236 384 2262 Graecum
398 2235 598 2270 hominem,qui
613 2244 760 2270 numquam
776 2235 886 2266 hostem,
896 2244 1043 2270 numquam

252 2277 335 2298 castra
354 2272 473 2303 vidisset,
494 2281 641 2307 numquam
660 2272 776 2307 denique
791 2273 928 2299 minimam
943 2277 1043 2308 partem

253 2309 336 2335 ullius
350 2309 451 2344 publici
466 2310 584 2336 muneris
599 2310 737 2345 attigisset,
754 2314 891 2344 praecepta
905 2310 938 2336 de
952 2318 979 2336 re
993 2310 1045 2336 mi-

254 2346 321 2372 litari
344 2346 424 2373 dare?
448 2347 501 2373 Iloc
519 2347 585 2373 mihi
605 2347 689 2373 Iacere
707 2355 800 2374 omnes
814 2347 867 2377 isti,
883 2347 976 2382 quide
991 2352 1044 2373 arte

253 2383 358 2410 dicendi
381 2385 560 2419 praecipiunt,
585 2384 724 2416 videnum-3
746 2384 820 2419 quod
837 2384 908 2410 enim
927 2385 980 2419 ipsi
998 2393 1045 2410 ex-

253 2421 319 2454 perti
334 2429 385 2447 non
400 2426 470 2452 sunt,
487 2421 513 2448 id
528 2421 622 2448 docent
635 2426 744 2448 ceteros.
761 2421 812 2447 Sed
828 2421 877 2448 hoc
891 2422 981 2448 minus
992 2421 1046 2448 Ior—

253 2462 322 2483 tasse
336 2462 431 2489 errant.
447 2458 519 2493 quod
534 2467 585 2485 non
600 2463 633 2490 te,
650 2463 679 2484 ut
693 2458 876 2490 Hannibalem,
889 2459 936 2485 sed
947 2467 1044 2493 pueros

253 2498 298 2520 aut
311 2494 521 2522 adolescentulos
535 2496 627 2522 docere
641 2500 778 2522 conantur.

309 2531 382 2557 XIX.
397 2532 440 2557 77.
463 2532 550 2564 Erras,
575 2532 675 2564 Catule,
700 2533 788 2568 inquit
801 2532 942 2559 Antonius.
977 2533 1043 2558 Nam

253 2572 357 2603 egomet
370 2569 397 2594 in
412 2568 510 2595 multos
525 2570 577 2595 iatn
592 2570 764 2596 Phormiones
777 2569 869 2596 incidi.
891 2568 958 2601 Quis
971 2569 1043 2595 enim

252 2610 291 2631 est
305 2606 417 2632 istorum
424 2606 594 2637 Graecorum,
602 2607 649 2641 qui
660 2615 824 2641 quemquam
837 2606 1044 2641 nostrumquid-

253 2651 332 2677 quam
348 2642 496 2679 intelligere
509 2643 669 2670 arbitretur?
690 2643 727 2670 Ac
741 2644 806 2670 mihi
822 2643 932 2678 quidem
946 2652 997 2670 non
1009 2644 1042 2669 ita

1066 2021 1074 2039 ,ι
1095 2012 1169 2038 civili
1193 2012 1317 2038 hesterno
1338 2010 1382 2038 die
1401 2011 1514 2038 Crassus
1535 2011 1657 2046 componi
1676 2019 1755 2046 posse
1768 2011 1901 2053 diceban„-

1065 2531 1074 2564 ⁴{
1094 2531 1195 2558 dumne
1209 2540 1242 2558 an
1255 2531 1289 2558 ad
1302 2529 1478 2567 pugnandum
1491 2539 1563 2556 arma
1576 2531 1630 2556 sint
1643 2530 1788 2565 sumpturi.
1802 2528 1896 2643 AB&

1073 189 1075 205 ¹
1100 188 1201 214 'nolenti
1217 194 1291 219 »annu
1309 188 1385 215 tacite
1398 196 1490 214 omnes
1504 196 1552 223 per
1587 190 1637 216 tior
1649 194 1675 216 et
1688 190 1799 225 perfero.
1820 192 1885 220 Num
1915 184 1919 191 ⁴

1098 231 1143 251 aut
1160 225 1262 260 aliquid
1282 225 1401 255 atterunt.
1422 225 1494 260 quod
1513 197 1585 252 ῐῐιίὲξΔ
1598 235 1649 253 non
1663 226 1814 262 displiceam
1842 227 1917 258 tutf'

1097 263 1225 292 efficiunt.
1247 267 1275 288 ut
1293 271 1334 289 me
1353 272 1404 289 non
1422 262 1549 289 didicit-se
1563 264 1652 290 minw-
1666 264 1807 299 poeniteat.
1844 262 1921 295 ni-,t

1073 326 1075 331 ,
1099 301 1174 326 mitto
1191 304 1279 325 auti-m
1299 308 1343 326 eos
1358 308 1408 326 non
1423 304 1475 325 tam
1489 300 1688 332 contumeliose,
1704 310 1785 336 quam
1800 287 1919 337 philo-2¹.

1074 338 1075 360 1
1097 337 1213 371 sophum
1229 336 1305 363 illum
1321 335 1458 366 Hannibal.
1472 341 1498 363 et
1510 345 1541 363 eo
1555 336 1665 364 sonasse
1679 338 1742 373 plue
1755 338 1890 367 habene«.-
1907 330 1920 360 ²

1099 375 1149 400 iam
1165 374 1272 407 negotii.
1289 373 1341 399 Sed
1356 378 1442 400 tamen
1456 378 1496 399 est
1509 382 1600 401 eorum
1613 374 1741 405 doctrina,
1756 381 1887 411 quantum
1901 363 1915 395 3

1098 420 1146 444 ego
1161 411 1277 437 iudicare
1291 419 1410 446 possum.
1427 410 1596 445 perridicula.
1617 412 1659 438 78.
1676 412 1804 439 Dividunt
1816 413 1921 442 enin‘.

1099 453 1176 474 totam
1197 457 1250 474 rem
1272 449 1298 475 in
1317 447 1384 474 duas
1404 452 1499 482 partes.
1520 448 1546 474 in
1560 457 1670 475 caussae
1683 450 1887 478 controversiam
1903 437 1921 456 Μ’

1098 490 1122 511 et
1136 486 1162 511 in
1177 486 1350 520 quaestionis.
1373 486 1500 511 (lausum
1515 485 1650 520 appellant
1664 495 1718 513 rem
1733 487 1846 522 positam
1860 488 1888 516 in
1918 518 1919 522 Ἰ

1097 522 1286 557 disceptatione
1302 531 1389 549 rerum
1404 527 1429 548 et
1442 523 1633 555 controversia;
1649 524 1831 558 quaestionem
1841 533 1887 551 au-

1098 564 1150 586 tem
1169 569 1223 586 rem
1244 560 1354 594 [msitam
1374 560 1400 586 in
1419 559 1521 585 infinita
1539 559 1712 587 dubitatione.
1746 561 1782 587 De
1794 569 1888 588 mum

1098 602 1234 632 praecepta
1249 597 1324 624 dant:
1349 597 1381 622 de
1395 597 1474 622 altera
1489 601 1561 631 parte
1574 596 1679 623 dicendi
1695 598 1793 624 mirum
1806 598 1888 625 silen—
1899 610 1918 642 4

1098 635 1164 660 tium
1179 639 1227 660 est.
1257 635 1300 660 79.
1321 634 1418 660 Deinde
1431 634 1551 668 quinque
1566 633 1665 661 faciunt
1678 635 1755 670 quasi
1770 635 1889 663 membr·

1097 671 1272 706 eloquentiae,
1293 672 1412 698 invenire
1429 670 1495 706 quid
1513 670 1595 702 dicas.
1616 672 1723 699 inventa
1736 671 1886 707 disponere.

1073 727 1075 729 .
1097 708 1192 735 deinde
1214 717 1306 735 ornare
1329 708 1427 739 verbis,
1452 712 1511 743 post
1525 709 1667 735 memoriae
1681 709 1815 741 mandare,
1831 714 1888 737 tum

1097 745 1129 771 ad
1143 750 1292 772 extremum
1307 754 1383 781 agere
1397 754 1426 771 ac
1441 746 1624 780 pronuntiare;
1640 755 1695 773 rem
1709 755 1773 773 sane
1784 755 1836 774 nou
1847 739 1919 799 1·βέ

1073 778 1075 802 l
1097 783 1238 809 conditam.
1258 782 1325 815 Quis
1338 783 1409 809 enim
1424 782 1473 809 hoc
1487 791 1538 809 non
1553 791 1600 809 sua
1615 788 1708 818 sponte
1723 783 1826 815 viderit,
1842 792 1891 811 ne-
1909 782 1917 805 ἶ

1099 821 1197 846 minem
1221 829 1297 855 posse
1319 820 1416 850 dicere.
1441 820 1492 846 nisi
1511 824 1537 846 et
1553 820 1620 855 quid
1638 820 1736 847 diceret
1749 826 1774 847 et
1787 821 1888 856 quibus
1909 817 1917 840 ‘¹

1099 857 1188 883 verbis
1201 862 1227 883 et
1239 866 1294 892 quo
1307 857 1398 883 ordine
1411 857 1518 888 diceret,
1536 857 1652 888 haberet,
1668 862 1694 884 et
1706 866 1735 884 ea
1750 858 1890 885 meminis·
1901 866 1913 885 1

1098 894 1155 920 set‘?
1174 894 1260 930 Atque
1274 895 1338 921 haec
1351 903 1400 930 ego
1414 902 1466 920 non
1480 894 1656 929 reprehendo:
1672 894 1719 921 sed
1729 899 1789 922 ante
1797 893 1906 922 00111οοῖ

1098 933 1182 966 posita
1197 940 1255 958 esse
1269 932 1336 962 dico.
1354 936 1383 958 ut
1395 940 1440 957 eas
1454 931 1516 958 item
1527 932 1799 968 quattuor.quinque,
1807 940 1889 959 sexve
1896 930 1914 958 ιἻ

1098 974 1194 1004 partes,
1215 968 1256 995 vel
1275 970 1354 995 etiam
1373 973 1474 1003 septem
1489 968 1625 1003 (quoniam
1639 968 1714 996 aliter
1727 969 1761 995 ab
1774 969 1834 996 aliis
1847 969 1914 996 di-ss.

1096 1006 1244 1041 geruntur),
1260 1006 1287 1033 in
1301 1015 1369 1041 quas
1383 1010 1423 1032 est
1437 1005 1470 1032 ab
1484 1006 1527 1032 bis
1540 1006 1627 1033 omnis
1641 1007 1723 1033 oratio
1735 1006 1887 1033 distributa.
1902 1006 1917 1011 ’“

1097 1046 1138 1070 80.
1154 1044 1248 1070 Iubent
1261 1044 1332 1070 enim
1346 1043 1461 1070 exordiri
1476 1042 1520 1074 ita,
1537 1047 1566 1069 ut
1579 1051 1651 1074 eum.
1666 1043 1714 1079 qui
1728 1043 1826 1074 audiat,
1842 1043 1890 1070 be—
1911 1055 1913 1057 ·

1097 1080 1221 1108 nevolum
1237 1081 1313 1107 nobis
1328 1080 1456 1107 faciamus
1470 1085 1496 1107 et
1509 1080 1621 1107 docilem
1635 1085 1661 1107 et
1674 1085 1817 1113 attentum
1841 1080 1901 1116 de-¹

1097 1118 1158 1145 inde
1176 1127 1231 1144 rem
1251 1126 1354 1144 narrare
1372 1118 1416 1149 ita,
1437 1121 1467 1144 ut
1485 1118 1539 1144 veri
1558 1117 1655 1144 similis
1673 1119 1788 1145 narratio
1799 1118 1843 1149 eit,
1860 1122 1890 1145 ut
1902 1135 1913 1148 r

1097 1160 1194 1190 aperta.
1215 1160 1244 1182 ut
1258 1155 1360 1188 brevis;
1389 1159 1449 1190 post
1465 1159 1555 1182 autem
1573 1154 1693 1181 dividere
1707 1164 1829 1182 caussam
1843 1151 1910 1194 aut}

1097 1201 1255 1228 proponet-eg
1277 1197 1364 1220 nostra
1383 1192 1538 1219 confirmare
1556 1193 1720 1228 argumentis
1737 1201 1767 1219 ac
1781 1193 1890 1220 rationi-
1911 1220 1913 1223 ,

1098 1231 1162 1263 bus3
1177 1230 1274 1256 deinde
1287 1230 1415 1256 contraria
1430 1229 1552 1256 refutare.
1581 1230 1650 1256 Tum
1665 1234 1753 1256 autem
1767 1229 1812 1256 alii
1825 1230 1913 1256 con-2*

1096 1267 1242 1293 elusionem
1261 1267 1386 1294 orationis
1405 1271 1430 1293 et
1447 1268 1525 1302 quasi
1539 1267 1731 1302 perorationem
1745 1265 1910 1301 collocann!

1096 1305 1140 1331 alii
1156 1305 1256 1335 iubent,
1273 1309 1414 1339 antequam
1430 1310 1574 1339 peroretur,
1589 1304 1701 1331 ornandi
1714 1308 1761 1330 aut
1772 1301 1910 1343 augendi}

1072 1339 1074 1375 ᾖ
1096 1350 1190 1368 caussa
1204 1341 1323 1377 digredi3
1339 1341 1436 1368 deinde
1449 1341 1607 1368 concludere
1620 1350 1650 1368 ac
1659 1349 1789 1376 perorare.
1801 1341 1891 1368 aruo

1097 1379 1160 1405 haec
1173 1379 1284 1414 quidem
1299 1378 1476 1413 reprehend03
1498 1383 1562 1405 sunt
1575 1379 1646 1405 enim
1659 1379 1788 1406 concinne
1797 1378 1891 1405 distri-

1096 1416 1173 1449 buta,
1189 1416 1237 1442 sed
1251 1421 1347 1447 tamen,
1364 1416 1392 1442 id
1405 1416 1477 1451 quod
1492 1424 1600 1442 necesse
1613 1415 1665 1442 tuit
1677 1415 1833 1443 bominibus
1842 1424 1891 1443 ex·
1902 1428 1906 1438 ›

1096 1454 1218 1488 pertibus
1236 1454 1364 1484 veritatis,
1385 1461 1436 1480 non
1451 1453 1544 1488 perite.
1578 1452 1651 1486 Quae
1664 1453 1735 1480 enim
1749 1452 1906 1488 praecepta}

1096 1491 1288 1526 principiorum
1311 1495 1336 1517 et
1358 1491 1539 1517 narrationum
1561 1499 1620 1517 esse
1642 1490 1793 1522 voluerunt,
1812 1498 1842 1517 ea
1860 1491 1911 1517 ius¹

1096 1529 1156 1554 totis
1170 1528 1334 1555 orationibus
1347 1532 1411 1554 sunt
1423 1527 1613 1554 conservanda.
1629 1529 1671 1554 82.
1684 1528 1750 1554 Nam
1761 1535 1811 1564 ego
1821 1527 1904 1555 mihi!

1096 1565 1255 1591 benevolum
1275 1565 1390 1591 iudicem
1411 1564 1517 1591 facilius
1543 1564 1628 1591 facere
1641 1573 1751 1599 possum
1765 1565 1792 1591 in
1806 1573 1868 1591 curs

1095 1603 1229 1633 orationis,
1245 1611 1326 1637 quam
1340 1610 1426 1637 quum
1439 1602 1528 1628 omnia
1541 1606 1605 1628 sunt
1617 1601 1750 1635 inaudita;
1774 1552 1906 1652 dociteilll

1095 1644 1192 1671 autem,
1210 1648 1261 1666 non
1275 1648 1360 1674 quum
1374 1638 1500 1674 polliceor
1516 1647 1558 1666 me
1571 1639 1824 1670 demonstraturum,
1840 1638 1909 1673 ⁵0²1?

1072 1684 1074 1696 r
1096 1682 1162 1707 tum,
1178 1685 1264 1712 quum
1278 1677 1359 1703 doceo
1372 1681 1397 1702 et
1415 1675 1542 1711 explano;
1577 1681 1706 1703 attentum
1721 1684 1784 1703 vero
1796 1676 1889 1703 crebro

1097 1719 1148 1741 tota
1162 1714 1263 1740 actione
1277 1713 1425 1740 excitandis
1440 1713 1576 1740 mentibus
1590 1713 1720 1745 iudicum,
1736 1721 1789 1740 non
1802 1710 1903 1749 primass

1095 1750 1416 1782 denuntiatione,efficere
1430 1759 1586 1785 possumus.
1601 1753 1643 1777 83.
1654 1751 1709 1777 Iam
1724 1759 1786 1778 vero
1799 1759 1890 1777 narra-

1072 1805 1075 1825 t
1096 1789 1194 1815 tionem
1213 1788 1286 1824 quod
1304 1788 1397 1814 iubent
1415 1788 1471 1814 veri
1489 1787 1606 1814 similem
1623 1796 1681 1814 esse
1694 1792 1719 1814 et
1733 1792 1849 1823 apertam
1862 1791 1891 1816 et
1906 1792 1907 1798 ¹

1072 1830 1075 1872 ἰ
1096 1826 1213 1857 brevem,
1234 1830 1303 1852 recte
1322 1834 1370 1852 nos
1387 1825 1542 1858 admouent;
1567 1825 1639 1861 quod
1654 1825 1718 1852 haec
1731 1825 1905 1852 nan-ationis·

1097 1863 1182 1899 magis
1205 1867 1299 1898 putant
1321 1871 1381 1889 esse
1402 1863 1517 1898 propria,
1541 1870 1622 1898 quam
1646 1863 1727 1889 totius
1749 1862 1894 1894 orationis..

1096 1900 1173 1927 valde
1187 1900 1253 1926 mihi
1269 1899 1394 1926 videntur
1406 1908 1506 1926 errare:
1527 1900 1690 1935 omninoque
1703 1900 1731 1926 in
1741 1899 1791 1926 hoc
1800 1899 1905 1939 omnis-5⁴

1072 1937 1075 1962 P
1095 1942 1134 1964 est
1153 1946 1233 1968 error,
1253 1936 1326 1972 quod
1344 1937 1498 1963 existimant
1512 1936 1654 1963 artificium
1667 1945 1726 1963 esse
1739 1936 1789 1963 hoc
1801 1936 1903 1972 quod-1

1072 1971 1074 1982 '
1096 1975 1156 2001 dam
1172 1983 1223 2001 non
1237 1973 1370 2001 dissimile
1384 1973 1700 2005 ceterorum,cuiusmodi
1714 1973 1747 2000 de
1761 1974 1820 2009 ipso
1829 1970 1904 2004 iure}

1096 2054 1126 2076 ut
1143 2057 1240 2085 genera
1259 2057 1348 2075 rerum
1365 2049 1483 2083 primum
1497 2052 1701 2083 exponerentur,
1716 2049 1744 2075 in
1757 2056 1812 2083 quo
1825 2048 1901 2085 Vffiffi

1096 2095 1141 2113 um
1156 2091 1204 2117 est,
1220 2087 1243 2112 si
1257 2094 1343 2122 genus
1357 2085 1443 2112 ullum
1458 2086 1694 2120 praetermittatur;
1721 2084 1818 2112 deinde
1831 2085 1901 2119 sin-2

1094 2123 1220 2159 gulorum
1238 2131 1367 2159 generum
1385 2127 1483 2158 partes,
1507 2122 1536 2148 in
1557 2131 1612 2157 quo
1625 2127 1651 2149 et
1663 2121 1756 2149 deesse
1769 2121 1899 2158 aliquam*

1096 2166 1196 2196 partem
1219 2165 1244 2187 et
1265 2168 1391 2195 superare
1409 2159 1568 2186 mendosum
1585 2164 1638 2192 est;
1666 2164 1723 2186 tum
1744 2159 1901 2192 verborum·

1095 2198 1216 2225 omnium
1237 2197 1414 2228 definitiones,
1439 2197 1468 2223 in
1485 2197 1586 2232 quibus
1600 2204 1686 2232 neque
1699 2197 1793 2223 abesse
1806 2193 1899 2232 quid-4'

1095 2243 1177 2270 quam
1189 2234 1265 2261 decet
1278 2242 1364 2269 neque
1378 2233 1536 2260 redundare.
1557 2234 1620 2260 XX.
1635 2235 1676 2260 86.
1692 2233 1745 2260 Sed
1759 2233 1808 2260 hoc
1821 2233 1845 2260 si
1858 2233 1897 2266 im:

1095 2273 1152 2298 iure
1170 2272 1253 2303 civili,
1274 2272 1297 2298 si
1315 2272 1394 2298 etiam
1409 2272 1437 2297 in
1451 2271 1541 2306 parvis
1554 2275 1600 2298 aut
1613 2270 1792 2297 mediocribus
1805 2270 1852 2297 reb
1892 2270 1896 2275 ⁴

1072 2307 1075 2326 t
1095 2309 1224 2336 doctiores
1238 2309 1345 2343 assequi
1360 2313 1486 2343 possunt,
1507 2316 1560 2336 non
1572 2307 1644 2334 idem
1657 2308 1744 2334 sentio
1756 2312 1826 2334 tanta
1838 2307 1854 2334 h
1897 2337 1899 2343 ¹

1072 2373 1075 2380 ‚
1095 2347 1122 2373 in
1137 2355 1164 2372 re
1178 2351 1286 2381 tamque
1298 2346 1429 2372 immensa
1442 2353 1521 2380 posse
1535 2345 1600 2371 fieri.
1623 2344 1670 2371 Sin
1684 2349 1773 2371 autem
1785 2344 1834 2380 qui
1844 2344 1897 2375 ars-i

1072 2386 1074 2421 Ι
1094 2383 1234 2414 bitrantur,
1259 2382 1410 2409 deducendi
1432 2387 1497 2409 sunt
1516 2381 1550 2408 ad
1567 2390 1621 2413 eos=
1641 2382 1689 2417 qui
1703 2381 1768 2409 haec
1780 2380 1897 2416 dooentq'

1072 2424 1074 2451 'y
1095 2421 1184 2447 onmia
1201 2421 1254 2446 iam
1272 2419 1404 2455 explicata
1420 2424 1445 2446 et
1462 2418 1591 2454 perpolita
1604 2423 1795 2454 assequentur;
1821 2420 1896 2451 sunt}

1072 2452 1074 2478 ἶ
1095 2458 1166 2484 enim
1184 2456 1394 2484 innumerabiles
1411 2456 1445 2483 de
1463 2456 1505 2482 his
1518 2456 1600 2482 rebus
1615 2455 1685 2487 libri,
1701 2464 1789 2491 neque
1801 2455 1864 2483 abdi
1886 2454 1887 2457 ’

1072 2487 1074 2527 ss
1095 2503 1183 2529 neque
1196 2494 1311 2521 obscuri.
1341 2493 1395 2520 Sed
1408 2493 1523 2524 videant,
1543 2493 1610 2528 quid
1623 2492 1720 2519 velint:
1743 2492 1776 2519 ad
1790 2492 1871 2520 luden

1072 2571 1073 2607 ζ
1094 2569 1166 2595 enim
1183 2577 1274 2604 pugna
1291 2573 1317 2594 et
1333 2568 1412 2599 acies,
1431 2566 1506 2593 aliud
1524 2566 1606 2593 ludus
1618 2575 1784 2602 campusque
1797 2575 1845 2594 nos

1072 2609 1073 2615 ¹
1094 2605 1235 2632 desiderat.
1266 2605 1388 2632 Attamen
1401 2613 1444 2630 ars
1457 2604 1515 2638 ipsa
1529 2603 1630 2630 ludicra
1643 2612 1777 2631 armorum
1789 2608 1816 2631 et
1826 2603 1854 2640 gt

1094 2642 1188 2668 diatori
1206 2647 1232 2668 et
1245 2642 1325 2668 militi
1338 2641 1445 2676 prodest
1463 2641 1579 2676 aliquid3
1607 2641 1654 2668 sed
1668 2641 1774 2668 animus
1787 2649 1847 2668 acer
1858 2643 1893 2680 q

1879 2722 1890 2738 ἱ
