1941 3052
268 137 319 163 DE
351 136 537 163 FINIBUS
569 136 786 164 BONORUM
815 137 866 163 ET

87 205 130 230 sit,
146 204 358 225 administrationem
371 205 514 232 reipublicae,
527 209 563 226 aut
575 206 746 226 administrandi
756 205 879 230 scientiam,

87 244 131 261 tum
141 240 277 267 prudentem,
287 242 436 266 temperatam,
450 241 526 261 fortem
539 244 560 261 et
567 241 647 261 iustam
658 240 773 265 rationem,
785 244 879 262 ceteras-

87 282 128 302 que
138 275 231 296 rirtutes
242 278 263 295 et
274 274 372 295 actiones
383 275 503 296 virtutihus
513 278 669 301 congruentes:
685 282 740 302 (luae
753 275 826 296 omnia
842 275 879 295 ho-

86 314 149 331 nesta
163 310 272 334 dicamus,
289 313 309 329 et
324 310 349 330 ad
361 317 450 336 quorum
460 310 607 335 cognitionem
618 317 630 330 a
640 314 718 331 nutura
728 311 777 338 ipsa
787 311 879 331 deduca-

87 352 140 366 mur.
151 352 169 365 c.
180 347 213 366 21.
225 347 257 365 22.
288 345 311 365 Ιιι
323 344 423 365 honestis
433 347 504 366 autem
516 345 548 365 nil
559 352 608 366 esse
616 345 738 370 illustrius,
749 352 810 372 quam
822 345 880 366 desi-

86 379 249 401 deratissimam
259 379 320 400 illam
331 379 441 400 hominum
452 380 588 405 societatem,
596 380 688 407 eiusque
697 380 880 400 conservatricem

86 415 197 436 iustitiam
207 414 271 441 eique
281 414 396 435 adiunctos
406 415 518 442 pietatem,
529 415 657 440 bonitatem,
668 415 834 439 liberalitatem,
845 422 881 435 co-

87 449 196 474 mitatem,
211 449 299 476 aliaque
315 450 363 470 eius
378 450 477 475 generis,
497 457 552 476 quae
567 450 672 471 virtutum
687 450 821 477 reliquarum
837 450 882 470 sint

85 485 216 506 communio.
247 487 279 505 lta
289 485 344 509 fieri,
358 487 383 505 ut
392 485 434 505 illa
444 485 539 506 societas
550 485 615 505 etiam
626 492 665 512 per
675 492 699 506 se
708 485 830 512 appetenda
840 484 880 505 sit:

87 526 213 547 quamquam
221 520 319 546 nequein
329 521 372 540 tine
383 521 495 544 honorum,
502 520 554 546 quia
564 520 703 541 extrinsecus
710 521 805 543 accedat,
813 526 882 546 neque

86 555 110 575 iu
121 555 193 575 auimo
205 562 273 581 nequi:
283 555 305 575 in
315 562 406 582 corpore
416 555 446 575 sit
457 555 537 582 posita.
557 555 606 575 Duo
617 555 686 580 igitur
696 561 745 575 esse
755 561 834 580 genera
844 562 882 582 per

87 597 111 610 se
122 590 303 617 expetendorum:
314 597 379 610 uuum
391 590 557 616 eoru¹n,quihus
568 590 684 617 expleatur
693 589 749 610 illud
761 593 880 610 extremum

87 625 134 646 sire
145 632 249 645 summum
263 626 339 645 hunum
347 640 353 649 ,
364 632 418 651 quae
429 625 474 645 siut
484 629 521 645 aut
532 625 600 646 animi
610 628 648 645 aut
657 624 769 652 cui-puris,
780 624 880 647 alterum,

87 659 109 679 in
125 667 166 686 qno
182 659 228 680 sint
243 667 276 680 res
287 659 426 680 extrinsecus
436 659 538 687 positae,
554 667 608 686 quae
619 666 746 687 quamquam
758 666 800 679 nou
811 658 880 679 couti-

88 699 180 715 ueantur
191 702 272 715 summo
282 696 346 719 hono,
358 698 429 715 tamen
440 695 465 715 ad
477 694 516 715 hoc
528 695 659 719 referantur,
671 695 727 722 quod
738 694 790 714 illas
802 693 837 714 liis
848 694 880 713 of-

87 729 144 750 ficiis
151 733 257 753 tueamur,
265 736 320 756 quae
330 737 343 750 a
352 737 391 750 suo
402 729 508 756 cuiusque
518 737 597 755 genere
607 729 697 750 virtutis
709 729 841 749 oriantur-c.
848 731 880 749 23.

86 767 119 785 24.
137 765 198 785 Hauc
216 772 265 785 esse
278 764 442 792 Peripateticae
457 764 551 785 rationis
570 772 684 790 summam,
705 771 733 785 ex
752 771 794 791 qua
813 764 881 784 ceteri

87 807 162 820 omnes
172 799 300 827 particulam
313 799 407 826 aliquam
419 799 563 824 detraxerint,
571 807 635 826 quum
647 806 706 820 suam
718 799 810 826 quisque
816 800 881 819 affer-

88 841 111 854 re
120 835 190 855 videri
202 834 254 854 velit
266 834 405 855 sententiam.
417 841 435 855 e.
445 837 478 855 2⁵.
505 833 600 860 Reliqua
610 834 733 861 disputatio
743 838 844 855 versatur
858 834 881 854 iu

87 869 200 890 diluendis
210 869 239 890 iis
246 885 252 894 ,
262 876 317 896 quae
326 869 404 890 Cicero
415 869 442 890 de
451 869 603 890 inconstantia
612 869 707 890 rationis
717 869 881 896 Peripateticae

86 905 230 929 disseruerat,
241 912 258 925 c.
270 906 302 925 26.
314 911 346 930 sq.
357 910 399 931 qna
409 903 540 928 ostenditur,
553 907 634 924 tantam
646 911 696 924 esse
705 904 796 925 virtutis
808 904 880 925 excel-

88 939 185 963 lentiam,
197 943 228 963 ut,
240 939 260 959 si
270 945 312 966 qua
322 939 396 960 desint
406 940 463 959 bona
474 942 572 964 externa,
584 945 609 959 ea
619 939 686 959 facile
697 939 810 966 suppleat,
822 939 880 959 nihi-

87 974 151 1001 loque
161 974 233 994 minus
244 975 321 994 heatus
331 973 421 1000 sapiens
432 973 477 994 dici
486 974 571 1001 possit,
587 974 630 994 etsi
643 974 666 994 in
678 974 780 994 molestia
789 975 880 1001 quadam

87 1009 129 1033 sit3
141 1009 267 1030 accessione
276 1012 347 1029 autem
358 1008 447 1029 illorum
458 1010 563 1029 honorum
574 1012 611 1029 eut
621 1009 750 1030 decessione
760 1010 807 1029 tien*
815 1009 880 1030 alium

86 1044 131 1065 ulio
141 1044 268 1065 beatiorem.

142 1107 162 1132 1.
180 1108 203 1132 l.
221 1100 317 1138 Quum
329 1105 496 1133 audivissem
507 1106 683 1138 Antiochum,
697 1107 785 1137 Brute,
799 1112 828 1133 ut
838 1116 882 1134 so-

87 1143 172 1175 lebat,
189 1152 251 1170 cum
268 1144 303 1170 M.
321 1144 429 1174 Pisone,
449 1145 475 1170 in
491 1152 522 1170 eo
537 1145 692 1180 gymnasio,
708 1144 781 1179 quod
795 1144 882 1171 Ptole-

86 1181 204 1207 maeium
225 1186 348 1212 vocatur,
371 1190 480 1216 unaque
499 1181 642 1208 nobiscum
661 1182 693 1214 Q.
710 1181 790 1208 frater
809 1187 835 1208 et
850 1183 879 1208 T.

87 1219 250 1253 Pomponius
262 1223 287 1244 et
298 1219 327 1244 L.
341 1218 446 1250 Cicero,
460 1218 539 1245 frater
550 1224 652 1251 noster,
665 1220 823 1254 cognatione
833 1228 882 1254 pa-

86 1255 193 1286 trueliS,
210 1264 299 1282 amore
310 1264 467 1291 germanus:
486 1257 676 1283 constituimus
692 1257 760 1283 inter
774 1266 835 1288 nos,
854 1262 882 1284 ut

86 1292 296 1319 ambulationem
313 1292 550 1327 postmeridianam
566 1294 758 1320 conficeremus
774 1295 803 1320 in
813 1294 882 1321 Aca-

85 1330 189 1362 demia,
212 1331 329 1357 maxime
344 1330 416 1365 quod
432 1331 455 1357 is
468 1330 542 1357 locus
554 1331 587 1358 ab
599 1332 674 1358 omni
685 1332 762 1358 turha
775 1331 802 1358 id
814 1336 882 1358 tem-

85 1368 159 1402 poris
179 1376 280 1394 vacuus
300 1372 379 1394 esset.
419 1369 511 1403 ltaque
530 1368 564 1394 ad
584 1373 691 1404 tempus
710 1369 743 1395 ad
757 1369 881 1395 Pisonem

85 1413 188 1431 omues.
230 1405 293 1431 Inde
305 1406 378 1431 vario
389 1414 511 1432 sermone
525 1414 574 1432 sex
588 1406 633 1432 illa
645 1406 678 1433 ab
689 1406 785 1442 Dipylo
796 1407 881 1433 stadia

85 1441 262 1469 confecimus.
296 1442 386 1475 Quum
398 1447 487 1469 autem
500 1444 671 1470 venissemus
683 1443 710 1470 in
722 1443 882 1470 Academiae

86 1488 139 1507 non
153 1480 212 1506 sine
229 1488 324 1506 caussa
344 1479 482 1507 nobilitata
504 1481 604 1515 spatia,
627 1480 744 1507 solitudo
764 1486 820 1508 erat
840 1490 879 1513 ea,

86 1525 167 1552 quam
192 1516 373 1544 volueramus.
413 1518 438 1543 2.
460 1518 529 1544 Tum
551 1518 623 1549 l'iso,
648 1519 782 1545 Naturane
804 1519 881 1545 nobis

88 1554 152 1585 hoc,
175 1554 277 1589 inquit,
298 1554 391 1581 datum
411 1554 514 1586 dicam,
538 1564 570 1582 an
586 1564 672 1582 errore
689 1555 821 1590 quodam,
843 1561 879 1588 ut,

86 1599 172 1626 quum
188 1600 218 1618 ea
235 1591 290 1618 loca
306 1591 461 1623 videamus,
480 1593 507 1618 in
523 1592 625 1627 quibus
641 1593 769 1620 memoria
785 1593 881 1629 dignos

87 1629 158 1655 viros
170 1630 354 1664 acceperimus
366 1629 482 1656 multum
498 1638 557 1656 esse
571 1635 703 1662 versatos,
722 1631 809 1666 magis
825 1640 882 1657 mo-

87 1674 206 1697 veamur,
215 1674 297 1701 quam
308 1667 331 1693 si
341 1666 449 1701 quando
460 1675 553 1693 corum
564 1668 685 1702 ipsorum
697 1672 743 1695 aut
753 1667 821 1695 sacta
833 1677 882 1695 au-

85 1703 206 1734 diamus,
229 1708 274 1730 aut
293 1704 425 1738 scriptum
445 1704 555 1739 aliquod
575 1704 715 1740 legamus?
735 1705 814 1732 Velut
832 1714 882 1741 ego

86 1749 158 1767 nunc
169 1749 287 1768 moveor.
322 1741 402 1768 Venit
415 1742 486 1768 enim
498 1741 567 1768 mihi
578 1742 696 1769 Platonis
708 1743 735 1769 in
748 1748 879 1770 mentem:

84 1786 167 1813 quem
181 1779 335 1813 accepimus
351 1779 469 1813 primum
487 1779 531 1806 hic
542 1779 681 1815 disputare
692 1780 816 1807 solitum:
833 1789 882 1807 cu-

86 1814 129 1841 ius
145 1816 224 1842 etiam
242 1815 281 1842 illi
293 1815 391 1843 hortuli
403 1817 549 1852 propinqui
560 1826 612 1844 non
624 1818 781 1844 memoriam
793 1818 881 1845 solum

86 1852 154 1879 mihi
169 1852 294 1884 afferunt,
311 1852 359 1880 sed
376 1854 465 1888 ipsum
482 1853 608 1881 videntur
625 1855 651 1881 in
666 1860 810 1890 conspectu
822 1864 882 1882 mco

86 1898 194 1924 ponere.
235 1890 282 1916 llic
297 1890 480 1925 Speusippus,
504 1890 547 1917 hic
562 1891 740 1923 Xenocrates,
763 1893 807 1919 hic
822 1893 881 1919 eius

86 1926 312 1958 auditorl‘olemo,
326 1928 404 1954 cuius
416 1928 473 1962 ipsa
486 1927 531 1954 illa
542 1929 627 1955 sessio
639 1929 699 1960 fuit,
710 1938 792 1964 quam
805 1930 882 1956 vide—

87 1972 158 1990 mus.
198 1964 333 1999 Equidem
357 1965 437 1991 etiam
462 1965 565 1992 curiam
589 1971 706 1992 nostram
727 1967 880 2002 (llostiliam

86 2000 155 2032 dico,
169 2009 221 2027 non
234 2001 302 2028 hanc
313 2009 419 2033 novam,
435 2010 505 2037 quae
515 2002 583 2029 mihi
596 2003 683 2030 minor
693 2012 751 2030 essc
764 2004 879 2036 videtur,

87 2043 260 2073 posteaquam
277 2043 317 2065 est
332 2039 441 2074 maiort)
459 2039 578 2066 solebam
595 2040 702 2066 intuens
717 2040 878 2076 Scipionem,

86 2076 226 2106 Catonem,
241 2075 376 2107 Laelium,
392 2081 513 2103 nostrum
526 2085 588 2103 vero
600 2077 625 2103 iu
638 2078 733 2112 primis
745 2087 826 2105 avum
837 2087 882 2105 co-

86 2113 183 2149 gitare:
207 2117 276 2140 tanta
294 2113 335 2139 vis
350 2112 542 2140 admonitionis
558 2114 628 2141 inest
643 2115 670 2141 in
688 2114 766 2147 locis,
785 2120 814 2142 ut
829 2125 881 2142 non

86 2151 146 2177 sinc
157 2159 252 2176 caussa
263 2158 297 2177 cx
309 2150 351 2176 his
363 2151 506 2177 memoriae
518 2151 597 2178 ducta
609 2152 645 2178 sit
659 2151 814 2187 disciplina.
855 2155 880 2180 3.

86 2187 155 2214 Tum
166 2188 292 2220 Quintus,
305 2187 352 2214 Est
363 2187 450 2222 plane,
464 2188 534 2220 Piso,
548 2193 577 2215 ut
587 2188 665 2220 dicis,
680 2189 778 2225 inquit.
814 2190 881 2217 Nam

87 2233 129 2252 mo
146 2226 235 2260 ipsum
252 2224 305 2251 huo
320 2225 398 2251 modo
415 2225 566 2252 venientem
582 2227 754 2253 convertebat
773 2227 807 2254 ad
822 2236 881 2254 seso

86 2261 218 2289 Coloneus
234 2262 279 2288 ille
295 2261 383 2293 locus,
400 2263 479 2289 cuius
490 2263 576 2289 incola
588 2262 734 2298 Sophocles
744 2264 778 2290 oh
789 2264 881 2291 oculos

87 2299 256 2326 versabatur:
281 2308 362 2334 quem
380 2300 434 2326 scis
470 2308 531 2326 uam
547 2299 676 2332 admirer,
698 2310 835 2337 quamque
851 2310 881 2328 co

85 2336 211 2364 delecter.
252 2337 293 2364 Me
308 2336 420 2372 quidem
438 2346 452 2363 u
486 2337 607 2364 altiorem
628 2339 784 2365 memorium
799 2338 882 2366 Oedi-

86 2373 164 2409 podis
176 2374 229 2401 huc
241 2374 374 2401 venientis
385 2379 411 2401 et
422 2373 467 2400 illo
480 2373 639 2401 mollissimo
649 2376 781 2407 carmine,
797 2385 881 2411 quac-

86 2420 147 2438 nam
158 2416 249 2438 essent
264 2412 322 2447 ipsa
339 2411 404 2438 haec
418 2411 488 2443 loca,
506 2413 667 2447 requirentis
682 2413 787 2448 species
797 2422 882 2448 quoe-

85 2448 148 2475 dam
157 2449 317 2480 commovit,
333 2449 421 2475 inanis
431 2448 547 2480 scilicet,
565 2449 611 2476 sed
624 2451 771 2477 commovit
781 2455 879 2477 tumen.

85 2485 154 2512 Tum
165 2486 343 2522 Pomponius:
357 2488 391 2513 At
401 2494 458 2522 ego,
471 2495 553 2521 quem
566 2495 626 2518 vos,
643 2492 672 2513 ut
682 2486 804 2514 deditum
816 2488 881 2522 Epi—

85 2531 163 2554 cure,
186 2524 311 2550 inscctari
331 2522 436 2554 soletis,
459 2532 519 2550 sum
540 2523 655 2550 multum
670 2523 798 2559 equidem
817 2533 879 2551 cum

86 2559 214 2591 Phaedro,
228 2569 310 2596 quem
321 2561 400 2588 unice
411 2559 504 2597 diligo,
519 2565 548 2587 ut
557 2561 642 2593 scitis,
657 2561 683 2587 in
695 2561 805 2596 Epicuri
818 2561 880 2589 hor-

86 2597 134 2628 tis,
152 2606 220 2632 quos
231 2598 310 2625 modo
319 2597 546 2634 praeteribamus:
564 2598 621 2629 scd,
635 2599 732 2625 vetoris
743 2599 879 2633 proverbii

85 2633 239 2666 admonitu,
253 2635 378 2662 vivorum
390 2636 514 2662 memini:
533 2644 582 2662 nec
594 2640 681 2662 tumen
696 2635 806 2670 Epicuri
819 2635 880 2664 licet

84 2671 221 2704 oblivisci.
229 2673 253 2700 si
263 2673 385 2708 cupiam:
401 2673 480 2700 cuius
491 2673 636 2710 imaginem
649 2682 699 2700 nou
712 2673 790 2701 niodo
802 2674 828 2700 in
841 2679 880 2701 to-

896 136 1119 164 MALORUM
1149 138 1229 164 LIB.
1261 137 1547 164 V.CAP.l—3.
1662 140 1725 165 ⁴033)

931 208 1004 235 bulis
1020 209 1103 234 nostri
1118 207 1276 239 familiares,
1293 208 1341 234 sed
1355 209 1435 235 etiam
1447 209 1474 234 in
1485 208 1591 243 poculis
1604 209 1666 234 etin
1678 218 1727 235 an·

932 246 1004 272 nulis
1021 245 1129 272 habent.
1169 246 1200 272 Π.
1223 247 1247 272 4,
1269 246 1317 272 Hic
1336 254 1399 281 ego,
1422 246 1584 280 Pomponius
1602 246 1724 280 quidem,

932 284 1056 318 inquam,
1080 288 1168 309 noster
1183 283 1263 309 iocari
1282 283 1400 314 videtur,
1422 288 1449 309 et
1466 282 1576 310 fortasse
1591 291 1641 310 suo
1657 284 1725 309 iure⁴

932 322 968 347 lta
984 321 1056 346 enim
1070 320 1181 346 Athenis
1197 329 1225 346 se
1241 320 1394 352 collocavit,
1414 325 1444 347 ut
1459 321 1494 346 sit
1507 329 1592 355 paene
1607 329 1678 347 unus
1694 329 1728 346 ex

932 358 1040 388 Atticis,
1064 362 1093 384 ut
1114 357 1141 383 id
1162 358 1241 384 etiam
1262 366 1409 394 cognomen
1431 357 1554 384 videatur
1573 357 1725 384 habiturus.

932 395 988 430 Ego
999 399 1086 421 autem
1100 394 1163 426 tibi,
1180 395 1253 425 Piso,
1271 395 1414 426 assentior,
1433 404 1484 422 usu
1500 395 1549 421 hoc
1560 395 1681 426 evenire,
1699 400 1728 421 ut

932 433 1021 459 acrius
1037 431 1174 467 aliquanto
1189 437 1215 458 et
1230 433 1356 459 attentius
1373 432 1404 458 dc
1419 432 1498 458 claris
1510 433 1591 463 viris,
1609 432 1727 459 locorum

933 469 1084 502 admonitu,
1102 470 1263 505 cogitemus.
1303 469 1362 496 Scis
1377 470 1450 496 enim
1466 478 1509 496 me
1526 469 1644 505 quodam
1662 474 1729 496 tem—

932 515 995 541 pore
1006 507 1187 541 Metapontum
1204 508 1311 533 venisse
1327 512 1429 538 tecum,
1447 515 1534 542 neque
1549 506 1582 533 ad
1594 507 1728 542 hospitem

933 549 992 570 ante
1003 544 1160 575 devertisse,
1169 553 1250 578 quam
1258 544 1422 580 Pythagorae
1434 545 1525 579 ipsum
1537 543 1615 570 illum
1628 543 1726 574 locum,

933 581 979 607 uhi
992 582 1073 607 vitam
1089 581 1222 612 ediderat,
1239 582 1387 617 sedemque
1403 582 1528 608 viderim.
1570 582 1623 608 Hoc
1638 586 1728 608 autem

934 624 1050 653 tempore
1059 639 1065 649 ,
1081 619 1131 645 etsi
1146 618 1229 645 multa
1240 619 1267 645 in
1279 621 1352 646 omni
1364 625 1437 654 parte
1448 619 1614 645 Athenarum
1628 619 1728 645 suntin

933 655 1072 690 ipsislocis
1084 656 1182 682 indicia
1194 665 1364 683 summorum
1375 657 1508 683 virorum:
1523 661 1610 683 tamen
1623 665 1672 692 ego
1683 655 1729 682 illa

933 701 1041 719 moveor
1051 693 1160 720 exedra.
1199 693 1277 720 Modo
1287 694 1360 720 enim
1371 693 1422 721 fuit
1432 693 1596 720 Charmadas
1608 694 1617 705 ⁸
1628 704 1633 719 :
1647 702 1728 728 quem

934 730 1024 756 videre
1036 730 1141 761 videor,
1159 730 1210 765 (est
1220 732 1292 757 enim
1304 736 1364 758 nota
1376 731 1487 767 imago,)
1502 740 1516 757 a
1527 731 1646 765 sedeque
1659 732 1726 765 ipsa,

934 769 999 794 tanti
1012 768 1114 802 ingenii
1127 769 1313 803 magnitudine
1324 769 1426 799 orbata,
1435 768 1583 795 desiderari
1595 767 1669 794 illam
1682 777 1729 794 vo-

932 814 991 831 cem
1011 810 1086 839 puto.
1126 807 1150 831 5.
1178 806 1246 831 Tum
1266 806 1341 837 Piso,
1367 805 1499 838 Quoniam
1521 806 1604 841 igitur
1624 805 1729 839 aliquid

932 850 1039 872 omnes,
1055 842 1122 877 quid
1134 843 1233 869 Lucius
1245 848 1346 873 noster,
1361 842 1467 877 inquit‘?
1477 852 1511 869 an
1522 851 1585 868 eum
1597 842 1684 868 locum
1698 842 1730 868 li-

934 880 1026 906 benter
1038 880 1145 910 invisit,
1165 880 1212 906 ubi
1223 880 1415 906 Demosthenes
1426 885 1452 906 et
1462 879 1610 906 Aeschines
1622 880 1690 906 inter
1701 888 1729 905 se

932 917 1067 943 decertare
1081 916 1153 943 soliti
1164 917 1244 944 sunt?
1265 918 1319 944 Suo
1330 918 1403 943 enim
1413 918 1530 952 quisque
1541 916 1631 943 studio
1642 918 1730 943 maxi-

933 963 975 981 me
986 954 1104 981 ducitur.
1145 955 1177 980 Et
1188 954 1247 985 ille,
1260 963 1346 989 quum
1358 954 1526 986 erubuisset,
1539 954 1613 985 Noli,
1630 955 1727 989 inquit,

933 1001 967 1018 ex
981 1000 1024 1018 me
1039 1000 1181 1026 quaerere,
1199 993 1247 1027 qui
1264 993 1291 1018 in
1302 992 1471 1018 Phalericum
1487 992 1567 1018 etiam
1583 991 1730 1018 descende-

933 1030 998 1056 rim:
1021 1038 1074 1064 quo
1091 1030 1117 1055 in
1134 1029 1191 1056 loco
1206 1029 1240 1056 ad
1251 1029 1360 1056 fluctum
1373 1031 1448 1056 aiunt
1458 1029 1609 1056 declamare
1620 1029 1730 1056 solitum

933 1067 1152 1097 Demosthenem,
1167 1072 1196 1094 ut
1207 1066 1345 1093 fremitum
1357 1072 1524 1093 assuesceret
1535 1075 1599 1093 voce
1611 1067 1729 1093 vincere.

933 1104 1011 1131 Modo
1027 1105 1107 1131 etiam
1122 1104 1245 1139 paullum
1256 1104 1289 1130 ad
1301 1104 1422 1131 dextram
1435 1104 1467 1130 de
1480 1104 1522 1130 via
1534 1103 1684 1134 declinavi,
1703 1108 1731 1130 ut

933 1142 967 1168 ad
986 1141 1097 1168 Periclis
1122 1142 1277 1176 sepulcrum
1301 1142 1467 1168 accederem.
1508 1141 1679 1176 Quamquam
1703 1140 1731 1166 id

933 1179 1045 1215 quidem
1061 1179 1197 1206 inlinitum
1213 1184 1254 1206 est
1269 1180 1295 1206 in
1313 1179 1362 1206 hac
1377 1179 1457 1205 urbe:
1474 1187 1647 1214 quacumque
1658 1179 1730 1204 enim

934 1217 1112 1252 ingredimur,
1122 1218 1147 1243 in
1155 1216 1274 1251 aliquam
1282 1217 1421 1243 historiam
1433 1217 1580 1252 vestigium
1591 1216 1729 1251 ponimus.

989 1256 1013 1280 6.
1036 1255 1104 1281 Tum
1118 1255 1185 1285 Piso,
1199 1255 1290 1289 Atqui,
1305 1254 1405 1285 Cicero,
1422 1255 1518 1289 inquit.
1535 1255 1583 1280 ista
1594 1253 1694 1284 studia,
1707 1253 1730 1279 si

933 1292 966 1319 ad
982 1292 1126 1318 imitandos
1142 1300 1263 1318 summos
1284 1292 1356 1318 viros
1371 1296 1505 1326 spectant,
1529 1291 1731 1326 ingeniosorum

932 1335 1008 1360 sunt,
1031 1330 1072 1356 sin
1095 1329 1279 1356 tantummodo
1300 1329 1333 1355 ad
1355 1329 1455 1355 indicia
1471 1329 1569 1355 vctcris
1586 1328 1730 1354 memoriae

932 1367 1126 1403 cognoscenda,
1135 1367 1313 1393 curiosorum.
1329 1367 1365 1392 Tc
1377 1371 1464 1392 autem
1477 1366 1615 1392 hortamur
1626 1373 1728 1395 omnes,

932 1409 1083 1431 currentem
1094 1404 1215 1439 quidem,
1230 1409 1259 1430 ut
1269 1412 1356 1438 spero,
1370 1409 1399 1430 ut
1409 1412 1464 1431 cos,
1478 1412 1546 1438 quos
1558 1403 1664 1429 novisse
1678 1403 1729 1433 vis,

933 1443 1013 1468 etiam
1026 1442 1124 1468 imitari
1138 1441 1215 1467 velis,
1256 1442 1303 1467 uic
1317 1449 1380 1476 ego,
1397 1441 1454 1467 E⁰si
1470 1439 1531 1466 facit
1549 1440 1591 1466 hic
1607 1439 1728 1475 quidem,

934 1480 1058 1514 inquam,
1079 1480 1151 1510 l‘iso,
1168 1480 1208 1513 (ut
1225 1479 1309 1513 vides)
1325 1486 1368 1508 ea,
1388 1486 1457 1513 quae
1473 1478 1620 1512 praecipis:
1642 1482 1730 1503 tamen

935 1518 1000 1543 mihi
1013 1521 1087 1552 grata
1101 1521 1140 1542 est
1152 1516 1264 1543 hortatio
1276 1521 1330 1542 tua.
1371 1515 1439 1541 Tum
1453 1514 1497 1541 ille
1509 1515 1688 1543 amicissime,
1703 1519 1731 1540 ut

933 1554 1044 1585 solebat,
1058 1555 1111 1580 Nos
1123 1562 1194 1584 vero,
1212 1554 1308 1589 iuquit,
1323 1561 1416 1579 omues
1427 1553 1515 1579 omnia
1528 1552 1560 1578 ad
1574 1552 1655 1578 huius
1667 1551 1731 1577 ado-

935 1592 1087 1618 lescentiam
1104 1590 1286 1621 conferamus,
1310 1592 1336 1617 in
1351 1591 1501 1625 primisque
1513 1595 1541 1616 ut
1552 1589 1656 1624 aliquid
1667 1598 1731 1616 suo-

934 1638 992 1656 rum
1004 1628 1156 1655 studiorum
1169 1628 1356 1663 philosophiae
1367 1636 1475 1662 quoque
1488 1627 1630 1662 impertiat,
1648 1626 1690 1653 vel
1703 1632 1731 1653 ut

934 1671 957 1693 te
969 1667 1097 1697 imitetur,
1111 1674 1192 1700 quem
1204 1671 1288 1696 amat,
1303 1665 1344 1691 vel
1355 1670 1383 1691 ut
1395 1665 1462 1691 illud
1475 1665 1575 1699 ipsum,
1589 1663 1662 1698 quod
1673 1668 1731 1690 stu-

933 1704 986 1734 det,
1004 1703 1089 1730 facero
1105 1704 1191 1738 possit
1205 1704 1335 1730 ornatius
1375 1702 1427 1728 Sed
1439 1707 1528 1728 utrum
1542 1701 1689 1728 hortandus
1700 1710 1728 1727 cs

934 1741 1025 1772 nobis,
1044 1742 1123 1772 Luci,
1142 1741 1243 1776 inquit,
1266 1749 1298 1767 an
1314 1741 1394 1767 ctiam
1411 1745 1454 1766 tua
1469 1745 1563 1774 sponte
1579 1747 1730 1774 propensus

933 1778 979 1805 cs‘?
999 1779 1065 1805 Mihi
1077 1778 1188 1813 quidem
1199 1778 1371 1808 Antiochum,
1384 1786 1466 1812 quem
1477 1777 1569 1805 audis,
1585 1777 1651 1803 satis
1661 1775 1730 1802 belh¹

934 1816 1034 1843 videris
1045 1816 1190 1843 attendere.
1231 1817 1298 1842 'sum
1312 1814 1356 1842 illc
1369 1814 1476 1846 timide,
1495 1814 1536 1840 rel
1549 1815 1638 1848 potius
1655 1822 1732 1840 vere-

933 1853 1034 1884 cuudc,
1051 1854 1142 1883 Facio,
1161 1854 1262 1888 inquit,
1281 1852 1421 1888 equidem:
1439 1851 1486 1878 scd
1501 1852 1635 1878 audistine
1653 1850 1731 1877 modo

932 1891 965 1918 dc
976 1891 1126 1918 Charmada
1138 1891 1168 1916 ’Υ
1183 1891 1281 1926 Rapior
1296 1889 1371 1916 illuc.
1413 1890 1527 1916 Revocat
1537 1894 1626 1915 autem
1638 1888 1731 1915 Antio-

932 1928 1014 1954 chus·
1032 1937 1080 1955 nec
1090 1933 1131 1955 cst
1141 1934 1285 1963 praetcrea,
1299 1936 1380 1962 quem
1392 1927 1545 1953 audiamus.
1568 1927 1610 1952 lll.
1625 1927 1649 1952 7.
1662 1926 1730 1952 Tum

933 1966 1007 1997 Piso,
1026 1967 1082 1992 Etsi
1100 1966 1162 1997 hoc,
1182 1966 1283 2001 iuquit,
1301 1964 1411 1991 sortasse
1424 1973 1475 1991 uon
1487 1963 1728 1999 poteritsicuhirc,

933 2012 1018 2038 quum
1031 2003 1075 2030 hic
1086 2003 1164 2034 adsit,
1178 2004 1230 2038 (inc
1242 2007 1331 2029 autem
1343 2001 1470 2037 dicchut,)
1486 2007 1573 2028 tamen
1587 2001 1692 2027 audebo
1707 2006 1730 2026 tc

933 2040 967 2067 al)
985 2041 1033 2067 hac
1049 2041 1193 2067 Academia
1208 2049 1276 2067 nova
1293 2039 1326 2066 ad
1342 2044 1459 2066 veterem
1477 2038 1549 2065 illam
1572 2047 1679 2066 vocare:
1704 2038 1729 2063 iu

933 2086 995 2112 qua,
1010 2078 1137 2105 utdiccrc
1148 2078 1311 2104 Antiochum
1323 2077 1466 2106 audiebas,
1480 2085 1530 2102 nou
1544 2077 1562 2102 ii
1573 2076 1623 2102 soli
1636 2084 1730 2101 uume-

934 2120 1039 2146 rantur,
1052 2116 1100 2150 qui
1113 2115 1266 2141 iimdcmici
1279 2119 1420 2144 vorantur,
1436 2114 1622 2148 Speusippus,
1641 2113 1729 2138 Xeno—

932 2152 1152 2183 crates,l‘olcmo,
1166 2151 1276 2179 Crantor
1286 2152 1432 2187 ceterique,
1445 2150 1492 2177 scd
1504 2151 1584 2177 ctiam
1596 2151 1730 2184 Peripate-

933 2189 978 2216 tici
990 2194 1106 2220 vetcrcs,
1123 2198 1238 2224 quorum
1251 2189 1378 2223 princeps
1388 2187 1558 2219 Aristotcles,
1575 2196 1666 2222 quem,
1682 2195 1729 2212 cx-

932 2231 1008 2261 cepto
1020 2226 1140 2257 Platone,
1165 2226 1236 2253 haud
1251 2227 1307 2252 scio
1321 2234 1354 2252 on
1371 2230 1440 2252 recto
1451 2225 1566 2252 dixerim
1579 2224 1729 2259 principem

933 2263 1167 2298 philosophorum.
1202 2263 1242 2290 Ad
1257 2271 1302 2289 cos
1319 2263 1400 2298 igitur
1415 2267 1539 2289 converte
1558 2267 1595 2291 lc,
1617 2270 1727 2296 (plausu.

935 2302 973 2327 Ex
987 2310 1079 2327 eorum
1095 2301 1168 2327 onim
1184 2301 1292 2335 scriptis
1308 2305 1332 2326 et
1344 2300 1474 2326 institutis
1485 2308 1571 2334 quum
1581 2299 1670 2325 omnis
1682 2298 1730 2324 do-

933 2339 1016 2364 ctriua
1029 2338 1161 2369 liberalis,
1177 2338 1266 2364 omnis
1280 2337 1404 2367 historia,
1421 2337 1510 2364 omnis
1521 2345 1609 2362 serino
1619 2336 1730 2371 elegans

932 2376 1004 2402 sumi
1020 2379 1118 2410 potest,
1137 2380 1193 2402 tum
1211 2375 1324 2401 varietus
1340 2378 1380 2400 cst
1395 2379 1465 2400 uinta
1481 2375 1592 2403 ortium,
1612 2378 1639 2399 ut
1652 2382 1729 2399 ιιι-ιιιυ

932 2414 990 2439 sinc
1006 2421 1036 2438 co
1052 2413 1229 2439 insu-unionio
1243 2411 1276 2438 ad
1293 2411 1376 2437 ullam
1393 2420 1447 2437 rem
1470 2409 1642 2437 illustriorem
1663 2411 1729 2436 sutis

932 2455 1041 2476 ornatus
1052 2451 1138 2484 possit
1149 2449 1284 2476 accedero.
1325 2448 1366 2475 Ab
1378 2448 1421 2474 his
1435 2453 1560 2478 oratores,
1577 2447 1610 2473 ab
1623 2447 1665 2473 his
1677 2448 1728 2474 im-

932 2492 1066 2521 peratores
1081 2496 1111 2514 nc
1126 2495 1214 2514 rerum
1227 2485 1397 2521 publicarum
1410 2485 1546 2520 principes
1556 2486 1725 2512 exstiterunt.

933 2524 1008 2551 Utad
1023 2524 1126 2551 minora
1141 2525 1261 2555 venium,
1279 2523 1474 2553 umthemutici.
1492 2527 1598 2558 poetae,
1616 2523 1724 2552 musici.

933 2561 1030 2588 medici
1041 2561 1158 2597 deniquo
1170 2571 1203 2588 cx
1216 2561 1278 2591 hae.
1296 2566 1432 2596 tamquam
1449 2569 1482 2587 ex
1495 2560 1617 2587 omnium
1629 2561 1726 2587 artium

931 2599 1052 2631 officina,
1068 2598 1178 2634 profecti
1194 2603 1266 2626 suut.
1308 2600 1332 2625 8.
1355 2599 1442 2633 Atque
1456 2606 1519 2634 ego,
1537 2597 1596 2624 Scis
1611 2606 1666 2627 me.
1686 2598 1727 2624 iu-

931 2645 1027 2671 quam,
1045 2636 1117 2663 istud
1134 2635 1205 2663 idem
1221 2637 1334 2666 sentiro,
1354 2635 1425 2662 l‘iso:
1449 2634 1496 2662 sed
1512 2643 1526 2661 ιι
1542 2640 1566 2662 tc
1577 2640 1726 2670 opportuna·

933 2673 998 2701 suctu
1014 2674 1114 2701 mentio
1129 2678 1178 2701 cst.
1220 2673 1314 2700 Studet
1332 2673 1404 2700 enim
1421 2681 1498 2700 meus
1513 2672 1607 2700 audire
1623 2672 1723 2702 Cicero,

1409 2721 1458 2746 180
1475 2719 1485 2730 ⁸
