1941 3052
272 129 645 157 TUSCULANARUM
673 129 1057 156 DISPUTATIONUM
1089 130 1170 156 LIB.

474 183 488 196 Ο

95 211 157 229 nem
177 201 269 237 magni
289 209 390 227 errores
411 201 547 227 consecuti
568 205 644 226 sunt:
667 209 734 235 quos
755 205 889 227 auxerunt

94 244 196 275 poetae.
237 239 278 265 37.
294 239 431 273 Frequens
442 239 513 264 enim
525 246 668 264 consessus
680 238 784 268 theatri,
797 238 824 264 in
835 246 889 272 quo

94 282 157 303 sunt
168 275 342 302 mulierculae
353 280 378 302 et
388 276 476 310 pueri,
489 280 612 302 movetur
621 274 734 301 audiens
745 280 797 302 tam
808 284 890 311 gran-

94 314 127 340 de
138 322 259 340 carmen:

130 352 236 381 Adsum,
252 355 328 384 atque
338 352 445 376 advenio
455 350 610 380 Acherunte,
621 352 680 381 vix,
694 352 738 376 via
748 351 803 376 alla
813 354 890 383 atque

474 389 568 417 ardua,

127 428 176 459 pe'r
185 426 320 458 speluncas
329 427 404 451 saxis
414 429 527 451 structas
536 427 643 457 ιἰερενὶε,
652 425 828 457 pendentibus,

129 464 266 494 mtioeimis;
282 464 325 487 ubi
336 464 420 495 rz'qida
432 467 529 488 constat
540 465 629 488 crassa
641 463 723 494 caligo
734 463 852 494 inserunt.

93 501 263 534 Tantumque
275 499 360 526 valuit
371 508 456 529 error,
469 499 518 534 qui
529 499 597 525 mihi
608 499 719 534 quidem
731 499 784 524 iam
796 497 890 524 subla-

92 543 136 564 tus
148 537 264 567 videtur,
278 541 320 568 ut,
333 545 441 571 corpora
452 541 568 562 cremata
578 545 663 571 quum
675 536 787 566 scirent,
800 540 889 561 tamen

93 584 124 602 ea
140 574 197 601 sieri
212 575 284 609 apud
300 573 398 600 inferos
415 574 559 609 fingerent,
576 582 645 608 quae
661 574 719 599 sine
730 573 889 607 corporibus

93 621 142 639 nec
156 612 213 638 fieri
228 616 351 646 possent,
369 620 418 637 nec
429 611 555 646 intelligi.
595 611 706 637 Animos
717 611 789 636 enim
802 618 850 644 per
860 618 888 635 se

92 651 167 684 ipsos
178 650 301 675 viventes
312 657 364 675 non
376 653 496 683 poterant
507 653 594 674 mente
606 647 762 682 complecti:
776 647 888 673 formam

92 687 212 722 aliquam
228 686 396 721 figuramque
415 686 589 721 quaerebant.
629 685 693 711 Inde
709 685 816 711 Homeri
835 689 888 710 tota

91 726 192 752 wezvz'a:
211 724 273 750 inde
285 732 314 750 ea
323 745 329 754 ,
346 732 415 758 quae
427 732 503 749 meus
515 723 618 749 amicus
628 723 734 757 Appius
746 732 887 757 νεκρομαν-

92 764 149 789 reia
161 761 288 787 faciebat:
306 760 368 787 inde
380 761 407 787 in
419 761 518 786 vicinia
530 765 619 787 nostra
630 760 729 786 Averni
742 758 825 787 lacus.

129 801 195 826 tinde
205 801 307 824 animae
317 801 466 824 emittimur
475 800 584 824 obscura
595 799 693 827 umbra,
706 802 794 830 aperto
805 799 868 822 o'stio

129 838 177 862 alti
188 837 346 865 Acheruntis,
358 837 427 861 muso
440 838 572 868 sanquine,
584 837 741 861 mortuorum
753 836 885 867 imagines.

91 874 144 900 Has
156 878 243 900 tamen
256 873 388 908 imagines
401 872 474 907 loqui
486 871 593 898 volunt:
610 871 683 906 quod
699 870 756 897 fieri
768 879 816 897 nec
827 871 886 897 sine

92 910 197 946 lingua,
215 918 263 936 nec
278 910 337 936 sine
353 909 453 944 palato,
471 918 519 936 nec
534 910 593 935 sine
609 908 742 939 faucium,
762 908 884 939 laterum,

91 948 251 983 pulmonum
261 948 288 973 vi
299 952 324 973 et
336 947 420 982 figura
432 951 527 981 potest.
568 946 642 973 Nihil
654 947 727 972 enim
741 946 830 972 animo
845 947 887 972 vi-

91 985 154 1011 dere
165 989 298 1019 poterant:
316 984 350 1011 ad
360 984 452 1011 oculos
464 984 553 1010 omnia
566 983 725 1010 referebant.
766 985 807 1010 38.
830 984 887 1010 Ma-

90 1023 138 1058 gni
149 1027 238 1048 autem
249 1027 289 1048 est
300 1022 416 1057 ingenii,
430 1030 555 1048 sevocare
566 1026 683 1047 mentem
695 1030 709 1047 a
720 1021 848 1047 sensibus
862 1026 888 1048 et

90 1060 278 1095 cogitationem
291 1059 323 1085 ab
335 1059 530 1086 consuetudine
542 1059 685 1085 abducere.
726 1059 817 1093 Itaque
829 1067 886 1085 cre-

90 1097 124 1124 do
135 1097 262 1132 equidem
274 1097 354 1123 etiam
366 1096 433 1123 alios
445 1102 481 1123 tot
491 1096 621 1123 saeculis:
635 1096 692 1127 sed,
706 1096 779 1130 quod
791 1096 886 1123 litteris

90 1139 177 1161 exstet
195 1134 332 1169 proditum
345 1134 369 1166 *,
390 1134 559 1170 Pherecydes
570 1134 655 1170 Syrus
670 1134 790 1168 primum
806 1133 884 1165 dixit,

89 1173 194 1199 animos
210 1172 352 1198 hominum
367 1180 427 1198 esse
445 1172 638 1206 sempiternos:
660 1171 788 1205 antiquus
806 1180 884 1198 sane:

90 1209 142 1236 fuit
166 1210 238 1235 enim
263 1218 322 1235 meo
342 1214 469 1244 regnante
489 1209 595 1244 gentili.
635 1209 711 1235 Hanc
731 1209 886 1243 opinionem

89 1246 243 1281 discipulus
259 1247 317 1272 eius
328 1247 492 1282 Pythagoras
505 1247 622 1273 maxime
638 1245 820 1272 confirmavit:
838 1247 886 1281 qui

89 1293 174 1319 quum
190 1283 312 1318 Superbo
330 1289 457 1319 regnante
473 1285 500 1310 in
521 1284 624 1310 Italiam
645 1284 777 1313 venisset,
801 1284 887 1310 tenuit

89 1330 214 1357 magnam
236 1321 309 1347 illam
326 1322 465 1348 Graeciam
486 1330 571 1356 quum
593 1321 692 1348 honore
713 1320 884 1355 disciplinae,

89 1364 146 1386 tum
167 1359 247 1385 etiam
269 1360 436 1385 auctoritate:
459 1358 598 1394 multaque
619 1357 725 1385 saecula
740 1363 830 1392 postea
847 1359 886 1385 sic

89 1397 178 1432 viguit
189 1396 415 1432 Pythagoreorum
427 1405 533 1427 nomen,
550 1401 579 1423 ut
589 1396 658 1423 nulli
669 1395 716 1422 alii
727 1395 798 1422 docti
810 1396 884 1423 vide-

89 1438 190 1460 rentur.

144 1471 226 1498 XVII.
248 1470 299 1497 Sed
311 1471 390 1497 redeo
401 1471 433 1497 ad
445 1471 580 1505 antiquos.
621 1471 759 1497 Rationem
772 1470 812 1497 illi
823 1479 886 1498 sen—

89 1510 185 1536 tentiae
196 1517 260 1535 suae
272 1517 323 1535 non
337 1508 389 1534 fere
402 1508 562 1538 reddebant,
581 1508 634 1534 nisi
645 1508 712 1543 quid
723 1513 779 1535 erat
790 1517 886 1535 nume-

88 1547 126 1572 ris
142 1551 187 1572 aut
202 1545 430 1580 descriptionibus
441 1545 644 1580 explicandum.
684 1547 725 1572 39.
748 1546 884 1573 Platonem

88 1583 190 1614 ferunt,
209 1588 238 1609 ut
247 1584 428 1619 Pythagoreos
438 1588 622 1619 cognosceret,
640 1584 667 1609 in
678 1583 780 1610 Italiam
793 1585 883 1611 venis-

87 1629 117 1647 se
127 1625 153 1647 et
163 1620 293 1647 didicisse
308 1621 472 1656 Pythagorea
483 1621 582 1651 omnia.
596 1621 770 1656 primumque
782 1621 814 1647 de
826 1622 886 1648 ani-
908 1627 909 1630 ’

87 1667 192 1685 morum
205 1659 357 1684 aeternitate
370 1667 421 1684 non
433 1658 521 1685 solum
533 1659 651 1684 sensisse
664 1658 744 1688 idem,
753 1659 825 1693 quod
833 1660 885 1695 Py-

87 1696 235 1731 thagoram,
251 1695 298 1722 sed
310 1696 439 1722 rationem
450 1696 530 1722 etiam
543 1695 675 1722 attulisse.
716 1696 817 1728 Quam,
831 1697 884 1723 nisi

86 1733 153 1768 quid
168 1733 250 1764 dicis,
268 1734 512 1768 praetermittamus
527 1738 553 1760 et
568 1733 636 1759 hanc
653 1738 732 1760 totam
744 1743 821 1768 spem
833 1735 886 1761 im-
907 1749 908 1752 =

87 1770 254 1797 mortalitatis
273 1770 470 1806 relinquamus.
510 1771 541 1797 A.
558 1771 609 1797 Ain
625 1769 672 1797 tu‘?
692 1779 777 1806 quum
799 1780 841 1798 me
858 1773 884 1799 in

86 1816 221 1834 summam
234 1809 460 1843 exspectationem
475 1808 635 1839 adduxeris,
653 1808 776 1835 deseris?
789 1810 884 1836 Errare

87 1845 241 1872 mehercule
252 1845 322 1872 malo
332 1855 394 1872 cum
406 1846 526 1876 Platone,
544 1854 625 1880 quem
642 1850 670 1872 tu
684 1847 778 1881 quanti
790 1847 882 1879 facias,

86 1883 151 1913 scio.
160 1887 186 1909 et
197 1891 278 1918 quem
290 1892 323 1909 ex
335 1888 379 1910 tuo
390 1892 434 1910 ore
446 1883 572 1914 admiror,
581 1892 664 1918 quam
675 1892 737 1910 cum
750 1884 809 1911 istis
822 1894 883 1912 vera

86 1920 196 1946 sentire.
236 1921 277 1946 to.
299 1921 335 1947 M.
352 1920 436 1947 Macte
452 1921 563 1947 virtute!
586 1921 643 1956 Ego
657 1921 730 1947 enim
747 1922 805 1956 ipse
820 1931 883 1949 cum

86 1956 180 1984 eodem
193 1957 252 1991 ipso
263 1966 314 1984 non
326 1957 430 1984 invitus
440 1958 595 1984 erraverim.
622 1958 692 1984 Num
707 1959 790 1994 igitur
801 1959 884 1986 dubi—

87 1999 188 2024 tamus,
208 1992 273 2030 [an],
290 1994 361 2021 sicut
376 1994 517 2029 pleraque,
534 1995 574 2020 sic
584 1999 610 2021 ct
624 1994 691 2021 hoc‘?
706 1995 882 2032 (quamquam

86 2031 136 2058 hoc
150 2031 262 2066 quidem
278 2032 403 2058 minime:
420 2031 583 2066 persuadent
594 2032 666 2058 enim
679 2033 883 2070 mathematici,)

86 2074 183 2096 terram
199 2069 226 2095 in
243 2069 332 2095 medio
348 2069 449 2095 mundo
462 2071 541 2095 sitam
554 2069 587 2095 ad
599 2069 720 2096 universi
731 2071 798 2097 caeli
809 2080 883 2098 com-

85 2106 197 2141 plexum
208 2107 286 2141 quasi
298 2107 390 2141 puncti
403 2107 486 2133 instar
496 2106 625 2138 obtinere,
642 2107 714 2141 quod
726 2109 831 2143 κέντρον
843 2109 883 2135 ἰΙΙί

86 2148 194 2170 vocant:
217 2152 276 2170 eam
292 2152 370 2178 porro
386 2148 507 2170 naturam
523 2152 582 2170 esse
597 2149 723 2178 quattuor
737 2146 826 2172 onmia
840 2147 884 2182 gi—

84 2181 226 2217 gnentium
237 2189 379 2216 corporum
388 2202 394 2212 ‚
412 2185 442 2207 ut
451 2181 530 2216 quasi
542 2182 636 2216 partita
649 2181 764 2209 habeant
776 2184 844 2209 inter
854 2192 883 2210 se

85 2227 115 2245 ac
126 2218 214 2245 divisa
231 2223 378 2250 momentm
397 2223 498 2245 terrena
513 2223 538 2245 et
550 2218 661 2246 humida
672 2225 767 2254 suopte
779 2226 845 2247 nutu
857 2226 883 2247 et
905 2234 906 2238 =

84 2263 134 2282 suo
146 2255 262 2290 pondere
274 2255 307 2282 ad
319 2264 396 2290 pares
408 2255 522 2291 angulos
534 2256 560 2282 in
572 2260 668 2283 terram
679 2261 705 2283 et
717 2258 743 2283 in
755 2266 827 2284 mare
845 2257 882 2284 fe-

85 2297 190 2325 rantur3
204 2293 324 2328 reliquae
335 2293 403 2319 duae
415 2297 512 2327 partes,
526 2301 579 2319 una
591 2293 767 2328 ignea,altera
779 2295 883 2322 aninm-

85 2329 133 2360 lis,
151 2335 180 2356 ut
195 2329 256 2356 illae
271 2331 425 2365 superiores
441 2331 468 2356 in
480 2330 600 2356 medium
613 2330 699 2357 locum
712 2332 806 2358 mundi
820 2342 882 2367 gra-

86 2368 166 2394 vitate
179 2366 297 2394 ferantur
307 2372 333 2393 et
343 2367 469 2401 pondere,
479 2368 518 2393 sic
531 2367 579 2393 hae
591 2376 698 2394 rursum
710 2370 790 2396 rectis
803 2369 882 2397 lineis

85 2405 113 2431 in
127 2403 271 2431 caelestem
282 2403 370 2431 locum
382 2404 538 2435 subvolent.
553 2405 612 2430 sive
624 2405 681 2439 ipsa
693 2411 787 2433 natura
799 2416 882 2442 supe-
911 2426 913 2433 t

85 2442 153 2468 riora
160 2442 376 2476 appetente,sive
383 2441 455 2476 quod
466 2450 479 2467 a
491 2442 663 2477 gravioribus
676 2442 775 2469 leviora
787 2449 880 2471 natura

85 2478 258 2513 repellantur.
291 2479 365 2511 Quae
375 2488 460 2514 quum
472 2483 602 2510 constent,
615 2481 789 2514 perspicuum
801 2481 882 2508 debet

85 2524 158 2546 esse,
180 2517 298 2548 animos,
318 2525 403 2551 quum
418 2525 432 2542 e
447 2525 556 2551 corpore
572 2517 750 2548 excesserint,
767 2519 825 2545 sive
841 2519 880 2546 illi

84 2553 139 2579 sint
150 2553 288 2584 animales,
302 2553 328 2580 id
339 2559 379 2580 est
392 2553 545 2588 spirabiles,
557 2553 615 2580 sive
628 2554 710 2589 ignei,
724 2555 750 2580 in
761 2555 880 2583 sublimo

85 2589 158 2616 ferri.
199 2591 239 2617 tt.
261 2590 288 2617 Si
306 2599 368 2617 vero
382 2595 428 2618 aut
443 2599 572 2618 numerus
588 2590 699 2625 quidam
715 2592 751 2618 sit
761 2593 878 2625 animus,

85 2626 157 2662 quod
176 2627 311 2654 subtiliter
330 2629 431 2663 magiS.
454 2637 535 2664 quam
557 2627 677 2654 dilucide
699 2628 812 2661 dicitur,
835 2635 881 2658 aut

85 2665 178 2701 quinta
195 2664 240 2692 illa
257 2674 308 2692 non
319 2667 454 2693 nominata
466 2667 566 2702 magis,
588 2673 670 2701 quani
681 2675 733 2693 non
746 2667 879 2696 intellecta

1202 130 1222 156 1.
1253 130 1345 157 CAP.
1380 132 1409 157 ⁴2
1429 145 1466 149 —
1490 132 1527 157 ⁴9.
1673 133 1732 158 ⁴05¹

941 205 1048 226 natura:
1068 200 1152 227 multo
1168 202 1248 227 etiam
1263 202 1407 236 integriora
1422 210 1452 228 ac
1467 202 1577 236 puriora
1590 206 1666 232 sunt,
1683 207 1712 228 ut
1722 212 1736 229 a

941 242 1008 264 terra
1030 237 1188 273 longissime
1208 247 1236 264 se
1257 238 1376 265 efferant.
1415 239 1515 265 Horum
1534 239 1617 274 igitur
1632 239 1737 274 aliquid

941 275 1049 301 animus
1055 280 1103 305 est,
1112 284 1160 302 nec
1171 281 1224 302 tam
1236 281 1329 311 vegeta
1342 285 1418 302 mens
1429 281 1473 302 aut
1484 277 1512 302 in
1524 276 1603 303 corde
1614 277 1738 303 cerebro·

941 321 973 338 ve
985 317 1030 338 aut
1041 313 1068 338 in
1080 313 1258 347 Empedocleo
1270 314 1402 349 sanguine
1413 313 1534 340 demersa
1546 314 1639 341 iaceat.

996 350 1090 376 XVIII.
1106 351 1297 376 Dicaearchum
1312 359 1376 377 vero
1387 359 1449 377 cum
1460 351 1619 378 Aristoxeno
1630 350 1738 386 aequali

941 391 966 413 et
976 387 1163 422 condiscipulo
1174 397 1232 418 suo,
1246 388 1336 414 doctos
1347 397 1410 414 sane
1422 388 1554 419 homines,
1566 389 1735 415 omittamus:

940 432 1056 458 quorum
1072 424 1138 451 alter
1153 434 1185 451 ne
1201 425 1372 451 condoluisse
1387 426 1499 460 quidem
1514 435 1645 461 umquam
1661 426 1738 453 vide-

941 466 992 492 tur,
1006 462 1053 496 qui
1065 463 1186 488 animum
1198 471 1226 489 se
1241 462 1338 489 habere
1350 472 1402 489 non
1417 464 1527 490 sentiat:
1540 463 1606 490 alter
1617 464 1652 490 ita
1663 463 1740 490 dele-

940 503 1026 524 ctatur
1040 500 1098 525 suis
1114 499 1253 530 cantibus,
1272 505 1300 526 ut
1316 508 1361 526 eos
1377 501 1458 527 etiam
1474 501 1507 527 ad
1519 500 1583 527 haec
1596 500 1739 528 transferre

940 541 1060 562 conetur.
1100 537 1271 563 Harmoniam
1289 542 1379 564 autem
1397 546 1431 564 ex
1446 538 1595 564 intervallis
1610 547 1738 565 sonorum

940 582 1018 599 nosse
1030 582 1185 607 possumus,
1201 583 1316 609 quorum
1332 575 1404 601 varia
1416 576 1573 610 compositio
1584 577 1664 602 etiam
1676 576 1739 602 har-

941 611 1044 636 monias
1055 610 1137 637 efficit
1147 611 1253 646 plures:
1267 612 1451 639 membrorum
1462 622 1524 639 vero
1536 614 1604 639 situs
1616 618 1641 640 et
1652 613 1738 649 figura

940 648 1072 682 corporis,
1085 657 1183 675 vacans
1193 650 1296 680 animo,
1310 658 1391 684 quam
1403 651 1487 684 possit
1500 651 1667 677 harmoniam
1678 650 1739 677 effi-

917 712 918 717 *
940 693 1014 715 cere,
1030 694 1083 711 non
1099 686 1193 713 video:
1210 687 1258 713 sed
1274 687 1318 713 hic
1333 687 1459 722 quidem,
1476 689 1602 722 quamvis
1614 687 1738 715 eruditus

916 730 918 769 j
940 723 983 752 sit,
997 723 1068 749 sicut
1078 728 1126 754 est,
1140 723 1206 750 haec
1219 725 1346 760 magistro
1357 724 1484 751 concedat
1495 725 1644 758 Aristoteli3
1658 734 1739 752 cane-

940 768 967 785 re
979 760 1036 802 ipse
1051 760 1153 787 doceat.
1193 762 1263 788 Bene
1275 762 1347 788 enim
1360 762 1406 788 illo
1418 762 1562 797 proverbio
1573 762 1737 790 Graecorum

939 798 1112 831 praecipitur,

980 834 1061 866 Quam
1073 838 1180 868 quisque
1189 838 1258 861 norit
1270 839 1359 865 artent,
1373 837 1398 862 in
1410 838 1457 862 hac
1467 846 1493 862 se
1504 838 1636 863 exercent!

939 872 980 898 42.
1003 871 1079 897 Illam
1095 881 1158 899 vero
1175 872 1298 899 funditus
1310 874 1451 899 eiiciamus
1464 874 1667 900 individuorum
1679 883 1738 901 cor-

938 917 1035 943 porum
1056 908 1159 936 levium
1180 915 1206 936 et
1226 910 1401 937 rotundorum
1421 911 1624 937 concursionem
1644 911 1739 938 fortui—

938 951 1009 973 tam:
1025 955 1107 982 quam
1119 952 1208 973 tamen
1219 948 1386 974 Democritus
1397 948 1602 975 concalefactam
1615 954 1639 975 et
1651 950 1738 984 spira-

939 983 1036 1015 bilem,
1055 984 1082 1010 id
1098 989 1139 1011 est
1152 985 1310 1016 animalem,
1330 994 1389 1012 esse
1404 985 1499 1012 votuit.
1540 987 1564 1012 Is
1579 992 1667 1013 autem
1679 988 1739 1013 ani-

939 1030 1014 1053 mus,
1027 1023 1089 1056 qui,
1102 1023 1126 1048 si
1137 1027 1177 1049 est
1187 1022 1282 1049 horum
1294 1028 1420 1058 quattuor
1431 1032 1574 1058 generum,
1591 1032 1625 1050 ex
1636 1024 1738 1058 quibus

938 1059 1029 1085 omnia
1045 1064 1165 1086 constare
1181 1059 1322 1091 dicuntur,
1341 1069 1375 1087 ex
1390 1060 1553 1087 inflammata
1569 1062 1657 1087 anima
1674 1070 1739 1088 con-

938 1101 1003 1127 stat,
1021 1102 1051 1123 ut
1064 1098 1239 1132 potissimum
1255 1098 1342 1124 videri
1355 1098 1434 1124 video
1444 1099 1581 1129 Panaetio,
1599 1099 1738 1133 superiora

938 1139 1061 1169 capessat
1081 1143 1191 1161 necesse
1211 1139 1261 1161 est.
1302 1135 1376 1161 Nihil
1397 1136 1469 1162 enirn
1489 1136 1588 1162 habent
1604 1136 1670 1162 haec
1684 1136 1738 1163 duo

938 1180 1036 1207 genera
1048 1173 1134 1207 proni,
1148 1177 1174 1199 et
1184 1181 1282 1207 supera
1293 1182 1400 1208 semper
1411 1178 1514 1208 petunt.
1548 1174 1595 1204 Ita,
1611 1174 1669 1200 sive
1681 1173 1739 1200 dis-

938 1210 1074 1244 sipantur,
1088 1209 1181 1244 procul
1194 1219 1207 1235 a
1220 1211 1297 1237 terris
1309 1210 1336 1237 id
1348 1211 1451 1237 evenit:
1474 1211 1532 1237 sive
1544 1217 1702 1246 permanent
1713 1216 1739 1238 et

938 1252 1099 1273 conservant
1115 1247 1237 1274 habitum
1254 1256 1349 1278 suum,
1368 1248 1417 1274 hoc
1433 1249 1513 1274 etiam
1529 1249 1616 1284 magis
1628 1257 1738 1275 necesse

938 1289 978 1310 est
993 1283 1112 1311 ferantur
1127 1284 1160 1311 ad
1176 1285 1281 1311 caelum
1293 1290 1319 1311 et
1330 1285 1363 1311 ab
1375 1285 1417 1311 his
1430 1291 1620 1321 perrumpatur
1630 1291 1655 1312 et
1665 1286 1739 1312 divi-

938 1321 1017 1348 datur
1032 1330 1139 1348 crassus
1151 1322 1194 1348 hic
1209 1328 1234 1349 et
1245 1327 1385 1349 concretus
1397 1324 1453 1354 a'e'r,
1470 1324 1517 1358 qui
1529 1328 1568 1349 est
1581 1329 1664 1350 terrae
1676 1332 1738 1358 pro-

938 1360 1040 1386 ximus.
1081 1359 1199 1386 Calidior
1214 1366 1255 1387 est
1269 1361 1342 1386 enim
1358 1360 1400 1386 vel
1417 1361 1507 1394 potius
1525 1361 1659 1387 ardentior
1679 1362 1739 1387 ani-

938 1406 1097 1432 musquam
1105 1403 1144 1424 est
1156 1397 1199 1423 hic
1211 1406 1263 1428 aer,
1272 1406 1353 1432 quem
1366 1398 1444 1424 modo
1455 1398 1514 1424 dixi
1525 1407 1646 1424 crassum
1658 1403 1738 1433 atque

937 1440 1103 1461 concretum.
1134 1434 1210 1467 Quod
1223 1444 1256 1461 ex
1267 1444 1297 1461 eo
1309 1435 1372 1461 sciri
1383 1440 1479 1470 potest,
1492 1436 1555 1470 quia
1568 1444 1677 1470 corpora
1690 1444 1738 1462 no-

937 1477 1004 1503 stra,
1027 1477 1132 1499 terreno
1151 1473 1347 1507 principiorum
1368 1481 1466 1508 genere
1487 1473 1619 1504 confecta,
1644 1473 1738 1500 ardore

937 1510 1021 1536 animi
1033 1509 1230 1536 concalescunt.
1271 1510 1345 1536 xlX.
1359 1511 1399 1536 43.
1416 1510 1534 1541 Accedit,
1548 1515 1619 1537 uteo
1631 1510 1738 1537 facilius

937 1548 1045 1573 animus
1060 1547 1155 1573 evadat
1165 1556 1198 1573 ex
1211 1547 1259 1574 hoc
1271 1556 1343 1578 acre,
1361 1556 1442 1582 quem
1457 1556 1537 1582 saepe
1555 1548 1607 1574 iam
1619 1548 1734 1583 appello,

938 1593 1055 1620 eumque
1071 1590 1240 1620 perrumpat,
1263 1585 1335 1620 quod
1358 1585 1425 1611 nihil
1443 1590 1482 1611 est
1498 1586 1588 1611 animo
1605 1585 1735 1615 velocius,

937 1622 1011 1648 nulla
1027 1627 1067 1649 est
1079 1622 1216 1653 celeritas,
1238 1631 1307 1657 quae
1324 1624 1409 1657 possit
1424 1632 1486 1649 cum
1503 1623 1586 1649 animi
1602 1622 1737 1649 celeritate

937 1660 1107 1686 contendere.
1149 1660 1202 1692 Qui
1217 1661 1241 1686 si
1256 1665 1394 1694 permanet
1406 1661 1577 1695 incorruptus
1589 1661 1687 1695 suique
1699 1661 1737 1686 si-

938 1697 1024 1724 milis:
1047 1706 1156 1724 necesse
1171 1702 1211 1723 est
1229 1698 1263 1723 ita
1281 1697 1391 1724 feratur.
1415 1703 1443 1724 ut
1459 1703 1577 1732 penetret
1593 1703 1617 1724 et
1633 1697 1738 1724 dividat

936 1744 1015 1761 omne
1026 1735 1131 1761 caelum
1147 1735 1205 1765 hoe,
1221 1735 1246 1761 in
1260 1744 1313 1769 quo
1325 1735 1425 1762 nubes.
1441 1735 1541 1761 imbres
1553 1736 1680 1770 ventique
1692 1744 1737 1762 co-

936 1778 1051 1808 guntur:
1069 1772 1142 1808 quod
1153 1777 1178 1798 et
1190 1772 1334 1798 humidum
1346 1777 1371 1799 et
1382 1772 1562 1807 caliginosum
1574 1778 1614 1798 est
1629 1778 1737 1807 propter

937 1810 1121 1836 exhalationes
1133 1815 1226 1836 terrac.
1254 1809 1339 1842 Quam
1352 1810 1489 1845 regionem
1501 1819 1586 1844 quum
1597 1810 1737 1844 superavit

937 1848 1044 1874 animus
1061 1853 1238 1883 naturamque
1255 1856 1297 1873 sui
1312 1848 1430 1873 similem
1446 1848 1558 1882 contigit
1574 1853 1598 1873 et
1610 1847 1733 1883 agitor-'iu

937 1886 1037 1912 iunctis
1057 1894 1090 1912 ex
1107 1886 1195 1911 anima
1212 1885 1286 1911 tenui
1302 1890 1326 1911 et
1342 1894 1375 1911 ex
1395 1884 1487 1911 ardore
1504 1885 1569 1911 solis
1591 1889 1736 1919 temperato

936 1923 1048 1958 ignibus
1060 1923 1161 1949 insistit
1172 1927 1197 1949 et
1209 1923 1288 1949 linem
1301 1922 1382 1948 altius
1393 1931 1421 1948 se
1433 1922 1560 1948 ell‘erendi
1573 1921 1644 1948 facit.
1667 1922 1735 1948 Tum

936 1961 947 1973 *
962 1961 1035 1986 enim
1051 1961 1093 1986 sui
1110 1959 1229 1986 similem
1245 1965 1271 1986 et
1287 1959 1422 1986 levitatem
1438 1965 1463 1986 et
1478 1959 1593 1986 calorem
1610 1959 1733 1994 adeptus,

913 2015 915 2021 ι
935 2002 1072 2033 tamquam
1085 1998 1197 2032 paribus
1209 1998 1379 2024 examinatus
1394 1997 1574 2032 ponderibus,
1593 1996 1694 2023 nullam
1708 1998 1735 2022 in

935 2040 1037 2070 partem
1050 2041 1180 2065 movetur,
1197 2043 1282 2070 eaque
1294 2035 1318 2061 ci
1330 2035 1440 2061 demum
1454 2034 1583 2060 naturalis
1595 2040 1633 2061 est
1645 2034 1733 2064 sedes,

913 2071 915 2098 l
935 2081 1021 2107 quum
1032 2072 1066 2099 ad
1077 2073 1120 2099 sui
1132 2072 1221 2098 simile
1233 2073 1392 2107 penetravit,
1402 2073 1427 2098 in
1439 2081 1503 2106 quo,
1518 2072 1589 2098 nulla
1603 2081 1629 2098 re
1641 2080 1732 2107 egeus,

913 2111 914 2127 l
935 2109 1020 2135 aletur
1031 2115 1055 2136 et
1067 2110 1262 2136 sustentabitur
1274 2109 1370 2136 iisdem
1384 2109 1474 2139 rebus,
1483 2109 1585 2144 (pulsus
1597 2114 1665 2135 astra
1673 2117 1735 2135 sus-

935 2151 1070 2173 tentantur
1080 2151 1105 2173 et
1117 2146 1235 2173 aluntur.
1280 2148 1320 2173 Η.
1341 2147 1487 2181 Quumque
1498 2148 1616 2181 corporis
1630 2146 1734 2172 facibus

935 2183 1096 2210 inflammari
1106 2183 1241 2209 soleamus
1253 2183 1285 2209 ad
1297 2192 1391 2210 omnes
1404 2183 1457 2209 scre
1468 2184 1639 2218 cupiditates.
1648 2191 1733 2218 coquo

935 2221 1021 2255 magis
1034 2220 1155 2251 incendi,
1172 2220 1245 2255 quod
1261 2221 1294 2246 iis
1305 2220 1487 2250 aemulemur,
1505 2222 1552 2255 qui
1565 2230 1594 2247 eu
1608 2220 1730 2249 habeant,

933 2267 1003 2293 quae
1024 2267 1072 2284 nos
1093 2258 1190 2284 habere
1211 2258 1368 2291 cupiamus:
1394 2257 1512 2292 profecto
1532 2258 1601 2284 beuti
1619 2259 1730 2285 erimus.

933 2304 1033 2330 quum,
1047 2295 1205 2329 corporibus
1218 2295 1332 2324 relictis,
1346 2300 1371 2321 et
1381 2295 1561 2329 cupiditatum
1573 2300 1598 2321 et
1613 2294 1732 2320 uernula-

934 2334 1036 2359 tionum
1061 2334 1164 2359 erimus
1190 2337 1328 2367 expertes:
1357 2332 1485 2367 quodque
1510 2342 1581 2359 nuuc
1606 2331 1729 2361 snt-imus,

932 2379 1018 2405 quum
1036 2369 1115 2396 laxati
1131 2370 1204 2396 curis
1220 2378 1330 2399 sumus,
1356 2375 1384 2395 ut
1407 2374 1526 2404 spectare
1543 2369 1645 2403 aliquid
1664 2368 1731 2395 veli-

934 2416 994 2433 mus
1005 2412 1031 2434 et
1042 2408 1143 2436 visere,
1162 2407 1188 2433 id
1202 2407 1285 2433 multo
1297 2412 1352 2432 tum
1367 2406 1497 2432 faciemus
1510 2406 1635 2434 liberius,
1650 2411 1730 2432 totos·

910 2438 912 2486 ¹]
932 2453 985 2479 que
1002 2454 1049 2471 nos
1061 2445 1088 2471 in
1099 2444 1314 2479 contemplandis
1326 2444 1407 2470 rebus
1418 2443 1670 2478 perspiciemlisque
1682 2452 1730 2478 po—

910 2495 911 2511 i
933 2490 1042 2513 nemus:
1057 2487 1208 2516 propterea,
1226 2481 1297 2516 quod
1310 2487 1335 2508 et
1346 2487 1438 2507 nutura
1453 2481 1521 2507 inest
1533 2481 1670 2506 mentibus
1682 2490 1730 2507 uo-

910 2515 912 2547 ἶ
931 2520 994 2545 stris
1011 2519 1172 2545 insatiabilis
1187 2518 1320 2554 (praedam
1336 2518 1471 2553 cupiditas
1487 2519 1543 2544 veri
1559 2518 1683 2547 videndi.
1704 2524 1729 2545 et

910 2550 911 2595 l
930 2566 992 2582 orne
1004 2557 1077 2591 ipsae
1094 2557 1211 2583 locorum
1229 2556 1350 2585 illorum.
1369 2565 1423 2590 quo
1439 2556 1656 2590 pervenerimus,
1674 2565 1729 2591 quo

909 2607 911 2629 j
932 2593 1079 2620 faciliorem
1100 2594 1178 2620 uubis
1198 2594 1378 2627 cognitionem
1399 2601 1487 2619 rerum
1503 2592 1674 2622 ctwlcstium,
1697 2603 1728 2619 eo

911 2392 913 2416 l

909 2635 911 2648 ='
932 2632 1059 2657 maiorem
1071 2631 1250 2666 cognoscendi
1262 2630 1437 2665 cupiditatem
1449 2630 1561 2657 dabunt.
1603 2632 1642 2657 45.
1660 2631 1727 2657 llaec

909 2691 911 2694 .
930 2669 1001 2695 enim
1019 2668 1192 2704 pulchritudo
1202 2669 1282 2696 etiam
1295 2669 1321 2695 iu
1334 2669 1410 2696 terris
1421 2669 1535 2703 patrium
1549 2667 1622 2694 illum
1633 2673 1658 2695 et
1669 2677 1727 2694 avi-

1447 2717 1493 2742 132
1509 2716 1519 2727 '
