1941 3052
198 135 246 160 873
760 133 800 157 903.
838 131 872 157 M.
907 131 937 157 T.

200 204 237 230 les
248 204 360 230 conveni
374 202 524 236 multosque
536 202 616 227 nostri
632 201 743 227 ordinis.

201 279 250 304 lius
264 279 304 306 iis,
321 286 388 311 quim
401 275 514 302 tulisset.
555 275 604 300 Uni
618 275 742 303 Favonio.
757 274 828 308 leges
839 274 930 299 abillo
942 282 989 300 no-

200 315 242 341 bis
255 314 364 348 imponi,
381 322 431 338 non
445 311 576 346 placebat,
591 311 638 337 scd
651 312 672 336 is
685 311 756 337 liuud
768 311 876 337 nuditus
889 311 914 336 in
926 319 990 336 con-

199 352 270 378 silio.
310 351 373 375 Cato
393 350 465 374 enim
483 349 538 383 ipse
555 349 607 374 iam
622 349 738 378 servire,
761 356 841 382 quarn
859 356 987 382 pugnare,

201 398 240 414 niu
247 387 315 412 vult:
329 386 374 412 scd
387 391 474 412 tamen
486 386 530 416 ait,
541 386 567 411 in
575 390 702 411 senatuse
714 385 807 411 adesse
820 385 989 419 velle,quum

200 460 332 496 praesidia
349 460 472 486 deducat.

200 498 319 524 Sit-iliam
333 497 369 523 ire
381 505 432 523 non
443 501 529 528 curat;
543 496 615 531 quod
628 501 716 522 metuo
727 505 758 522 ne
769 496 849 526 obsit,
859 497 884 522 in
897 500 989 522 senatu

200 544 258 561 esse
275 534 340 560 vult.

201 651 294 672 senatu
312 654 420 680 operam
441 646 678 680 auctoritatemque
699 653 780 680 quam
801 645 892 679 magni
912 645 992 670 aesti-

202 689 263 710 mat.
305 684 340 709 Ita
353 691 394 708 res
405 682 437 708 ad
450 683 580 708 Fannium
593 683 724 717 pervenit.
765 682 789 708 Is
804 690 865 707 cum
879 682 992 716 imperio

203 722 227 747 iu
245 719 365 746 Siciliam
381 720 568 754 praemittitur.
609 722 633 745 3.
655 720 683 745 In
699 718 928 754 disputationibus
945 727 992 745 no-

200 758 263 784 stris
277 765 382 783 summa
394 757 506 783 varietas
516 761 565 783 est.
606 756 730 791 Plerique
745 761 841 792 negant
852 756 991 782 Caesarem

201 796 228 821 in
240 794 391 821 conditione
403 802 573 824 mansurum,
591 793 776 828 postulataque
789 794 852 819 hacc
864 793 897 818 ab
908 802 939 819 eo
951 794 993 819 in-

201 832 326 867 terposita
337 839 405 861 esse.
418 840 472 866 quo
484 831 582 861 miuus,
591 830 662 866 quod
673 839 742 865 opus
753 835 823 856 esset
834 830 865 856 ad
879 830 989 858 bellum.

783 200 883 226 (nnnc-,u
894 201 988 234 cupie-
1010 200 1011 206 ¹

200 242 271 270 bant,
287 242 434 268 (Itis-narem,
448 239 570 264 abductis
583 238 734 272 praesidiis,
748 242 816 263 stare
827 237 988 263 conditioni·
1010 247 1011 271 ;

972 130 1256 157 CICERONIS

1040 206 1118 226 teras.
1158 200 1275 235 Scriptae
1291 201 1363 227 enim
1377 205 1403 227 et
1417 200 1493 227 datae
1510 203 1542 227 ita
1560 206 1635 229 sunt.
1654 206 1682 228 ut
1697 209 1827 236 propone-

1040 243 1130 263 rentur
1141 238 1166 263 in
1179 237 1301 272 publico:
1320 238 1346 263 in
1361 246 1415 272 quo
1428 239 1551 264 accusavi
1564 246 1668 264 mecum
1683 240 1739 273 ipu-
1751 239 1828 264 Pom-

1041 275 1145 308 peium,
1162 275 1224 308 qui,
1241 282 1326 308 (suum
1342 275 1456 309 scriptor
1471 274 1622 301 luculentus
1637 281 1721 304 osset,
1744 281 1828 301 tantan

1041 320 1095 340 res,
1112 316 1191 346 atque
1206 319 1263 340 eas,
1280 319 1349 345 quae
1365 312 1391 337 in
1406 312 1526 338 omnium
1542 321 1637 338 manua
1648 317 1775 338 venturae
1786 321 1829 338 es-

1041 353 1112 377 sent,
1127 348 1213 374 Sestio
1229 353 1317 374 nostro
1332 348 1487 374 scribendas
1501 349 1614 375 dederit,
1654 350 1745 384 Itaque
1761 349 1829 376 nibil

1019 414 1021 419 Ι
1042 394 1170 419 umquam
1188 384 1238 419 legi
1254 386 1384 419 scriptum
1397 385 1622 420 σῃσιιωδὲστιρω.
1662 387 1779 421 Per-spici
1791 391 1831 412 ta-

199 425 232 450 ‹11-
252 423 451 449 ‹·‹›nditionibus
471 428 572 457 agatur,
595 423 617 448 si
633 423 729 448 Caesar
744 422 875 448 adductus
891 422 938 452 sit,
962 427 991 448 ut
1012 410 1021 457 i,

513 461 562 490 lta,
583 459 654 494 quod
675 460 791 486 maxime
809 468 877 493 opus
892 463 944 488 est,
963 459 989 485 in
1012 461 1021 484 ἠ

1042 431 1101 448 men
1118 431 1150 448 ex
1167 422 1262 448 litteris
1275 422 1392 456 Pompeii
1409 426 1507 456 potest,
1526 422 1592 449 nibil
1605 423 1709 449 &caari
1727 424 1828 458 negari,

1041 460 1184 493 omniaque
1196 464 1220 485 et
1231 458 1375 488 cumulate,
1389 467 1457 493 quae
1468 459 1595 493 postulet,
1608 459 1679 489 dari,
1692 469 1761 495 quae
1774 461 1828 489 ille,

1012 525 1014 531 Ι
1042 497 1243 522 amentissimus
1255 495 1343 525 luerit.
1358 496 1409 522 nisi
1421 496 1564 530 acceperit.
1578 498 1733 531 praesertim
1744 506 1829 532 quum

382 534 534 560 Postumius
550 538 651 562 autem,
669 533 702 559 de
713 542 768 568 quo
779 534 936 559 nominatim
948 541 991 558 se·
1013 531 1021 563 J

201 578 278 598 natus
289 571 421 601 decrevit.
439 575 467 597 ut
481 571 570 597 statim
588 571 613 596 in
626 570 746 596 Siciliam
762 571 811 596 iret
822 569 991 604 Furfanoque
1013 567 1021 580 ‘¹

200 608 368 638 succederet,
387 612 464 643 negat
479 617 507 633 se
521 608 580 633 sine
593 608 690 634 Catone
706 608 820 634 iturum:
838 612 863 633 et
874 616 950 633 suam
964 608 990 633 in
1013 606 1021 635 ἶ,

1044 533 1278 568 impudentissime
1289 532 1473 567 postulaverit.
1513 533 1579 565 Quis
1593 534 1665 559 enim
1680 539 1707 560 tu
1723 542 1765 563 es,
1782 535 1829 569 qui

1042 571 1129 600 dicas,
1144 571 1165 596 si
1180 571 1205 596 in
1217 570 1372 604 Hispaniam
1385 570 1519 604 protectus
1531 571 1595 600 erit,
1612 571 1634 596 si
1646 571 1778 605 praesidia
1789 572 1830 597 ‹li-

1044 607 1164 634 miserit‘?
1175 607 1274 633 Tamen
1285 607 1458 633 conceditur?
1468 608 1558 633 minus
1570 607 1679 634 honeste
1689 616 1759 634 nunc
1769 610 1831 643 qui-

1042 645 1117 673 dem,
1140 644 1235 670 violata
1261 645 1312 670 iam
1333 644 1366 670 ab
1383 644 1428 670 illo
1444 644 1581 678 republica
1603 644 1729 679 illatoque
1750 645 1828 672 bello.

1042 691 1122 717 quam
1140 683 1162 707 si
1177 682 1241 707 olim
1257 681 1290 707 de
1307 682 1406 707 ratione
1422 681 1543 707 habenda
1556 682 1736 716 impetrasset:
1753 687 1778 709 et
1793 687 1832 709 ta-

1043 728 1103 745 men
1121 727 1225 749 vereor,
1244 723 1272 744 ut
1288 718 1330 744 bis
1347 719 1413 753 ipsis
1426 723 1566 745 contentus
1581 720 1625 744 sit.
1666 719 1731 745 Nam
1747 727 1831 754 quum

1044 757 1092 782 ista
1109 756 1232 782 mandata
1247 755 1367 781 dedisset
1382 756 1410 782 L.
1423 756 1542 785 Caesari.
1559 755 1653 782 debuit
1667 764 1726 782 esse
1742 755 1833 790 paullo

1043 794 1171 828 quietior,
1192 793 1258 818 dum
1279 801 1405 828 responsa
1426 792 1598 824 referrentur-3
1625 792 1724 819 dicitur
1743 798 1831 819 auu-m

1043 839 1114 857 nunc
1129 839 1188 856 esse
1203 830 1360 856 acerrimus
1401 832 1425 856 3.
1447 830 1588 856 Trebatius
1607 830 1718 865 quidem
1739 830 1833 856 scribit

201 879 215 896 a
228 869 304 895 nobis
316 872 462 903 pararetur.
492 868 548 903 Ego
559 873 647 894 autem
659 877 720 894 eum
732 872 796 902 puto
808 867 950 898 facturum,
964 872 993 894 ut
1020 859 1023 882 ἰ
1043 877 1070 893 se
1081 868 1114 894 ab
1127 867 1172 894 illo
1184 875 1221 893 ix,
1235 867 1292 893 Kal.
1307 867 1384 893 Febr.
1401 872 1520 903 rogatum
1532 875 1604 897 esse,
1623 872 1650 893 ut
1661 867 1790 894 scriberet
1799 867 1832 893 ad

202 906 335 941 praesidia
355 905 479 931 (leducat.
521 906 618 932 Vicerit
640 906 726 935 enim,
749 905 772 931 si
792 904 885 931 consul
908 902 992 931 sactus

202 944 260 973 erit,
269 948 294 969 et
305 943 406 968 minore
417 942 517 968 scelere
529 943 630 972 vicerit,
639 951 720 977 quam
731 947 784 976 qno
797 943 935 977 ingressus
942 946 990 968 est.
1014 939 1023 984 χ’
1043 951 1132 977 posse.

189 978 253 1006 'Sed
265 979 419 1014 accipienda
431 979 508 1014 plaga
521 984 570 1006 est.
605 980 704 1005 Sumus
715 980 787 1005 enim
799 978 929 1013 flagitiose
942 980 993 1005 im—

203 1018 286 1052 parati
300 1025 385 1051 quum
397 1025 410 1042 a
423 1016 569 1047 militibus,
587 1021 643 1043 tum
659 1025 673 1042 a
688 1017 815 1051 pecunia:
833 1025 914 1050 quam
930 1017 993 1051 qui-

202 1055 262 1081 ‹lem
273 1062 393 1085 omnem,
412 1062 462 1080 non
479 1054 556 1080 modo
571 1055 716 1088 privatam,
734 1062 803 1088 quae
819 1054 844 1079 in
858 1053 927 1079 Urbe
942 1059 990 1083 est,
1022 1046 1023 1060 ¹

202 1092 250 1118 sed
261 1092 340 1118 etiam
357 1091 507 1125 publicam,
525 1100 593 1125 quae
610 1091 636 1117 in
648 1091 748 1117 aerario
759 1095 812 1120 est,
829 1090 869 1116 illi
881 1090 994 1125 reliqui-

203 1138 273 1155 mus.
314 1129 456 1162 Pompeius
471 1128 504 1153 ad
521 1128 639 1163 legiones
654 1128 774 1154 Attianas
789 1132 830 1153 est
843 1127 990 1162 profectus:

204 1167 351 1192 Labienum
367 1173 458 1191 secum
476 1165 564 1191 babet.
605 1165 660 1200 Ego
676 1169 734 1191 tuas
749 1165 890 1199 opiniones
905 1164 938 1190 ‹le
951 1165 993 1191 bis

202 1203 284 1230 rebus
293 1207 428 1236 exspecto.
469 1202 588 1228 Formias
600 1210 642 1228 me
653 1202 780 1229 continuo
791 1202 908 1236 recipere
919 1203 994 1238 cogi-

201 1241 300 1268 tabam.

256 1310 317 1331 xvt.

348 1312 375 1329 'ln
386 1310 492 1332 Fuiminnu,
503 1310 602 1331 Marcello,
612 1311 693 1328 Lentulo
704 1317 750 1329 coss.
762 1312 816 1331 705.)

388 1353 554 1380 CICERO
583 1353 749 1380 ATTICO
779 1354 806 1380 S.

258 1393 280 1418 ⁴.
303 1386 410 1417 Omnes
425 1391 538 1417 arbitror
552 1391 620 1417 mihi
636 1395 695 1417 tuas
712 1391 812 1417 litteras
823 1390 940 1418 redditas
951 1399 995 1418 es·
1016 1401 1017 1405 ¹

202 1437 244 1459 se,
257 1429 306 1455 sed
316 1429 417 1463 primas
429 1433 606 1462 praepostere,
620 1428 737 1463 reliquas
748 1428 851 1459 ordine,
867 1437 921 1463 quo
932 1433 995 1455 sunt

202 1466 309 1497 missae,
323 1474 371 1500 per
381 1466 541 1492 Terentiam.
570 1466 606 1491 De
617 1465 750 1492 mandatis
762 1466 882 1492 Caesaris
893 1466 995 1492 adven-
1017 1495 1018 1503 ἵ

202 1508 284 1538 tuque
296 1503 407 1529 Labieni
418 1507 443 1529 et
455 1503 590 1537 responsis
601 1503 743 1529 consulum
755 1512 784 1529 ac
795 1504 916 1538 Pompeii
927 1504 995 1530 scri·
1017 1504 1018 1542 ᾖ

202 1541 244 1575 psi
256 1540 288 1566 ad
301 1545 324 1566 te
336 1540 431 1566 litteris
442 1540 485 1571 iis,
498 1540 665 1575 quasa.d.v.
674 1540 732 1566 Kal.
741 1540 831 1575 Capua
843 1540 918 1572 dedi3
933 1540 995 1576 plu·
1017 1545 1019 1563 l

202 1585 284 1612 raque
304 1582 438 1612 praeterea
459 1578 486 1603 in
506 1577 628 1603 eamdem
648 1577 789 1612 epistolam
813 1578 926 1604 conieci.
967 1580 993 1605 2.
1017 1587 1018 1598 ³

201 1615 278 1640 Nunc
291 1614 338 1640 has
350 1615 562 1649 exspectationes
572 1614 704 1641 habemus
715 1614 797 1641 duas:
814 1623 909 1646 unam,
927 1614 995 1650 quid
1017 1610 1018 1615 ¹

201 1652 298 1678 Caesar
308 1656 416 1678 acturus
428 1652 471 1682 sit,
484 1660 569 1686 quum
581 1653 713 1687 acceperit
723 1660 763 1683 ea,
775 1660 844 1687 quae
856 1652 995 1679 referenda

201 1688 235 1715 ad
247 1688 323 1715 illum
334 1689 394 1715 data
405 1688 630 1721 suntL.Caesari;
645 1689 764 1720 alteram,
777 1689 995 1724 quidPompeius
1018 1714 1019 1718 ,

201 1731 275 1761 agat:
293 1727 341 1760 qui
352 1725 463 1760 quidem
475 1725 508 1752 ad
519 1734 561 1752 me
572 1726 679 1757 scribit,
697 1727 791 1761 paucis
801 1726 898 1752 diebus
909 1735 938 1753 se
950 1726 996 1753 fir-

202 1771 277 1789 mum
288 1763 435 1789 exereitum
447 1762 617 1796 habiturum3
634 1771 765 1798 spemque
777 1763 863 1794 affert,
877 1764 900 1790 si
912 1764 939 1790 in
950 1764 996 1790 Pi-

201 1808 298 1826 cenum
310 1808 403 1835 agrum
415 1800 472 1834 ipse
484 1800 596 1830 venerit,
604 1809 652 1827 nos
659 1801 769 1826 Romam
779 1800 912 1827 redituros
923 1809 993 1827 esse.

202 1837 352 1863 Labienum
363 1845 455 1863 secum
467 1836 559 1868 habet,
578 1845 630 1863 non
645 1837 813 1863 dubitantem
824 1837 858 1863 de
870 1837 995 1864 imbecil-

203 1873 275 1900 litate
289 1874 410 1900 Caesaris
426 1874 577 1908 copiarum;
600 1875 679 1901 cuius
694 1874 811 1900 adventu
827 1874 931 1901 Cnaeus
947 1884 995 1901 no-

202 1915 256 1937 ster
270 1910 355 1937 multo
370 1911 453 1936 animi
469 1910 530 1945 plus
546 1910 635 1937 habet.
676 1912 729 1938 Nos
746 1920 760 1937 a
776 1911 934 1938 consulibus
945 1912 995 1938 Ca-

202 1956 283 1982 puam
296 1948 387 1973 venire
398 1948 465 1973 iussi
477 1956 572 1973 sumus
583 1947 616 1974 ad
627 1948 715 1974 Nonas
726 1948 803 1975 Febr.
831 1948 921 1983 Capua
933 1958 995 1984 pro-

204 1984 288 2011 fectus
303 1993 364 2010 sum
376 1984 495 2010 Formias
511 1993 535 2010 a.
547 1984 574 2010 d.
587 1993 626 2010 111.
638 1985 697 2011 Kal.
737 1985 775 2012 Eo
789 1985 832 2011 die
847 1993 933 2020 quum
945 1986 996 2013 Ca-

203 2021 275 2048 libus
290 2026 350 2048 tuas
362 2021 461 2047 litteras
473 2021 536 2047 liora
547 2021 600 2048 fere
611 2030 678 2048 nona
690 2023 854 2057 accepissem
862 2044 868 2053 ,
882 2023 930 2050 has
941 2028 995 2050 sta-

203 2059 250 2085 tim
262 2058 336 2085 dedi.
377 2060 401 2084 3.
422 2059 458 2084 De
469 2059 591 2085 Terentia
602 2063 627 2085 et
638 2059 725 2085 Tullia
737 2060 786 2086 tibi
797 2061 942 2089 assentior:
961 2060 995 2086 ad

202 2104 270 2131 quas
280 2096 449 2130 scripseram,
466 2095 498 2122 ad
509 2100 533 2122 te
544 2101 574 2122 ut
583 2095 722 2122 referrent:
740 2098 764 2123 si
775 2097 895 2123 nondum
906 2097 995 2132 profe-

202 2137 258 2160 ctae
269 2138 340 2163 sunt,
354 2132 423 2159 nihil
434 2137 473 2159 est
484 2132 556 2168 quod
567 2141 595 2159 se
606 2138 738 2165 moveant,
748 2134 836 2169 quoad
847 2135 995 2170 perspicia-

203 2178 272 2201 mus,
286 2179 341 2205 quo
351 2169 401 2196 loci
412 2171 447 2196 sit
458 2178 510 2196 res.

257 2239 327 2259 xvn.

356 2242 384 2262 <in
396 2242 502 2261 run-mnu.
519 2243 603 2260 manunt
611 2255 617 2263 ,
627 2243 708 2260 Lentulo
718 2249 764 2260 mss.
775 2244 829 2265 705.)

386 2284 552 2311 CICERO
581 2285 749 2312 ATTICO
779 2285 807 2312 S.

260 2323 282 2347 l.
304 2317 384 2347 Tuae
400 2321 501 2348 litterae
523 2322 591 2348 mihi
610 2327 699 2358 gratae
715 2322 903 2358 iucundaeque
919 2329 992 2350 sunt.
1018 2321 1029 2339 ¹¹

1018 2361 1019 2367 ¹
1048 2359 1086 2385 di.
1127 2359 1263 2393 Responsa
1277 2357 1398 2392 Pompeii
1412 2361 1485 2392 grata
1501 2354 1600 2390 populo
1614 2358 1641 2379 et
1654 2352 1763 2387 probata
1773 2360 1839 2379 oon-

1018 2398 1019 2401 ’
1048 2397 1119 2423 cioni
1130 2404 1188 2422 esse
1199 2395 1337 2421 dicuntur.
1376 2395 1414 2420 lta
1424 2397 1555 2428 putaram.
1587 2389 1660 2422 Quae
1670 2389 1781 2424 quidem
1793 2388 1838 2415 ille

202 2359 237 2384 De
249 2359 340 2393 pueris
352 2359 379 2384 in
391 2359 530 2386 Graeciam
541 2360 752 2394 transportandis
765 2365 821 2386 tum
833 2360 992 2396 cogitabam,

201 2403 287 2429 quum
302 2395 365 2431 fuga
375 2404 409 2422 ex
420 2396 494 2422 Italia
505 2397 598 2431 quaeri
610 2396 761 2423 videbatur.
802 2398 856 2424 Nos
865 2398 938 2423 enim
949 2398 995 2424 Hi-

202 2433 324 2466 spaniam
339 2437 504 2467 peteremus3
523 2433 578 2460 illis
594 2433 644 2459 hoc
659 2442 743 2469 aeque
759 2434 931 2460 commodum
942 2443 994 2461 non

202 2474 266 2495 erat.
293 2470 333 2495 Tu
345 2471 402 2504 ipse
413 2479 475 2496 cum
486 2470 567 2497 Sexto
577 2471 658 2497 etiam
669 2479 740 2497 nunc
752 2471 820 2497 mihi
830 2471 932 2498 videris
944 2472 995 2498 Ro-

203 2514 260 2531 mae
272 2511 342 2532 recte
353 2515 411 2533 esse
422 2516 511 2542 posse.
537 2508 642 2534 Etenim
654 2508 766 2534 minime
777 2509 857 2534 amici
867 2509 994 2543 Pompeio

204 2547 292 2568 nostro
302 2551 360 2569 esse
371 2544 485 2570 debetis.

204 2578 314 2605 urbanis
325 2581 467 2613 praesidiis
478 2581 602 2608 detraxit.
618 2583 643 2608 2.
651 2581 767 2608 Videsne
779 2591 821 2608 me
832 2583 913 2608 etiam
924 2583 996 2609 ioca—

204 2614 244 2640 ri?
263 2615 335 2641 Scire
350 2617 403 2643 iam
419 2623 443 2644 te
458 2623 573 2653 oportet,
587 2619 616 2644 L.
629 2618 725 2645 Caesar
734 2627 803 2653 quae
814 2627 942 2654 responsa
953 2627 996 2645 re-
1016 2621 1018 2628 '

204 2650 270 2678 ferat
281 2661 294 2678 a
305 2653 440 2688 Pompeio,
454 2663 521 2689 quas
533 2655 566 2681 ab
577 2655 670 2682 eodem
682 2655 715 2682 ad
722 2655 862 2682 Caesarem
874 2655 940 2683 ferat
951 2655 996 2682 lit-

1015 1199 1024 1222 ’-
1044 1202 1123 1237 diligi
1145 1203 1211 1228 scio.

1024 1350 1025 1353 ’
1045 1353 1148 1387 gotium
1168 1352 1330 1386 suscepisse.

1018 2243 1020 2251 ’
1050 2248 1190 2274 Formiano
1204 2255 1263 2273 esse
1279 2245 1352 2272 volui
1367 2250 1392 2272 et
1405 2253 1459 2271 una
1469 2244 1620 2271 Cicerones.

526 2545 610 2571 Nemo
623 2545 696 2570 enim
707 2553 836 2580 umquam
848 2550 951 2572 tantum
961 2545 994 2572 de
1024 2571 1026 2580 k

1024 2606 1025 2610 ,
1049 2589 1116 2607 neri.

1044 914 1099 935 me,
1117 910 1146 931 ut
1161 913 1248 931 essem
1264 904 1296 930 ad
1314 904 1425 935 Urbem:
1449 904 1516 930 nihil
1532 905 1556 930 ei
1573 913 1614 930 me
1629 905 1731 939 gratius
1748 904 1833 931 facere

1172 942 1240 968 Ilaec
1256 941 1347 968 verbis
1363 941 1499 976 plurimis.
1540 941 1660 967 Intellexi
1675 950 1709 968 ex
1726 941 1832 967 dierum

1044 980 1156 1009 ratione,
1173 984 1202 1005 ut
1217 979 1335 1013 primum
1351 979 1384 1004 de
1398 978 1520 1005 discessu
1532 984 1620 1005 nostro
1631 978 1727 1004 Caesar
1741 978 1834 1004 audis—

1043 1022 1091 1046 set,
1107 1016 1224 1042 laborare
1234 1024 1295 1042 eum
1307 1016 1436 1050 coepisse,
1451 1024 1483 1042 ne
1493 1024 1585 1042 omnes
1597 1015 1763 1042 abessemus.
1784 1016 1833 1041 lta-

1043 1062 1096 1089 que
1113 1062 1163 1080 non
1180 1053 1288 1083 dubito,
1304 1053 1371 1088 quin
1385 1053 1418 1079 ad
1430 1053 1566 1082 Pisonem,
1584 1053 1650 1087 quin
1666 1052 1698 1078 ad
1709 1052 1833 1079 Servium

1022 1090 1023 1124 l
1044 1091 1190 1125 scripserit.
1213 1090 1280 1116 Illud
1293 1090 1409 1116 admiror
1420 1099 1470 1117 non
1484 1091 1572 1124 ipsum
1584 1089 1616 1116 ad
1628 1098 1670 1116 me
1681 1090 1832 1125 scripsisse,

1014 1133 1023 1162 ,1
1045 1137 1096 1154 non
1108 1136 1155 1163 per
1166 1127 1342 1157 Dolabellam,
1359 1136 1410 1153 non
1427 1136 1473 1162 per
1484 1127 1604 1153 Caelium
1618 1128 1720 1162 egisse:
1738 1135 1835 1162 quam-

1044 1174 1125 1200 quam
1138 1174 1189 1191 non
1201 1173 1328 1199 aspernor
1339 1164 1455 1190 Trebatii
1471 1164 1583 1194 litteras,
1601 1173 1614 1190 a
1629 1172 1683 1198 quo
1698 1172 1740 1190 me
1755 1164 1835 1190 unioe

1252 1203 1276 1228 4.
1299 1202 1434 1236 Rescripsi
1459 1201 1492 1227 ad
1513 1201 1681 1231 Trebatium,
1706 1201 1777 1235 (nam
1801 1200 1834 1226 ad

1045 1241 1135 1275 ipsum
1151 1240 1304 1269 Caesarem,
1322 1239 1370 1274 qui
1386 1238 1453 1265 mihi
1469 1238 1536 1265 nihil
1552 1239 1718 1273 scripsisset,
1740 1237 1836 1271 nolui.)

1016 1281 1025 1311 ;’
1045 1286 1126 1312 quam
1143 1277 1211 1303 illud
1229 1277 1277 1303 hoc
1292 1281 1410 1310 tempore
1426 1280 1496 1302 esset
1510 1275 1635 1307 disiicile3
1654 1283 1696 1301 me
1708 1276 1835 1302 tamenin

1046 1314 1163 1349 praediis
1175 1314 1242 1340 meis
1253 1322 1324 1344 esse,
1338 1321 1425 1348 neque
1436 1312 1569 1339 delectum
1581 1312 1677 1342 ullum,
1691 1320 1778 1347 neque
1789 1320 1836 1339 ne-

1371 1352 1399 1377 ln
1419 1359 1473 1385 quo
1491 1350 1602 1385 quidem
1621 1350 1748 1379 manebo,
1770 1349 1835 1375 dum

1046 1398 1108 1424 spes
1119 1389 1194 1424 pacis
1205 1389 1267 1415 erit:
1282 1389 1324 1415 sin
1335 1387 1436 1415 bellum
1447 1392 1567 1423 geretur,
1581 1395 1633 1414 non
1644 1386 1724 1413 deero
1735 1386 1834 1413 officio.

1047 1435 1095 1453 nec
1106 1426 1231 1462 dignitati
1243 1434 1330 1456 meae,
1347 1433 1444 1460 pueros
1454 1425 1635 1459 ὑπεκθέμενος
1646 1424 1673 1450 in
1685 1424 1834 1451 Graeciam.

1047 1465 1139 1491 Totam
1154 1465 1227 1490 enim
1243 1463 1344 1489 ltaliam
1360 1462 1529 1498 flagraturam
1541 1461 1611 1488 bello
1626 1460 1760 1497 intelligo:
1778 1466 1837 1487 tan-

1047 1507 1104 1529 tum
1115 1501 1180 1527 mali
1191 1501 1336 1527 excitatum
1346 1500 1442 1535 partim
1453 1507 1488 1526 ex
1499 1499 1638 1533 improbis,
1648 1499 1744 1533 partim
1750 1507 1784 1525 ex
1795 1499 1838 1525 in-

1047 1539 1119 1565 vidis
1134 1538 1252 1565 civibus.
1293 1537 1346 1564 Sed
1362 1538 1426 1564 haec
1441 1537 1535 1571 paucis
1549 1536 1647 1562 diebus
1661 1544 1696 1562 ex
1713 1535 1788 1562 illius
1803 1534 1838 1562 ad

1047 1581 1136 1603 nostra
1147 1583 1275 1610 responsa
1287 1575 1422 1609 responsis
1433 1573 1625 1609 intelligentur,
1633 1581 1763 1608 quorsum
1773 1581 1837 1599 eva-

1047 1622 1109 1639 sura
1120 1614 1184 1640 sint.
1224 1613 1292 1638 Tum
1303 1612 1336 1638 ad
1349 1617 1372 1638 te
1383 1611 1499 1638 scribam
1511 1611 1602 1646 plura,
1619 1610 1643 1636 si
1658 1611 1708 1636 erit
1719 1609 1833 1636 bellum:

1047 1651 1089 1677 sin
1101 1655 1189 1677 autem
1200 1650 1279 1676 etiam
1291 1648 1424 1678 induciae,
1438 1653 1463 1675 te
1474 1648 1574 1682 ipsum,
1589 1652 1619 1673 ut
1628 1654 1715 1681 spero,
1728 1646 1835 1673 videbo.

1047 1690 1071 1714 5.
1093 1688 1149 1723 Ego
1162 1695 1200 1713 iv.
1217 1687 1285 1712 Non.
1302 1685 1392 1717 Febr.,
1409 1694 1463 1720 quo
1477 1685 1522 1711 die
1536 1684 1584 1711 has
1600 1683 1700 1710 litteras
1715 1683 1791 1714 dedi,
1809 1684 1836 1710 in

1024 1731 1026 1739 ¹
1047 1725 1201 1754 Formiano,
1219 1731 1273 1758 quo
1288 1722 1378 1757 Capua
1394 1722 1538 1752 redieram,
1556 1720 1684 1747 mulieres
1698 1726 1838 1756 exspecta-

1024 1756 1026 1797 [
1048 1762 1124 1792 bam:
1140 1761 1242 1796 quibus
1253 1760 1364 1795 quidem
1375 1760 1548 1794 scripseram,
1565 1758 1618 1784 tuis
1634 1756 1729 1784 litteris
1745 1758 1839 1784 admo⁶

1024 1809 1026 1817 ·
1047 1799 1271 1829 uitus,utRomae
1281 1802 1428 1823 manerent.
1447 1795 1500 1823 Sed
1512 1795 1592 1822 audio
1603 1796 1730 1821 maiorem

1047 1836 1108 1863 dam
1125 1837 1153 1862 in
1164 1835 1234 1862 Urbe
1245 1835 1368 1861 timorem
1378 1842 1448 1860 esse.
1487 1833 1593 1867 Capuae
1605 1832 1672 1858 Non.
1689 1803 1838 1858 FebZUgEe

1048 1873 1180 1903 volebam,
1193 1873 1257 1907 quia
1267 1871 1392 1898 consules
1403 1872 1545 1897 iusserant.
1574 1869 1714 1904 Quidquid
1726 1869 1778 1895 buc
1789 1870 1839 1895 erit

1047 1920 1061 1938 a
1073 1910 1198 1945 Pompeio
1208 1909 1332 1939 allatum,
1351 1909 1441 1935 statim
1452 1907 1485 1933 ad
1497 1912 1521 1934 te
1532 1907 1662 1933 scribam:
1681 1911 1794 1941 tuasque
1804 1905 1838 1932 de

1048 1949 1107 1974 istis
1119 1948 1199 1974 rebus
1211 1946 1310 1972 litteras
1321 1945 1491 1980 exspectabo.

1101 2016 1185 2038 XYffl.
1215 2017 1312 2041 (Pon-min,
1321 2016 1420 2037 Mucella,
1430 2017 1510 2033 Lentulo
1521 2021 1568 2033 cosa.
1579 2014 1633 2037 705.)

1234 2059 1401 2088 CICERO
1431 2057 1598 2085 ATTICO
1628 2057 1656 2084 S.

1106 2101 1129 2125 l.
1152 2093 1258 2130 Quarto
1273 2098 1341 2124 Non.
1358 2096 1436 2123 Febr.
1455 2095 1584 2122 mulieres
1599 2099 1703 2121 nostrae
1719 2093 1838 2120 Formias

1018 2138 1029 2175 ξ’
1049 2141 1180 2162 venerunt
1195 2141 1294 2170 tuaque
1309 2142 1372 2170 erga
1387 2142 1415 2160 se
1425 2132 1526 2163 officia,
1543 2132 1621 2167 plena
1632 2131 1671 2158 tui
1681 2131 1838 2157 suavissimi

1049 2173 1141 2204 studii,
1155 2172 1309 2199 attulerunt.
1350 2172 1401 2198 Eas
1411 2179 1474 2206 ego,
1487 2169 1576 2205 quoad
1585 2169 1729 2198 sciremus,
1746 2172 1838 2193 utrum

1049 2211 1121 2245 turpi
1137 2218 1201 2244 pace
1215 2209 1308 2239 nobis,
1326 2217 1359 2235 an
1374 2208 1473 2234 misero
1488 2206 1559 2233 bello
1569 2210 1640 2232 esset
1649 2203 1792 2235 utendum,
1810 2205 1838 2231 in

1658 2243 1684 2268 2.
1705 2242 1764 2276 lpse
1775 2249 1838 2267 cum

1050 2285 1128 2311 fratre
1143 2284 1262 2319 Capuam
1278 2283 1312 2310 ad
1326 2282 1451 2309 consules
1466 2281 1559 2316 (Nonis
1572 2281 1645 2306 enim
1659 2278 1754 2305 adesse
1769 2278 1838 2305 iussi

1048 2322 1154 2356 sumus)
1166 2330 1203 2348 111.
1216 2322 1284 2347 Nou.
1297 2319 1431 2355 profectus
1441 2327 1511 2349 sum,
1524 2325 1610 2353 quum
1620 2316 1669 2342 has
1680 2315 1780 2341 litteras
1790 2315 1839 2342 de-

1049 2434 1072 2459 si
1083 2432 1244 2468 repudiarit,
1257 2431 1366 2463 iacebit,
1383 2431 1427 2457 sin
1437 2429 1581 2463 acceperit,
1593 2442 1640 2453 —.
1679 2427 1773 2452 Utrum
1785 2426 1839 2461 igi-

1024 2491 1026 2494 .
1049 2476 1103 2499 tur,
1121 2470 1243 2505 inquies,
1260 2467 1366 2495 mavis?
1378 2465 1588 2501 Responderem,
1605 2464 1642 2494 si,
1661 2463 1839 2498 quemadmo-

1048 2507 1113 2533 dum
1126 2507 1211 2542 parati
1221 2514 1356 2536 essemuS‚
1368 2504 1476 2531 scirem.
1515 2501 1652 2531 Cassium,
1665 2505 1720 2526 erat
1734 2500 1778 2542 hie
1789 2508 1838 2526 au-

1048 2544 1149 2575 ditum,
1162 2543 1308 2578 expulsum
1319 2542 1438 2570 Aneone,
1455 2546 1568 2573 eamque
1579 2537 1674 2564 urbem
1685 2546 1699 2563 a
1710 2537 1788 2564 nobis
1798 2541 1839 2563 te-

1156 2580 1185 2607 Si
1197 2580 1299 2606 bellum
1311 2578 1431 2605 futurum
1441 2581 1494 2606 est,
1507 2576 1644 2611 negotium
1655 2574 1732 2601 utile.
1771 2574 1839 2601 Cae-

1048 2626 1136 2644 sarem
1146 2617 1267 2652 quidem,
1276 2617 1306 2642 L.
1313 2615 1425 2642 Caesare
1435 2621 1496 2639 eum
1509 2611 1641 2638 mandatis
1651 2611 1685 2637 de
1696 2619 1760 2646 pace
1771 2611 1837 2637 mis-

1048 2664 1086 2681 so.
1100 2659 1189 2681 tamen
1199 2654 1275 2680 aiunt
1284 2652 1412 2678 acerrime
1423 2649 1556 2676 delectum
1567 2649 1675 2678 habere,
1691 2648 1747 2674 loca
1757 2655 1839 2674 occu-
