1941 3052
241 102 288 127 778
815 103 855 127 85.
889 102 921 127 M.
955 102 983 128 T.

237 171 302 207 quid
317 171 436 198 futurum
449 171 506 197 ΝΠ
526 172 569 200 Et,
588 171 609 196 si
627 179 674 196 nos
691 176 791 204 premet
807 171 900 197 cadem
914 171 1026 200 fortuna,
1050 172 1059 178 '¹

237 209 303 244 quid
325 217 406 243 put-ro
428 210 524 234 misero
540 208 601 233 fit-t‘!
623 208 678 233 Non
693 216 763 242 queo
780 208 882 242 reliqua
898 208 1025 238 scribere,

236 249 315 272 ‘tanta
329 246 545 271 vislnrrimarum
557 245 617 277 ost.)
629 253 714 278 neque
727 250 749 270 te
763 245 788 270 in
800 246 926 271 eumdem
938 244 1028 271 fletum

237 277 378 309 adducam.
420 283 532 308 'l'antum
549 281 651 307 uvribo:
670 282 693 307 si
709 287 786 308 erunt
800 283 824 308 iu
836 282 926 308 oflicio
937 283 1026 312 amici,

237 320 350 355 pecunia
363 328 414 345 non
425 319 522 345 ‹lt-erit:
537 319 559 344 si
573 323 720 348 nonerunt,
735 323 761 344 tu
774 319 879 345 vttiecre
891 325 934 345 tua
946 329 1029 354 pecu-

237 358 278 383 nia
291 365 342 382 non
354 357 463 390 poteris.

237 403 267 420 ne
282 402 395 428 puerum
412 393 546 427 perditum
559 393 713 427 perdamus.
752 394 802 420 Cui
814 395 836 420 si
849 394 951 429 aliquid
963 395 1025 420 erit:

236 440 267 457 ne
279 435 362 466 egeat,
380 430 507 456 mediocri
521 431 617 456 virtute
628 439 696 465 opus
707 435 755 461 ost,
768 436 793 457 et
805 431 932 457 mediocri
945 431 1029 458 fortu-

235 477 275 497 na,
301 472 328 494 ut
344 472 428 493 cett-ra
444 472 633 501 consequatur.

235 504 386 531 tabellarios
400 505 501 534 mittas,
517 509 544 530 ut
555 505 637 530 sciam
648 526 653 534 ,
666 505 733 539 quid
745 511 851 538 agatur,
865 511 891 532 et
903 515 949 532 vos
960 506 1027 540 quid

234 543 328 578 agatis.
351 542 415 567 Mihi
427 542 537 567 omnino
549 542 600 567 iam
612 542 702 568 brevis
712 544 876 577 exspectatio
887 548 936 569 est.
963 543 1028 569 Tul-

236 579 311 605 liolae
323 583 348 604 et
358 579 478 604 Ciceroni
490 579 603 605 salutem
616 579 669 605 (lic.
688 579 786 606 Valete.
805 581 833 606 D.
847 589 870 606 a.
883 580 911 606 d.
926 589 960 606 ιἰ.
976 580 1027 606 Ka-

235 616 326 642 lendas
338 616 496 642 Decembres
509 616 675 652 Dyrrhachii.

287 654 312 679 7.
335 653 530 689 Dyrrhachium
547 655 621 684 veni,
639 653 712 688 quod
727 658 753 680 et
769 653 851 680 libera
868 655 964 681 civitas
975 659 1024 685 est,

232 695 257 716 et
274 691 299 716 in
317 699 357 716 me
373 690 494 717 officiosa
504 695 529 717 et
541 691 662 725 proxima
675 691 773 717 ltaliae.

233 736 274 754 me
287 727 337 754 loci
348 727 489 754 celebritas
498 749 504 759 ,
516 727 568 754 alio
580 737 621 754 me
633 727 767 754 conferam
779 729 848 755 etad
861 734 885 755 te
896 729 1024 755 scribam.

285 830 312 850 ΙΙ.
329 830 347 850 Α
354 831 372 850 R
379 830 405 852 G.
421 830 512 851 Pisonin
531 830 606 856 generi
620 831 694 851 ustitia
713 831 786 851 laudat
795 847 800 855 ,
824 831 884 851 ‹lolet
904 831 1026 851 Terentiae

231 864 299 885 xicem
306 880 312 889 ,
323 864 431 890 hortatur,
442 868 465 886 ut
473 865 521 885 doti
530 868 605 893 pne-t
615 869 637 886 et
646 866 770 887 valetudini
780 867 888 887 con-um.

481 902 564 924 ‹Pi-une,
572 902 654 920 Gabinio
663 910 709 921 con.
719 906 774 924 ⁶⁹⁸...)

212 961 216 967 .
243 944 412 972 TULLIUS
432 944 460 972 S.
481 946 511 972 D.
533 946 759 973 TERENTIAE
780 947 892 976 SUAE.
919 947 1012 973 TUL-

363 982 504 1009 LIOLAE
524 983 572 1010 ET
592 983 781 1011 CICERONI
800 984 891 1011 SUlS.

288 1030 310 1054 l.
322 1023 390 1055 Noti
399 1033 492 1063 putare
504 1038 546 1055 me
560 1029 592 1055 ad
603 1038 768 1064 quemquam
781 1029 913 1065 longiores
925 1030 1026 1064 episto—

233 1065 270 1092 las
281 1065 410 1097 scribere,
422 1066 509 1092 nisisi
521 1067 583 1101 quis
595 1066 628 1093 ad
640 1075 681 1093 me
693 1067 770 1102 plura
781 1068 904 1102 scripsit,
917 1068 962 1093 cui
974 1076 1025 1102 pu-

231 1108 256 1129 to
268 1103 380 1129 rescribi
390 1108 521 1138 oportere.
554 1104 607 1130 Nec
618 1104 690 1130 enim
703 1104 802 1135 habeo,
816 1104 883 1139 quid
895 1105 1021 1135 scribam,

232 1149 279 1166 nec
296 1140 344 1166 lioc
360 1144 478 1175 tempore
499 1141 649 1175 quidquam
665 1141 807 1168 difficilius
824 1141 901 1168 facio.
942 1142 982 1167 Ad
1000 1147 1023 1168 te

232 1185 293 1203 vero
309 1182 334 1204 et
349 1177 383 1203 ad
399 1182 515 1204 nostram
527 1178 671 1204 Tulliolam
683 1188 735 1205 non
747 1188 817 1214 queo
827 1179 886 1205 sine
898 1178 1024 1214 plurimis

231 1214 348 1240 lacrimis
364 1215 492 1241 scribere.
532 1216 584 1241 Vos
599 1217 672 1242 enim
684 1216 764 1243 video
775 1225 834 1242 esse
845 1217 1021 1247 miserrimas,

229 1260 296 1286 quas
311 1260 360 1287 ego
376 1252 545 1278 beatissimas
555 1261 662 1287 semper
676 1262 735 1279 esse
747 1253 830 1285 volui,
849 1253 931 1288 idque
947 1263 1025 1289 prae-

229 1294 298 1315 stare
312 1289 395 1315 debui
411 1294 450 1320 et,
467 1290 519 1316 nisi
531 1294 584 1316 tam
596 1290 684 1317 timidi
696 1290 857 1323 fuissemus,
875 1292 1025 1326 praestitis-

228 1335 295 1352 sem.
335 1327 360 1353 2.
380 1327 505 1353 Pisonem
525 1332 646 1354 nostrum
667 1329 762 1354 merito
781 1330 841 1355 eius
862 1337 922 1355 amo
937 1328 1024 1364 pluri-

228 1372 313 1390 mum.
353 1364 436 1395 Eum,
459 1369 489 1391 ut
503 1366 593 1399 potui,
615 1373 663 1400 per
678 1364 779 1392 litteras
794 1365 947 1392 cohortatus
962 1375 1023 1393 sum

226 1401 382 1436 gratiasque
393 1402 445 1437 egi,
459 1406 488 1428 ut
498 1402 591 1429 debui.
621 1403 649 1429 In
662 1403 739 1429 novis
751 1403 868 1430 tribunis
880 1403 969 1438 plebis
981 1404 1024 1430 in-

227 1437 319 1474 telligo
334 1446 411 1473 spem
427 1443 451 1465 te
468 1439 577 1466 habere.
608 1439 637 1466 ld
651 1440 702 1467 erit
717 1440 840 1472 firmum,
863 1441 887 1467 si
902 1441 1023 1476 Pompeii

227 1475 353 1502 voluntas
367 1477 430 1502 erit:
447 1476 495 1503 sed
507 1476 634 1503 Crassum
650 1482 739 1504 tamen
750 1482 851 1504 metuo.
891 1478 913 1505 Α
926 1483 949 1505 te
960 1479 1024 1514 qui-

226 1512 288 1539 dem
298 1514 388 1539 omnia
400 1513 457 1540 fieri
469 1513 614 1540 fortissime
625 1519 651 1541 et
662 1516 847 1542 amantissime
863 1515 956 1542 video:
974 1524 1023 1542 nec

227 1550 321 1577 miror:
335 1550 383 1577 sed
394 1559 499 1578 maereo
508 1560 602 1578 casum
612 1552 760 1583 eiusmodi,
774 1557 804 1579 ut
814 1553 894 1579 tantis
905 1553 959 1580 tuis
971 1554 1024 1579 mi-

225 1588 304 1614 seriis
316 1596 390 1614 meae
402 1589 527 1615 miseriae
538 1588 725 1617 subleventur.
751 1590 819 1616 Nam
831 1590 864 1616 ad
876 1599 918 1616 me
929 1591 958 1617 P.
971 1591 1023 1617 Va-

226 1624 318 1656 lerius,
333 1625 413 1652 homo
422 1625 569 1657 officiosus,
583 1627 706 1662 scripsit,
719 1627 747 1653 id
758 1627 831 1662 quod
842 1635 892 1663 ego
903 1628 1022 1654 maximo

224 1670 288 1689 cum
303 1661 366 1688 fletu
383 1662 450 1699 legi,
467 1663 698 1698 quemadmodum
713 1673 728 1690 a
743 1665 838 1691 Vestae
853 1665 886 1691 ad
902 1665 1021 1691 tabulam

225 1699 359 1726 Valeriam
369 1699 451 1727 ducta
460 1709 546 1728 esses,
579 1702 656 1732 Hem,
669 1709 728 1728 mea
741 1701 797 1733 lux,
811 1710 902 1729 meum
914 1702 1023 1729 deside-

224 1737 309 1767 rium.
332 1737 404 1763 unde
424 1746 518 1764 omnes
532 1746 611 1773 opem
625 1743 715 1773 petere
735 1738 870 1766 solebant!
894 1744 919 1766 te
938 1748 1020 1771 nunc,

225 1781 284 1800 mea
294 1774 427 1806 Terentia,
439 1776 480 1801 sic
490 1776 597 1807 vexari,
610 1777 650 1802 sic
661 1776 747 1803 iacere
759 1777 787 1802 in
799 1776 917 1803 lacrimis
928 1782 954 1804 et
964 1786 1023 1804 sor·

224 1810 319 1837 dibus!
343 1811 425 1847 idque
437 1812 495 1839 fieri
505 1821 565 1839 mea
574 1813 668 1848 culpa,
686 1813 734 1848 qui
744 1818 846 1840 ceteros
857 1815 978 1845 servavi,
992 1819 1022 1841 ut

225 1856 273 1874 nos
284 1848 448 1882 periremus!
483 1852 509 1876 3.
528 1849 605 1882 Quod
615 1851 649 1876 de
659 1850 739 1877 domo
749 1851 861 1883 scribis,
876 1851 926 1878 hoc
936 1856 976 1878 est
987 1851 1020 1878 de

224 1893 298 1911 area:
315 1893 364 1921 ego
380 1895 444 1913 vero
456 1891 515 1913 tum
529 1887 648 1923 denique
663 1888 731 1914 mihi
745 1888 859 1915 videbor
869 1889 1018 1920 restitutus,

223 1922 247 1948 si
263 1921 309 1948 itta
325 1922 403 1949 nobis
419 1924 469 1950 erit
483 1925 614 1951 restituta.
654 1925 755 1951 Verum
769 1925 835 1952 haec
850 1934 902 1953 non
918 1927 1019 1953 suntin

223 1963 312 1986 nostra
324 1968 417 1987 manu.
440 1960 511 1987 lllud
522 1961 607 1993 doleo,
621 1971 690 1997 quae
701 1963 823 1997 impensa
836 1962 956 1990 facienda
967 1968 1017 1995 est,

222 1997 250 2023 in
270 1997 330 2023 eius
352 2002 456 2032 partem
476 2003 501 2024 te
522 1999 648 2025 miseram
669 2004 695 2026 et
714 1999 891 2035 despoliatam
915 2002 1017 2028 venire.

221 2033 299 2066 Quod
310 2035 334 2060 si
345 2034 486 2062 conficitur
495 2037 643 2072 negotium,
651 2038 741 2064 omnia
751 2046 962 2073 consequemur:
975 2039 1018 2065 sin

222 2071 316 2098 eadem
328 2080 376 2098 nos
389 2071 493 2099 fortuna
503 2078 616 2108 premet,
629 2075 744 2101 etiamne
756 2074 885 2110 reliquias
896 2080 955 2102 tuas
967 2077 1019 2102 mi-

222 2117 281 2135 sera
296 2109 441 2144 proiicies‘?
459 2109 577 2138 Obsecro
594 2116 632 2142 te,
651 2120 710 2138 mea
725 2113 794 2144 vita,
811 2113 884 2148 quod
899 2113 931 2140 ad
943 2122 1019 2140 sum—

222 2150 299 2181 ptum
311 2147 413 2178 attinet,
426 2148 484 2174 sine
495 2147 571 2179 alios,
587 2149 636 2184 qui
647 2154 770 2184 possunt,
788 2151 811 2176 si
823 2150 902 2177 modo
913 2151 1015 2181 volunt,

221 2183 369 2215 sustinere,
396 2189 423 2211 et
443 2184 628 2212 valetudinem
649 2187 727 2213 istam
752 2187 901 2219 infirmam,
926 2189 951 2215 si
975 2197 1018 2214 me

222 2229 310 2252 amas,
328 2220 383 2248 noli
398 2230 506 2249 vexare.
546 2224 614 2250 Nam
629 2224 698 2250 mihi
713 2229 773 2251 ante
788 2225 880 2252 oculos
896 2225 955 2252 dies
970 2234 1019 2252 no-

221 2262 332 2293 ctesque
343 2260 470 2286 versaris.
510 2260 610 2287 Omnes
627 2261 730 2288 labores
746 2267 770 2289 te
783 2263 908 2298 excipere
923 2263 1016 2290 video:

222 2295 317 2326 timeo,
340 2300 370 2322 ut
389 2297 534 2324 sustineas.
575 2298 629 2325 Sed
649 2299 729 2326 video
750 2300 778 2326 in
798 2304 823 2326 te
843 2309 903 2327 esse
916 2301 1017 2327 omnia.

221 2331 317 2364 Quare,
331 2337 361 2360 ut
370 2333 411 2364 id,
421 2335 494 2369 quod
505 2343 597 2370 speras
608 2340 634 2362 et
644 2336 717 2371 quod
728 2338 795 2372 agis,
808 2345 1017 2373 consequamur,

222 2370 295 2396 servi
307 2369 466 2398 valetudini.
507 2374 531 2399 4.
552 2373 625 2409 Ego,
638 2373 672 2400 ad
687 2382 756 2409 quos
767 2374 899 2406 scribam,
916 2376 1016 2406 nescio,

223 2406 276 2432 nisi
287 2406 320 2433 ad
331 2416 387 2439 eos,
398 2409 447 2443 qui
457 2409 491 2435 ad
502 2418 545 2436 me
556 2410 689 2442 scribunt,
701 2411 791 2438 autad
801 2420 856 2443 eos,
871 2412 904 2439 de
915 2413 1018 2448 quibus

223 2442 256 2468 ad
270 2451 313 2485 me
328 2452 376 2470 vos
391 2445 496 2481 aliquid
511 2447 642 2474 scribitis.
682 2448 815 2484 Longius,
837 2451 967 2484 quoniam
983 2450 1018 2476 ita

224 2479 301 2505 vobis
314 2480 411 2515 placet,
424 2491 477 2510 non
488 2484 640 2511 discedam:
656 2485 705 2511 sed
715 2485 808 2517 velim,
820 2495 902 2521 quam
913 2487 1019 2522 saepis-

223 2516 292 2542 sime
303 2515 404 2544 litteras
414 2520 526 2547 mittatis
534 2542 541 2552 ,
552 2523 711 2556 praesertim
718 2543 724 2553 ,
737 2523 761 2549 si
771 2523 839 2558 quid
849 2529 890 2551 est
901 2524 1016 2555 firmius,

223 2552 297 2587 quod
307 2562 456 2588 speremus.
487 2558 589 2590 Valete,
601 2568 660 2586 mea
670 2559 815 2591 desideria,
830 2560 927 2588 valete.
943 2562 975 2588 A.
987 2561 1015 2588 d.

223 2596 263 2615 ιιι.
274 2590 364 2617 Nonas
374 2591 481 2620 Octobr.
493 2595 692 2623 Thessalonica.

504 357 552 381 l'er
561 355 679 381 fortunas
691 357 802 382 miserita
819 362 934 387 nostras,
955 357 1026 387 vide,
1057 371 1059 381 t

673 470 698 494 6.
720 468 770 494 Fae
789 468 876 494 valeas
892 468 964 495 etad
986 477 1028 494 me
1050 471 1051 474 ’

814 691 865 717 Sed
877 692 900 718 si
911 691 1027 718 offendet
1054 685 1057 727 l

1014 101 1288 128 ‹ztctznoxts

1134 171 1173 191 ΙΙΙ,
1197 171 1232 191 Η(
1240 172 1265 190 G.
1286 172 1329 190 Nn·
1349 178 1372 189 ιο·
1385 171 1449 197 ‹ulp-
1465 171 1563 193 cnuto-m
1578 179 1628 192 ene
1643 172 1756 198 queritur,
1776 173 1870 194 lindou-

1081 205 1124 225 rltii
1137 213 1159 224 n·
1171 210 1229 225 υ-ιιι·
1240 210 1258 224 rt
1271 212 1336 232 pune
1347 209 1366 224 vt
1379 205 1435 226 velle
1445 213 1517 227 ευηιιι
1525 223 1530 229 ,
1542 214 1596 233 qun
1606 208 1632 226 dv
1643 207 1713 227 utute
1725 215 1764 228 uua
1775 213 1873 232 uantur,

1081 240 1163 259 uiuum
1175 245 1304 267 eupectnm
1315 240 1401 264 serti-tt,
1412 247 1501 261 uxoren
1513 246 1584 262 aute·
1595 243 1676 262 Bonae
1686 249 1772 262 nuere
1783 243 1852 263 iubet.

1634 283 1688 299 ''w-t

1081 320 1247 346 TULLlUS
1273 320 1300 345 S.
1329 320 1356 345 l).
1384 320 1609 347 Tssttssxttass
1639 322 1687 348 ΕΤ
1711 322 1874 349 Tettto-

1244 357 1316 383 [ΛΕ
1339 358 1386 383 t-:T
1405 358 1590 384 ctCEttoxt
1611 359 1706 385 Suis.

1137 395 1158 419 t.
1182 389 1284 428 :it-cepi
1301 394 1334 419 ab
1347 395 1500 421 Aristocrito
1516 399 1568 421 tres
1584 396 1722 430 epistolas,
1740 405 1808 431 quas
1824 406 1874 430 υμυ

1081 431 1198 457 lacrimis
1210 440 1292 466 prope
1303 431 1403 458 delevi.
1443 432 1574 458 Conlicior
1585 433 1657 458 enim
1670 441 1800 463 maerore,
1815 442 1871 459 mea

1079 469 1215 498 Terentia,
1239 478 1287 494 nec
1308 477 1382 495 meae
1403 478 1445 495 me
1466 470 1589 495 miseriae
1605 471 1691 505 magia
1707 472 1870 502 excruciant,

1056 508 1057 511 ’
1079 515 1159 540 quam
1175 511 1234 532 tuae
1248 511 1415 541 vestraeque.
1438 507 1493 541 Ego
1505 512 1592 532 autem
1607 507 1654 533 hoc
1667 508 1789 533 miserior
1800 517 1870 538 aum,

1259 277 1389 300 (mum-vm...
1399 277 1472 297 ι·,..,.,.,
1484 279 1565 295 cutm...

1048 542 1057 590 v,
1078 552 1160 578 quam
1182 548 1224 573 tu,
1246 552 1315 578 quae
1336 552 1365 569 es
1380 544 1544 573 miserrima,
1567 544 1639 578 quod
1661 545 1718 579 ipsa
1736 544 1873 571 calamitas

1048 572 1057 607 l.
1078 581 1230 606 communis
1242 586 1282 606 est
1295 582 1435 615 utriusque
1447 586 1581 607 nostrum:
1595 581 1641 607 sed
1653 581 1732 616 culpa
1747 591 1873 616 meapro-

1079 619 1135 652 pria
1156 623 1205 643 est.
1246 618 1335 643 Meum
1357 617 1408 644 fuit
1427 617 1547 644 officium
1569 619 1610 644 vel
1636 618 1766 653 legatione
1790 620 1872 646 vitare

1078 655 1240 689 periculum,
1251 655 1290 681 vel
1299 655 1438 690 diligentia
1450 661 1476 682 et
1485 656 1571 690 copiis
1583 656 1715 686 resistere,
1726 656 1766 682 vel
1778 656 1873 683 cadere

1079 692 1190 718 fortiter.
1231 693 1283 718 lloc
1296 693 1435 722 miserius,
1453 694 1571 727 turpius,
1591 693 1730 728 indignius
1741 693 1819 720 nobis
1830 695 1873 720 ni-

1079 729 1116 755 hil
1130 729 1189 756 fuit.
1230 732 1255 756 Ξ,
1277 730 1364 762 Quare
1375 739 1460 765 quum
1472 730 1561 756 dolore
1573 731 1707 759 conficior,
1724 736 1780 757 tum
1792 732 1872 758 etiam

1077 767 1190 802 pudore.
1231 767 1315 793 l'udet
1329 768 1401 793 enim
1419 777 1460 793 me
1477 768 1553 793 uxori
1570 776 1643 793 meae
1657 769 1787 802 optimae,
1809 777 1874 795 sua-

1078 805 1200 830 vissimis
1217 804 1309 830 liberis
1326 806 1452 831 virtutem
1468 809 1493 830 et
1507 804 1676 840 diligentiam
1693 814 1744 831 non
1759 807 1873 840 praesti-

1077 842 1151 868 tisse.
1194 842 1259 868 Nam
1276 845 1312 867 mt
1333 847 1392 868 ante
1407 842 1499 868 oculos
1515 842 1573 868 dies
1590 847 1735 877 noctesque
1751 848 1873 869 versatur

1077 878 1186 913 squalor
1211 884 1299 905 vester
1322 884 1347 905 et
1372 888 1475 905 maeror
1497 885 1522 905 et
1546 879 1687 905 infirmitas
1710 879 1872 907 valetudinis

1077 920 1150 947 tuae,
1167 924 1229 951 spes
1240 921 1328 942 autem
1340 916 1436 943 salutis
1445 918 1582 951 pertenuis
1592 917 1751 943 ostenditur.
1778 918 1872 943 inimi-

1077 954 1100 979 ci
1111 958 1175 980 sunt
1186 953 1277 983 multi,
1296 954 1382 980 invidi
1398 963 1481 988 paene
1496 963 1599 980 omnes
1641 954 1743 980 Eiicere
1755 964 1803 980 nos
1815 963 1872 981 ma-

1076 999 1161 1026 gnum
1173 990 1232 1021 fuit,
1245 991 1388 1017 excludere
1401 991 1477 1018 facile
1488 996 1537 1017 est.
1576 991 1628 1017 Sed
1641 996 1727 1018 tamen
1739 991 1870 1026 quamdiu

1078 1036 1125 1054 vos
1141 1029 1216 1054 eritis
1232 1029 1259 1054 in
1275 1037 1336 1063 spe,
1354 1037 1406 1055 non
1422 1028 1560 1058 deficiam,
1579 1037 1611 1054 ne
1622 1029 1711 1054 omnia
1723 1037 1781 1055 mea
1791 1029 1870 1064 culpa

1076 1065 1207 1091 cecidisse
1220 1065 1370 1092 videantur.
1402 1068 1427 1092 3.
1449 1066 1481 1092 L't
1492 1071 1548 1092 tuto
1558 1066 1619 1096 sim,
1632 1066 1704 1100 quod
1717 1065 1830 1097 laboras,
1845 1066 1871 1093 id

1077 1102 1144 1128 mihi
1156 1111 1228 1129 nunc
1240 1102 1400 1129 facillimum
1412 1108 1461 1132 est.
1477 1111 1558 1138 quem
1570 1103 1650 1129 etiam
1663 1103 1767 1129 inimici
1779 1103 1873 1131 volunt

1077 1140 1169 1166 vivere
1180 1141 1207 1166 in
1220 1140 1262 1166 his
1275 1141 1354 1166 tantis
1366 1141 1493 1166 miseriis.
1517 1140 1573 1175 Ego
1584 1145 1671 1167 tamen
1684 1140 1789 1171 faciam,
1801 1149 1872 1176 quae

1076 1177 1221 1212 praecipis.
1261 1178 1376 1208 Amicis,
1394 1177 1496 1212 quibus
1512 1178 1636 1208 voluisti,
1653 1178 1697 1214 egi
1712 1179 1825 1214 gratias:
1846 1184 1873 1205 et

1075 1223 1121 1241 eas
1144 1214 1245 1241 litteras
1260 1215 1382 1249 Dexippo
1401 1215 1479 1241 dedi:
1501 1223 1598 1250 meque
1617 1214 1650 1241 de
1670 1224 1762 1242 eorum
1783 1215 1872 1243 officio

1076 1253 1174 1286 scripsi
1184 1261 1198 1278 a
1210 1256 1235 1278 te
1245 1252 1384 1278 certiorem
1396 1261 1454 1279 esse
1465 1251 1576 1279 factum.
1616 1253 1739 1279 Pisonem
1751 1258 1871 1280 nostrum

1076 1289 1191 1315 mirifico
1201 1297 1261 1316 esse
1271 1289 1362 1316 studio
1372 1290 1400 1316 in
1413 1298 1460 1316 nos
1472 1295 1497 1316 et
1511 1289 1614 1321 officio,
1631 1295 1656 1316 et
1672 1298 1722 1325 ego
1737 1291 1872 1325 perspicio

1076 1331 1101 1353 et
1111 1335 1205 1353 omnes
1216 1327 1381 1362 praedicant.
1421 1328 1462 1354 Dii
1474 1326 1572 1357 faxint,
1592 1332 1619 1353 ut
1634 1327 1680 1353 tali
1692 1336 1792 1363 genem
1803 1327 1870 1354 mihi

1075 1365 1211 1399 praesenti
1227 1369 1316 1391 tecum
1329 1364 1412 1391 simul
1429 1370 1455 1391 et
1469 1373 1532 1391 cum
1548 1364 1641 1391 liberis
1655 1366 1753 1391 nostris
1769 1364 1823 1391 frui
1838 1365 1872 1392 li·

1075 1402 1144 1428 ceatl
1169 1402 1246 1428 Nunc
1260 1410 1324 1437 spes
1339 1402 1444 1437 reliqua
1457 1407 1499 1428 est
1513 1402 1541 1428 in
1557 1402 1634 1428 novis
1650 1402 1767 1429 tribunis
1782 1402 1871 1437 plebis

1075 1444 1100 1465 et
1112 1439 1139 1466 in
1150 1440 1247 1474 primis
1257 1439 1370 1474 quidem
1381 1439 1492 1466 diebus:
1506 1448 1567 1466 nam
1578 1440 1773 1470 siinveterarit,
1781 1445 1871 1466 actum

1075 1481 1125 1503 est.
1166 1478 1191 1503 4.
1213 1477 1249 1503 Ea
1265 1485 1293 1503 re
1308 1477 1342 1503 ad
1358 1482 1382 1503 te
1397 1477 1487 1503 statim
1499 1477 1686 1503 Aristocritum
1698 1477 1775 1508 misi,
1793 1482 1822 1504 ut
1837 1476 1870 1504 ad

1075 1522 1118 1540 me
1137 1515 1265 1540 continuo
1280 1515 1356 1540 initia
1372 1523 1462 1540 rerum
1477 1519 1503 1541 et
1523 1515 1652 1540 rationem
1667 1515 1749 1541 totius
1770 1514 1870 1550 negotii

1074 1559 1169 1586 posses
1188 1551 1320 1584 scribere;
1344 1552 1395 1578 etsi
1410 1552 1532 1586 Dexippo
1551 1560 1660 1587 quoque
1675 1552 1711 1578 ita
1727 1552 1868 1586 imperavi,

1074 1589 1165 1615 statim
1177 1593 1206 1615 ut
1217 1594 1376 1616 recurreret:
1393 1593 1419 1615 et
1429 1588 1463 1615 ad
1473 1589 1581 1615 fratrem
1593 1589 1669 1620 misi,
1687 1593 1718 1615 ut
1727 1589 1820 1616 crebro
1831 1594 1871 1615 ta-

1074 1625 1201 1652 bellarios
1211 1626 1337 1652 mitteret.
1377 1626 1445 1652 Nam
1459 1634 1509 1662 ego
1519 1634 1551 1652 eo
1561 1627 1670 1652 nomine
1680 1635 1742 1652 sum
1753 1625 1871 1662 Dyrrha-

1074 1663 1130 1689 chii
1140 1663 1190 1690 hoc
1201 1668 1329 1698 ternpore,
1343 1668 1463 1698 utquam
1473 1663 1698 1698 celerrime,quid
1710 1668 1812 1699 agatur,
1821 1671 1871 1689 au-

1074 1700 1161 1731 diam,
1179 1705 1205 1727 et
1219 1709 1280 1727 sum
1296 1705 1367 1727 tuto:
1389 1701 1485 1726 civitas
1501 1701 1574 1726 enim
1593 1700 1659 1726 haec
1674 1708 1782 1735 semper
1796 1709 1810 1726 a
1826 1709 1869 1727 me

1073 1737 1184 1764 defensa
1205 1741 1254 1764 est.
1294 1737 1384 1769 Quum
1404 1738 1510 1764 inimici
1524 1738 1608 1764 nostri
1623 1738 1716 1763 venire
1734 1737 1867 1768 dicentur,

1074 1779 1131 1801 tum
1144 1775 1171 1801 in
1183 1775 1295 1810 Epirum
1307 1774 1362 1801 ibo.
1398 1776 1423 1801 5.
1439 1774 1516 1807 Quod
1527 1774 1634 1804 scribis,
1647 1779 1682 1805 te,
1694 1775 1718 1801 si
1730 1774 1822 1806 velim,
1835 1775 1869 1801 ad

1073 1820 1116 1838 me
1132 1817 1286 1838 venturam:
1309 1820 1358 1848 ego
1373 1820 1449 1843 vero,
1467 1820 1553 1847 quum
1568 1813 1652 1838 sciam
1668 1820 1793 1847 maguam
1807 1820 1870 1847 par-

1073 1854 1126 1876 tem
1138 1850 1217 1876 istius
1227 1850 1316 1876 oneris
1327 1849 1376 1875 abs
1388 1854 1412 1876 te
1423 1850 1561 1880 sustineri,
1575 1854 1599 1875 te
1611 1849 1672 1875 istic
1682 1857 1742 1875 esse
1753 1848 1822 1876 volo.
1839 1849 1869 1876 Si

1072 1886 1218 1922 perficitis,
1231 1886 1304 1922 quod
1316 1887 1410 1922 agitis:
1427 1895 1470 1912 me
1481 1886 1515 1913 ad
1527 1895 1574 1913 vos
1587 1887 1679 1912 venire
1689 1891 1805 1921 oportet:
1825 1887 1868 1913 sin

1072 1929 1217 1950 autem—:
1231 1923 1278 1950 sed
1290 1923 1358 1950 nihil
1369 1932 1438 1959 opus
1450 1928 1490 1950 est
1500 1923 1605 1959 reliqua
1615 1923 1744 1950 scribere.
1761 1924 1802 1950 Ex
1811 1924 1870 1959 pri-

1072 1962 1124 1987 mis
1136 1966 1181 1988 aut
1191 1969 1330 1987 summum
1342 1961 1470 1987 secundis
1482 1960 1576 1987 litteris
1588 1961 1642 1987 tuis
1652 1961 1869 1996 constituerepo—

1072 2000 1185 2025 terimus
1193 2020 1199 2030 ,
1216 1998 1284 2034 quid
1299 1998 1378 2025 nobis
1390 1998 1543 2025 faciendum
1553 1999 1599 2025 sit.
1639 1999 1680 2024 Tu
1691 1997 1770 2025 modo
1781 1998 1815 2025 ad
1825 2007 1868 2025 me

1071 2036 1154 2063 velim
1174 2036 1265 2063 omnia
1285 2035 1495 2072 diligentissime
1516 2035 1681 2070 perscribas:
1707 2035 1758 2062 etsi
1780 2036 1869 2072 magis

1071 2074 1124 2100 iam
1136 2082 1206 2104 rem,
1223 2082 1306 2108 quam
1322 2073 1422 2099 litteras
1437 2073 1523 2100 debeo
1533 2077 1699 2108 exspectare.
1738 2072 1821 2104 Cura,
1839 2077 1870 2100 ut

1070 2111 1161 2137 valeas
1175 2115 1201 2137 et
1211 2111 1246 2137 ita
1257 2111 1308 2137 tihi
1318 2110 1491 2145 persuadeas,
1503 2110 1572 2137 mihi
1583 2115 1608 2136 te
1617 2110 1707 2136 carius
1717 2109 1786 2136 nihil
1796 2118 1866 2142 esse,

1070 2157 1119 2175 nec
1130 2156 1261 2183 umquam
1272 2147 1368 2174 fuisse.
1407 2147 1485 2179 Vale,
1501 2155 1562 2174 mea
1572 2147 1708 2178 Terentia,
1724 2156 1807 2182 quam
1817 2155 1870 2183 ego

1071 2185 1163 2212 videre
1174 2185 1282 2216 videor,
1296 2185 1388 2220 itaque
1398 2184 1527 2212 debilitor
1536 2185 1665 2212 lacrimis.
1699 2184 1774 2211 Vale.
1808 2185 1869 2211 Pri-

1070 2222 1114 2249 die
1125 2222 1259 2249 Kalendas
1270 2222 1411 2249 Decembr.

1123 2296 1162 2316 lv.
1178 2296 1196 2316 A
1204 2295 1256 2316 Ro.
1275 2295 1371 2320 Scribit,
1387 2301 1412 2316 ιο
1421 2293 1542 2314 Brundi-io
1551 2300 1592 2321 per
1600 2293 1752 2314 macedoni·-
1761 2293 1867 2320 cyr-tea-

1070 2330 1181 2357 profici-ei
1192 2334 1215 2351 et
1224 2330 1347 2352 nunidem·
1358 2336 1408 2351 ene
1418 2330 1446 2350 de
1455 2329 1549 2354 coniuge
1559 2332 1581 2349 et
1591 2327 1683 2353 tiberin
1698 2329 1726 2349 de
1740 2328 1812 2349 nen-vin
1821 2335 1866 2350 ιι-

1069 2365 1223 2390 amittendis,
1233 2366 1260 2386 de
1269 2365 1355 2386 doloris
1366 2365 1403 2386 aui
1411 2364 1507 2389 not-tiu,
1518 2363 1575 2385 etde
1582 2363 1714 2384 libertum-
1723 2364 1866 2390 quorunda-

1069 2401 1119 2421 (ΜΘ.
1151 2403 1235 2425 (Pisone,
1246 2403 1328 2420 Gabinio
1338 2408 1384 2420 cusa.
1395 2403 1450 2423 ⁶96.)

1088 2445 1255 2473 TULLIUS
1276 2445 1304 2471 S.
1325 2445 1356 2471 P.
1377 2445 1408 2471 D.
1429 2443 1654 2470 TEREN'HAE
1680 2443 1728 2470 ET
1752 2443 1846 2470 TUL-

1198 2482 1342 2509 LIOLAE
1363 2482 1411 2508 ET
1430 2479 1618 2508 CICERONI
1637 2480 1733 2507 SUIS.

1126 2521 1149 2546 l.
1170 2516 1232 2556 Ego
1243 2520 1334 2546 minus
1344 2526 1424 2553 saepe
1434 2518 1468 2544 ad
1479 2526 1527 2544 vos
1537 2517 1572 2544 do
1582 2517 1692 2548 litteras,
1707 2526 1790 2553 quam
1800 2526 1863 2552 pos-

1068 2565 1129 2583 sum
1137 2577 1144 2588 ,
1159 2562 1299 2592 propterea
1309 2555 1383 2592 quod
1393 2563 1479 2590 quum
1489 2555 1579 2581 omnia
1590 2555 1659 2581 mihi
1670 2559 1789 2590 tempora
1799 2559 1864 2582 sunt

1038 2599 1049 2659 Η
1068 2595 1176 2625 misera,
1189 2599 1247 2620 tum
1258 2602 1321 2621 vero
1328 2613 1334 2624 ‚
1351 2601 1438 2627 quum
1446 2597 1492 2618 aut
1501 2592 1591 2618 scribo
1600 2592 1635 2619 ad
1645 2600 1694 2619 vos
1704 2597 1750 2619 aut
1759 2597 1864 2619 vestras

1068 2630 1143 2667 lego,
1167 2631 1295 2658 conficior
1318 2629 1451 2660 lacrimis,
1477 2630 1517 2656 sic
1538 2634 1569 2657 ut
1587 2628 1656 2656 ferre
1675 2638 1728 2657 non
1747 2630 1864 2665 possim.
