1941 3052
205 144 252 168 28¹3
772 146 813 169 22.
851 143 884 168 M.
920 143 950 168 T.

985 143 1259 170 ‹zicEttosts

204 213 422 245 gravissimarum
464 213 622 246 legationum
656 213 836 246 querimonias
869 212 992 238 audistin.
1022 212 1023 246 ζ
1047 222 1134 238 rerum
1149 214 1307 240 rusticarum
1322 215 1354 240 ad
1369 214 1501 241 insolitam
1518 215 1589 241 litem
1604 220 1684 250 atque
1694 216 1834 243 iudicium.

206 250 329 285 Aspicite,
347 250 457 281 iudices,
476 250 578 275 vultum
592 250 706 274 hominis
720 254 745 274 et
759 253 909 283 aspertum:
926 254 995 276 etex

1015 249 1023 289 χ’
1048 250 1092 275 ΧΙ.
1109 251 1150 276 27.
1170 252 1258 281 Quum
1278 251 1403 277 omnibus
1421 252 1446 277 in
1466 251 1525 278 aliis
1541 253 1728 286 vectigalibus,
1748 254 1834 284 Asiae,

204 296 233 313 eu
250 289 428 317 contumacia,
453 296 532 321 quam
553 287 594 312 hic
615 287 640 312 in
660 286 769 320 perditis
789 286 868 311 rebus
891 286 993 317 retinet,
1015 298 1023 328 'i
1049 286 1229 317 Macedoniae,
1247 288 1401 322 llinpaniue,
1418 288 1533 319 Galliae,
1553 289 1669 319 Africae,
1690 290 1834 321 Sardiniae.

206 324 264 350 illos
278 325 336 350 eius
351 326 460 359 spiritus
475 324 628 349 Sicilienses
642 331 709 357 quos
727 323 809 348 fuisse
824 324 935 357 putetis,
951 332 996 349 co-

204 362 283 395 gitat«-
303 371 331 386 ine
351 361 532 387 recordamini.
574 360 620 386 llic
638 364 677 386 ost
696 360 842 394 Apronius,
867 369 948 395 quem
968 361 994 386 in

205 399 338 432 proviin-iu
363 403 413 424 tota
434 399 538 428 vorren,
564 405 648 431 quum
674 397 792 432 undique
816 398 995 432 nequissimos

204 509 311 534 audac-ia
326 510 367 534 sui
382 509 550 534 simillimum
567 508 703 535 iudicavit.
745 510 835 543 ltaque
850 510 914 534 istos
930 510 996 535 inter

204 555 230 570 >w
243 546 362 580 perbrevi
376 550 500 580 tempore,
519 554 569 572 non
581 554 631 577 res,
649 555 698 572 non
712 547 784 576 ratio,
799 555 849 572 non
860 555 996 572 emunien-
1015 532 1017 588 l

203 583 273 608 datio
291 583 392 617 aliqua,
413 583 459 609 sed
478 583 628 609 studiorum
643 583 780 618 turpitudo
793 583 995 618 similitudoque

202 621 347 646 coniunxit.

204 657 294 683 nostis.

203 732 253 757 rias
269 731 393 758 libidines
408 741 465 758 esse
480 733 577 767 possit:
604 733 626 759 is
640 733 689 759 crit
703 733 836 768 Apronius
850 733 907 764 ille;
936 733 992 767 qui.

203 773 230 794 ut
245 769 301 803 ipse
313 778 364 795 non
379 769 465 796 solum
482 771 546 800 vita,
566 770 614 796 sed
631 771 709 796 etiam
728 779 836 805 corpore
854 775 932 804 atquc
950 778 994 795 ore

202 806 346 841 significat,
368 807 498 833 immensa
517 807 606 842 aliqua
626 816 722 843 vorago
740 812 780 833 est
798 816 827 833 ac
841 816 939 842 gurges
954 807 995 832 vi-

201 843 297 869 tiorum
312 844 564 879 turpitudinumque
577 845 707 871 omnium.
739 845 813 871 llunc
828 845 854 871 in
869 845 994 870 omnibus

201 881 310 915 stupris,
329 881 399 907 hunc
413 883 440 908 in
457 881 576 908 fanorum
587 882 804 916 expilationibus,
822 882 892 907 hunc
906 883 931 908 in
944 882 995 907 im-

203 918 276 952 puris
290 919 421 945 conviviis
437 920 584 954 principem
599 919 755 945 adhibebat:
777 924 930 954 tantamque
946 919 992 944 ha-

201 955 279 982 bebat
297 964 401 982 morum
420 956 570 983 similitudo
592 957 805 983 coniunctionem
829 962 909 991 atque
931 965 994 982 con-

200 992 326 1023 cordiam,
344 998 372 1019 ut
383 993 525 1028 Apronius,
542 995 589 1029 qui
602 994 661 1020 aliis
676 994 840 1020 inhumanus
855 1002 884 1019 ac
899 993 993 1019 barba—

201 1038 259 1061 ruS,
285 1031 328 1056 isti
348 1031 394 1057 uni
412 1031 568 1057 commodus
592 1040 621 1057 ac
644 1031 759 1057 disertus
779 1031 925 1057 videretur:
952 1035 989 1061 ut,

199 1075 279 1102 quem
293 1076 386 1094 omnes
405 1068 523 1094 odissent
542 1077 628 1104 neque
648 1069 737 1095 videre
755 1068 866 1098 vellent,
887 1069 944 1094 sine
962 1076 992 1094 eo

199 1105 248 1130 iste
262 1112 320 1131 esse
335 1114 386 1131 non
401 1110 503 1140 posset:
524 1110 565 1137 ut,
582 1115 666 1141 quum
681 1106 725 1132 alii
741 1114 772 1132 ne
786 1106 917 1132 conviviis
931 1106 993 1140 qui—

199 1141 260 1168 dem
274 1142 383 1174 iisdem,
400 1143 501 1178 quibus
515 1143 662 1178 Apronius,
684 1143 727 1169 hic
741 1143 837 1169 iisdem
852 1143 930 1169 etiam
945 1151 993 1177 po-

199 1178 267 1205 culis
282 1183 413 1206 uteretur:
435 1185 580 1215 postremo,
597 1185 627 1207 ut
639 1180 703 1207 odor
716 1180 826 1215 Apronii
842 1180 992 1206 teterrimus

199 1216 252 1242 oris
270 1221 295 1243 et
313 1218 443 1252 corporis,
463 1226 544 1253 quem
562 1219 602 1253 (ut
616 1218 699 1253 aiunt)
717 1226 750 1244 ne
768 1218 868 1244 bestiae
881 1217 990 1252 quidem

200 1253 267 1280 ferre
285 1259 406 1289 possent,
427 1256 473 1281 uni
492 1256 535 1282 isti
550 1256 642 1282 suavis
657 1260 682 1282 et
696 1255 831 1281 iucundus
846 1254 990 1281 videretur.

199 1290 245 1317 llle
259 1296 313 1318 erat
327 1292 354 1318 in
368 1292 495 1319 tribunali
510 1293 660 1327 proximus,
681 1293 708 1319 in
723 1291 848 1318 cubiculo
860 1291 948 1323 sotus,
964 1292 991 1318 in

197 1328 320 1355 convivio
333 1328 467 1361 dominus,
484 1338 514 1356 ac
528 1335 584 1356 tum
596 1331 720 1361 maxime,
736 1338 830 1364 quum,
847 1329 992 1355 accubante

199 1370 359 1400 praetextato
373 1367 499 1401 praetoris
514 1367 581 1398 filio,
602 1367 629 1393 in
647 1368 770 1394 convivio
788 1367 883 1393 saltare
902 1366 991 1392 nudus

197 1407 327 1437 coeperat.
349 1403 384 1430 X.
400 1405 442 1431 24.
458 1405 542 1435 Hunc,
559 1405 597 1431 uti
612 1404 699 1431 dicere
712 1404 825 1434 institui,
843 1404 990 1438 principem

198 1439 291 1466 Verres
305 1440 338 1466 ad
353 1440 470 1468 fortunas
485 1446 616 1468 aratorum
629 1442 762 1468 vexandas
773 1441 991 1476 diripiendasque

198 1485 256 1503 esse
267 1477 364 1504 voluit:
378 1479 459 1505 huius
469 1479 603 1510 audaciae,
616 1479 759 1514 nequitiae,
768 1478 917 1505 crudelitati
926 1478 991 1504 flde-

199 1514 315 1541 lissimos
333 1516 419 1542 socios
433 1517 601 1551 optimosque
615 1517 687 1542 cives
702 1517 794 1543 scitote
809 1515 858 1542 hoc
871 1520 991 1550 praetore

198 1551 314 1583 traditos,
330 1553 442 1584 iudices,
459 1558 538 1588 atque
551 1554 669 1580 addictos
684 1553 776 1584 fuisse,
793 1553 869 1580 novis
884 1554 992 1579 institu-

198 1589 231 1615 tis
245 1594 270 1615 et
283 1590 386 1622 edictis,
403 1595 454 1617 tota
468 1591 606 1617 Hieronica
621 1590 678 1627 lege
691 1590 929 1626 (quemadmodum
944 1599 991 1616 an-

197 1631 237 1652 tea
251 1626 318 1661 dixi)
332 1628 426 1654 reiecta
440 1632 465 1654 et
479 1628 626 1663 repudiata.

252 1665 294 1691 25.
310 1665 430 1691 Primum
442 1665 558 1691 edictum
569 1665 667 1696 audite,
684 1665 796 1696 iudices,
808 1664 988 1700 praeclarum:

196 1706 320 1734 quantum
337 1704 492 1728 decumanus
509 1705 627 1729 edidisset
649 1707 780 1728 aratorem
801 1704 851 1728 sibi
872 1704 992 1727 decumae

197 1740 260 1764 dare
273 1743 395 1772 oportere,
411 1744 438 1765 ut
452 1744 550 1766 tantum
563 1745 654 1766 arator
666 1742 806 1765 decumano
816 1741 879 1765 dure
890 1747 991 1772 cogere-

198 1779 247 1800 tur.
286 1775 442 1808 Quomodo?
454 1781 585 1812 quantum
599 1777 749 1812 poposcerit
761 1776 903 1811 Apronius,
920 1775 988 1802 dato.

197 1811 268 1843 Quid
281 1817 321 1839 est
335 1812 402 1839 hoc?
425 1818 514 1840 utrum
534 1815 662 1848 praetoris
680 1814 833 1840 institutum
851 1813 879 1839 in
893 1813 988 1843 socios,

199 1857 230 1875 nn
249 1850 276 1875 in
295 1849 384 1876 hostes
403 1851 487 1877 victos
504 1851 591 1877 insani
610 1851 727 1877 edictum
746 1855 825 1886 atque
847 1850 990 1885 imperium

198 1886 320 1922 tyranni?
345 1887 401 1923 Ego
420 1888 597 1920 tantumdem,
617 1893 747 1923 quantum
766 1888 811 1914 ille
826 1887 992 1922 poposcerit?

198 1928 288 1958 poscet
300 1932 388 1955 omne.
405 1930 535 1960 quantum
549 1934 700 1952 exaravero.
741 1924 812 1957 Quid
825 1924 923 1951 omne?
940 1925 991 1950 im·-

198 1969 241 1987 mo
258 1960 321 1996 plus
339 1962 431 1993 etiam,
452 1963 553 1997 inquit,
573 1963 597 1989 si
615 1962 694 1989 volet.

197 1998 308 2024 censes?
321 1999 373 2025 Aut
387 1999 472 2030 dahis,
489 2004 535 2026 aut
548 2004 638 2026 contra
647 2000 764 2026 edictum
775 1999 869 2026 fecisse
881 1999 992 2025 damna-

197 2036 268 2062 bere.
290 2036 338 2062 Per
352 2036 415 2063 deos
428 2037 605 2063 immortales!
621 2037 687 2072 quid
701 2041 741 2063 est
755 2036 822 2063 hoc?
836 2037 890 2063 veri
903 2036 991 2062 simile

197 2074 268 2100 enim
295 2083 346 2100 non
373 2079 421 2100 est.
462 2075 503 2101 26.
532 2074 576 2100 Sic
594 2075 660 2100 mihi
685 2074 843 2109 persuadeo,
872 2074 988 2100 iudices:

198 2111 300 2137 tametsi
320 2111 409 2137 omnia
427 2112 454 2137 in
473 2112 555 2137 istum
574 2111 709 2138 hominem
724 2112 865 2138 convenire
879 2111 987 2146 putetis,

197 2153 284 2174 tamen
298 2148 347 2175 hoc
361 2149 437 2175 vobis
451 2148 549 2175 falsum
564 2149 658 2175 videri.
680 2149 736 2184 Ego
749 2149 830 2180 enim,
846 2157 932 2183 quum
941 2149 991 2175 hoc

196 2190 248 2211 tota
263 2184 353 2212 Sicilia
367 2185 478 2217 diceret,
498 2190 586 2212 tamen
600 2186 732 2212 affirmare
746 2195 798 2213 non
812 2186 950 2217 auderem,
966 2186 990 2212 si

197 2222 261 2248 haec
274 2222 359 2249 edicta
373 2232 425 2249 non
439 2231 473 2250 ex
485 2224 572 2258 ipsius
587 2223 685 2250 tabulis
700 2223 808 2250 totidem
823 2223 912 2250 verbis
923 2223 991 2249 reci-

198 2265 250 2286 tare
264 2268 385 2294 possem:
401 2261 480 2287 sicuti
495 2260 599 2287 faciam.
630 2261 674 2291 Da,
690 2269 799 2296 quaeso,
815 2261 930 2287 scribae:
948 2269 990 2287 re·-

196 2297 258 2323 citet
271 2305 305 2324 ex
317 2297 417 2324 codice.
442 2298 531 2324 Recita
545 2298 661 2324 edictum
676 2298 709 2324 de
723 2298 896 2333 professione.
923 2307 990 2324 sui-

197 2343 272 2360 cruu
286 2344 321 2360 ni:
336 2344 544 2361 PROFESSIONE.
560 2336 644 2371 Negat
654 2336 915 2362 merecitaretotum:
928 2344 988 2361 nam

196 2371 224 2396 id
238 2371 386 2407 significare
400 2377 468 2399 nutu
481 2372 595 2399 videtur.
617 2372 687 2405 Quid
701 2372 853 2408 praetereo?
866 2381 900 2399 an
910 2372 987 2403 illud,

197 2408 243 2434 ubi
262 2417 339 2435 caves
354 2414 442 2436 tamen
456 2409 555 2436 Siculis
569 2414 595 2436 et
608 2411 720 2437 miseros
734 2411 844 2445 respicis
858 2409 990 2436 aratores?
1017 2438 1019 2448 γ

197 2445 287 2471 Edicis
305 2447 389 2478 enim,
410 2451 435 2473 te
452 2448 479 2473 in
498 2447 690 2478 decumanum,
716 2448 739 2473 si
758 2448 820 2482 plus
838 2446 986 2477 abstulerit,

197 2490 277 2516 quam
292 2482 411 2510 debitum
422 2485 465 2515 sit,
481 2485 508 2511 in
519 2484 657 2519 octuplum
669 2485 798 2511 iudicium
810 2485 935 2511 daturum
947 2492 990 2510 es-

197 2526 235 2544 se.
275 2520 347 2546 Nihil
361 2521 428 2547 mibi
443 2521 528 2555 placet
541 2522 722 2556 praetermitti.
756 2522 846 2548 Recita
859 2521 908 2547 hoc
921 2529 990 2556 quo-

197 2563 258 2590 que,
274 2556 346 2591 quod
361 2558 489 2591 postulat3
508 2563 592 2585 totum
611 2559 700 2585 recita.
741 2567 871 2585 euterun
889 2567 924 2584 ne
943 2567 990 2585 iu-

197 2601 278 2619 nicto
297 2602 323 2619 ix
341 2603 502 2621 ‹neraei-uu.
543 2596 644 2622 Iudicio
662 2600 691 2622 ut
708 2601 792 2622 arator
809 2595 988 2621 decumanum

198 2629 390 2664 persequatur?
407 2631 534 2658 Miserum
548 2637 627 2667 atque
641 2633 766 2667 iniquum
780 2641 814 2659 ex
827 2641 889 2667 agro
902 2632 989 2658 homi-

198 2674 244 2692 ues
259 2667 359 2694 traduci
374 2668 401 2694 in
415 2667 515 2699 forum,
537 2669 569 2695 ab
583 2674 666 2696 aratro
681 2669 713 2696 ad
727 2669 868 2700 subsellia=
889 2669 922 2696 ab
936 2677 989 2695 usu

390 622 430 646 ⁹23.
451 620 538 647 Verris
558 629 643 647 mores
662 621 798 655 improbos
821 621 995 655 impurosque
1016 625 1017 651 1

338 658 440 692 Fingite
460 658 550 689 vohiS,
573 658 595 684 si
611 660 734 692 potestis,
756 658 886 692 aliquem,
907 659 952 692 qui
969 659 995 684 in
1016 677 1023 694 ,3

201 694 326 721 omnibus
345 695 387 721 isti
408 695 487 721 rebus
506 704 552 730 par
569 695 601 721 ad
613 696 732 721 omnium
748 695 907 730 flagitiorum
923 695 995 721 nefa·
1016 712 1023 723 η,
1550 730 1553 731 7

1022 749 1023 755 ι
1046 742 1100 759 rern
1116 742 1253 764 numerus,
1271 743 1364 768 magna
1377 734 1520 761 multitudo
1531 735 1682 761 Siculorum
1698 734 1756 765 fuit,
1772 736 1837 770 quid

1022 770 1023 773 ’
1046 770 1159 796 facient?
1171 780 1256 806 quum
1270 771 1391 797 dederint
1406 772 1529 805 Apronio.
1545 772 1615 807 quod
1628 772 1784 807 poposcerit,
1798 782 1838 798 re-

1019 1745 1021 1754 *
1042 1748 1084 1766 res
1102 1739 1246 1766 existimati
1268 1739 1335 1765 sint:
1359 1739 1399 1765 sic
1420 1739 1556 1765 attendite.

1020 1794 1021 1802 η
1042 1777 1231 1808 decumanum,
1248 1776 1296 1802 hac
1311 1776 1416 1802 licentia
1430 1777 1568 1811 permissa,
1584 1781 1613 1802 ut
1624 1781 1725 1803 tantum
1737 1776 1837 1803 abara-

1048 324 1132 358 ipsius
1148 324 1248 355 ltaliae,
1265 334 1334 359 quae
1349 325 1486 358 vectigalia
1500 331 1571 356 sunt.
1587 335 1672 361 quum
1687 327 1713 353 in
1729 327 1779 357 bis.
1796 328 1838 354 in-

1046 370 1136 395 quam,
1154 362 1234 387 rebus
1248 362 1373 387 omnibus
1389 362 1548 396 publicanus
1562 365 1657 398 petitor
1670 373 1699 390 ac
1714 365 1838 399 piguera-

1015 399 1023 446 Υ
1048 403 1097 426 tor.
1120 407 1170 424 nnn
1189 404 1292 433 ereptor
1311 408 1396 433 neque
1415 408 1550 434 [nssessor
1567 400 1649 427 soleat
1663 410 1734 427 esse:
1763 406 1791 428 tu
1805 401 1838 428 do

206 436 325 461 homines
338 435 528 469 conquisisset,
548 439 573 459 ct
587 443 671 468 quum
688 434 744 469 ipse
757 443 848 460 secum
863 435 904 460 sui
920 435 995 460 simi-
1016 440 1024 460 β

206 473 242 497 les
260 473 380 498 «luxisset
399 481 449 497 non
470 480 562 505 parum
583 471 694 502 multos,
720 472 850 507 nequitia,
879 471 993 502 luxuria,
1016 485 1017 491 ι

1046 436 1155 469 optimo,
1171 435 1204 461 ‹le
1219 436 1380 466 iustissimo.
1395 436 1428 462 de
1442 436 1629 464 honestissimo
1642 447 1737 473 genere
1752 438 1839 465 bomi-

1048 481 1125 502 num.
1151 473 1200 498 hoc
1217 478 1269 502 est,
1294 473 1327 498 de
1345 474 1504 503 aratoribus.
1529 483 1558 500 ea
1578 475 1633 501 iura
1647 475 1836 506 constituebas,

1047 518 1115 544 quae
1133 510 1259 536 omnibus
1277 510 1336 536 aliis
1355 516 1443 537 essent
1456 512 1594 538 contraria.
1634 512 1727 539 Utrum
1742 518 1782 539 est
1795 522 1840 539 ao-

1047 547 1137 580 quius,
1153 547 1331 573 decumanum
1347 553 1443 582 petere,
1459 557 1491 574 an
1507 553 1634 575 aratorem
1648 550 1783 584 repetere?
1796 550 1838 577 iu-

1047 584 1160 613 dicium,
1178 585 1278 617 integra
1293 594 1332 614 re,
1349 594 1381 610 an
1397 586 1506 619 [mahta.
1523 585 1596 612 fieri?
1608 595 1680 617 eum,
1695 587 1742 621 qui
1757 596 1836 614 manu

1046 622 1217 655 ‹piat-siverit,
1234 631 1265 648 an
1276 631 1347 651 eum.
1363 623 1410 656 qui
1424 623 1509 657 digito
1523 622 1611 649 licitus
1625 624 1667 652 sit,
1684 624 1838 658 possidere?

1046 659 1135 690 Quid?
1159 659 1206 693 qui
1223 660 1248 685 in
1263 659 1378 692 singulis
1394 660 1464 695 iugis
1479 665 1565 691 arant,
1585 661 1632 695 qui
1647 661 1680 687 ab
1692 670 1771 695 opere
1785 662 1837 696 ipsi

1046 705 1097 722 non
1113 696 1247 727 recedunt,
1263 705 1317 731 quo
1332 697 1357 723 iu
1373 706 1484 723 nurnero
1498 706 1611 726 maanus
1624 703 1684 724 ante
1699 703 1722 724 te
1737 704 1838 732 praeto-

1047 807 1169 842 linquent
1198 808 1346 834 arationes?
1380 808 1531 844 relinquent
1557 810 1648 835 Larem
1680 809 1836 836 familiarem

1046 845 1145 871 suum?
1172 847 1277 872 venient
1291 845 1449 881 Syracusas,
1472 851 1512 876 ut,
1534 851 1558 872 te
1572 852 1689 881 praetore
1704 846 1835 877 videlieet.

1045 891 1130 917 aequo
1145 883 1214 913 iure,
1231 883 1391 917 Apronium,
1406 883 1515 909 delicias
1529 892 1558 909 ac
1574 885 1653 910 vitam
1669 889 1749 914 tuam,
1767 883 1838 910 iudi-

1045 920 1086 946 cio
1100 921 1292 954 recuperatorio
1307 920 1519 955 persequantur?
1542 923 1583 947 28.
1600 921 1697 947 Verum
1712 926 1780 947 esto:
1797 930 1838 947 re-

1046 958 1161 991 perietur
1175 957 1272 992 aliquis
1288 957 1361 983 fortis
1375 962 1400 983 et
1414 958 1554 992 experiens
1567 963 1664 988 arator,
1680 959 1736 993 qui,
1752 966 1836 993 quum

1020 1013 1022 1016 -
1046 999 1146 1020 tantum
1162 994 1265 1020 dederit
1278 994 1438 1024 decumano,
1454 1000 1584 1030 quantum
1599 995 1643 1021 ille
1657 995 1748 1021 deberi
1762 995 1839 1021 dixe-

1045 1032 1090 1062 rit,
1117 1032 1216 1058 iudicio
1238 1036 1337 1066 repetat
1360 1036 1385 1057 et
1404 1040 1515 1066 poenam
1533 1032 1632 1067 octupli
1652 1037 1835 1067 persequatur.

1020 1074 1022 1084 >
1044 1069 1176 1103 Exspecto
1191 1069 1244 1095 vim
1256 1068 1344 1099 edicti,
1360 1069 1526 1095 severitatem
1538 1070 1679 1104 praetoris:
1695 1069 1771 1096 faveo
1781 1078 1838 1096 ara-

1045 1107 1102 1136 tori,
1118 1107 1198 1140 cupio
1211 1106 1310 1140 octupli
1325 1106 1444 1132 damnari
1458 1107 1616 1141 Apronium.
1647 1106 1717 1138 Quid
1732 1106 1837 1134 tandem

1044 1143 1161 1178 postulat
1183 1143 1285 1170 arator?
1311 1143 1397 1174 Nihil,
1422 1144 1473 1170 nisi
1497 1152 1531 1170 ex
1552 1144 1638 1170 edicto
1660 1144 1791 1170 iudicium
1809 1144 1837 1170 in

1020 1198 1021 1208 l
1043 1181 1192 1216 octuplum.
1218 1180 1288 1212 Quid
1302 1180 1454 1215 Apronius?
1468 1181 1524 1207 Non
1539 1186 1651 1208 recusat.
1677 1180 1747 1213 Quid
1762 1189 1838 1216 prae-

1045 1217 1101 1245 tor?
1126 1218 1202 1244 lubet
1220 1223 1417 1253 recuperatores
1435 1219 1553 1244 reiicere.
1593 1219 1718 1244 Decurias
1737 1218 1837 1245 scriba-

1045 1264 1117 1282 mus.
1155 1255 1227 1287 Quas
1245 1255 1386 1281 decurias?
1407 1255 1443 1281 De
1460 1255 1567 1282 cohorte
1586 1264 1643 1282 mea
1658 1256 1775 1286 reiicies.
1796 1256 1838 1282 iu-

1043 1293 1111 1327 quit.
1152 1291 1242 1324 Quid?
1254 1293 1304 1318 ista
1318 1292 1412 1318 cohors
1425 1301 1540 1327 quorum
1555 1293 1694 1319 hominum
1708 1291 1767 1319 est?
1788 1292 1837 1319 Vo—

1020 1324 1021 1363 l
1045 1330 1108 1356 lusii
1126 1330 1276 1364 haruspicis
1294 1334 1320 1355 et
1334 1329 1448 1356 Cornelii
1467 1330 1563 1356 medici
1581 1330 1716 1356 ethorum
1729 1338 1834 1360 canum.

1043 1376 1111 1402 quos
1131 1366 1246 1393 tribunal
1266 1375 1356 1393 meum
1375 1366 1450 1393 vides
1470 1366 1596 1394 lambere.
1635 1367 1702 1393 Nam
1720 1366 1754 1393 de
1775 1375 1838 1394 oon-

1044 1409 1125 1430 ventu
1151 1404 1257 1430 nullum
1281 1412 1408 1439 umquam
1428 1404 1543 1431 iudicem
1562 1413 1611 1431 nec
1627 1409 1836 1439 recuperatorem

1043 1441 1125 1468 dedit.
1166 1442 1275 1476 iniquos
1292 1441 1448 1468 decumanis
1469 1449 1528 1468 esse
1550 1441 1637 1468 aiebat
1658 1450 1764 1472 omnes,
1789 1442 1836 1477 qui

1043 1479 1126 1506 ullam
1145 1479 1200 1514 agri
1218 1478 1324 1514 glebam
1339 1478 1515 1513 possiderent.
1555 1478 1722 1506 Veniendum
1736 1483 1791 1505 erat
1804 1478 1837 1505 ad

1043 1525 1087 1543 eos
1106 1521 1196 1542 contra
1209 1517 1371 1551 Apronium,
1395 1517 1443 1550 qui
1462 1515 1582 1543 nondum
1599 1517 1679 1543 etiam
1692 1516 1836 1551 Aproniani

1042 1554 1160 1580 convivii
1178 1553 1314 1588 crapulam
1334 1553 1513 1580 exhalassent.
1553 1553 1612 1580 XII.
1636 1553 1658 1580 O
1671 1553 1836 1588 praeclarum

1042 1596 1068 1617 et
1081 1590 1344 1617 commemorandum
1358 1590 1504 1616 iudicium!
1531 1599 1548 1618 o
1564 1599 1689 1617 severum
1703 1590 1834 1617 edictum!

1019 1653 1021 1657 ,
1042 1637 1058 1655 o
1071 1633 1159 1654 tutum
1174 1627 1326 1663 perfugium
1341 1628 1487 1654 aratorum!

1097 1666 1139 1692 29.
1154 1665 1254 1700 Atque,
1275 1669 1304 1691 ut
1318 1664 1488 1700 intelligatis,
1505 1664 1659 1691 cuiusmodi
1672 1665 1723 1691 ista
1736 1664 1835 1691 iudicia

1042 1703 1070 1729 in
1083 1702 1231 1737 octuplum,
1246 1701 1399 1728 cuiusmodi
1412 1702 1491 1728 istius
1504 1701 1537 1728 de
1550 1701 1657 1728 cohorte
1670 1706 1838 1736 recuperato-

1595 1739 1715 1774 Ecquem
1737 1739 1836 1774 putatis

1043 1819 1110 1845 tore,
1125 1818 1257 1849 quantum
1272 1814 1448 1848 poposcisset,
1464 1813 1592 1844 auferret,
1608 1813 1679 1848 plus.
1695 1821 1776 1848 quam
1790 1813 1837 1840 de-

1042 1851 1158 1882 beretur,
1175 1850 1348 1886 poposcisse?
1369 1850 1539 1877 Considerate
1551 1859 1614 1877 cum
1629 1851 1725 1877 vestris
1739 1851 1836 1877 animis

1042 1889 1208 1923 vosmetipsi,
1224 1896 1336 1923 ecquem
1351 1888 1458 1922 putetis,
1475 1888 1630 1922 praesertim
1643 1896 1728 1922 quum
1742 1887 1770 1914 id
1784 1896 1835 1914 non

1041 1926 1130 1953 solum
1149 1926 1271 1956 avaritia,
1291 1925 1340 1951 sed
1357 1925 1436 1951 etiam
1454 1925 1634 1960 imprudentia
1652 1926 1771 1959 accipere
1789 1933 1837 1959 po-

735 1962 805 1994 Quid
820 1961 895 1988 tum?
920 1961 991 1994 Quid

1042 2009 1072 2027 ac
1096 2000 1180 2027 multo
1203 2000 1278 2035 plus,
1301 2008 1383 2035 quam
1406 1999 1547 2030 decumas,
1571 1999 1725 2026 abstulisse.

1043 1965 1131 1990 tuerit.
1162 1963 1259 1989 Multos
1274 1971 1382 1989 necesse
1395 1967 1444 1989 est.
1474 1963 1508 1988 At
1521 1970 1570 1998 ego
1584 1970 1676 1988 omnes
1690 1961 1750 1988 dico
1762 1961 1833 2025 ignitis,

1820 2007 1836 2026 o

1043 2038 1109 2064 mihi
1128 2046 1214 2064 unum
1232 2046 1266 2064 ex
1284 2037 1398 2063 triennio
1415 2041 1553 2072 praeturae
1571 2041 1644 2067 tuae,
1669 2037 1717 2071 qui
1734 2035 1835 2071 octupli

1019 2093 1021 2106 ,
1042 2075 1184 2101 damnatus
1197 2075 1241 2101 sit.
1267 2074 1431 2100 Damnatus?
1444 2075 1528 2101 Immo
1541 2082 1612 2104 vero,
1628 2074 1656 2100 in
1669 2081 1751 2108 quem
1764 2073 1836 2100 iudi-

1019 2114 1020 2118 ’
1041 2113 1114 2139 cium
1128 2121 1163 2139 ex
1175 2112 1261 2138 edicto
1275 2116 1319 2138 tuo
1333 2111 1496 2146 postulatum
1511 2112 1556 2138 sit.

1018 2143 1020 2158 ³
1043 2149 1103 2176 licet
1116 2154 1258 2179 aratorum,
1274 2149 1322 2183 qui
1336 2149 1461 2175 iniuriam
1475 2148 1528 2175 sibi
1539 2147 1634 2174 factam
1643 2148 1719 2183 queri
1729 2152 1832 2182 posset:

1595 2111 1680 2137 Nemo
1692 2115 1748 2137 erat
1760 2109 1834 2136 vide-

1043 2196 1120 2214 nemo
1133 2187 1356 2217 decumanorum,
1375 2186 1423 2220 qui
1436 2194 1519 2222 grano
1531 2184 1649 2220 amplius
1666 2185 1734 2216 sibi,
1753 2192 1834 2219 quam

1041 2224 1195 2255 deberetur,
1215 2223 1306 2250 deberi
1325 2223 1462 2258 professus
1479 2227 1559 2249 esset.
1598 2223 1684 2248 Immo
1696 2229 1760 2248 vero
1772 2229 1835 2248 con-

1041 2267 1080 2288 tra
1098 2261 1217 2296 rapiebat
1234 2265 1260 2287 et
1273 2260 1423 2295 asportabat
1435 2264 1568 2295 quantum
1581 2267 1595 2285 a
1608 2266 1717 2294 quoque
1730 2258 1834 2284 volebat

1040 2299 1188 2333 Apronius:
1213 2298 1340 2324 omnibus
1358 2302 1446 2324 autem
1466 2297 1530 2323 locis
1549 2301 1663 2323 aratores
1681 2295 1787 2330 spoliati
1805 2303 1834 2322 ac

1041 2337 1129 2362 vexati
1151 2335 1344 2371 querebantur:
1372 2343 1460 2369 neque
1482 2339 1570 2360 tamen
1592 2332 1679 2359 ullum
1701 2332 1833 2359 iudicium

1041 2374 1196 2408 reperietur.
1237 2374 1278 2399 30.
1293 2371 1364 2404 Quid
1377 2377 1418 2398 est
1432 2370 1499 2398 hoc?
1519 2371 1568 2397 Tot
1581 2370 1632 2396 viri
1646 2369 1735 2400 fortes,
1752 2369 1834 2396 houe—

1041 2412 1088 2441 sti,
1107 2411 1230 2446 gratiosi,
1251 2414 1288 2436 tot
1305 2409 1403 2440 Siculi,
1423 2413 1460 2435 tot
1477 2408 1582 2442 equites
1600 2407 1710 2433 Romani
1728 2406 1762 2433 ab
1780 2415 1834 2434 uno

1041 2447 1148 2474 homine
1161 2447 1328 2482 nequissimo
1341 2455 1371 2472 ac
1382 2445 1536 2480 turpissimo
1548 2444 1620 2475 laesi,
1637 2452 1749 2478 poenam
1758 2448 1834 2470 octu—

1040 2485 1078 2519 pli
1092 2485 1150 2511 sine
1163 2484 1219 2511 ulla
1232 2483 1397 2510 dubitatione
1413 2482 1598 2512 commissam,
1618 2489 1671 2507 non
1688 2488 1833 2515 persequffi

1040 2521 1155 2548 bantur?
1179 2521 1252 2554 Quae
1264 2529 1368 2551 caussa,
1382 2528 1452 2554 quae
1465 2519 1531 2545 ratio
1543 2517 1601 2545 est?
1622 2518 1679 2544 Una
1691 2517 1746 2548 illa.
1761 2516 1834 2544 iudi-

1039 2567 1092 2590 ces,
1108 2567 1189 2594 quam
1204 2558 1314 2585 videtis:
1329 2557 1402 2592 quod
1416 2556 1485 2583 ultro
1498 2556 1576 2582 etiam
1590 2554 1685 2582 illusos
1699 2563 1727 2581 se
1737 2559 1763 2581 et
1772 2554 1833 2581 irri—

1040 2605 1083 2622 sos
1101 2596 1134 2622 ab
1151 2596 1252 2622 iudicio
1269 2595 1434 2621 discessuros
1457 2593 1592 2619 videbant.
1631 2592 1737 2618 Etenim
1759 2591 1832 2626 quod

1039 2637 1110 2659 esset
1123 2632 1268 2663 iudicium,
1283 2640 1368 2666 quum
1381 2639 1396 2657 e
1409 2631 1498 2657 Verris
1511 2629 1668 2665 turpissimo
1680 2627 1832 2664 flagitiosis-

1041 2671 1164 2704 simoque
1181 2669 1308 2696 comitatu
1325 2673 1378 2695 tres
1395 2672 1611 2702 recuperatorum
1629 2666 1737 2693 nomine
1758 2673 1832 2692 asse*
