1941 3052
300 95 627 124 EPISTOLARUM
656 95 709 123 AD
738 95 968 124 DIVERSOS
999 97 1367 125 LlB.V11.E1‘.12—-
1388 100 1429 125 ΞΟ.

46 175 100 193 ses.
131 168 155 193 3.
170 165 240 198 Quid
252 167 345 202 agatis,
359 171 385 193 et
394 167 493 202 ecquid
504 168 532 194 in
546 167 648 194 Italiam
660 168 767 194 venturi
777 168 839 194 sitis

47 204 96 230 hac
108 204 209 234 hieme,
227 203 266 229 fac
277 203 356 238 plane
367 205 460 231 sciam.
501 204 601 231 Balbus
619 204 840 231 mihiconfirma-

47 243 86 268 vit
100 245 124 267 te
140 240 253 267 divitem
269 240 400 267 futurum.
440 241 469 268 ld
484 246 574 268 utrum
585 243 702 269 Romano
717 251 789 269 more
801 242 840 268 lo-

45 283 124 304 cutus
136 279 184 309 sit,
200 278 267 306 hene
279 283 448 305 nummatum
460 284 485 305 te
497 279 631 311 futurum,
645 288 692 311 an,
705 279 840 314 quomodo

46 315 129 342 Stoici
140 315 247 346 dicunt,
261 324 344 342 omnes
356 325 408 342 esse
418 319 520 345 divites,
537 319 582 350 qui
593 319 662 343 caelo
672 322 695 342 et
707 322 776 343 terra
785 319 840 350 [ιίιί

44 355 156 386 possint;
166 357 258 387 postea
270 352 372 379 videro.
394 353 445 385 Qui
458 354 537 380 istinc
548 354 669 385 veniunt,
682 354 839 388 superbiam

45 394 119 416 tuam
139 394 278 420 accusant,
301 390 373 424 quod
397 396 495 426 negent
516 395 539 417 te
557 391 778 426 percontantibus
798 400 841 417 re-

45 426 186 462 spondere.
228 427 281 453 Sed
301 432 389 454 tamen
411 432 451 454 est
470 428 543 462 quod
562 428 692 464 gaudeas.
732 428 841 455 Constat

46 465 118 490 enim
130 465 198 490 inter
211 473 314 495 omneS.
331 466 467 492 neminem
479 470 503 491 te
518 474 571 492 uno
582 465 787 493 Samarobrivae
798 466 841 492 iu-

46 502 83 528 ris
94 502 248 536 peritiorem
260 510 328 528 esse.

98 579 172 600 xvn.
189 580 205 599 Α
214 580 266 600 RG.
282 580 350 600 Urbis
364 580 475 600 desiderio
491 579 592 607 deposito
609 584 682 601 munet
691 583 715 601 ut
725 581 840 602 Caesarem

45 613 103 634 colat
113 614 224 635 commodo
235 622 282 635 uuo.

209 652 295 673 (Romae,
303 651 394 673 Domitio,
404 652 456 676 App.
467 652 550 670 Pulchro
561 659 607 670 con.
620 653 674 676 700.)

209 694 351 722 CICERO
371 695 398 722 S.
418 696 448 722 D.
470 695 675 723 TREBATIO.

103 733 125 758 ⁴.
147 727 192 757 Ex
204 733 256 758 tuis
269 732 363 758 litteris
374 737 400 758 et
410 732 508 764 Quinto
519 732 592 759 fratri
603 733 702 768 gratias
717 733 760 768 egi
776 738 802 759 et
816 738 840 760 te

46 767 191 803 aliquando
201 769 352 796 collaudare
363 778 487 804 possum,
504 770 577 804 quod
592 771 644 796 iam
656 771 757 797 videris
769 775 840 797 certa

46 805 137 840 aliqua
149 806 176 832 in
187 807 317 833 sententia
328 808 489 833 constitisse.
523 808 590 833 Nam
602 809 752 842 primorum
763 817 840 834 men-

45 843 118 869 sium
130 842 224 869 litteris
235 844 288 870 tuis
299 844 473 870 vehementer
483 845 679 876 commovebar,
688 845 761 880 quod
772 846 839 872 mihi

46 879 181 906 interdum
197 881 271 915 (pace
282 886 327 907 tua
338 881 464 917 dixerim)
480 882 548 908 levis
563 883 590 909 in
607 883 686 909 Urbis
702 883 841 909 urbanita-

46 917 135 952 tisque
145 917 288 949 desiderio,
300 919 436 945 interdum
447 920 532 955 piger,
541 920 676 946 interdum
688 920 800 946 timidus
813 921 839 946 in

46 953 136 980 Iabore
148 955 271 987 militari,
285 964 364 990 saepe
376 961 464 983 autem
476 957 570 988 etiam,
584 957 657 992 quod
668 966 681 984 a
693 962 718 984 te
729 957 841 984 alienis-

45 992 146 1018 simum
158 997 206 1023 est,
219 993 418 1028 subimpudens
429 994 566 1021 videbare.
607 995 755 1030 Tamquam
767 996 839 1021 enim

45 1029 228 1064 syngrapham
243 1030 277 1056 ad
292 1031 493 1065 imperatorem,
516 1041 569 1058 non
581 1032 721 1067 epistolam
733 1032 840 1059 attulis-

45 1075 102 1099 ses:
120 1067 173 1098 sic,
191 1068 304 1102 pecunia
320 1068 420 1099 ablata,
437 1068 549 1095 domum
563 1069 649 1096 redire
661 1070 837 1104 properabas:

45 1112 94 1130 nec
104 1104 154 1130 tibi
166 1105 193 1131 in
205 1110 322 1131 mentem
334 1106 470 1137 veniebat,
485 1114 531 1133 eos
542 1108 616 1141 ipsos
624 1128 630 1139 ,
643 1108 691 1142 qui
702 1116 764 1133 cum
775 1116 841 1144 syn—

44 1141 156 1177 graphis
168 1142 511 1176 venissentAlexandriam,
525 1153 668 1171 nummum
678 1145 767 1171 adhuc
778 1145 841 1171 nul-

46 1178 103 1205 lum
113 1178 217 1205 auferre
228 1180 357 1214 potuisse.
397 1182 423 1208 2.
437 1181 503 1217 Ego,
516 1182 540 1208 si
551 1182 605 1208 mei
615 1182 750 1208 commodi
761 1183 841 1209 ratio—

45 1224 107 1243 nem
122 1216 262 1248 ducerem,
279 1222 303 1243 te
318 1226 423 1244 mecum
435 1227 493 1245 esse
505 1220 622 1245 maxime
633 1219 741 1246 vellem.
782 1221 840 1246 Non

45 1254 118 1280 enim
133 1253 261 1280 mediocri
272 1254 408 1282 afficiebar
418 1255 461 1282 vel
473 1256 608 1291 voluptate
619 1265 653 1283 ex
666 1257 841 1283 consuetudi-

46 1299 79 1316 ne
96 1296 197 1322 nostra,
221 1291 264 1318 vel
279 1292 394 1319 utilitate
408 1301 442 1319 ex
457 1294 570 1320 consilio
585 1298 664 1329 atque
685 1303 765 1329 opera
783 1299 838 1321 tua.

46 1327 99 1354 Sed
111 1337 196 1363 quum
208 1333 232 1355 te
243 1337 277 1355 ex
289 1329 467 1356 adolescentia
479 1335 522 1357 tua
534 1331 561 1357 in
572 1332 718 1358 amicitiam
729 1332 840 1358 etfidem

45 1374 133 1392 meam
144 1366 318 1393 contulisses:
337 1376 443 1402 semper
457 1373 481 1394 te
493 1377 544 1395 non
556 1368 635 1395 modo
646 1369 777 1396 tuendum
788 1370 841 1396 mi-

46 1402 85 1434 hi,
93 1403 141 1429 sed
152 1404 232 1430 etiam
244 1404 399 1439 augendum
410 1409 490 1440 atque
501 1406 651 1432 ornandum
663 1407 767 1441 putavi.
789 1408 841 1433 Ita-

45 1448 99 1475 que
110 1441 198 1475 quoad
209 1441 334 1475 opinatus
345 1451 416 1474 sum,
425 1451 467 1468 me
478 1443 505 1469 in
518 1444 683 1477 provinciam
691 1445 838 1476 exiturum,

45 1486 115 1512 quae
129 1477 162 1504 ad
174 1482 198 1504 te
209 1479 278 1505 ultro
289 1479 433 1511 attulerim,
447 1481 603 1507 meminisse
618 1485 642 1507 te
653 1481 743 1508 credo.
765 1482 841 1508 Post-

44 1523 158 1550 eaquam
174 1524 232 1542 mea
250 1521 350 1542 mutata
367 1518 432 1544 ratio
447 1522 501 1548 est,
518 1526 604 1552 quum
619 1518 753 1550 viderem,
772 1528 814 1545 me
826 1528 840 1546 a

45 1552 158 1579 Caesare
170 1552 439 1581 honorificentissime
450 1556 556 1581 tractari
567 1560 593 1582 et
604 1556 683 1582 unice
694 1556 782 1592 diligi,
792 1557 841 1583 ho-

45 1590 183 1625 minisque
198 1589 384 1618 liberalitatem
396 1592 582 1619 incredibilem
595 1598 620 1620 et
630 1593 796 1629 singularem
809 1594 840 1620 fi-

45 1626 106 1653 dem
119 1636 239 1654 nossem:
254 1628 292 1654 sic
303 1629 328 1655 ei
340 1633 365 1655 te
375 1630 562 1657 commendavi
574 1635 600 1657 et
611 1631 722 1660 tradidi.
739 1636 768 1658 ut
778 1640 840 1667 gra-

44 1665 157 1691 vissime
168 1664 432 1701 diligentissimeque
443 1668 528 1702 potui.
568 1667 644 1700 Quod
661 1668 706 1695 ille
718 1669 753 1695 ita
764 1678 841 1695 acce-

44 1702 96 1737 pit;
110 1702 214 1728 etmihi
226 1711 306 1738 saepe
317 1703 412 1731 litteris
423 1704 596 1740 significavit,
613 1710 639 1732 et
650 1706 699 1732 tibi
710 1711 736 1732 et
749 1707 840 1733 verbis

44 1743 71 1766 et
84 1747 112 1765 re
131 1739 260 1771 ostendit,
284 1749 342 1767 mea
362 1742 592 1769 commendatione
607 1751 666 1769 sese
682 1743 759 1770 valde
780 1752 840 1770 esse

44 1781 218 1804 commotum.
252 1778 327 1805 Hunc
339 1783 367 1805 tu
379 1780 469 1806 virum
480 1784 588 1808 nactus.
601 1781 624 1806 si
636 1789 678 1807 me
690 1785 735 1807 aut
746 1790 839 1817 sapere

44 1813 148 1849 aliquid
160 1818 206 1841 aut
216 1814 284 1841 velle
296 1820 340 1842 tua
351 1825 444 1843 caussa
456 1822 543 1851 putas,
560 1826 593 1844 ne
604 1817 754 1845 dimiseris:
768 1824 802 1850 et,
815 1820 839 1845 si

44 1859 98 1886 qua
110 1856 134 1878 te
146 1851 211 1878 forte
223 1860 264 1878 res
276 1852 421 1888 aliquando
431 1854 580 1886 offenderit,
589 1863 674 1890 quum
682 1855 727 1882 ille
738 1861 784 1883 aut
794 1865 840 1883 oc-

45 1889 200 1923 cupatione,
213 1894 258 1915 aut
269 1889 426 1917 difficultate
437 1892 536 1918 tardior
547 1892 597 1918 tibi
608 1893 658 1919 erit
670 1893 760 1924 visus,
779 1902 840 1928 per-

45 1925 125 1956 ferto,
143 1930 169 1952 et
183 1925 278 1953 ultima
293 1933 458 1963 exspectato;
481 1937 551 1964 quae
564 1938 613 1965 ego
624 1929 674 1956 tibi
685 1934 711 1956 et
722 1931 840 1958 iucunda

45 1967 72 1989 et
81 1962 192 1989 honesta
208 1965 357 1999 praestabo.
397 1967 422 1992 3.
444 1965 570 1992 Pluribus
582 1971 606 1993 te
619 1966 717 1993 hortari
729 1977 780 1995 non
792 1969 840 1995 de-

45 1999 106 2027 beo.
146 2001 260 2028 Tantum
273 2010 381 2033 moneo,
397 2011 485 2038 neque
496 2004 630 2030 amicitiae
642 2004 839 2032 confirmandae

45 2037 189 2064 clarissimi
200 2047 231 2065 ac
243 2038 426 2066 liberalissimi
438 2041 503 2071 viri,
527 2049 614 2075 neque
630 2041 763 2069 uberioris
778 2051 841 2078 pro-

47 2075 152 2102 vinciae
167 2084 255 2110 neque
270 2077 363 2103 aetatis
378 2077 464 2112 magis
476 2077 603 2104 idoneum
615 2083 735 2114 tempus,
754 2081 777 2106 si
792 2080 840 2107 hoc

46 2113 182 2143 amiseris.
206 2117 229 2139 te
243 2121 302 2139 esse
315 2113 402 2140 ullum
413 2123 542 2150 umquam
555 2120 734 2150 reperturum.
775 2118 837 2149 Hoc,

45 2150 275 2185 quemadmodum
291 2160 339 2177 vos
354 2151 472 2178 scribere
487 2152 578 2179 soletis
595 2153 621 2179 in
638 2154 735 2180 vestris
751 2154 838 2186 libris,

45 2186 118 2214 idem
130 2187 161 2219 Q.
175 2187 297 2214 Cornelio
308 2188 460 2216 videbatur.
501 2191 529 2216 ln
541 2190 704 2217 Britanniam
716 2196 740 2218 te
751 2191 840 2227 profe—

45 2229 118 2251 ctum
129 2233 180 2251 non
192 2233 251 2251 esse
261 2226 380 2261 gaudeo,
392 2226 465 2261 quod
476 2231 502 2253 et
513 2227 602 2253 labore
613 2228 736 2259 caruisti.
754 2234 780 2256 et
791 2238 840 2265 ego

46 2265 71 2288 te
85 2261 118 2288 de
134 2262 215 2288 rebus
230 2262 285 2289 illis
302 2272 352 2289 non
364 2264 483 2290 audiam.
523 2264 574 2291 Ubi
586 2265 624 2291 sis
636 2265 837 2298 hibernaturus,

46 2302 72 2326 et
81 2307 134 2334 qua
145 2307 193 2334 spe
205 2304 250 2326 aut
261 2300 421 2332 conditione.
436 2302 587 2335 perscribas
599 2302 632 2328 nd
644 2311 686 2329 me
698 2303 790 2330 velim.

99 2369 184 2390 xvnl.
200 2369 275 2390 Alto.
296 2370 380 2390 Laudat
395 2370 540 2390 ruiintuutiani
554 2370 658 2391 Trebatii
673 2371 695 2391 In
710 2372 839 2398 perferenda

46 2401 135 2424 miltun.
157 2403 246 2424 lue-tur
260 2404 283 2424 iu
297 2405 346 2425 eiu·
361 2405 503 2432 parsimonia.
529 2405 596 2426 Bulbo
612 2413 635 2426 nc
645 2413 692 2427 eum
703 2409 838 2428 common-tn-

46 2439 117 2459 turum
127 2442 148 2459 et
158 2439 273 2466 epi-tulum
285 2440 333 2460 eiu·
343 2440 481 2460 cumcuin-e
491 2441 576 2461 scribit.

255 2477 283 2496 (In
294 2477 393 2499 Pomptino
401 2490 406 2497 ,
417 2477 449 2493 sul·
461 2481 565 2500 nutent-gun
577 2479 632 2498 701.)

209 2519 352 2547 CICERO
372 2520 399 2547 S.
418 2520 449 2546 D.
464 2520 674 2548 TREBATIO.

104 2556 126 2581 ⁴.
138 2550 242 2591 Accepi
252 2565 266 2583 a
278 2561 302 2583 te
314 2557 416 2593 aliquot
426 2557 554 2593 epistolas
566 2567 619 2585 uno
631 2563 758 2594 tempore.
771 2568 838 2594 quus

48 2598 76 2618 eu
86 2591 201 2620 diversis
213 2595 379 2629 temporibus
391 2595 517 2622 dederas:
536 2596 562 2622 in
579 2595 681 2631 quibus
697 2605 738 2623 me
753 2602 838 2623 cetera

47 2627 225 2657 delectarunt:
239 2631 428 2667 significabant
437 2633 510 2660 enim
523 2637 546 2660 te
558 2633 636 2660 istam
648 2633 773 2661 militiam
785 2635 838 2661 iam

1633 101 1682 127 7⁴3

891 168 967 194 firmo
978 169 1067 196 animo
1079 168 1155 200 ferre,
1164 174 1190 196 et
1200 179 1259 196 esse
1271 169 1364 197 fortem
1376 171 1466 197 virum
1476 174 1683 197 etconstantem.

891 205 964 237 Quae
975 214 1025 241 ego
1037 206 1186 242 paullisper
1198 208 1225 234 in
1239 212 1262 234 te
1274 209 1309 234 ita
1320 208 1482 239 desideravi,
1496 217 1548 234 non
1560 208 1685 234 imbecil-

892 243 963 269 litate
974 245 1058 270 animi
1069 245 1121 275 tui,
1139 244 1187 270 sed
1200 246 1299 280 magis,
1324 250 1352 272 ut
1363 245 1497 272 desiderio
1510 246 1592 271 nostri
1605 250 1628 271 te
1640 253 1686 270 ae-

890 285 979 306 stuare
990 286 1122 315 putarem.
1144 282 1229 314 Quare
1241 291 1331 318 perge,
1345 288 1374 309 ut
1383 283 1507 318 coepisti:
1525 282 1584 309 forti
1596 283 1686 308 animo

891 318 970 344 istam
980 318 1061 344 tolera
1073 319 1211 346 militiam:
1230 320 1327 351 multa,
1342 320 1511 351 mihicrede,
1525 328 1683 354 assequere:

892 364 941 390 ego
954 356 1027 381 enim
1048 357 1181 383 renovabo
1196 358 1469 384 commendationem:
1491 357 1539 383 sed
1555 362 1684 391 tempore.

892 392 936 418 Sic
952 393 1061 424 habeto,
1085 403 1135 419 non
1153 394 1201 420 tibi
1214 395 1306 420 maiori
1318 404 1376 421 esse
1387 404 1480 425 curae,
1497 399 1525 421 ut
1538 395 1585 421 iste
1598 400 1660 420 tuus
1672 403 1685 420 a

892 439 934 456 me
954 430 1092 456 discessus
1111 440 1192 466 quam
1214 431 1447 458 fructuosissimus
1466 432 1516 459 tibi
1534 433 1581 462 sit,
1604 439 1686 466 quam

892 467 970 493 mihi.
1020 468 1124 502 ltaque,
1151 469 1259 503 quando
1283 474 1386 496 vestrae
1406 470 1543 496 cautiones
1565 468 1686 495 infirmae

892 509 963 535 sunt,
973 505 1188 532 Graeculamtibi
1200 507 1263 532 misi
1274 508 1424 533 cautionem
1436 506 1609 542 chirographi
1621 507 1685 532 mei.

893 543 932 568 Tu
944 551 986 568 me
997 542 1079 568 velim
1091 543 1124 569 de
1136 544 1236 570 ratione
1247 544 1344 570 Gallici
1356 544 1420 570 belli
1434 545 1573 570 certiorem
1589 543 1684 570 facias:

892 588 941 615 ego
952 580 1024 605 enim
1037 581 1214 615 ignavissimo
1225 582 1323 616 cuique
1336 582 1481 608 maximam
1493 581 1574 607 fidem
1590 581 1685 607 habeo.

892 619 917 643 2.
940 616 1006 647 Sed,
1026 622 1055 643 ut
1066 617 1098 643 ad
1110 618 1236 652 epistolas
1248 623 1307 645 tuas
1319 619 1440 650 redeam,
1456 624 1542 645 cetera
1553 618 1636 650 he11e;
1653 617 1687 644 il-

893 654 939 680 lud
951 655 1045 680 miror:
1059 656 1121 689 quis
1133 655 1199 681 solet
1210 656 1304 682 eodem
1316 656 1439 691 exemplo
1451 656 1542 691 plures
1554 655 1625 685 dare,
1639 655 1687 689 qui

892 700 940 717 sua
956 700 1037 717 manu
1053 692 1164 718 scribit‘?
1185 694 1251 718 Nam
1268 693 1339 728 quod
1356 695 1382 719 in
1398 693 1586 728 palimpsesto.
1609 692 1687 718 laudo

892 729 1018 763 equidem
1030 730 1231 763 parsimoniam.
1264 730 1317 756 Sed
1329 731 1419 762 miror,
1435 731 1501 765 quid
1514 731 1540 756 in
1553 730 1598 756 illa
1610 730 1688 756 char-

892 766 946 792 tula
959 766 1049 797 fuerit,
1058 767 1130 801 quod
1142 766 1231 793 delere
1243 767 1381 799 malueris,
1390 777 1472 802 quam
1484 768 1549 793 baec
1556 767 1684 797 scribere3

892 804 945 830 nisi
957 803 1023 830 forte
1033 808 1092 830 tuas
1104 804 1243 831 formulas.
1279 806 1336 831 Non
1349 806 1421 831 enim
1433 810 1497 840 puto
1509 809 1533 831 te
1545 813 1618 830 meas
1630 804 1688 838 epi-

891 841 972 867 stolas
984 841 1085 872 delere,
1100 846 1128 868 ut
1140 851 1252 876 reponas
1264 847 1333 869 tuas.
1374 842 1414 868 An
1426 843 1475 869 hoc
1486 841 1633 877 significas,
1646 842 1689 867 ni-

892 878 930 904 hil
943 877 1018 904 fieri‘?
1033 878 1131 914 frigere
1144 884 1181 910 te,
1199 889 1231 906 ne
1243 880 1362 906 chartam
1374 880 1485 914 quidem
1497 880 1547 906 tibi
1557 878 1689 913 suppedi-

891 915 964 942 tare?
983 917 1037 942 Iam
1051 917 1098 943 ista
1112 921 1155 942 tua
1167 916 1247 952 culpa
1261 922 1313 948 est,
1337 918 1384 952 qui
1396 917 1587 943 verecundiam
1600 921 1688 942 tecum

891 952 1030 985 extuleris,
1044 958 1069 980 et
1080 963 1132 980 non
1145 954 1189 980 bic
1200 954 1342 981 nobiscum
1355 954 1507 989 reliqueris.
1549 956 1573 980 3.
1596 953 1652 988 Ego
1664 958 1689 979 te

891 990 981 1022 Balbo,
990 1000 1076 1025 quum
1088 991 1120 1017 ad
1127 1000 1174 1018 vos
1181 992 1404 1026 proficisceretur,
1413 1001 1485 1018 more
1492 992 1609 1018 Romano
1615 999 1689 1016 com-

891 1027 1034 1055 mendabo.
1075 1029 1127 1060 Tu,
1150 1030 1173 1055 si
1189 1029 1362 1056 intervallum
1380 1029 1487 1065 longius
1502 1030 1551 1056 erit
1567 1036 1689 1054 mearum

892 1065 1054 1097 litterarum,
1077 1075 1109 1092 ne
1126 1067 1164 1092 sis
1180 1066 1341 1093 admiratus:
1363 1075 1436 1093 eram
1451 1067 1523 1093 enim
1545 1067 1689 1093 abfuturus

892 1111 984 1129 mense
994 1103 1091 1138 Aprili.
1114 1104 1166 1130 Has
1179 1103 1280 1131 litteras
1292 1105 1388 1139 scripsi
1401 1105 1427 1130 in
1439 1104 1589 1139 Pomptino,
1603 1111 1688 1139 quum

891 1140 924 1166 ad
936 1140 1028 1167 villam
1041 1141 1076 1167 M.
1089 1141 1198 1168 Aemilii
1209 1141 1375 1168 Philemonis
1387 1141 1577 1173 devertissem,
1592 1151 1622 1168 ex
1636 1151 1689 1176 qua

892 1178 945 1204 iam
956 1178 1094 1205 audieram
1107 1178 1243 1205 fremitum
1254 1179 1394 1206 clientium
1408 1188 1615 1214 meorum,quos
1627 1180 1690 1214 qui-

892 1215 953 1242 dem
968 1220 997 1242 tu
1013 1216 1081 1242 mihi
1097 1216 1258 1243 conciliasti.
1299 1217 1366 1243 Nam
1382 1216 1492 1243 Ulubris
1509 1217 1617 1243 honoris
1636 1217 1688 1242 mei

891 1262 985 1279 caussa
1007 1254 1063 1280 vim
1085 1254 1231 1280 maximam
1252 1254 1462 1280 ranunculorum
1486 1263 1515 1279 se
1540 1262 1689 1280 commosse

891 1290 1038 1317 constabat.
1079 1291 1158 1323 Cura,
1176 1296 1205 1318 ut
1218 1291 1316 1318 valeas.
1339 1300 1375 1318 vi.
1393 1291 1456 1317 Idus
1468 1291 1553 1326 April.
1566 1291 1599 1317 de
1611 1291 1690 1317 Pom-

892 1333 977 1362 ptino.

947 1375 970 1400 4.
992 1373 1140 1409 Epistulam
1157 1378 1243 1405 tuam,
1262 1383 1344 1409 quam
1359 1375 1450 1408 accepi
1464 1374 1497 1400 ab
1509 1375 1538 1400 L.
1551 1375 1686 1403 Arruntio.

891 1411 1011 1437 conscidi
1027 1412 1209 1438 innocentem:
1234 1411 1302 1438 nihil
1318 1412 1390 1438 enim
1407 1411 1535 1442 habebat,
1553 1411 1626 1446 quod
1636 1420 1687 1438 non

892 1448 934 1474 vel
951 1449 978 1475 in
994 1450 1121 1475 concione
1138 1454 1207 1475 recte
1224 1448 1276 1484 legi
1293 1454 1392 1483 posset.
1434 1448 1487 1475 Sed
1504 1454 1529 1475 et
1545 1450 1688 1475 Arruntius

892 1487 926 1512 ita
939 1491 963 1512 te
975 1486 1116 1512 mandasse
1129 1487 1224 1517 aiebat,
1238 1491 1263 1512 et
1275 1491 1302 1512 tu
1313 1487 1486 1521 ascripseras.
1508 1486 1607 1512 Verum
1621 1486 1689 1512 illud

891 1528 957 1550 esto.
998 1523 1072 1550 Nihil
1084 1528 1108 1549 te
1119 1523 1151 1549 ad
1163 1532 1205 1550 me
1216 1529 1307 1558 postea
1318 1524 1461 1559 scripsisse
1471 1522 1598 1554 demiror,
1611 1532 1690 1558 prae—

891 1561 983 1588 sertim
995 1565 1048 1588 tam
1061 1561 1138 1587 novis
1150 1561 1241 1588 rebus.

946 1656 1010 1676 Xix.
1028 1656 1046 1676 A
1054 1656 1104 1676 RG.
1121 1656 1234 1677 Libertate
1245 1657 1272 1677 ul»
1283 1656 1402 1677 ⁴{ntuniurn
1413 1657 1529 1683 ‹lespera-m
1540 1656 1562 1675 in
1574 1656 1688 1677 Graeciam

892 1690 946 1711 abit.
972 1691 1106 1718 Topicurum
1119 1690 1199 1711 librum
1209 1691 1232 1711 in
1240 1691 1322 1711 itinere
1333 1691 1438 1718 ucriptuui
1449 1691 1558 1712 Trebatio
1569 1691 1646 1712 mittit.

1083 1728 1167 1751 (Rlncgii,
1177 1728 1267 1749 Antonio,
1278 1728 1378 1746 Dolabella
1389 1735 1435 1745 eun.
1447 1730 1502 1748 710)

1079 1779 1224 1806 CICERO
1249 1779 1447 1806 TREBATIO
1473 1779 1502 1806 S.

948 1821 1039 1857 Vide,
1056 1827 1149 1861 quanti
1166 1825 1237 1860 apud
1254 1834 1296 1852 me
1312 1826 1363 1858 sis;
1387 1827 1437 1852 etsi
1453 1827 1510 1852 iure
1523 1825 1550 1852 id
1562 1825 1687 1860 quidem:

892 1871 944 1889 non
959 1863 1031 1889 enim
1047 1867 1071 1889 te
1087 1872 1176 1889 amore
1192 1864 1281 1890 vinco.
1324 1864 1512 1890 Verumtamen
1528 1863 1600 1898 quod
1613 1872 1690 1898 prae—-

892 1901 961 1926 senti
973 1900 1022 1926 tibi
1034 1909 1115 1935 prope
1127 1901 1321 1936 subnegaram,
1341 1910 1393 1927 non
1405 1901 1552 1928 tribueram
1563 1905 1647 1929 certe.
1663 1901 1688 1926 i‹l

891 1937 997 1964 absenti
1012 1937 1110 1964 debere
1125 1947 1176 1964 non
1192 1939 1277 1973 potui.
1318 1939 1423 1973 Itaque.
1442 1943 1471 1965 ut
1484 1939 1603 1973 primum
1615 1938 1689 1964 Velia

892 1975 1019 2011 navigare
1029 1976 1115 2010 coepi,
1125 1976 1230 2002 institui
1241 1977 1333 2009 Topica
1339 1975 1496 2002 Aristotelea
1508 1976 1687 2006 conscribere.

891 2012 925 2038 ab
941 2013 999 2047 ipsa
1015 2012 1086 2039 Urbe
1106 2014 1300 2045 commonitus,
1323 2014 1508 2040 amantissima
1530 2014 1578 2040 tui.
1619 2013 1689 2039 Eum

893 2049 993 2076 librum
1005 2050 1055 2076 tibi
1066 2051 1129 2077 misi
1141 2050 1256 2086 Rhegio.
1274 2051 1419 2085 scriptum,
1436 2059 1518 2085 quam
1531 2051 1689 2085 planissime

892 2095 933 2113 res
950 2086 995 2113 illa
1010 2087 1094 2113 scribi
1110 2089 1205 2122 potuit.
1245 2087 1294 2114 Sin
1310 2088 1359 2114 tibi
1375 2088 1508 2122 quaedam
1525 2088 1690 2114 videbuntur

891 2123 1055 2155 obscuriora.
1068 2125 1184 2160 cogitare
1196 2125 1319 2156 debebis,
1335 2125 1438 2151 nullam
1450 2130 1532 2152 artem
1545 2125 1641 2151 litteris
1652 2125 1690 2151 si-

892 2169 924 2187 ne
937 2161 1079 2196 interprete
1095 2167 1121 2188 et
1135 2162 1193 2188 sine
1210 2161 1300 2197 aliqua
1312 2163 1501 2189 exercitatione
1513 2163 1615 2197 percipi
1627 2170 1690 2197 pos-

892 2206 930 2224 se.
963 2199 1019 2225 Non
1033 2198 1110 2233 longe
1122 2199 1235 2225 abieris:
1254 2207 1319 2225 num
1332 2200 1374 2225 ius
1385 2199 1466 2226 civile
1479 2205 1597 2226 vestrum
1610 2208 1643 2225 ex
1656 2198 1690 2225 li-

893 2236 949 2261 bris
969 2236 1094 2270 cognosci
1115 2235 1219 2270 potest?
1238 2236 1286 2270 qui
1301 2244 1467 2271 quamquam
1484 2236 1595 2271 plurimi
1614 2241 1687 2266 sunt,

891 2272 1026 2298 doctorem
1039 2277 1127 2299 tamen
1140 2272 1286 2307 lumenque
1298 2272 1311 2286 ⁸·
1322 2273 1486 2300 desiderant.
1518 2274 1689 2308 Quamquam

892 2314 919 2335 tu
931 2310 954 2335 si
967 2314 1064 2336 attente
1077 2309 1159 2345 leges.
1173 2310 1196 2335 si
1208 2310 1330 2344 saepius.
1345 2315 1427 2345 perte
1438 2311 1527 2337 onmia
1539 2319 1689 2345 conseque-

892 2355 933 2377 re,
952 2351 980 2373 ut
995 2351 1066 2373 certe
1082 2346 1227 2382 intelligas.
1269 2347 1301 2373 Ut
1317 2356 1379 2373 vero
1395 2348 1475 2374 ctiam
1492 2348 1544 2382 ipsi
1561 2348 1610 2373 tibi
1626 2347 1687 2378 loci,

892 2385 1026 2418 proposita
1038 2383 1207 2419 quaestione,
1221 2389 1375 2415 occurrant..
1393 2385 1583 2411 exercitatione
1593 2393 1690 2412 conse-

891 2429 984 2455 quere.
1006 2422 1034 2447 In
1045 2430 1097 2456 qun
1109 2420 1220 2456 quidem
1233 2430 1280 2447 nos
1293 2426 1316 2447 te
1327 2422 1536 2452 continebimus,
1549 2423 1572 2448 si
1584 2427 1609 2448 et
1619 2422 1688 2449 salvi

892 2457 1053 2484 redierimus
1069 2464 1095 2486 et
1109 2458 1183 2484 salva
1201 2459 1249 2485 istu
1265 2458 1466 2486 offenderimus.
1487 2468 1514 2486 v.
1535 2459 1594 2486 Kal.
1611 2459 1687 2487 Sext.

892 2495 1004 2531 Rhegio.

944 2573 998 2594 XX.
1017 2573 1093 2596 Ano.
1112 2576 1145 2596 De
1156 2575 1294 2596 Velim-inm
1305 2574 1327 2594 in
1338 2573 1468 2595 Trou-tium
1479 2581 1552 2596 umore
1567 2574 1686 2600 fignificat.

891 2613 912 2629 et
923 2616 950 2629 ne
960 2613 1063 2636 paterna·
1074 2610 1228 2638 pontonium·-
1239 2610 1318 2630 vend-t
1329 2613 1408 2630 munet.

1079 2647 1160 2672 tvnliar.
1171 2647 1262 2667 Anu-nio.
1273 2646 1373 2665 nol-ben:
1384 2653 1431 2664 tou.
1443 2647 1498 2669 710.)

1445 2685 1480 2709 9⁰
