<?xml version="1.0" encoding="UTF-8"?>
<!DOCTYPE html PUBLIC "-//W3C//DTD XHTML 1.0 Transitional//EN"
    "http://www.w3.org/TR/xhtml1/DTD/xhtml1-transitional.dtd">
<html xmlns="http://www.w3.org/1999/xhtml" xml:lang="en" lang="en">
 <head>
  <title>
</title>
<meta http-equiv="Content-Type" content="text/html;charset=utf-8" />
  <meta name='ocr-system' content='tesseract 3.04.00' />
  <meta name='ocr-capabilities' content='ocr_page ocr_carea ocr_par ocr_line ocrx_word'/>
</head>
<body>
  <div class='ocr_page' id='page_1' title='image "./operaomniaunovol00ciceuoft_0609.png"; bbox 0 0 1941 3052; ppageno 0'>
   <div class='ocr_carea' id='block_1_1' title="bbox 434 143 1148 171">
    <p class='ocr_par' dir='ltr' id='par_1_1' title="bbox 434 143 1148 171">
     <span class='ocr_line' id='line_1_1' title="bbox 434 143 1148 171; baseline 0 -1"><span class='ocrx_word' id='word_1_1' title='bbox 434 143 525 170; x_wconf 77' lang='lat' dir='ltr'>PRO</span> <span class='ocrx_word' id='word_1_2' title='bbox 557 143 587 170; x_wconf 92' lang='lat' dir='ltr'>T.</span> <span class='ocrx_word' id='word_1_3' title='bbox 621 143 776 171; x_wconf 80' lang='lat' dir='ltr'>ANNIO</span> <span class='ocrx_word' id='word_1_4' title='bbox 808 143 1009 170; x_wconf 87' lang='lat' dir='ltr'><strong>MILONE.</strong></span> <span class='ocrx_word' id='word_1_5' title='bbox 1050 143 1148 170; x_wconf 82' lang='lat' dir='ltr'>CAP.</span> 
     </span>
    </p>
   </div>
   <div class='ocr_carea' id='block_1_2' title="bbox 54 214 858 2718">
    <p class='ocr_par' dir='ltr' id='par_1_2' title="bbox 61 214 858 661">
     <span class='ocr_line' id='line_1_2' title="bbox 63 214 853 249; baseline -0.003 -6"><span class='ocrx_word' id='word_1_6' title='bbox 63 214 132 243; x_wconf 91' lang='lat' dir='ltr'>illud</span> <span class='ocrx_word' id='word_1_7' title='bbox 144 214 243 241; x_wconf 87' lang='lat' dir='ltr'>vulnus</span> <span class='ocrx_word' id='word_1_8' title='bbox 254 214 392 249; x_wconf 84' lang='lat' dir='ltr'>acceperit,</span> <span class='ocrx_word' id='word_1_9' title='bbox 400 215 636 249; x_wconf 87' lang='lat' dir='ltr'>quotaeterrimam</span> <span class='ocrx_word' id='word_1_10' title='bbox 644 219 754 241; x_wconf 90' lang='lat' dir='ltr'>mortem</span> <span class='ocrx_word' id='word_1_11' title='bbox 761 214 853 245; x_wconf 89' lang='lat' dir='ltr'>obiret,</span> 
     </span>
     <span class='ocr_line' id='line_1_3' title="bbox 64 251 857 282; baseline -0.003 -2"><span class='ocrx_word' id='word_1_12' title='bbox 64 257 94 280; x_wconf 83' lang='lat' dir='ltr'>ut</span> <span class='ocrx_word' id='word_1_13' title='bbox 110 261 161 279; x_wconf 91' lang='lat' dir='ltr'>non</span> <span class='ocrx_word' id='word_1_14' title='bbox 176 251 315 278; x_wconf 88' lang='lat' dir='ltr'>absolutus</span> <span class='ocrx_word' id='word_1_15' title='bbox 331 252 429 279; x_wconf 89' lang='lat' dir='ltr'>iudicio</span> <span class='ocrx_word' id='word_1_16' title='bbox 440 252 486 278; x_wconf 94' lang='lat' dir='ltr'>illo</span> <span class='ocrx_word' id='word_1_17' title='bbox 498 251 597 279; x_wconf 85' lang='lat' dir='ltr'>nefario</span> <span class='ocrx_word' id='word_1_18' title='bbox 608 252 751 282; x_wconf 80' lang='lat' dir='ltr'>videretur,</span> <span class='ocrx_word' id='word_1_19' title='bbox 766 252 812 278; x_wconf 90' lang='lat' dir='ltr'>sed</span> <span class='ocrx_word' id='word_1_20' title='bbox 823 252 857 278; x_wconf 90' lang='lat' dir='ltr'>ad</span> 
     </span>
     <span class='ocr_line' id='line_1_4' title="bbox 63 290 857 325; baseline -0.003 -8"><span class='ocrx_word' id='word_1_21' title='bbox 63 290 131 317; x_wconf 90' lang='lat' dir='ltr'>hanc</span> <span class='ocrx_word' id='word_1_22' title='bbox 146 290 279 325; x_wconf 77' lang='lat' dir='ltr'>insignem</span> <span class='ocrx_word' id='word_1_23' title='bbox 295 298 406 324; x_wconf 88' lang='lat' dir='ltr'>poenam</span> <span class='ocrx_word' id='word_1_24' title='bbox 419 294 577 316; x_wconf 89' lang='lat' dir='ltr'>reservatus.</span> <span class='ocrx_word' id='word_1_25' title='bbox 604 290 716 316; x_wconf 79' lang='lat' dir='ltr'>xxxii.</span> <span class='ocrx_word' id='word_1_26' title='bbox 730 290 784 316; x_wconf 91' lang='lat' dir='ltr'>Nec</span> <span class='ocrx_word' id='word_1_27' title='bbox 795 298 857 316; x_wconf 88' lang='lat' dir='ltr'>vero</span> 
     </span>
     <span class='ocr_line' id='line_1_5' title="bbox 63 326 857 354; baseline -0.001 0"><span class='ocrx_word' id='word_1_28' title='bbox 63 336 115 354; x_wconf 89' lang='lat' dir='ltr'>non</span> <span class='ocrx_word' id='word_1_29' title='bbox 135 326 227 353; x_wconf 88' lang='lat' dir='ltr'>eadem</span> <span class='ocrx_word' id='word_1_30' title='bbox 242 327 280 353; x_wconf 89' lang='lat' dir='ltr'>ira</span> <span class='ocrx_word' id='word_1_31' title='bbox 295 327 405 354; x_wconf 89' lang='lat' dir='ltr'>deorum</span> <span class='ocrx_word' id='word_1_32' title='bbox 427 327 494 353; x_wconf 88' lang='lat' dir='ltr'>hanc</span> <span class='ocrx_word' id='word_1_33' title='bbox 515 327 573 353; x_wconf 87' lang='lat' dir='ltr'>eius</span> <span class='ocrx_word' id='word_1_34' title='bbox 588 327 749 353; x_wconf 88' lang='lat' dir='ltr'>satellitibus</span> <span class='ocrx_word' id='word_1_35' title='bbox 768 327 857 353; x_wconf 87' lang='lat' dir='ltr'>iniecit</span> 
     </span>
     <span class='ocr_line' id='line_1_6' title="bbox 63 363 854 400; baseline -0.001 -9"><span class='ocrx_word' id='word_1_36' title='bbox 63 365 215 395; x_wconf 80' lang='lat' dir='ltr'><strong>amentiam,</strong></span> <span class='ocrx_word' id='word_1_37' title='bbox 224 369 254 390; x_wconf 88' lang='lat' dir='ltr'>ut</span> <span class='ocrx_word' id='word_1_38' title='bbox 264 364 322 391; x_wconf 90' lang='lat' dir='ltr'>sine</span> <span class='ocrx_word' id='word_1_39' title='bbox 334 364 508 400; x_wconf 81' lang='lat' dir='ltr'>imaginibus,</span> <span class='ocrx_word' id='word_1_40' title='bbox 521 365 579 390; x_wconf 91' lang='lat' dir='ltr'>sine</span> <span class='ocrx_word' id='word_1_41' title='bbox 590 369 669 390; x_wconf 89' lang='lat' dir='ltr'>cantu</span> <span class='ocrx_word' id='word_1_42' title='bbox 681 368 759 399; x_wconf 85' lang='lat' dir='ltr'>atque</span> <span class='ocrx_word' id='word_1_43' title='bbox 775 363 854 395; x_wconf 90' lang='lat' dir='ltr'>ludis,</span> 
     </span>
     <span class='ocr_line' id='line_1_7' title="bbox 62 401 857 436; baseline -0.001 -8"><span class='ocrx_word' id='word_1_44' title='bbox 62 401 120 428; x_wconf 92' lang='lat' dir='ltr'>sine</span> <span class='ocrx_word' id='word_1_45' title='bbox 132 402 277 436; x_wconf 76' lang='lat' dir='ltr'>exsequiis,</span> <span class='ocrx_word' id='word_1_46' title='bbox 292 402 349 429; x_wconf 89' lang='lat' dir='ltr'>sine</span> <span class='ocrx_word' id='word_1_47' title='bbox 362 402 494 432; x_wconf 83' lang='lat' dir='ltr'>lamentis,</span> <span class='ocrx_word' id='word_1_48' title='bbox 508 402 565 428; x_wconf 88' lang='lat' dir='ltr'>sine</span> <span class='ocrx_word' id='word_1_49' title='bbox 578 401 785 432; x_wconf 79' lang='lat' dir='ltr'>laudationibus,</span> <span class='ocrx_word' id='word_1_50' title='bbox 799 402 857 428; x_wconf 90' lang='lat' dir='ltr'>sine</span> 
     </span>
     <span class='ocr_line' id='line_1_8' title="bbox 62 438 857 474; baseline -0.003 -8"><span class='ocrx_word' id='word_1_51' title='bbox 62 438 163 470; x_wconf 89' lang='lat' dir='ltr'>funere,</span> <span class='ocrx_word' id='word_1_52' title='bbox 181 438 280 465; x_wconf 90' lang='lat' dir='ltr'>oblitus</span> <span class='ocrx_word' id='word_1_53' title='bbox 291 448 383 466; x_wconf 90' lang='lat' dir='ltr'>cruore</span> <span class='ocrx_word' id='word_1_54' title='bbox 394 443 419 465; x_wconf 84' lang='lat' dir='ltr'>et</span> <span class='ocrx_word' id='word_1_55' title='bbox 431 439 493 470; x_wconf 89' lang='lat' dir='ltr'>luto,</span> <span class='ocrx_word' id='word_1_56' title='bbox 511 438 641 474; x_wconf 91' lang='lat' dir='ltr'>spoliatus</span> <span class='ocrx_word' id='word_1_57' title='bbox 652 439 726 465; x_wconf 92' lang='lat' dir='ltr'>illius</span> <span class='ocrx_word' id='word_1_58' title='bbox 738 439 857 473; x_wconf 84' lang='lat' dir='ltr'>supremi</span> 
     </span>
     <span class='ocr_line' id='line_1_9' title="bbox 61 475 854 508; baseline 0 -6"><span class='ocrx_word' id='word_1_59' title='bbox 61 476 116 503; x_wconf 87' lang='lat' dir='ltr'>diei</span> <span class='ocrx_word' id='word_1_60' title='bbox 136 475 297 508; x_wconf 81' lang='lat' dir='ltr'>celebritate,</span> <span class='ocrx_word' id='word_1_61' title='bbox 318 478 361 504; x_wconf 91' lang='lat' dir='ltr'>cui</span> <span class='ocrx_word' id='word_1_62' title='bbox 381 476 525 503; x_wconf 86' lang='lat' dir='ltr'>concedere</span> <span class='ocrx_word' id='word_1_63' title='bbox 548 477 627 502; x_wconf 90' lang='lat' dir='ltr'>etiam</span> <span class='ocrx_word' id='word_1_64' title='bbox 643 476 745 502; x_wconf 89' lang='lat' dir='ltr'>inimici</span> <span class='ocrx_word' id='word_1_65' title='bbox 760 475 854 507; x_wconf 83' lang='lat' dir='ltr'>solent,</span> 
     </span>
     <span class='ocr_line' id='line_1_10' title="bbox 62 513 858 544; baseline -0.001 -4"><span class='ocrx_word' id='word_1_66' title='bbox 62 513 248 540; x_wconf 83' lang='lat' dir='ltr'>ambureretur</span> <span class='ocrx_word' id='word_1_67' title='bbox 263 514 393 541; x_wconf 90' lang='lat' dir='ltr'>abiectus.</span> <span class='ocrx_word' id='word_1_68' title='bbox 421 515 478 541; x_wconf 93' lang='lat' dir='ltr'>Non</span> <span class='ocrx_word' id='word_1_69' title='bbox 495 513 579 540; x_wconf 86' lang='lat' dir='ltr'>fuisse</span> <span class='ocrx_word' id='word_1_70' title='bbox 589 513 667 540; x_wconf 90' lang='lat' dir='ltr'>credo</span> <span class='ocrx_word' id='word_1_71' title='bbox 679 513 727 544; x_wconf 85' lang='lat' dir='ltr'>fas,</span> <span class='ocrx_word' id='word_1_72' title='bbox 740 513 858 539; x_wconf 90' lang='lat' dir='ltr'>clarissi-</span> 
     </span>
     <span class='ocr_line' id='line_1_11' title="bbox 62 550 858 585; baseline -0.001 -8"><span class='ocrx_word' id='word_1_73' title='bbox 62 559 167 577; x_wconf 90' lang='lat' dir='ltr'>morum</span> <span class='ocrx_word' id='word_1_74' title='bbox 182 551 300 578; x_wconf 89' lang='lat' dir='ltr'>virorum</span> <span class='ocrx_word' id='word_1_75' title='bbox 317 551 415 578; x_wconf 89' lang='lat' dir='ltr'>formas</span> <span class='ocrx_word' id='word_1_76' title='bbox 430 551 470 578; x_wconf 90' lang='lat' dir='ltr'>illi</span> <span class='ocrx_word' id='word_1_77' title='bbox 486 551 636 577; x_wconf 88' lang='lat' dir='ltr'>taeterrimo</span> <span class='ocrx_word' id='word_1_78' title='bbox 649 550 797 585; x_wconf 89' lang='lat' dir='ltr'>parricidae</span> <span class='ocrx_word' id='word_1_79' title='bbox 808 550 858 576; x_wconf 90' lang='lat' dir='ltr'>ali-</span> 
     </span>
     <span class='ocr_line' id='line_1_12' title="bbox 61 587 855 624; baseline -0.001 -9"><span class='ocrx_word' id='word_1_80' title='bbox 61 587 128 624; x_wconf 88' lang='lat' dir='ltr'>quid</span> <span class='ocrx_word' id='word_1_81' title='bbox 143 588 246 615; x_wconf 88' lang='lat' dir='ltr'>decoris</span> <span class='ocrx_word' id='word_1_82' title='bbox 261 588 361 620; x_wconf 77' lang='lat' dir='ltr'>afferre,</span> <span class='ocrx_word' id='word_1_83' title='bbox 375 597 461 624; x_wconf 87' lang='lat' dir='ltr'>neque</span> <span class='ocrx_word' id='word_1_84' title='bbox 473 588 528 615; x_wconf 92' lang='lat' dir='ltr'>ullo</span> <span class='ocrx_word' id='word_1_85' title='bbox 538 589 566 614; x_wconf 90' lang='lat' dir='ltr'>in</span> <span class='ocrx_word' id='word_1_86' title='bbox 578 587 634 614; x_wconf 89' lang='lat' dir='ltr'>loco</span> <span class='ocrx_word' id='word_1_87' title='bbox 644 588 734 622; x_wconf 90' lang='lat' dir='ltr'>potius</span> <span class='ocrx_word' id='word_1_88' title='bbox 745 592 855 614; x_wconf 88' lang='lat' dir='ltr'>mortem</span> 
     </span>
     <span class='ocr_line' id='line_1_13' title="bbox 61 624 741 661; baseline -0.003 -9"><span class='ocrx_word' id='word_1_89' title='bbox 61 626 120 653; x_wconf 88' lang='lat' dir='ltr'>eius</span> <span class='ocrx_word' id='word_1_90' title='bbox 133 625 248 657; x_wconf 90' lang='lat' dir='ltr'>lacerari,</span> <span class='ocrx_word' id='word_1_91' title='bbox 263 635 343 661; x_wconf 90' lang='lat' dir='ltr'>quam</span> <span class='ocrx_word' id='word_1_92' title='bbox 356 627 383 652; x_wconf 93' lang='lat' dir='ltr'>in</span> <span class='ocrx_word' id='word_1_93' title='bbox 395 635 448 661; x_wconf 89' lang='lat' dir='ltr'>quo</span> <span class='ocrx_word' id='word_1_94' title='bbox 463 626 515 652; x_wconf 91' lang='lat' dir='ltr'>vita</span> <span class='ocrx_word' id='word_1_95' title='bbox 527 630 597 651; x_wconf 88' lang='lat' dir='ltr'>esset</span> <span class='ocrx_word' id='word_1_96' title='bbox 608 624 741 651; x_wconf 91' lang='lat' dir='ltr'>damnata.</span> 
     </span>
    </p>

    <p class='ocr_par' dir='ltr' id='par_1_3' title="bbox 54 661 857 2718">
     <span class='ocr_line' id='line_1_14' title="bbox 118 661 856 696; baseline -0.001 -7"><span class='ocrx_word' id='word_1_97' title='bbox 118 663 159 689; x_wconf 85' lang='lat'>87.</span> <span class='ocrx_word' id='word_1_98' title='bbox 181 663 251 689; x_wconf 89' lang='lat' dir='ltr'>Dura</span> <span class='ocrx_word' id='word_1_99' title='bbox 266 664 343 694; x_wconf 87' lang='lat' dir='ltr'>mihi,</span> <span class='ocrx_word' id='word_1_100' title='bbox 362 663 466 689; x_wconf 88' lang='lat' dir='ltr'>medius</span> <span class='ocrx_word' id='word_1_101' title='bbox 479 662 568 693; x_wconf 86' lang='lat' dir='ltr'>fidius,</span> <span class='ocrx_word' id='word_1_102' title='bbox 582 663 635 688; x_wconf 90' lang='lat' dir='ltr'>iam</span> <span class='ocrx_word' id='word_1_103' title='bbox 648 661 751 688; x_wconf 88' lang='lat' dir='ltr'>fortuna</span> <span class='ocrx_word' id='word_1_104' title='bbox 763 661 856 696; x_wconf 88' lang='lat' dir='ltr'>populi</span> 
     </span>
     <span class='ocr_line' id='line_1_15' title="bbox 60 699 856 735; baseline -0.003 -8"><span class='ocrx_word' id='word_1_105' title='bbox 60 700 172 727; x_wconf 85' lang='lat' dir='ltr'>Romani</span> <span class='ocrx_word' id='word_1_106' title='bbox 191 704 217 727; x_wconf 90' lang='lat' dir='ltr'>et</span> <span class='ocrx_word' id='word_1_107' title='bbox 237 700 352 727; x_wconf 83' lang='lat' dir='ltr'>crudelis</span> <span class='ocrx_word' id='word_1_108' title='bbox 373 700 526 731; x_wconf 89' lang='lat' dir='ltr'>videbatur,</span> <span class='ocrx_word' id='word_1_109' title='bbox 543 708 612 735; x_wconf 89' lang='lat' dir='ltr'>quae</span> <span class='ocrx_word' id='word_1_110' title='bbox 628 703 665 725; x_wconf 90' lang='lat' dir='ltr'>tot</span> <span class='ocrx_word' id='word_1_111' title='bbox 679 708 762 726; x_wconf 88' lang='lat' dir='ltr'>annos</span> <span class='ocrx_word' id='word_1_112' title='bbox 778 699 856 725; x_wconf 91' lang='lat' dir='ltr'>illum</span> 
     </span>
     <span class='ocr_line' id='line_1_16' title="bbox 60 736 854 773; baseline -0.003 -9"><span class='ocrx_word' id='word_1_113' title='bbox 60 738 88 764; x_wconf 94' lang='lat' dir='ltr'>in</span> <span class='ocrx_word' id='word_1_114' title='bbox 110 737 178 764; x_wconf 88' lang='lat' dir='ltr'>hanc</span> <span class='ocrx_word' id='word_1_115' title='bbox 199 737 391 773; x_wconf 80' lang='lat' dir='ltr'>rempublicam</span> <span class='ocrx_word' id='word_1_116' title='bbox 407 737 536 763; x_wconf 88' lang='lat' dir='ltr'>insultare</span> <span class='ocrx_word' id='word_1_117' title='bbox 552 736 654 763; x_wconf 85' lang='lat' dir='ltr'>videret</span> <span class='ocrx_word' id='word_1_118' title='bbox 671 740 695 762; x_wconf 87' lang='lat' dir='ltr'>et</span> <span class='ocrx_word' id='word_1_119' title='bbox 711 740 854 771; x_wconf 87' lang='lat' dir='ltr'>pateretur.</span> 
     </span>
     <span class='ocr_line' id='line_1_17' title="bbox 61 773 857 810; baseline -0.001 -9"><span class='ocrx_word' id='word_1_120' title='bbox 61 774 194 802; x_wconf 85' lang='lat' dir='ltr'>Polluerat</span> <span class='ocrx_word' id='word_1_121' title='bbox 208 780 301 810; x_wconf 89' lang='lat' dir='ltr'>stupro</span> <span class='ocrx_word' id='word_1_122' title='bbox 316 775 499 801; x_wconf 86' lang='lat' dir='ltr'>sanctissimas</span> <span class='ocrx_word' id='word_1_123' title='bbox 511 773 662 810; x_wconf 84' lang='lat' dir='ltr'>religiones,</span> <span class='ocrx_word' id='word_1_124' title='bbox 676 778 785 800; x_wconf 87' lang='lat' dir='ltr'>senatus</span> <span class='ocrx_word' id='word_1_125' title='bbox 796 783 857 810; x_wconf 85' lang='lat' dir='ltr'>gra-</span> 
     </span>
     <span class='ocr_line' id='line_1_18' title="bbox 61 811 855 848; baseline -0.003 -9"><span class='ocrx_word' id='word_1_126' title='bbox 61 813 174 839; x_wconf 87' lang='lat' dir='ltr'>vissima</span> <span class='ocrx_word' id='word_1_127' title='bbox 188 812 292 839; x_wconf 85' lang='lat' dir='ltr'>decreta</span> <span class='ocrx_word' id='word_1_128' title='bbox 307 811 477 848; x_wconf 83' lang='lat' dir='ltr'>perfregerat,</span> <span class='ocrx_word' id='word_1_129' title='bbox 495 812 608 846; x_wconf 88' lang='lat' dir='ltr'>pecunia</span> <span class='ocrx_word' id='word_1_130' title='bbox 620 820 648 837; x_wconf 91' lang='lat' dir='ltr'>se</span> <span class='ocrx_word' id='word_1_131' title='bbox 659 811 747 846; x_wconf 87' lang='lat' dir='ltr'>palam</span> <span class='ocrx_word' id='word_1_132' title='bbox 759 820 772 837; x_wconf 86' lang='lat' dir='ltr'>a</span> <span class='ocrx_word' id='word_1_133' title='bbox 784 811 855 837; x_wconf 87' lang='lat' dir='ltr'>iudi—</span> 
     </span>
     <span class='ocr_line' id='line_1_19' title="bbox 59 849 857 881; baseline -0.003 -5"><span class='ocrx_word' id='word_1_134' title='bbox 59 849 137 876; x_wconf 82' lang='lat' dir='ltr'>cibus</span> <span class='ocrx_word' id='word_1_135' title='bbox 148 849 303 881; x_wconf 79' lang='lat' dir='ltr'>redemerat,</span> <span class='ocrx_word' id='word_1_136' title='bbox 318 853 425 876; x_wconf 86' lang='lat' dir='ltr'>vexarat</span> <span class='ocrx_word' id='word_1_137' title='bbox 435 849 462 875; x_wconf 96' lang='lat' dir='ltr'>in</span> <span class='ocrx_word' id='word_1_138' title='bbox 474 849 610 875; x_wconf 81' lang='lat' dir='ltr'>tribunatu</span> <span class='ocrx_word' id='word_1_139' title='bbox 622 853 753 879; x_wconf 83' lang='lat' dir='ltr'>senatum.</span> <span class='ocrx_word' id='word_1_140' title='bbox 769 849 857 875; x_wconf 89' lang='lat' dir='ltr'>omni-</span> 
     </span>
     <span class='ocr_line' id='line_1_20' title="bbox 60 885 857 921; baseline -0.001 -8"><span class='ocrx_word' id='word_1_141' title='bbox 60 895 107 914; x_wconf 90' lang='lat' dir='ltr'>um</span> <span class='ocrx_word' id='word_1_142' title='bbox 117 886 243 913; x_wconf 88' lang='lat' dir='ltr'>ordinum</span> <span class='ocrx_word' id='word_1_143' title='bbox 254 895 386 913; x_wconf 91' lang='lat' dir='ltr'>consensu</span> <span class='ocrx_word' id='word_1_144' title='bbox 397 895 445 921; x_wconf 91' lang='lat' dir='ltr'>pro</span> <span class='ocrx_word' id='word_1_145' title='bbox 455 886 540 912; x_wconf 89' lang='lat' dir='ltr'>salute</span> <span class='ocrx_word' id='word_1_146' title='bbox 552 885 716 921; x_wconf 89' lang='lat' dir='ltr'>reipublicae</span> <span class='ocrx_word' id='word_1_147' title='bbox 726 890 800 921; x_wconf 86' lang='lat' dir='ltr'>gesta</span> <span class='ocrx_word' id='word_1_148' title='bbox 815 894 857 912; x_wconf 87' lang='lat' dir='ltr'>re-</span> 
     </span>
     <span class='ocr_line' id='line_1_21' title="bbox 59 923 856 959; baseline 0 -9"><span class='ocrx_word' id='word_1_149' title='bbox 59 923 181 955; x_wconf 85' lang='lat' dir='ltr'>sciderat,</span> <span class='ocrx_word' id='word_1_150' title='bbox 195 932 237 950; x_wconf 90' lang='lat' dir='ltr'>me</span> <span class='ocrx_word' id='word_1_151' title='bbox 248 925 332 959; x_wconf 79' lang='lat' dir='ltr'>patria</span> <span class='ocrx_word' id='word_1_152' title='bbox 346 924 493 959; x_wconf 84' lang='lat' dir='ltr'>expulerat,</span> <span class='ocrx_word' id='word_1_153' title='bbox 507 923 736 959; x_wconf 87' lang='lat' dir='ltr'>bonadiripuerat,</span> <span class='ocrx_word' id='word_1_154' title='bbox 745 923 856 950; x_wconf 87' lang='lat' dir='ltr'>domum</span> 
     </span>
     <span class='ocr_line' id='line_1_22' title="bbox 59 960 854 997; baseline -0.001 -9"><span class='ocrx_word' id='word_1_155' title='bbox 59 961 220 993; x_wconf 80' lang='lat' dir='ltr'>incenderat,</span> <span class='ocrx_word' id='word_1_156' title='bbox 243 961 349 993; x_wconf 89' lang='lat' dir='ltr'>liberos,</span> <span class='ocrx_word' id='word_1_157' title='bbox 372 962 514 997; x_wconf 89' lang='lat' dir='ltr'>coniugem</span> <span class='ocrx_word' id='word_1_158' title='bbox 534 970 621 987; x_wconf 89' lang='lat' dir='ltr'>meam</span> <span class='ocrx_word' id='word_1_159' title='bbox 636 966 787 992; x_wconf 83' lang='lat' dir='ltr'>vexaverat,</span> <span class='ocrx_word' id='word_1_160' title='bbox 806 960 854 988; x_wconf 92' lang='lat' dir='ltr'>Cn.</span> 
     </span>
     <span class='ocr_line' id='line_1_23' title="bbox 58 998 854 1034; baseline -0.001 -9"><span class='ocrx_word' id='word_1_161' title='bbox 58 999 184 1034; x_wconf 87' lang='lat' dir='ltr'>Pompeio</span> <span class='ocrx_word' id='word_1_162' title='bbox 205 998 336 1025; x_wconf 89' lang='lat' dir='ltr'>nefarium</span> <span class='ocrx_word' id='word_1_163' title='bbox 357 998 460 1025; x_wconf 90' lang='lat' dir='ltr'>bellum</span> <span class='ocrx_word' id='word_1_164' title='bbox 481 998 626 1030; x_wconf 83' lang='lat' dir='ltr'>indixerat,</span> <span class='ocrx_word' id='word_1_165' title='bbox 649 999 854 1034; x_wconf 81' lang='lat' dir='ltr'>magistratuum</span> 
     </span>
     <span class='ocr_line' id='line_1_24' title="bbox 58 1035 856 1072; baseline 0 -10"><span class='ocrx_word' id='word_1_166' title='bbox 58 1036 279 1072; x_wconf 86' lang='lat' dir='ltr'>privatorumque</span> <span class='ocrx_word' id='word_1_167' title='bbox 294 1036 389 1063; x_wconf 89' lang='lat' dir='ltr'>caedes</span> <span class='ocrx_word' id='word_1_168' title='bbox 404 1036 509 1068; x_wconf 80' lang='lat' dir='ltr'>fecerat,</span> <span class='ocrx_word' id='word_1_169' title='bbox 523 1035 634 1062; x_wconf 89' lang='lat' dir='ltr'>domum</span> <span class='ocrx_word' id='word_1_170' title='bbox 649 1037 702 1062; x_wconf 87' lang='lat' dir='ltr'>mei</span> <span class='ocrx_word' id='word_1_171' title='bbox 713 1035 802 1062; x_wconf 86' lang='lat' dir='ltr'>fratris</span> <span class='ocrx_word' id='word_1_172' title='bbox 814 1036 856 1062; x_wconf 84' lang='lat' dir='ltr'>in-</span> 
     </span>
     <span class='ocr_line' id='line_1_25' title="bbox 58 1073 856 1106; baseline 0 -6"><span class='ocrx_word' id='word_1_173' title='bbox 58 1073 190 1105; x_wconf 89' lang='lat' dir='ltr'>cenderat,</span> <span class='ocrx_word' id='word_1_174' title='bbox 207 1077 322 1101; x_wconf 87' lang='lat' dir='ltr'>vastarat</span> <span class='ocrx_word' id='word_1_175' title='bbox 335 1074 479 1106; x_wconf 87' lang='lat' dir='ltr'>Etruriam,</span> <span class='ocrx_word' id='word_1_176' title='bbox 498 1073 597 1100; x_wconf 91' lang='lat' dir='ltr'>multos</span> <span class='ocrx_word' id='word_1_177' title='bbox 608 1073 719 1100; x_wconf 88' lang='lat' dir='ltr'>sedibus</span> <span class='ocrx_word' id='word_1_178' title='bbox 731 1082 760 1100; x_wconf 89' lang='lat' dir='ltr'>ac</span> <span class='ocrx_word' id='word_1_179' title='bbox 771 1073 856 1100; x_wconf 84' lang='lat' dir='ltr'>fortu-</span> 
     </span>
     <span class='ocr_line' id='line_1_26' title="bbox 58 1111 854 1148; baseline -0.001 -10"><span class='ocrx_word' id='word_1_180' title='bbox 58 1111 101 1138; x_wconf 84' lang='lat' dir='ltr'>nis</span> <span class='ocrx_word' id='word_1_181' title='bbox 116 1112 242 1143; x_wconf 89' lang='lat' dir='ltr'>eiecerat;</span> <span class='ocrx_word' id='word_1_182' title='bbox 263 1111 388 1142; x_wconf 88' lang='lat' dir='ltr'>instabat,</span> <span class='ocrx_word' id='word_1_183' title='bbox 402 1111 522 1148; x_wconf 87' lang='lat' dir='ltr'>urgebat,</span> <span class='ocrx_word' id='word_1_184' title='bbox 536 1119 630 1146; x_wconf 85' lang='lat' dir='ltr'>capere</span> <span class='ocrx_word' id='word_1_185' title='bbox 641 1111 700 1138; x_wconf 87' lang='lat' dir='ltr'>eius</span> <span class='ocrx_word' id='word_1_186' title='bbox 712 1111 854 1137; x_wconf 87' lang='lat' dir='ltr'>amentiam</span> 
     </span>
     <span class='ocr_line' id='line_1_27' title="bbox 57 1148 856 1184; baseline 0 -9"><span class='ocrx_word' id='word_1_187' title='bbox 57 1148 161 1180; x_wconf 89' lang='lat' dir='ltr'>civitas,</span> <span class='ocrx_word' id='word_1_188' title='bbox 175 1148 257 1180; x_wconf 90' lang='lat' dir='ltr'>ltalia,</span> <span class='ocrx_word' id='word_1_189' title='bbox 271 1149 432 1184; x_wconf 90' lang='lat' dir='ltr'>provinciae,</span> <span class='ocrx_word' id='word_1_190' title='bbox 446 1157 526 1184; x_wconf 87' lang='lat' dir='ltr'>regna</span> <span class='ocrx_word' id='word_1_191' title='bbox 539 1157 590 1175; x_wconf 91' lang='lat' dir='ltr'>non</span> <span class='ocrx_word' id='word_1_192' title='bbox 602 1153 735 1184; x_wconf 82' lang='lat' dir='ltr'>poterant3</span> <span class='ocrx_word' id='word_1_193' title='bbox 753 1149 856 1175; x_wconf 91' lang='lat' dir='ltr'>incide-</span> 
     </span>
     <span class='ocr_line' id='line_1_28' title="bbox 57 1185 856 1223; baseline -0.001 -10"><span class='ocrx_word' id='word_1_194' title='bbox 57 1185 155 1213; x_wconf 84' lang='lat' dir='ltr'>bantur</span> <span class='ocrx_word' id='word_1_195' title='bbox 170 1186 224 1212; x_wconf 85' lang='lat' dir='ltr'>iam</span> <span class='ocrx_word' id='word_1_196' title='bbox 239 1186 311 1213; x_wconf 92' lang='lat' dir='ltr'>domi</span> <span class='ocrx_word' id='word_1_197' title='bbox 328 1186 410 1223; x_wconf 81' lang='lat' dir='ltr'>leges,</span> <span class='ocrx_word' id='word_1_198' title='bbox 428 1195 496 1222; x_wconf 91' lang='lat' dir='ltr'>quae</span> <span class='ocrx_word' id='word_1_199' title='bbox 511 1194 559 1213; x_wconf 92' lang='lat' dir='ltr'>nos</span> <span class='ocrx_word' id='word_1_200' title='bbox 571 1187 670 1212; x_wconf 87' lang='lat' dir='ltr'>nostris</span> <span class='ocrx_word' id='word_1_201' title='bbox 682 1187 768 1212; x_wconf 86' lang='lat' dir='ltr'>servis</span> <span class='ocrx_word' id='word_1_202' title='bbox 780 1185 856 1212; x_wconf 84' lang='lat' dir='ltr'>addi-</span> 
     </span>
     <span class='ocr_line' id='line_1_29' title="bbox 57 1223 855 1259; baseline -0.001 -9"><span class='ocrx_word' id='word_1_203' title='bbox 57 1228 159 1256; x_wconf 91' lang='lat' dir='ltr'>cerent;</span> <span class='ocrx_word' id='word_1_204' title='bbox 182 1223 250 1250; x_wconf 91' lang='lat' dir='ltr'>nihil</span> <span class='ocrx_word' id='word_1_205' title='bbox 266 1228 321 1250; x_wconf 85' lang='lat' dir='ltr'>erat</span> <span class='ocrx_word' id='word_1_206' title='bbox 336 1225 507 1259; x_wconf 81' lang='lat' dir='ltr'>cuiusquam,</span> <span class='ocrx_word' id='word_1_207' title='bbox 528 1223 601 1259; x_wconf 90' lang='lat' dir='ltr'>quod</span> <span class='ocrx_word' id='word_1_208' title='bbox 612 1223 724 1259; x_wconf 89' lang='lat' dir='ltr'>quidem</span> <span class='ocrx_word' id='word_1_209' title='bbox 735 1223 781 1250; x_wconf 90' lang='lat' dir='ltr'>ille</span> <span class='ocrx_word' id='word_1_210' title='bbox 792 1223 855 1250; x_wconf 86' lang='lat' dir='ltr'>ada-</span> 
     </span>
     <span class='ocr_line' id='line_1_30' title="bbox 57 1260 856 1296; baseline 0 -9"><span class='ocrx_word' id='word_1_211' title='bbox 57 1264 166 1292; x_wconf 84' lang='lat' dir='ltr'>masset,</span> <span class='ocrx_word' id='word_1_212' title='bbox 179 1260 252 1296; x_wconf 87' lang='lat' dir='ltr'>quod</span> <span class='ocrx_word' id='word_1_213' title='bbox 263 1270 315 1288; x_wconf 93' lang='lat' dir='ltr'>non</span> <span class='ocrx_word' id='word_1_214' title='bbox 325 1261 375 1288; x_wconf 88' lang='lat' dir='ltr'>hoc</span> <span class='ocrx_word' id='word_1_215' title='bbox 386 1270 455 1288; x_wconf 90' lang='lat' dir='ltr'>anno</span> <span class='ocrx_word' id='word_1_216' title='bbox 465 1270 547 1288; x_wconf 92' lang='lat' dir='ltr'>suum</span> <span class='ocrx_word' id='word_1_217' title='bbox 555 1261 608 1288; x_wconf 89' lang='lat' dir='ltr'>fore</span> <span class='ocrx_word' id='word_1_218' title='bbox 615 1265 728 1296; x_wconf 89' lang='lat' dir='ltr'>putaret.</span> <span class='ocrx_word' id='word_1_219' title='bbox 751 1263 792 1287; x_wconf 89' lang='lat'>88.</span> <span class='ocrx_word' id='word_1_220' title='bbox 801 1260 856 1288; x_wconf 94' lang='lat' dir='ltr'>Ob-</span> 
     </span>
     <span class='ocr_line' id='line_1_31' title="bbox 57 1298 853 1335; baseline 0 -10"><span class='ocrx_word' id='word_1_221' title='bbox 57 1298 144 1325; x_wconf 85' lang='lat' dir='ltr'>stabat</span> <span class='ocrx_word' id='word_1_222' title='bbox 172 1298 230 1325; x_wconf 87' lang='lat' dir='ltr'>eius</span> <span class='ocrx_word' id='word_1_223' title='bbox 255 1298 461 1335; x_wconf 85' lang='lat' dir='ltr'>cogitationibus</span> <span class='ocrx_word' id='word_1_224' title='bbox 488 1307 566 1325; x_wconf 88' lang='lat' dir='ltr'>nemo</span> <span class='ocrx_word' id='word_1_225' title='bbox 589 1303 692 1333; x_wconf 85' lang='lat' dir='ltr'>praeter</span> <span class='ocrx_word' id='word_1_226' title='bbox 717 1298 853 1325; x_wconf 86' lang='lat' dir='ltr'>Milonem.</span> 
     </span>
     <span class='ocr_line' id='line_1_32' title="bbox 57 1335 856 1371; baseline -0.001 -8"><span class='ocrx_word' id='word_1_227' title='bbox 57 1337 149 1371; x_wconf 88' lang='lat' dir='ltr'>lpsum</span> <span class='ocrx_word' id='word_1_228' title='bbox 165 1335 252 1367; x_wconf 81' lang='lat' dir='ltr'>illum,</span> <span class='ocrx_word' id='word_1_229' title='bbox 269 1336 318 1371; x_wconf 91' lang='lat' dir='ltr'>qui</span> <span class='ocrx_word' id='word_1_230' title='bbox 334 1341 435 1371; x_wconf 87' lang='lat' dir='ltr'>poterat</span> <span class='ocrx_word' id='word_1_231' title='bbox 449 1335 563 1367; x_wconf 86' lang='lat' dir='ltr'>obstare,</span> <span class='ocrx_word' id='word_1_232' title='bbox 577 1344 645 1362; x_wconf 92' lang='lat' dir='ltr'>novo</span> <span class='ocrx_word' id='word_1_233' title='bbox 658 1335 746 1362; x_wconf 89' lang='lat' dir='ltr'>reditu</span> <span class='ocrx_word' id='word_1_234' title='bbox 757 1336 785 1362; x_wconf 92' lang='lat' dir='ltr'>in</span> <span class='ocrx_word' id='word_1_235' title='bbox 795 1344 856 1371; x_wconf 87' lang='lat' dir='ltr'>gra-</span> 
     </span>
     <span class='ocr_line' id='line_1_33' title="bbox 57 1372 855 1408; baseline 0.001 -9"><span class='ocrx_word' id='word_1_236' title='bbox 57 1374 121 1400; x_wconf 91' lang='lat' dir='ltr'>tiam</span> <span class='ocrx_word' id='word_1_237' title='bbox 132 1373 209 1408; x_wconf 85' lang='lat' dir='ltr'>quasi</span> <span class='ocrx_word' id='word_1_238' title='bbox 220 1372 376 1400; x_wconf 83' lang='lat' dir='ltr'>devinctum</span> <span class='ocrx_word' id='word_1_239' title='bbox 388 1373 574 1404; x_wconf 76' lang='lat' dir='ltr'>arbitrabatur.</span> <span class='ocrx_word' id='word_1_240' title='bbox 583 1373 702 1400; x_wconf 86' lang='lat' dir='ltr'>Caesaris</span> <span class='ocrx_word' id='word_1_241' title='bbox 709 1374 855 1408; x_wconf 85' lang='lat' dir='ltr'>potentiam</span> 
     </span>
     <span class='ocr_line' id='line_1_34' title="bbox 56 1410 855 1441; baseline 0 -4"><span class='ocrx_word' id='word_1_242' title='bbox 56 1419 134 1437; x_wconf 90' lang='lat' dir='ltr'>suam</span> <span class='ocrx_word' id='word_1_243' title='bbox 147 1419 206 1437; x_wconf 85' lang='lat' dir='ltr'>esse</span> <span class='ocrx_word' id='word_1_244' title='bbox 215 1410 329 1441; x_wconf 84' lang='lat' dir='ltr'>dicebat,</span> <span class='ocrx_word' id='word_1_245' title='bbox 342 1410 472 1438; x_wconf 91' lang='lat' dir='ltr'>bonorum</span> <span class='ocrx_word' id='word_1_246' title='bbox 484 1412 586 1437; x_wconf 90' lang='lat' dir='ltr'>animos</span> <span class='ocrx_word' id='word_1_247' title='bbox 598 1411 678 1437; x_wconf 86' lang='lat' dir='ltr'>etiam</span> <span class='ocrx_word' id='word_1_248' title='bbox 688 1411 717 1437; x_wconf 92' lang='lat' dir='ltr'>in</span> <span class='ocrx_word' id='word_1_249' title='bbox 727 1419 855 1437; x_wconf 88' lang='lat' dir='ltr'>meoeasu</span> 
     </span>
     <span class='ocr_line' id='line_1_35' title="bbox 56 1447 857 1484; baseline -0.001 -9"><span class='ocrx_word' id='word_1_250' title='bbox 56 1452 264 1483; x_wconf 84' lang='lat' dir='ltr'>contempserat,</span> <span class='ocrx_word' id='word_1_251' title='bbox 286 1447 349 1475; x_wconf 84' lang='lat' dir='ltr'>Milo</span> <span class='ocrx_word' id='word_1_252' title='bbox 365 1457 435 1475; x_wconf 87' lang='lat' dir='ltr'>unus</span> <span class='ocrx_word' id='word_1_253' title='bbox 450 1448 569 1484; x_wconf 85' lang='lat' dir='ltr'>urgebat.</span> <span class='ocrx_word' id='word_1_254' title='bbox 611 1448 734 1474; x_wconf 87' lang='lat' dir='ltr'>XXXlll.</span> <span class='ocrx_word' id='word_1_255' title='bbox 755 1448 804 1475; x_wconf 83' lang='lat' dir='ltr'>Hic</span> <span class='ocrx_word' id='word_1_256' title='bbox 819 1448 857 1474; x_wconf 94' lang='lat' dir='ltr'>dii</span> 
     </span>
     <span class='ocr_line' id='line_1_36' title="bbox 57 1485 857 1521; baseline 0 -9"><span class='ocrx_word' id='word_1_257' title='bbox 57 1485 235 1517; x_wconf 82' lang='lat' dir='ltr'>immortales,</span> <span class='ocrx_word' id='word_1_258' title='bbox 254 1490 282 1512; x_wconf 92' lang='lat' dir='ltr'>ut</span> <span class='ocrx_word' id='word_1_259' title='bbox 303 1494 383 1520; x_wconf 89' lang='lat' dir='ltr'>supra</span> <span class='ocrx_word' id='word_1_260' title='bbox 395 1485 460 1517; x_wconf 86' lang='lat' dir='ltr'>dixi,</span> <span class='ocrx_word' id='word_1_261' title='bbox 475 1490 591 1512; x_wconf 88' lang='lat' dir='ltr'>mentem</span> <span class='ocrx_word' id='word_1_262' title='bbox 602 1485 734 1512; x_wconf 85' lang='lat' dir='ltr'>dederunt</span> <span class='ocrx_word' id='word_1_263' title='bbox 744 1485 784 1512; x_wconf 93' lang='lat' dir='ltr'>illi</span> <span class='ocrx_word' id='word_1_264' title='bbox 796 1494 857 1521; x_wconf 90' lang='lat' dir='ltr'>per-</span> 
     </span>
     <span class='ocr_line' id='line_1_37' title="bbox 57 1522 855 1558; baseline 0 -9"><span class='ocrx_word' id='word_1_265' title='bbox 57 1523 113 1550; x_wconf 90' lang='lat' dir='ltr'>dito</span> <span class='ocrx_word' id='word_1_266' title='bbox 128 1531 158 1549; x_wconf 92' lang='lat' dir='ltr'>ac</span> <span class='ocrx_word' id='word_1_267' title='bbox 173 1522 282 1555; x_wconf 86' lang='lat' dir='ltr'>furioso,</span> <span class='ocrx_word' id='word_1_268' title='bbox 296 1527 325 1549; x_wconf 90' lang='lat' dir='ltr'>ut</span> <span class='ocrx_word' id='word_1_269' title='bbox 337 1523 399 1550; x_wconf 89' lang='lat' dir='ltr'>huic</span> <span class='ocrx_word' id='word_1_270' title='bbox 413 1522 510 1550; x_wconf 87' lang='lat' dir='ltr'>faceret</span> <span class='ocrx_word' id='word_1_271' title='bbox 521 1523 643 1550; x_wconf 84' lang='lat' dir='ltr'>insidias.</span> <span class='ocrx_word' id='word_1_272' title='bbox 674 1523 758 1550; x_wconf 84' lang='lat' dir='ltr'>Aliter</span> <span class='ocrx_word' id='word_1_273' title='bbox 768 1524 855 1558; x_wconf 90' lang='lat' dir='ltr'>perire</span> 
     </span>
     <span class='ocr_line' id='line_1_38' title="bbox 57 1560 854 1596; baseline 0 -9"><span class='ocrx_word' id='word_1_274' title='bbox 57 1561 141 1596; x_wconf 89' lang='lat' dir='ltr'>pestis</span> <span class='ocrx_word' id='word_1_275' title='bbox 161 1560 207 1587; x_wconf 91' lang='lat' dir='ltr'>illa</span> <span class='ocrx_word' id='word_1_276' title='bbox 228 1569 280 1587; x_wconf 89' lang='lat' dir='ltr'>non</span> <span class='ocrx_word' id='word_1_277' title='bbox 301 1561 402 1595; x_wconf 85' lang='lat' dir='ltr'>potuit:</span> <span class='ocrx_word' id='word_1_278' title='bbox 434 1569 582 1596; x_wconf 83' lang='lat' dir='ltr'>numquam</span> <span class='ocrx_word' id='word_1_279' title='bbox 602 1560 682 1587; x_wconf 90' lang='lat' dir='ltr'>illum</span> <span class='ocrx_word' id='word_1_280' title='bbox 703 1560 854 1596; x_wconf 83' lang='lat' dir='ltr'>respublica</span> 
     </span>
     <span class='ocr_line' id='line_1_39' title="bbox 57 1597 854 1633; baseline 0 -9"><span class='ocrx_word' id='word_1_281' title='bbox 57 1606 107 1624; x_wconf 89' lang='lat' dir='ltr'>suo</span> <span class='ocrx_word' id='word_1_282' title='bbox 122 1597 180 1624; x_wconf 89' lang='lat' dir='ltr'>iure</span> <span class='ocrx_word' id='word_1_283' title='bbox 195 1602 266 1624; x_wconf 87' lang='lat' dir='ltr'>esset</span> <span class='ocrx_word' id='word_1_284' title='bbox 281 1598 346 1624; x_wconf 90' lang='lat' dir='ltr'>ulta.</span> <span class='ocrx_word' id='word_1_285' title='bbox 383 1597 506 1630; x_wconf 85' lang='lat' dir='ltr'>Senatus,</span> <span class='ocrx_word' id='word_1_286' title='bbox 523 1598 611 1629; x_wconf 90' lang='lat' dir='ltr'>credo,</span> <span class='ocrx_word' id='word_1_287' title='bbox 629 1602 777 1633; x_wconf 86' lang='lat' dir='ltr'>praetorem</span> <span class='ocrx_word' id='word_1_288' title='bbox 793 1607 854 1625; x_wconf 90' lang='lat' dir='ltr'>eum</span> 
     </span>
     <span class='ocr_line' id='line_1_40' title="bbox 55 1634 856 1670; baseline 0.001 -9"><span class='ocrx_word' id='word_1_289' title='bbox 55 1634 329 1669; x_wconf 72' lang='lat' dir='ltr'>circumscripsisset?</span> <span class='ocrx_word' id='word_1_290' title='bbox 358 1636 396 1662; x_wconf 90' lang='lat' dir='ltr'>Ne</span> <span class='ocrx_word' id='word_1_291' title='bbox 409 1644 496 1670; x_wconf 89' lang='lat' dir='ltr'>quum</span> <span class='ocrx_word' id='word_1_292' title='bbox 511 1635 734 1670; x_wconf 86' lang='lat' dir='ltr'>solebatquidem</span> <span class='ocrx_word' id='word_1_293' title='bbox 746 1635 772 1662; x_wconf 91' lang='lat' dir='ltr'>id</span> <span class='ocrx_word' id='word_1_294' title='bbox 786 1635 856 1662; x_wconf 86' lang='lat' dir='ltr'>face-</span> 
     </span>
     <span class='ocr_line' id='line_1_41' title="bbox 57 1672 854 1708; baseline 0 -9"><span class='ocrx_word' id='word_1_295' title='bbox 57 1680 86 1699; x_wconf 88' lang='lat' dir='ltr'>re</span> <span class='ocrx_word' id='word_1_296' title='bbox 101 1673 129 1699; x_wconf 89' lang='lat' dir='ltr'>in</span> <span class='ocrx_word' id='word_1_297' title='bbox 146 1673 250 1707; x_wconf 82' lang='lat' dir='ltr'>privato</span> <span class='ocrx_word' id='word_1_298' title='bbox 264 1673 358 1699; x_wconf 87' lang='lat' dir='ltr'>eodem</span> <span class='ocrx_word' id='word_1_299' title='bbox 374 1672 431 1704; x_wconf 86' lang='lat' dir='ltr'>hoc,</span> <span class='ocrx_word' id='word_1_300' title='bbox 450 1672 553 1708; x_wconf 88' lang='lat' dir='ltr'>aliquid</span> <span class='ocrx_word' id='word_1_301' title='bbox 568 1672 723 1708; x_wconf 79' lang='lat' dir='ltr'>profecerat.</span> <span class='ocrx_word' id='word_1_302' title='bbox 760 1675 801 1699; x_wconf 89' lang='grc'>89.</span> <span class='ocrx_word' id='word_1_303' title='bbox 814 1673 854 1700; x_wconf 85' lang='lat' dir='ltr'>An</span> 
     </span>
     <span class='ocr_line' id='line_1_42' title="bbox 55 1709 852 1745; baseline 0.001 -9"><span class='ocrx_word' id='word_1_304' title='bbox 55 1709 179 1737; x_wconf 89' lang='lat' dir='ltr'>consules</span> <span class='ocrx_word' id='word_1_305' title='bbox 185 1710 213 1736; x_wconf 90' lang='lat' dir='ltr'>in</span> <span class='ocrx_word' id='word_1_306' title='bbox 220 1714 338 1745; x_wconf 85' lang='lat' dir='ltr'>praetore</span> <span class='ocrx_word' id='word_1_307' title='bbox 343 1710 487 1737; x_wconf 86' lang='lat' dir='ltr'>coercendo</span> <span class='ocrx_word' id='word_1_308' title='bbox 494 1710 573 1737; x_wconf 87' lang='lat' dir='ltr'>fortes</span> <span class='ocrx_word' id='word_1_309' title='bbox 580 1710 712 1737; x_wconf 74' lang='lat' dir='ltr'>fuissent?</span> <span class='ocrx_word' id='word_1_310' title='bbox 722 1711 852 1742; x_wconf 89' lang='lat' dir='ltr'>Primum,</span> 
     </span>
     <span class='ocr_line' id='line_1_43' title="bbox 55 1747 854 1784; baseline 0 -10"><span class='ocrx_word' id='word_1_311' title='bbox 55 1747 154 1774; x_wconf 84' lang='lat' dir='ltr'>Milone</span> <span class='ocrx_word' id='word_1_312' title='bbox 168 1748 255 1775; x_wconf 85' lang='lat' dir='ltr'>occiso</span> <span class='ocrx_word' id='word_1_313' title='bbox 268 1748 408 1775; x_wconf 88' lang='lat' dir='ltr'>habuisset</span> <span class='ocrx_word' id='word_1_314' title='bbox 421 1757 484 1775; x_wconf 86' lang='lat' dir='ltr'>suos</span> <span class='ocrx_word' id='word_1_315' title='bbox 500 1747 634 1775; x_wconf 87' lang='lat' dir='ltr'>consules.</span> <span class='ocrx_word' id='word_1_316' title='bbox 665 1748 774 1779; x_wconf 87' lang='lat' dir='ltr'>Deinde,</span> <span class='ocrx_word' id='word_1_317' title='bbox 791 1749 854 1784; x_wconf 85' lang='lat' dir='ltr'>quis</span> 
     </span>
     <span class='ocr_line' id='line_1_44' title="bbox 55 1784 853 1820; baseline 0.001 -9"><span class='ocrx_word' id='word_1_318' title='bbox 55 1784 84 1811; x_wconf 82' lang='lat' dir='ltr'>in</span> <span class='ocrx_word' id='word_1_319' title='bbox 99 1793 131 1812; x_wconf 89' lang='lat' dir='ltr'>eo</span> <span class='ocrx_word' id='word_1_320' title='bbox 146 1790 265 1820; x_wconf 87' lang='lat' dir='ltr'>praetore</span> <span class='ocrx_word' id='word_1_321' title='bbox 275 1785 369 1812; x_wconf 91' lang='lat' dir='ltr'>consul</span> <span class='ocrx_word' id='word_1_322' title='bbox 382 1785 456 1812; x_wconf 87' lang='lat' dir='ltr'>fortis</span> <span class='ocrx_word' id='word_1_323' title='bbox 467 1790 546 1816; x_wconf 87' lang='lat' dir='ltr'>esset,</span> <span class='ocrx_word' id='word_1_324' title='bbox 562 1794 609 1820; x_wconf 89' lang='lat' dir='ltr'>per</span> <span class='ocrx_word' id='word_1_325' title='bbox 619 1794 701 1820; x_wconf 89' lang='lat' dir='ltr'>quem</span> <span class='ocrx_word' id='word_1_326' title='bbox 713 1786 853 1812; x_wconf 85' lang='lat' dir='ltr'>tribunum</span> 
     </span>
     <span class='ocr_line' id='line_1_45' title="bbox 56 1822 855 1850; baseline 0.001 -1"><span class='ocrx_word' id='word_1_327' title='bbox 56 1822 182 1849; x_wconf 86' lang='lat' dir='ltr'>virtutem</span> <span class='ocrx_word' id='word_1_328' title='bbox 197 1822 365 1850; x_wconf 84' lang='lat' dir='ltr'>consularem</span> <span class='ocrx_word' id='word_1_329' title='bbox 380 1823 568 1850; x_wconf 86' lang='lat' dir='ltr'>crudelissime</span> <span class='ocrx_word' id='word_1_330' title='bbox 584 1828 706 1850; x_wconf 81' lang='lat' dir='ltr'>vexatam</span> <span class='ocrx_word' id='word_1_331' title='bbox 722 1832 782 1850; x_wconf 89' lang='lat' dir='ltr'>esse</span> <span class='ocrx_word' id='word_1_332' title='bbox 797 1831 855 1850; x_wconf 91' lang='lat' dir='ltr'>me-</span> 
     </span>
     <span class='ocr_line' id='line_1_46' title="bbox 55 1858 854 1897; baseline 0.003 -11"><span class='ocrx_word' id='word_1_333' title='bbox 55 1858 196 1887; x_wconf 68' lang='lat' dir='ltr'>minisset?</span> <span class='ocrx_word' id='word_1_334' title='bbox 215 1860 399 1895; x_wconf 88' lang='lat' dir='ltr'>Oppressisset</span> <span class='ocrx_word' id='word_1_335' title='bbox 409 1861 506 1891; x_wconf 83' lang='lat' dir='ltr'>omnia.</span> <span class='ocrx_word' id='word_1_336' title='bbox 520 1861 676 1896; x_wconf 82' lang='lat' dir='ltr'>possideret,</span> <span class='ocrx_word' id='word_1_337' title='bbox 690 1860 854 1897; x_wconf 84' lang='lat' dir='ltr'>teneretlege</span> 
     </span>
     <span class='ocr_line' id='line_1_47' title="bbox 55 1898 854 1935; baseline 0.001 -11"><span class='ocrx_word' id='word_1_338' title='bbox 55 1905 132 1928; x_wconf 85' lang='lat' dir='ltr'>nova,</span> <span class='ocrx_word' id='word_1_339' title='bbox 145 1905 214 1932; x_wconf 89' lang='lat' dir='ltr'>quae</span> <span class='ocrx_word' id='word_1_340' title='bbox 225 1902 266 1924; x_wconf 86' lang='lat' dir='ltr'>est</span> <span class='ocrx_word' id='word_1_341' title='bbox 276 1898 383 1925; x_wconf 89' lang='lat' dir='ltr'>inventa</span> <span class='ocrx_word' id='word_1_342' title='bbox 394 1898 466 1933; x_wconf 86' lang='lat' dir='ltr'>apud</span> <span class='ocrx_word' id='word_1_343' title='bbox 479 1906 542 1925; x_wconf 89' lang='lat' dir='ltr'>eum</span> <span class='ocrx_word' id='word_1_344' title='bbox 551 1907 613 1925; x_wconf 92' lang='lat' dir='ltr'>cum</span> <span class='ocrx_word' id='word_1_345' title='bbox 625 1898 737 1934; x_wconf 90' lang='lat' dir='ltr'>reliquis</span> <span class='ocrx_word' id='word_1_346' title='bbox 748 1898 854 1935; x_wconf 85' lang='lat' dir='ltr'>legibus</span> 
     </span>
     <span class='ocr_line' id='line_1_48' title="bbox 56 1934 855 1967; baseline 0.001 -5"><span class='ocrx_word' id='word_1_347' title='bbox 56 1934 205 1967; x_wconf 83' lang='lat' dir='ltr'>Clodianis;</span> <span class='ocrx_word' id='word_1_348' title='bbox 225 1943 316 1961; x_wconf 90' lang='lat' dir='ltr'>servos</span> <span class='ocrx_word' id='word_1_349' title='bbox 329 1940 432 1962; x_wconf 87' lang='lat' dir='ltr'>nostros</span> <span class='ocrx_word' id='word_1_350' title='bbox 449 1935 557 1962; x_wconf 91' lang='lat' dir='ltr'>libertos</span> <span class='ocrx_word' id='word_1_351' title='bbox 572 1945 636 1962; x_wconf 89' lang='lat' dir='ltr'>suos</span> <span class='ocrx_word' id='word_1_352' title='bbox 655 1935 772 1963; x_wconf 82' lang='lat' dir='ltr'>fecisset.</span> <span class='ocrx_word' id='word_1_353' title='bbox 803 1937 855 1963; x_wconf 92' lang='lat' dir='ltr'>Po-</span> 
     </span>
     <span class='ocr_line' id='line_1_49' title="bbox 55 1972 853 2002; baseline 0.003 -4"><span class='ocrx_word' id='word_1_354' title='bbox 55 1976 163 2002; x_wconf 79' lang='lat' dir='ltr'>stremo.</span> <span class='ocrx_word' id='word_1_355' title='bbox 181 1972 234 1999; x_wconf 88' lang='lat' dir='ltr'>nisi</span> <span class='ocrx_word' id='word_1_356' title='bbox 250 1980 312 1999; x_wconf 85' lang='lat' dir='ltr'>eum</span> <span class='ocrx_word' id='word_1_357' title='bbox 327 1972 365 1999; x_wconf 87' lang='lat' dir='ltr'>dii</span> <span class='ocrx_word' id='word_1_358' title='bbox 381 1972 544 1999; x_wconf 85' lang='lat' dir='ltr'>immortales</span> <span class='ocrx_word' id='word_1_359' title='bbox 559 1973 586 2000; x_wconf 91' lang='lat' dir='ltr'>in</span> <span class='ocrx_word' id='word_1_360' title='bbox 601 1982 659 1999; x_wconf 84' lang='lat' dir='ltr'>eam</span> <span class='ocrx_word' id='word_1_361' title='bbox 675 1978 791 2000; x_wconf 89' lang='lat' dir='ltr'>mentem</span> <span class='ocrx_word' id='word_1_362' title='bbox 802 1975 853 2000; x_wconf 91' lang='lat' dir='ltr'>im-</span> 
     </span>
     <span class='ocr_line' id='line_1_50' title="bbox 55 2008 852 2044; baseline 0.004 -9"><span class='ocrx_word' id='word_1_363' title='bbox 55 2008 198 2044; x_wconf 85' lang='lat' dir='ltr'>pulissent,</span> <span class='ocrx_word' id='word_1_364' title='bbox 224 2014 254 2036; x_wconf 90' lang='lat' dir='ltr'>ut</span> <span class='ocrx_word' id='word_1_365' title='bbox 275 2009 355 2037; x_wconf 91' lang='lat' dir='ltr'>homo</span> <span class='ocrx_word' id='word_1_366' title='bbox 375 2010 543 2036; x_wconf 78' lang='lat' dir='ltr'>effeminatus</span> <span class='ocrx_word' id='word_1_367' title='bbox 565 2010 742 2037; x_wconf 87' lang='lat' dir='ltr'>fortissimum</span> <span class='ocrx_word' id='word_1_368' title='bbox 763 2012 852 2038; x_wconf 87' lang='lat' dir='ltr'>virum</span> 
     </span>
     <span class='ocr_line' id='line_1_51' title="bbox 54 2046 854 2082; baseline 0.001 -8"><span class='ocrx_word' id='word_1_369' title='bbox 54 2051 194 2074; x_wconf 81' lang='lat' dir='ltr'>conaretur</span> <span class='ocrx_word' id='word_1_370' title='bbox 204 2046 332 2078; x_wconf 85' lang='lat' dir='ltr'>occidere,</span> <span class='ocrx_word' id='word_1_371' title='bbox 345 2047 423 2074; x_wconf 88' lang='lat' dir='ltr'>hodie</span> <span class='ocrx_word' id='word_1_372' title='bbox 435 2047 628 2082; x_wconf 80' lang='lat' dir='ltr'>rempublicam</span> <span class='ocrx_word' id='word_1_373' title='bbox 634 2047 736 2075; x_wconf 81' lang='lat' dir='ltr'>nullam</span> <span class='ocrx_word' id='word_1_374' title='bbox 744 2048 854 2075; x_wconf 87' lang='lat' dir='ltr'>habere-</span> 
     </span>
     <span class='ocr_line' id='line_1_52' title="bbox 55 2083 853 2119; baseline 0.003 -9"><span class='ocrx_word' id='word_1_375' title='bbox 55 2084 99 2111; x_wconf 85' lang='lat' dir='ltr'>tis.</span> <span class='ocrx_word' id='word_1_376' title='bbox 124 2085 164 2110; x_wconf 82' lang='lat'>90.</span> <span class='ocrx_word' id='word_1_377' title='bbox 181 2084 221 2111; x_wconf 86' lang='lat' dir='ltr'>An</span> <span class='ocrx_word' id='word_1_378' title='bbox 236 2083 283 2111; x_wconf 90' lang='lat' dir='ltr'>ille</span> <span class='ocrx_word' id='word_1_379' title='bbox 293 2088 405 2119; x_wconf 84' lang='lat' dir='ltr'>praetor,</span> <span class='ocrx_word' id='word_1_380' title='bbox 419 2084 464 2111; x_wconf 86' lang='lat' dir='ltr'>ille</span> <span class='ocrx_word' id='word_1_381' title='bbox 476 2093 537 2111; x_wconf 83' lang='lat' dir='ltr'>vero</span> <span class='ocrx_word' id='word_1_382' title='bbox 548 2085 651 2116; x_wconf 85' lang='lat' dir='ltr'>consul.</span> <span class='ocrx_word' id='word_1_383' title='bbox 664 2086 687 2112; x_wconf 89' lang='lat' dir='ltr'>si</span> <span class='ocrx_word' id='word_1_384' title='bbox 699 2085 778 2112; x_wconf 89' lang='lat' dir='ltr'>modo</span> <span class='ocrx_word' id='word_1_385' title='bbox 789 2085 853 2112; x_wconf 82' lang='lat' dir='ltr'>haec</span> 
     </span>
     <span class='ocr_line' id='line_1_53' title="bbox 56 2121 854 2157; baseline 0.003 -9"><span class='ocrx_word' id='word_1_386' title='bbox 56 2121 154 2156; x_wconf 87' lang='lat' dir='ltr'>templa</span> <span class='ocrx_word' id='word_1_387' title='bbox 166 2126 245 2157; x_wconf 86' lang='lat' dir='ltr'>atque</span> <span class='ocrx_word' id='word_1_388' title='bbox 256 2122 314 2157; x_wconf 89' lang='lat' dir='ltr'>ipsa</span> <span class='ocrx_word' id='word_1_389' title='bbox 325 2121 429 2148; x_wconf 86' lang='lat' dir='ltr'>moenia</span> <span class='ocrx_word' id='word_1_390' title='bbox 440 2126 510 2148; x_wconf 88' lang='lat' dir='ltr'>stare</span> <span class='ocrx_word' id='word_1_391' title='bbox 520 2130 551 2148; x_wconf 87' lang='lat' dir='ltr'>eo</span> <span class='ocrx_word' id='word_1_392' title='bbox 561 2123 623 2149; x_wconf 90' lang='lat' dir='ltr'>vivo</span> <span class='ocrx_word' id='word_1_393' title='bbox 635 2122 746 2154; x_wconf 87' lang='lat' dir='ltr'>tamdiu,</span> <span class='ocrx_word' id='word_1_394' title='bbox 759 2127 854 2150; x_wconf 89' lang='lat' dir='ltr'>etcon-</span> 
     </span>
     <span class='ocr_line' id='line_1_54' title="bbox 56 2158 852 2195; baseline 0.003 -10"><span class='ocrx_word' id='word_1_395' title='bbox 56 2158 174 2186; x_wconf 84' lang='lat' dir='ltr'>sulatum</span> <span class='ocrx_word' id='word_1_396' title='bbox 187 2159 245 2185; x_wconf 87' lang='lat' dir='ltr'>eius</span> <span class='ocrx_word' id='word_1_397' title='bbox 257 2163 411 2194; x_wconf 80' lang='lat' dir='ltr'>exspectare</span> <span class='ocrx_word' id='word_1_398' title='bbox 423 2160 581 2194; x_wconf 81' lang='lat' dir='ltr'>potuissent.</span> <span class='ocrx_word' id='word_1_399' title='bbox 595 2159 639 2186; x_wconf 88' lang='lat' dir='ltr'>ille</span> <span class='ocrx_word' id='word_1_400' title='bbox 650 2159 852 2195; x_wconf 86' lang='lat' dir='ltr'>deniquevivus</span> 
     </span>
     <span class='ocr_line' id='line_1_55' title="bbox 57 2195 853 2232; baseline 0.001 -9"><span class='ocrx_word' id='word_1_401' title='bbox 57 2195 120 2223; x_wconf 83' lang='lat' dir='ltr'>mali</span> <span class='ocrx_word' id='word_1_402' title='bbox 136 2196 203 2223; x_wconf 84' lang='lat' dir='ltr'>nibil</span> <span class='ocrx_word' id='word_1_403' title='bbox 220 2196 335 2227; x_wconf 87' lang='lat' dir='ltr'>fecisset,</span> <span class='ocrx_word' id='word_1_404' title='bbox 352 2197 400 2232; x_wconf 89' lang='lat' dir='ltr'>qui</span> <span class='ocrx_word' id='word_1_405' title='bbox 416 2201 537 2223; x_wconf 89' lang='lat' dir='ltr'>mortuus</span> <span class='ocrx_word' id='word_1_406' title='bbox 554 2206 607 2224; x_wconf 91' lang='lat' dir='ltr'>uno</span> <span class='ocrx_word' id='word_1_407' title='bbox 618 2206 651 2224; x_wconf 89' lang='lat' dir='ltr'>ex</span> <span class='ocrx_word' id='word_1_408' title='bbox 661 2199 719 2224; x_wconf 85' lang='lat' dir='ltr'>suis</span> <span class='ocrx_word' id='word_1_409' title='bbox 730 2197 853 2224; x_wconf 86' lang='lat' dir='ltr'>satelliti-</span> 
     </span>
     <span class='ocr_line' id='line_1_56' title="bbox 57 2232 852 2271; baseline 0.003 -11"><span class='ocrx_word' id='word_1_410' title='bbox 57 2232 109 2260; x_wconf 82' lang='lat' dir='ltr'>bus</span> <span class='ocrx_word' id='word_1_411' title='bbox 125 2233 185 2261; x_wconf 85' lang='lat' dir='ltr'>Sex.</span> <span class='ocrx_word' id='word_1_412' title='bbox 212 2233 304 2261; x_wconf 88' lang='lat' dir='ltr'>Clodio</span> <span class='ocrx_word' id='word_1_413' title='bbox 318 2233 387 2260; x_wconf 90' lang='lat' dir='ltr'>duce</span> <span class='ocrx_word' id='word_1_414' title='bbox 407 2234 509 2261; x_wconf 85' lang='lat' dir='ltr'>curiam</span> <span class='ocrx_word' id='word_1_415' title='bbox 524 2234 688 2261; x_wconf 75' lang='lat' dir='ltr'>incenderit?</span> <span class='ocrx_word' id='word_1_416' title='bbox 717 2235 776 2268; x_wconf 91' lang='lat' dir='ltr'>Quo</span> <span class='ocrx_word' id='word_1_417' title='bbox 785 2235 852 2271; x_wconf 88' lang='lat' dir='ltr'>quid</span> 
     </span>
     <span class='ocr_line' id='line_1_57' title="bbox 56 2271 854 2306; baseline 0.001 -8"><span class='ocrx_word' id='word_1_418' title='bbox 56 2271 190 2302; x_wconf 81' lang='lat' dir='ltr'>miserius,</span> <span class='ocrx_word' id='word_1_419' title='bbox 217 2271 284 2306; x_wconf 88' lang='lat' dir='ltr'>quid</span> <span class='ocrx_word' id='word_1_420' title='bbox 305 2271 435 2302; x_wconf 85' lang='lat' dir='ltr'>acerbius,</span> <span class='ocrx_word' id='word_1_421' title='bbox 459 2271 525 2306; x_wconf 87' lang='lat' dir='ltr'>quid</span> <span class='ocrx_word' id='word_1_422' title='bbox 547 2271 696 2299; x_wconf 84' lang='lat' dir='ltr'>luctuosius</span> <span class='ocrx_word' id='word_1_423' title='bbox 716 2272 854 2299; x_wconf 63' lang='lat' dir='ltr'>vidimus?</span> 
     </span>
     <span class='ocr_line' id='line_1_58' title="bbox 57 2307 852 2344; baseline 0.003 -9"><span class='ocrx_word' id='word_1_424' title='bbox 57 2307 198 2344; x_wconf 87' lang='lat' dir='ltr'>Templum</span> <span class='ocrx_word' id='word_1_425' title='bbox 219 2309 375 2340; x_wconf 83' lang='lat' dir='ltr'>sanctitatis,</span> <span class='ocrx_word' id='word_1_426' title='bbox 398 2308 595 2343; x_wconf 84' lang='lat' dir='ltr'>amplitudinis,</span> <span class='ocrx_word' id='word_1_427' title='bbox 617 2310 724 2340; x_wconf 86' lang='lat' dir='ltr'>mentis,</span> <span class='ocrx_word' id='word_1_428' title='bbox 746 2310 852 2337; x_wconf 87' lang='lat' dir='ltr'>consilii</span> 
     </span>
     <span class='ocr_line' id='line_1_59' title="bbox 57 2345 851 2382; baseline 0.003 -10"><span class='ocrx_word' id='word_1_429' title='bbox 57 2345 167 2380; x_wconf 87' lang='lat' dir='ltr'>publici,</span> <span class='ocrx_word' id='word_1_430' title='bbox 181 2351 261 2381; x_wconf 87' lang='lat' dir='ltr'>caput</span> <span class='ocrx_word' id='word_1_431' title='bbox 271 2346 359 2378; x_wconf 84' lang='lat' dir='ltr'>Urbis,</span> <span class='ocrx_word' id='word_1_432' title='bbox 372 2354 443 2373; x_wconf 85' lang='lat' dir='ltr'>aram</span> <span class='ocrx_word' id='word_1_433' title='bbox 455 2347 597 2378; x_wconf 81' lang='lat' dir='ltr'>sociorum,</span> <span class='ocrx_word' id='word_1_434' title='bbox 610 2352 716 2382; x_wconf 90' lang='lat' dir='ltr'>portum</span> <span class='ocrx_word' id='word_1_435' title='bbox 730 2348 851 2374; x_wconf 92' lang='lat' dir='ltr'>omnium</span> 
     </span>
     <span class='ocr_line' id='line_1_60' title="bbox 56 2383 854 2419; baseline 0.003 -10"><span class='ocrx_word' id='word_1_436' title='bbox 56 2383 185 2419; x_wconf 83' lang='lat' dir='ltr'>gentium.</span> <span class='ocrx_word' id='word_1_437' title='bbox 204 2383 295 2410; x_wconf 84' lang='lat' dir='ltr'>sedem</span> <span class='ocrx_word' id='word_1_438' title='bbox 311 2384 343 2410; x_wconf 86' lang='lat' dir='ltr'>ab</span> <span class='ocrx_word' id='word_1_439' title='bbox 361 2384 487 2410; x_wconf 80' lang='lat' dir='ltr'>universo</span> <span class='ocrx_word' id='word_1_440' title='bbox 502 2384 602 2419; x_wconf 86' lang='lat' dir='ltr'>populo</span> <span class='ocrx_word' id='word_1_441' title='bbox 619 2385 734 2411; x_wconf 80' lang='lat' dir='ltr'>Romano</span> <span class='ocrx_word' id='word_1_442' title='bbox 743 2393 854 2411; x_wconf 83' lang='lat' dir='ltr'>conces-</span> 
     </span>
     <span class='ocr_line' id='line_1_61' title="bbox 55 2420 854 2457; baseline 0.003 -10"><span class='ocrx_word' id='word_1_443' title='bbox 55 2427 112 2447; x_wconf 72' lang='lat' dir='ltr'>sam</span> <span class='ocrx_word' id='word_1_444' title='bbox 127 2421 174 2448; x_wconf 91' lang='lat' dir='ltr'>uni</span> <span class='ocrx_word' id='word_1_445' title='bbox 185 2421 280 2452; x_wconf 89' lang='lat' dir='ltr'>ordini,</span> <span class='ocrx_word' id='word_1_446' title='bbox 293 2420 596 2452; x_wconf 78' lang='lat' dir='ltr'>inflammari,exscindi,</span> <span class='ocrx_word' id='word_1_447' title='bbox 606 2421 752 2448; x_wconf 67' lang='lat' dir='ltr'>funestari?</span> <span class='ocrx_word' id='word_1_448' title='bbox 767 2431 854 2457; x_wconf 85' lang='lat' dir='ltr'>neque</span> 
     </span>
     <span class='ocr_line' id='line_1_62' title="bbox 56 2455 853 2493; baseline 0.004 -10"><span class='ocrx_word' id='word_1_449' title='bbox 56 2455 85 2483; x_wconf 84' lang='lat' dir='ltr'>id</span> <span class='ocrx_word' id='word_1_450' title='bbox 100 2456 156 2484; x_wconf 85' lang='lat' dir='ltr'>fieri</span> <span class='ocrx_word' id='word_1_451' title='bbox 167 2466 181 2484; x_wconf 86' lang='lat' dir='ltr'>a</span> <span class='ocrx_word' id='word_1_452' title='bbox 193 2458 366 2485; x_wconf 88' lang='lat' dir='ltr'>multitudine</span> <span class='ocrx_word' id='word_1_453' title='bbox 379 2459 509 2493; x_wconf 76' lang='lat' dir='ltr'>imperita,</span> <span class='ocrx_word' id='word_1_454' title='bbox 523 2461 853 2493; x_wconf 77' lang='lat' dir='ltr'>quamquamessetmise-</span> 
     </span>
     <span class='ocr_line' id='line_1_63' title="bbox 58 2494 852 2531; baseline 0.003 -10"><span class='ocrx_word' id='word_1_455' title='bbox 58 2501 118 2521; x_wconf 80' lang='lat' dir='ltr'>rum</span> <span class='ocrx_word' id='word_1_456' title='bbox 134 2494 161 2521; x_wconf 92' lang='lat' dir='ltr'>id</span> <span class='ocrx_word' id='word_1_457' title='bbox 175 2495 274 2530; x_wconf 86' lang='lat' dir='ltr'>ipsum,</span> <span class='ocrx_word' id='word_1_458' title='bbox 293 2496 340 2522; x_wconf 93' lang='lat' dir='ltr'>sed</span> <span class='ocrx_word' id='word_1_459' title='bbox 355 2496 388 2522; x_wconf 88' lang='lat' dir='ltr'>ab</span> <span class='ocrx_word' id='word_1_460' title='bbox 404 2496 475 2522; x_wconf 78' lang='lat' dir='ltr'>uno‘?</span> <span class='ocrx_word' id='word_1_461' title='bbox 494 2497 545 2528; x_wconf 80' lang='lat' dir='ltr'>Qui</span> <span class='ocrx_word' id='word_1_462' title='bbox 558 2505 643 2531; x_wconf 88' lang='lat' dir='ltr'>quum</span> <span class='ocrx_word' id='word_1_463' title='bbox 655 2501 757 2523; x_wconf 81' lang='lat' dir='ltr'>tantum</span> <span class='ocrx_word' id='word_1_464' title='bbox 769 2506 852 2524; x_wconf 88' lang='lat' dir='ltr'>ausus</span> 
     </span>
     <span class='ocr_line' id='line_1_64' title="bbox 56 2531 852 2568; baseline 0.005 -11"><span class='ocrx_word' id='word_1_465' title='bbox 56 2531 92 2558; x_wconf 78' lang='lat' dir='ltr'>sit</span> <span class='ocrx_word' id='word_1_466' title='bbox 110 2536 183 2559; x_wconf 88' lang='lat' dir='ltr'>ustor</span> <span class='ocrx_word' id='word_1_467' title='bbox 198 2541 244 2567; x_wconf 90' lang='lat' dir='ltr'>pro</span> <span class='ocrx_word' id='word_1_468' title='bbox 261 2538 373 2565; x_wconf 91' lang='lat' dir='ltr'>mortuo,</span> <span class='ocrx_word' id='word_1_469' title='bbox 386 2533 452 2568; x_wconf 86' lang='lat' dir='ltr'>quid</span> <span class='ocrx_word' id='word_1_470' title='bbox 464 2533 576 2568; x_wconf 74' lang='lat' dir='ltr'>signifer</span> <span class='ocrx_word' id='word_1_471' title='bbox 588 2542 635 2568; x_wconf 87' lang='lat' dir='ltr'>pro</span> <span class='ocrx_word' id='word_1_472' title='bbox 647 2535 708 2560; x_wconf 80' lang='lat' dir='ltr'>vivo</span> <span class='ocrx_word' id='word_1_473' title='bbox 719 2543 770 2561; x_wconf 93' lang='lat' dir='ltr'>non</span> <span class='ocrx_word' id='word_1_474' title='bbox 783 2539 852 2561; x_wconf 80' lang='lat' dir='ltr'>esset</span> 
     </span>
     <span class='ocr_line' id='line_1_65' title="bbox 56 2567 852 2606; baseline 0.005 -12"><span class='ocrx_word' id='word_1_475' title='bbox 56 2567 159 2595; x_wconf 67' lang='lat' dir='ltr'>ausus?</span> <span class='ocrx_word' id='word_1_476' title='bbox 183 2569 210 2596; x_wconf 90' lang='lat' dir='ltr'>ln</span> <span class='ocrx_word' id='word_1_477' title='bbox 226 2571 327 2597; x_wconf 89' lang='lat' dir='ltr'>curiam</span> <span class='ocrx_word' id='word_1_478' title='bbox 339 2571 510 2606; x_wconf 85' lang='lat' dir='ltr'>potissimum</span> <span class='ocrx_word' id='word_1_479' title='bbox 523 2571 626 2602; x_wconf 77' lang='lat' dir='ltr'>abiecit,</span> <span class='ocrx_word' id='word_1_480' title='bbox 642 2576 670 2597; x_wconf 90' lang='lat' dir='ltr'>ut</span> <span class='ocrx_word' id='word_1_481' title='bbox 681 2580 738 2597; x_wconf 74' lang='lat' dir='ltr'>eam</span> <span class='ocrx_word' id='word_1_482' title='bbox 752 2577 852 2598; x_wconf 84' lang='lat' dir='ltr'>mortu-</span> 
     </span>
     <span class='ocr_line' id='line_1_66' title="bbox 60 2605 848 2643; baseline 0.005 -12"><span class='ocrx_word' id='word_1_483' title='bbox 60 2612 93 2631; x_wconf 83' lang='lat' dir='ltr'>us</span> <span class='ocrx_word' id='word_1_484' title='bbox 113 2605 271 2639; x_wconf 80' lang='lat' dir='ltr'>incenderet,</span> <span class='ocrx_word' id='word_1_485' title='bbox 292 2616 373 2643; x_wconf 84' lang='lat' dir='ltr'>quam</span> <span class='ocrx_word' id='word_1_486' title='bbox 396 2608 474 2634; x_wconf 85' lang='lat' dir='ltr'>vivus</span> <span class='ocrx_word' id='word_1_487' title='bbox 495 2613 634 2634; x_wconf 78' lang='lat' dir='ltr'>everterat.</span> <span class='ocrx_word' id='word_1_488' title='bbox 671 2610 712 2634; x_wconf 67' lang='lat'>9⁴.</span> <span class='ocrx_word' id='word_1_489' title='bbox 731 2609 762 2635; x_wconf 86' lang='lat' dir='ltr'>Et</span> <span class='ocrx_word' id='word_1_490' title='bbox 777 2614 848 2640; x_wconf 82' lang='lat' dir='ltr'>sunt,</span> 
     </span>
     <span class='ocr_line' id='line_1_67' title="bbox 57 2642 850 2682; baseline 0.005 -14"><span class='ocrx_word' id='word_1_491' title='bbox 57 2642 107 2677; x_wconf 88' lang='lat' dir='ltr'>qui</span> <span class='ocrx_word' id='word_1_492' title='bbox 121 2642 154 2669; x_wconf 86' lang='lat' dir='ltr'>de</span> <span class='ocrx_word' id='word_1_493' title='bbox 169 2643 210 2669; x_wconf 80' lang='lat' dir='ltr'>vin</span> <span class='ocrx_word' id='word_1_494' title='bbox 226 2643 310 2680; x_wconf 77' lang='lat' dir='ltr'>Appia</span> <span class='ocrx_word' id='word_1_495' title='bbox 325 2649 480 2681; x_wconf 83' lang='lat' dir='ltr'>queruntur,</span> <span class='ocrx_word' id='word_1_496' title='bbox 494 2650 593 2672; x_wconf 79' lang='lat' dir='ltr'>taceant</span> <span class='ocrx_word' id='word_1_497' title='bbox 605 2645 637 2672; x_wconf 76' lang='lat' dir='ltr'>de</span> <span class='ocrx_word' id='word_1_498' title='bbox 648 2646 740 2672; x_wconf 70' lang='lat' dir='ltr'>cnrin‘?</span> <span class='ocrx_word' id='word_1_499' title='bbox 768 2647 850 2682; x_wconf 80' lang='lat' dir='ltr'>etqui</span> 
     </span>
     <span class='ocr_line' id='line_1_68' title="bbox 58 2678 850 2718; baseline 0.006 -12"><span class='ocrx_word' id='word_1_500' title='bbox 58 2678 93 2706; x_wconf 76' lang='lat' dir='ltr'>ab</span> <span class='ocrx_word' id='word_1_501' title='bbox 111 2687 142 2707; x_wconf 89' lang='lat' dir='ltr'>eo</span> <span class='ocrx_word' id='word_1_502' title='bbox 161 2681 276 2716; x_wconf 82' lang='lat' dir='ltr'>spirante</span> <span class='ocrx_word' id='word_1_503' title='bbox 292 2682 377 2710; x_wconf 88' lang='lat' dir='ltr'>forum</span> <span class='ocrx_word' id='word_1_504' title='bbox 395 2687 488 2718; x_wconf 89' lang='lat' dir='ltr'>putent</span> <span class='ocrx_word' id='word_1_505' title='bbox 503 2683 622 2718; x_wconf 80' lang='lat' dir='ltr'>potuisse</span> <span class='ocrx_word' id='word_1_506' title='bbox 638 2683 756 2715; x_wconf 84' lang='lat' dir='ltr'>defendi,</span> <span class='ocrx_word' id='word_1_507' title='bbox 773 2684 850 2712; x_wconf 88' lang='lat' dir='ltr'>cuius</span> 
     </span>
    </p>
   </div>
   <div class='ocr_carea' id='block_1_3' title="bbox 884 245 888 1994">
    <p class='ocr_par' dir='ltr' id='par_1_4' title="bbox 884 245 888 1994">
     <span class='ocr_line' id='line_1_69' title="bbox 884 245 888 1994; baseline 0 0"><span class='ocrx_word' id='word_1_508' title='bbox 884 245 888 1994; x_wconf 95' lang='lat' dir='ltr'> </span> 
     </span>
    </p>
   </div>
   <div class='ocr_carea' id='block_1_4' title="bbox 873 2065 877 2667">
    <p class='ocr_par' dir='ltr' id='par_1_5' title="bbox 873 2065 877 2667">
     <span class='ocr_line' id='line_1_70' title="bbox 873 2065 877 2667; baseline 0 0"><span class='ocrx_word' id='word_1_509' title='bbox 873 2065 877 2667; x_wconf 95' lang='lat' dir='ltr'> </span> 
     </span>
    </p>
   </div>
   <div class='ocr_carea' id='block_1_5' title="bbox 882 245 889 2709">
    <p class='ocr_par' dir='ltr' id='par_1_6' title="bbox 882 245 889 2709">
     <span class='ocr_line' id='line_1_71' title="bbox 882 245 889 2709; baseline 0 0"><span class='ocrx_word' id='word_1_510' title='bbox 882 245 889 2709; x_wconf 95' lang='lat' dir='ltr'> </span> 
     </span>
    </p>
   </div>
   <div class='ocr_carea' id='block_1_6' title="bbox 903 145 1708 2720">
    <p class='ocr_par' dir='ltr' id='par_1_7' title="bbox 908 145 1705 624">
     <span class='ocr_line' id='line_1_72' title="bbox 1183 145 1702 172; baseline 0.002 -1"><span class='ocrx_word' id='word_1_511' title='bbox 1183 145 1215 171; x_wconf 75' lang='lat'>29</span> <span class='ocrx_word' id='word_1_512' title='bbox 1235 159 1271 164; x_wconf 92' lang='lat'>—-</span> <span class='ocrx_word' id='word_1_513' title='bbox 1291 145 1333 170; x_wconf 83' lang='lat'>35.</span> <span class='ocrx_word' id='word_1_514' title='bbox 1652 145 1702 172; x_wconf 78' lang='lat'>585</span> 
     </span>
     <span class='ocr_line' id='line_1_73' title="bbox 910 214 1700 245; baseline 0 -4"><span class='ocrx_word' id='word_1_515' title='bbox 910 224 960 241; x_wconf 91' lang='lat' dir='ltr'>non</span> <span class='ocrx_word' id='word_1_516' title='bbox 977 215 1103 242; x_wconf 83' lang='lat' dir='ltr'>restiterit</span> <span class='ocrx_word' id='word_1_517' title='bbox 1117 215 1239 241; x_wconf 90' lang='lat' dir='ltr'>cadaveri</span> <span class='ocrx_word' id='word_1_518' title='bbox 1254 214 1345 241; x_wconf 79' lang='lat' dir='ltr'>curia‘?</span> <span class='ocrx_word' id='word_1_519' title='bbox 1364 214 1493 245; x_wconf 82' lang='lat' dir='ltr'>Excitate,</span> <span class='ocrx_word' id='word_1_520' title='bbox 1506 214 1617 241; x_wconf 81' lang='lat' dir='ltr'>excitate</span> <span class='ocrx_word' id='word_1_521' title='bbox 1628 223 1700 245; x_wconf 87' lang='lat' dir='ltr'>eum,</span> 
     </span>
     <span class='ocr_line' id='line_1_74' title="bbox 909 252 1702 288; baseline 0 -9"><span class='ocrx_word' id='word_1_522' title='bbox 909 253 931 278; x_wconf 89' lang='lat' dir='ltr'>si</span> <span class='ocrx_word' id='word_1_523' title='bbox 944 253 1062 287; x_wconf 83' lang='lat' dir='ltr'>potestis,</span> <span class='ocrx_word' id='word_1_524' title='bbox 1076 253 1108 279; x_wconf 83' lang='lat' dir='ltr'>ab</span> <span class='ocrx_word' id='word_1_525' title='bbox 1120 252 1222 279; x_wconf 87' lang='lat' dir='ltr'>inferis.</span> <span class='ocrx_word' id='word_1_526' title='bbox 1254 253 1391 288; x_wconf 87' lang='lat' dir='ltr'>Frangetis</span> <span class='ocrx_word' id='word_1_527' title='bbox 1402 253 1533 286; x_wconf 88' lang='lat' dir='ltr'>impetum</span> <span class='ocrx_word' id='word_1_528' title='bbox 1545 252 1610 283; x_wconf 81' lang='lat' dir='ltr'>vivi,</span> <span class='ocrx_word' id='word_1_529' title='bbox 1624 253 1702 279; x_wconf 88' lang='lat' dir='ltr'>cuius</span> 
     </span>
     <span class='ocr_line' id='line_1_75' title="bbox 908 289 1703 325; baseline -0.001 -9"><span class='ocrx_word' id='word_1_530' title='bbox 908 290 955 316; x_wconf 88' lang='lat' dir='ltr'>vix</span> <span class='ocrx_word' id='word_1_531' title='bbox 970 290 1108 316; x_wconf 84' lang='lat' dir='ltr'>sustinetis</span> <span class='ocrx_word' id='word_1_532' title='bbox 1120 289 1202 316; x_wconf 88' lang='lat' dir='ltr'>furias</span> <span class='ocrx_word' id='word_1_533' title='bbox 1216 290 1363 325; x_wconf 81' lang='lat' dir='ltr'>insepulti‘?</span> <span class='ocrx_word' id='word_1_534' title='bbox 1392 290 1449 316; x_wconf 81' lang='lat' dir='ltr'>Nisi</span> <span class='ocrx_word' id='word_1_535' title='bbox 1461 297 1522 316; x_wconf 81' lang='lat' dir='ltr'>vero</span> <span class='ocrx_word' id='word_1_536' title='bbox 1534 290 1703 316; x_wconf 86' lang='lat' dir='ltr'>sustinuistis</span> 
     </span>
     <span class='ocr_line' id='line_1_76' title="bbox 908 326 1704 362; baseline 0 -9"><span class='ocrx_word' id='word_1_537' title='bbox 908 336 962 358; x_wconf 88' lang='lat' dir='ltr'>eos,</span> <span class='ocrx_word' id='word_1_538' title='bbox 980 328 1027 362; x_wconf 92' lang='lat' dir='ltr'>qui</span> <span class='ocrx_word' id='word_1_539' title='bbox 1042 336 1103 353; x_wconf 89' lang='lat' dir='ltr'>eum</span> <span class='ocrx_word' id='word_1_540' title='bbox 1115 327 1217 354; x_wconf 81' lang='lat' dir='ltr'>facibus</span> <span class='ocrx_word' id='word_1_541' title='bbox 1228 327 1261 353; x_wconf 90' lang='lat' dir='ltr'>ad</span> <span class='ocrx_word' id='word_1_542' title='bbox 1272 328 1372 353; x_wconf 91' lang='lat' dir='ltr'>curiam</span> <span class='ocrx_word' id='word_1_543' title='bbox 1384 331 1567 357; x_wconf 89' lang='lat' dir='ltr'>cucurrerunt,</span> <span class='ocrx_word' id='word_1_544' title='bbox 1581 335 1642 353; x_wconf 90' lang='lat' dir='ltr'>cum</span> <span class='ocrx_word' id='word_1_545' title='bbox 1654 326 1704 353; x_wconf 91' lang='lat' dir='ltr'>fal—</span> 
     </span>
     <span class='ocr_line' id='line_1_77' title="bbox 908 363 1702 400; baseline -0.001 -9"><span class='ocrx_word' id='word_1_546' title='bbox 908 365 985 391; x_wconf 88' lang='lat' dir='ltr'>cibus</span> <span class='ocrx_word' id='word_1_547' title='bbox 1007 364 1039 390; x_wconf 85' lang='lat' dir='ltr'>ad</span> <span class='ocrx_word' id='word_1_548' title='bbox 1059 365 1183 396; x_wconf 90' lang='lat' dir='ltr'>Castoris,</span> <span class='ocrx_word' id='word_1_549' title='bbox 1206 373 1267 391; x_wconf 88' lang='lat' dir='ltr'>eum</span> <span class='ocrx_word' id='word_1_550' title='bbox 1287 365 1385 400; x_wconf 80' lang='lat' dir='ltr'>gladiis</span> <span class='ocrx_word' id='word_1_551' title='bbox 1406 369 1459 391; x_wconf 91' lang='lat' dir='ltr'>toto</span> <span class='ocrx_word' id='word_1_552' title='bbox 1477 363 1533 391; x_wconf 86' lang='lat' dir='ltr'>foro</span> <span class='ocrx_word' id='word_1_553' title='bbox 1549 364 1702 391; x_wconf 86' lang='lat' dir='ltr'>volitarunt.</span> 
     </span>
     <span class='ocr_line' id='line_1_78' title="bbox 910 401 1704 437; baseline 0 -9"><span class='ocrx_word' id='word_1_554' title='bbox 910 402 990 428; x_wconf 89' lang='lat' dir='ltr'>Caedi</span> <span class='ocrx_word' id='word_1_555' title='bbox 1006 402 1112 428; x_wconf 86' lang='lat' dir='ltr'>vidistis</span> <span class='ocrx_word' id='word_1_556' title='bbox 1124 402 1254 437; x_wconf 88' lang='lat' dir='ltr'>populum</span> <span class='ocrx_word' id='word_1_557' title='bbox 1267 402 1426 432; x_wconf 91' lang='lat' dir='ltr'>Romanum,</span> <span class='ocrx_word' id='word_1_558' title='bbox 1440 402 1594 428; x_wconf 86' lang='lat' dir='ltr'>concionem</span> <span class='ocrx_word' id='word_1_559' title='bbox 1605 401 1704 437; x_wconf 80' lang='lat' dir='ltr'>gladiis</span> 
     </span>
     <span class='ocr_line' id='line_1_79' title="bbox 909 438 1705 474; baseline 0 -9"><span class='ocrx_word' id='word_1_560' title='bbox 909 439 1064 470; x_wconf 88' lang='lat' dir='ltr'>disturbari,</span> <span class='ocrx_word' id='word_1_561' title='bbox 1082 448 1166 474; x_wconf 90' lang='lat' dir='ltr'>quum</span> <span class='ocrx_word' id='word_1_562' title='bbox 1178 439 1315 466; x_wconf 85' lang='lat' dir='ltr'>audiretur</span> <span class='ocrx_word' id='word_1_563' title='bbox 1324 439 1431 466; x_wconf 86' lang='lat' dir='ltr'>silentio</span> <span class='ocrx_word' id='word_1_564' title='bbox 1442 440 1476 465; x_wconf 81' lang='lat' dir='ltr'>M.</span> <span class='ocrx_word' id='word_1_565' title='bbox 1490 438 1604 469; x_wconf 89' lang='lat' dir='ltr'>Caelius,</span> <span class='ocrx_word' id='word_1_566' title='bbox 1619 439 1705 465; x_wconf 92' lang='lat' dir='ltr'>tribu-</span> 
     </span>
     <span class='ocr_line' id='line_1_80' title="bbox 909 476 1705 511; baseline 0 -9"><span class='ocrx_word' id='word_1_567' title='bbox 909 485 960 503; x_wconf 86' lang='lat' dir='ltr'>nus</span> <span class='ocrx_word' id='word_1_568' title='bbox 977 476 1073 511; x_wconf 84' lang='lat' dir='ltr'>plebis,</span> <span class='ocrx_word' id='word_1_569' title='bbox 1092 477 1133 502; x_wconf 80' lang='lat' dir='ltr'>vir</span> <span class='ocrx_word' id='word_1_570' title='bbox 1149 481 1173 503; x_wconf 90' lang='lat' dir='ltr'>et</span> <span class='ocrx_word' id='word_1_571' title='bbox 1189 478 1216 503; x_wconf 89' lang='lat' dir='ltr'>in</span> <span class='ocrx_word' id='word_1_572' title='bbox 1232 477 1368 511; x_wconf 88' lang='lat' dir='ltr'>republica</span> <span class='ocrx_word' id='word_1_573' title='bbox 1386 477 1548 503; x_wconf 88' lang='lat' dir='ltr'>fortissimus</span> <span class='ocrx_word' id='word_1_574' title='bbox 1563 481 1589 503; x_wconf 89' lang='lat' dir='ltr'>et</span> <span class='ocrx_word' id='word_1_575' title='bbox 1603 477 1631 502; x_wconf 91' lang='lat' dir='ltr'>in</span> <span class='ocrx_word' id='word_1_576' title='bbox 1643 485 1705 502; x_wconf 89' lang='lat' dir='ltr'>sus-</span> 
     </span>
     <span class='ocr_line' id='line_1_81' title="bbox 908 514 1705 548; baseline 0.001 -9"><span class='ocrx_word' id='word_1_577' title='bbox 908 518 983 548; x_wconf 90' lang='lat' dir='ltr'>cepta</span> <span class='ocrx_word' id='word_1_578' title='bbox 999 522 1092 540; x_wconf 86' lang='lat' dir='ltr'>caussa</span> <span class='ocrx_word' id='word_1_579' title='bbox 1104 514 1284 544; x_wconf 82' lang='lat' dir='ltr'>firmissimus,</span> <span class='ocrx_word' id='word_1_580' title='bbox 1298 519 1324 540; x_wconf 89' lang='lat' dir='ltr'>et</span> <span class='ocrx_word' id='word_1_581' title='bbox 1335 515 1465 541; x_wconf 92' lang='lat' dir='ltr'>bonorum</span> <span class='ocrx_word' id='word_1_582' title='bbox 1480 514 1610 540; x_wconf 80' lang='lat' dir='ltr'>voluntati</span> <span class='ocrx_word' id='word_1_583' title='bbox 1621 518 1647 540; x_wconf 88' lang='lat' dir='ltr'>et</span> <span class='ocrx_word' id='word_1_584' title='bbox 1657 522 1705 540; x_wconf 84' lang='lat' dir='ltr'>au-</span> 
     </span>
     <span class='ocr_line' id='line_1_82' title="bbox 908 551 1705 582; baseline 0 -5"><span class='ocrx_word' id='word_1_585' title='bbox 908 552 1021 577; x_wconf 88' lang='lat' dir='ltr'>ctoritati</span> <span class='ocrx_word' id='word_1_586' title='bbox 1039 556 1148 577; x_wconf 88' lang='lat' dir='ltr'>senatus</span> <span class='ocrx_word' id='word_1_587' title='bbox 1167 551 1282 582; x_wconf 88' lang='lat' dir='ltr'>deditus,</span> <span class='ocrx_word' id='word_1_588' title='bbox 1306 557 1330 578; x_wconf 90' lang='lat' dir='ltr'>et</span> <span class='ocrx_word' id='word_1_589' title='bbox 1347 552 1372 578; x_wconf 89' lang='lat' dir='ltr'>in</span> <span class='ocrx_word' id='word_1_590' title='bbox 1386 552 1434 578; x_wconf 89' lang='lat' dir='ltr'>hac</span> <span class='ocrx_word' id='word_1_591' title='bbox 1446 551 1552 578; x_wconf 90' lang='lat' dir='ltr'>Milonis</span> <span class='ocrx_word' id='word_1_592' title='bbox 1564 552 1621 577; x_wconf 89' lang='lat' dir='ltr'>sive</span> <span class='ocrx_word' id='word_1_593' title='bbox 1634 551 1705 577; x_wconf 75' lang='lat' dir='ltr'>invi—</span> 
     </span>
     <span class='ocr_line' id='line_1_83' title="bbox 908 588 1703 624; baseline 0 -10"><span class='ocrx_word' id='word_1_594' title='bbox 908 588 951 614; x_wconf 89' lang='lat' dir='ltr'>dia</span> <span class='ocrx_word' id='word_1_595' title='bbox 967 589 1024 614; x_wconf 89' lang='lat' dir='ltr'>sive</span> <span class='ocrx_word' id='word_1_596' title='bbox 1040 588 1153 619; x_wconf 86' lang='lat' dir='ltr'>fortuna,</span> <span class='ocrx_word' id='word_1_597' title='bbox 1169 589 1309 624; x_wconf 76' lang='lat' dir='ltr'>singulari,</span> <span class='ocrx_word' id='word_1_598' title='bbox 1326 589 1425 620; x_wconf 87' lang='lat' dir='ltr'>divina,</span> <span class='ocrx_word' id='word_1_599' title='bbox 1443 594 1468 615; x_wconf 85' lang='lat' dir='ltr'>et</span> <span class='ocrx_word' id='word_1_600' title='bbox 1480 588 1630 615; x_wconf 87' lang='lat' dir='ltr'>incredibili</span> <span class='ocrx_word' id='word_1_601' title='bbox 1642 588 1703 614; x_wconf 84' lang='lat' dir='ltr'>fide.</span> 
     </span>
    </p>

    <p class='ocr_par' dir='ltr' id='par_1_8' title="bbox 904 625 1708 2198">
     <span class='ocr_line' id='line_1_84' title="bbox 964 625 1704 652; baseline 0.001 -1"><span class='ocrx_word' id='word_1_602' title='bbox 964 626 1089 652; x_wconf 80' lang='lat' dir='ltr'><strong>XXXIV.</strong></span> <span class='ocrx_word' id='word_1_603' title='bbox 1102 627 1143 651; x_wconf 72' lang='lat'>92.</span> <span class='ocrx_word' id='word_1_604' title='bbox 1157 625 1210 652; x_wconf 88' lang='lat' dir='ltr'>Sed</span> <span class='ocrx_word' id='word_1_605' title='bbox 1222 627 1273 652; x_wconf 83' lang='lat' dir='ltr'>iam</span> <span class='ocrx_word' id='word_1_606' title='bbox 1286 627 1350 652; x_wconf 86' lang='lat' dir='ltr'>satis</span> <span class='ocrx_word' id='word_1_607' title='bbox 1362 626 1446 652; x_wconf 89' lang='lat' dir='ltr'>multa</span> <span class='ocrx_word' id='word_1_608' title='bbox 1456 626 1488 652; x_wconf 91' lang='lat' dir='ltr'>de</span> <span class='ocrx_word' id='word_1_609' title='bbox 1499 634 1608 652; x_wconf 86' lang='lat' dir='ltr'>caussa:</span> <span class='ocrx_word' id='word_1_610' title='bbox 1631 630 1704 652; x_wconf 89' lang='lat' dir='ltr'>extra</span> 
     </span>
     <span class='ocr_line' id='line_1_85' title="bbox 908 663 1704 695; baseline 0 -6"><span class='ocrx_word' id='word_1_611' title='bbox 908 671 1031 689; x_wconf 84' lang='lat' dir='ltr'>caussam</span> <span class='ocrx_word' id='word_1_612' title='bbox 1043 663 1122 689; x_wconf 90' lang='lat' dir='ltr'>etiam</span> <span class='ocrx_word' id='word_1_613' title='bbox 1135 663 1216 689; x_wconf 88' lang='lat' dir='ltr'>nimis</span> <span class='ocrx_word' id='word_1_614' title='bbox 1228 663 1339 690; x_wconf 88' lang='lat' dir='ltr'>fortasse</span> <span class='ocrx_word' id='word_1_615' title='bbox 1351 664 1444 690; x_wconf 89' lang='lat' dir='ltr'>multa.</span> <span class='ocrx_word' id='word_1_616' title='bbox 1466 663 1537 695; x_wconf 89' lang='lat' dir='ltr'>Quid</span> <span class='ocrx_word' id='word_1_617' title='bbox 1549 668 1637 694; x_wconf 87' lang='lat' dir='ltr'>restat,</span> <span class='ocrx_word' id='word_1_618' title='bbox 1651 664 1704 690; x_wconf 89' lang='lat' dir='ltr'>nisi</span> 
     </span>
     <span class='ocr_line' id='line_1_86' title="bbox 908 700 1705 735; baseline 0.001 -9"><span class='ocrx_word' id='word_1_619' title='bbox 908 704 938 726; x_wconf 92' lang='lat' dir='ltr'>ut</span> <span class='ocrx_word' id='word_1_620' title='bbox 952 709 1024 727; x_wconf 87' lang='lat' dir='ltr'>orem</span> <span class='ocrx_word' id='word_1_621' title='bbox 1040 701 1211 735; x_wconf 85' lang='lat' dir='ltr'>obtesterque</span> <span class='ocrx_word' id='word_1_622' title='bbox 1226 709 1282 731; x_wconf 83' lang='lat' dir='ltr'>vos,</span> <span class='ocrx_word' id='word_1_623' title='bbox 1300 700 1412 731; x_wconf 74' lang='lat' dir='ltr'>iudices,</span> <span class='ocrx_word' id='word_1_624' title='bbox 1430 705 1460 726; x_wconf 92' lang='lat' dir='ltr'>ut</span> <span class='ocrx_word' id='word_1_625' title='bbox 1475 709 1532 726; x_wconf 89' lang='lat' dir='ltr'>eam</span> <span class='ocrx_word' id='word_1_626' title='bbox 1553 701 1705 727; x_wconf 89' lang='lat' dir='ltr'>misericor-</span> 
     </span>
     <span class='ocr_line' id='line_1_87' title="bbox 908 737 1706 773; baseline 0.001 -10"><span class='ocrx_word' id='word_1_627' title='bbox 908 737 979 764; x_wconf 87' lang='lat' dir='ltr'>diam</span> <span class='ocrx_word' id='word_1_628' title='bbox 996 737 1119 764; x_wconf 87' lang='lat' dir='ltr'>tribuatis</span> <span class='ocrx_word' id='word_1_629' title='bbox 1136 737 1282 764; x_wconf 85' lang='lat' dir='ltr'>fortissimo</span> <span class='ocrx_word' id='word_1_630' title='bbox 1298 738 1363 769; x_wconf 80' lang='lat' dir='ltr'>viro,</span> <span class='ocrx_word' id='word_1_631' title='bbox 1381 746 1462 773; x_wconf 89' lang='lat' dir='ltr'>quam</span> <span class='ocrx_word' id='word_1_632' title='bbox 1474 738 1532 772; x_wconf 89' lang='lat' dir='ltr'>ipse</span> <span class='ocrx_word' id='word_1_633' title='bbox 1543 746 1595 764; x_wconf 88' lang='lat' dir='ltr'>non</span> <span class='ocrx_word' id='word_1_634' title='bbox 1607 738 1706 772; x_wconf 91' lang='lat' dir='ltr'>implo-</span> 
     </span>
     <span class='ocr_line' id='line_1_88' title="bbox 908 775 1706 810; baseline 0.001 -9"><span class='ocrx_word' id='word_1_635' title='bbox 908 781 960 806; x_wconf 86' lang='lat' dir='ltr'>rat,</span> <span class='ocrx_word' id='word_1_636' title='bbox 987 783 1044 810; x_wconf 84' lang='lat' dir='ltr'>ego,</span> <span class='ocrx_word' id='word_1_637' title='bbox 1062 775 1141 801; x_wconf 90' lang='lat' dir='ltr'>etiam</span> <span class='ocrx_word' id='word_1_638' title='bbox 1157 780 1322 810; x_wconf 83' lang='lat' dir='ltr'>repugnante</span> <span class='ocrx_word' id='word_1_639' title='bbox 1338 776 1395 806; x_wconf 89' lang='lat' dir='ltr'>hoc,</span> <span class='ocrx_word' id='word_1_640' title='bbox 1412 779 1438 801; x_wconf 89' lang='lat' dir='ltr'>et</span> <span class='ocrx_word' id='word_1_641' title='bbox 1452 775 1566 809; x_wconf 90' lang='lat' dir='ltr'>imploro</span> <span class='ocrx_word' id='word_1_642' title='bbox 1587 780 1612 801; x_wconf 85' lang='lat' dir='ltr'>et</span> <span class='ocrx_word' id='word_1_643' title='bbox 1623 783 1706 810; x_wconf 84' lang='lat' dir='ltr'>expo-</span> 
     </span>
     <span class='ocr_line' id='line_1_89' title="bbox 908 811 1706 843; baseline 0 -5"><span class='ocrx_word' id='word_1_644' title='bbox 908 811 970 838; x_wconf 81' lang='lat' dir='ltr'>sco‘?</span> <span class='ocrx_word' id='word_1_645' title='bbox 1000 812 1095 843; x_wconf 80' lang='lat' dir='ltr'>Nolite,</span> <span class='ocrx_word' id='word_1_646' title='bbox 1118 813 1142 838; x_wconf 90' lang='lat' dir='ltr'>si</span> <span class='ocrx_word' id='word_1_647' title='bbox 1157 813 1184 839; x_wconf 92' lang='lat' dir='ltr'>in</span> <span class='ocrx_word' id='word_1_648' title='bbox 1204 817 1292 839; x_wconf 90' lang='lat' dir='ltr'>nostro</span> <span class='ocrx_word' id='word_1_649' title='bbox 1306 814 1428 839; x_wconf 87' lang='lat' dir='ltr'>omnium</span> <span class='ocrx_word' id='word_1_650' title='bbox 1439 811 1501 838; x_wconf 87' lang='lat' dir='ltr'>fletu</span> <span class='ocrx_word' id='word_1_651' title='bbox 1514 812 1615 838; x_wconf 87' lang='lat' dir='ltr'>nullam</span> <span class='ocrx_word' id='word_1_652' title='bbox 1628 812 1706 839; x_wconf 83' lang='lat' dir='ltr'>lacri-</span> 
     </span>
     <span class='ocr_line' id='line_1_90' title="bbox 908 850 1701 885; baseline 0 -9"><span class='ocrx_word' id='word_1_653' title='bbox 908 859 979 876; x_wconf 89' lang='lat' dir='ltr'>mam</span> <span class='ocrx_word' id='word_1_654' title='bbox 995 851 1139 885; x_wconf 86' lang='lat' dir='ltr'>aspexistis</span> <span class='ocrx_word' id='word_1_655' title='bbox 1156 850 1272 881; x_wconf 87' lang='lat' dir='ltr'>Milonis,</span> <span class='ocrx_word' id='word_1_656' title='bbox 1289 851 1312 876; x_wconf 89' lang='lat' dir='ltr'>si</span> <span class='ocrx_word' id='word_1_657' title='bbox 1330 850 1435 876; x_wconf 85' lang='lat' dir='ltr'>vultum</span> <span class='ocrx_word' id='word_1_658' title='bbox 1449 858 1556 884; x_wconf 82' lang='lat' dir='ltr'>semper</span> <span class='ocrx_word' id='word_1_659' title='bbox 1566 850 1701 880; x_wconf 79' lang='lat' dir='ltr'>eumdem.</span> 
     </span>
     <span class='ocr_line' id='line_1_91' title="bbox 907 887 1703 919; baseline -0.001 -6"><span class='ocrx_word' id='word_1_660' title='bbox 907 888 931 914; x_wconf 90' lang='lat' dir='ltr'>si</span> <span class='ocrx_word' id='word_1_661' title='bbox 960 895 1062 919; x_wconf 80' lang='lat' dir='ltr'>vocem,</span> <span class='ocrx_word' id='word_1_662' title='bbox 1089 888 1113 913; x_wconf 92' lang='lat' dir='ltr'>si</span> <span class='ocrx_word' id='word_1_663' title='bbox 1138 888 1283 914; x_wconf 91' lang='lat' dir='ltr'>orationem</span> <span class='ocrx_word' id='word_1_664' title='bbox 1307 887 1431 914; x_wconf 89' lang='lat' dir='ltr'>stabilem</span> <span class='ocrx_word' id='word_1_665' title='bbox 1452 896 1482 913; x_wconf 88' lang='lat' dir='ltr'>ac</span> <span class='ocrx_word' id='word_1_666' title='bbox 1503 896 1554 914; x_wconf 90' lang='lat' dir='ltr'>non</span> <span class='ocrx_word' id='word_1_667' title='bbox 1576 892 1703 913; x_wconf 86' lang='lat' dir='ltr'>mutatam</span> 
     </span>
     <span class='ocr_line' id='line_1_92' title="bbox 908 924 1706 960; baseline 0 -9"><span class='ocrx_word' id='word_1_668' title='bbox 908 924 1014 955; x_wconf 85' lang='lat' dir='ltr'>videtis,</span> <span class='ocrx_word' id='word_1_669' title='bbox 1037 925 1087 951; x_wconf 92' lang='lat' dir='ltr'>hoc</span> <span class='ocrx_word' id='word_1_670' title='bbox 1107 925 1198 951; x_wconf 89' lang='lat' dir='ltr'>minus</span> <span class='ocrx_word' id='word_1_671' title='bbox 1218 926 1242 951; x_wconf 90' lang='lat' dir='ltr'>ei</span> <span class='ocrx_word' id='word_1_672' title='bbox 1263 926 1382 960; x_wconf 85' lang='lat' dir='ltr'>parcere!</span> <span class='ocrx_word' id='word_1_673' title='bbox 1414 924 1489 951; x_wconf 87' lang='lat' dir='ltr'>Haud</span> <span class='ocrx_word' id='word_1_674' title='bbox 1505 925 1568 955; x_wconf 83' lang='lat' dir='ltr'>scio,</span> <span class='ocrx_word' id='word_1_675' title='bbox 1586 933 1619 951; x_wconf 81' lang='lat' dir='ltr'>an</span> <span class='ocrx_word' id='word_1_676' title='bbox 1634 924 1706 951; x_wconf 87' lang='lat' dir='ltr'>mul-</span> 
     </span>
     <span class='ocr_line' id='line_1_93' title="bbox 908 961 1705 998; baseline -0.001 -10"><span class='ocrx_word' id='word_1_677' title='bbox 908 967 934 988; x_wconf 94' lang='lat' dir='ltr'>to</span> <span class='ocrx_word' id='word_1_678' title='bbox 958 963 1037 989; x_wconf 86' lang='lat' dir='ltr'>etiam</span> <span class='ocrx_word' id='word_1_679' title='bbox 1063 963 1098 989; x_wconf 92' lang='lat' dir='ltr'>sit</span> <span class='ocrx_word' id='word_1_680' title='bbox 1119 962 1290 989; x_wconf 85' lang='lat' dir='ltr'>adiuvandus</span> <span class='ocrx_word' id='word_1_681' title='bbox 1310 962 1407 997; x_wconf 75' lang='lat' dir='ltr'>magiS.</span> <span class='ocrx_word' id='word_1_682' title='bbox 1438 962 1543 988; x_wconf 86' lang='lat' dir='ltr'>Etenim</span> <span class='ocrx_word' id='word_1_683' title='bbox 1565 963 1588 988; x_wconf 92' lang='lat' dir='ltr'>si</span> <span class='ocrx_word' id='word_1_684' title='bbox 1605 962 1632 988; x_wconf 88' lang='lat' dir='ltr'>in</span> <span class='ocrx_word' id='word_1_685' title='bbox 1647 961 1705 998; x_wconf 79' lang='lat' dir='ltr'>gla-</span> 
     </span>
     <span class='ocr_line' id='line_1_94' title="bbox 907 999 1706 1036; baseline 0 -10"><span class='ocrx_word' id='word_1_686' title='bbox 907 999 1027 1026; x_wconf 89' lang='lat' dir='ltr'>diatoriis</span> <span class='ocrx_word' id='word_1_687' title='bbox 1044 1001 1143 1036; x_wconf 84' lang='lat' dir='ltr'>pugnis</span> <span class='ocrx_word' id='word_1_688' title='bbox 1159 1005 1184 1026; x_wconf 89' lang='lat' dir='ltr'>et</span> <span class='ocrx_word' id='word_1_689' title='bbox 1199 1001 1227 1026; x_wconf 90' lang='lat' dir='ltr'>in</span> <span class='ocrx_word' id='word_1_690' title='bbox 1242 1000 1328 1026; x_wconf 85' lang='lat' dir='ltr'>infimi</span> <span class='ocrx_word' id='word_1_691' title='bbox 1343 1000 1449 1036; x_wconf 85' lang='lat' dir='ltr'>generis</span> <span class='ocrx_word' id='word_1_692' title='bbox 1462 1000 1601 1026; x_wconf 89' lang='lat' dir='ltr'>hominum</span> <span class='ocrx_word' id='word_1_693' title='bbox 1614 999 1706 1026; x_wconf 80' lang='lat' dir='ltr'>condi-</span> 
     </span>
     <span class='ocr_line' id='line_1_95' title="bbox 909 1037 1706 1072; baseline 0 -9"><span class='ocrx_word' id='word_1_694' title='bbox 909 1038 979 1064; x_wconf 90' lang='lat' dir='ltr'>tione</span> <span class='ocrx_word' id='word_1_695' title='bbox 994 1042 1074 1072; x_wconf 90' lang='lat' dir='ltr'>atque</span> <span class='ocrx_word' id='word_1_696' title='bbox 1090 1037 1195 1064; x_wconf 85' lang='lat' dir='ltr'>fortuna</span> <span class='ocrx_word' id='word_1_697' title='bbox 1211 1037 1320 1065; x_wconf 88' lang='lat' dir='ltr'>timidos</span> <span class='ocrx_word' id='word_1_698' title='bbox 1337 1042 1362 1064; x_wconf 89' lang='lat' dir='ltr'>et</span> <span class='ocrx_word' id='word_1_699' title='bbox 1378 1037 1515 1072; x_wconf 87' lang='lat' dir='ltr'>supplices</span> <span class='ocrx_word' id='word_1_700' title='bbox 1527 1042 1560 1068; x_wconf 87' lang='lat' dir='ltr'>et,</span> <span class='ocrx_word' id='word_1_701' title='bbox 1575 1042 1603 1063; x_wconf 85' lang='lat' dir='ltr'>ut</span> <span class='ocrx_word' id='word_1_702' title='bbox 1616 1038 1706 1063; x_wconf 83' lang='lat' dir='ltr'>vivere</span> 
     </span>
     <span class='ocr_line' id='line_1_96' title="bbox 909 1074 1706 1106; baseline -0.001 -5"><span class='ocrx_word' id='word_1_703' title='bbox 909 1074 998 1106; x_wconf 88' lang='lat' dir='ltr'>liceat,</span> <span class='ocrx_word' id='word_1_704' title='bbox 1029 1075 1198 1102; x_wconf 88' lang='lat' dir='ltr'>obsecrantes</span> <span class='ocrx_word' id='word_1_705' title='bbox 1219 1076 1299 1101; x_wconf 90' lang='lat' dir='ltr'>etiam</span> <span class='ocrx_word' id='word_1_706' title='bbox 1319 1075 1409 1102; x_wconf 91' lang='lat' dir='ltr'>odisse</span> <span class='ocrx_word' id='word_1_707' title='bbox 1429 1075 1561 1106; x_wconf 88' lang='lat' dir='ltr'>solemus,</span> <span class='ocrx_word' id='word_1_708' title='bbox 1585 1074 1665 1101; x_wconf 86' lang='lat' dir='ltr'>fortes</span> <span class='ocrx_word' id='word_1_709' title='bbox 1681 1079 1706 1101; x_wconf 87' lang='lat' dir='ltr'>et</span> 
     </span>
     <span class='ocr_line' id='line_1_97' title="bbox 907 1112 1707 1148; baseline -0.001 -9"><span class='ocrx_word' id='word_1_710' title='bbox 907 1112 1041 1139; x_wconf 88' lang='lat' dir='ltr'>animosos</span> <span class='ocrx_word' id='word_1_711' title='bbox 1052 1117 1078 1139; x_wconf 90' lang='lat' dir='ltr'>et</span> <span class='ocrx_word' id='word_1_712' title='bbox 1088 1121 1118 1139; x_wconf 90' lang='lat' dir='ltr'>se</span> <span class='ocrx_word' id='word_1_713' title='bbox 1128 1113 1222 1139; x_wconf 83' lang='lat' dir='ltr'>acriter</span> <span class='ocrx_word' id='word_1_714' title='bbox 1232 1114 1306 1148; x_wconf 91' lang='lat' dir='ltr'>ipsos</span> <span class='ocrx_word' id='word_1_715' title='bbox 1317 1113 1395 1139; x_wconf 89' lang='lat' dir='ltr'>morti</span> <span class='ocrx_word' id='word_1_716' title='bbox 1407 1112 1546 1139; x_wconf 81' lang='lat' dir='ltr'>offerentes</span> <span class='ocrx_word' id='word_1_717' title='bbox 1552 1112 1707 1138; x_wconf 85' lang='lat' dir='ltr'>servaricu—</span> 
     </span>
     <span class='ocr_line' id='line_1_98' title="bbox 907 1150 1708 1186; baseline 0 -10"><span class='ocrx_word' id='word_1_718' title='bbox 907 1151 1010 1185; x_wconf 90' lang='lat' dir='ltr'>pimus:</span> <span class='ocrx_word' id='word_1_719' title='bbox 1024 1159 1170 1186; x_wconf 88' lang='lat' dir='ltr'>eorumque</span> <span class='ocrx_word' id='word_1_720' title='bbox 1182 1159 1229 1177; x_wconf 91' lang='lat' dir='ltr'>nos</span> <span class='ocrx_word' id='word_1_721' title='bbox 1241 1150 1327 1186; x_wconf 88' lang='lat' dir='ltr'>magis</span> <span class='ocrx_word' id='word_1_722' title='bbox 1338 1151 1454 1181; x_wconf 88' lang='lat' dir='ltr'>miseret,</span> <span class='ocrx_word' id='word_1_723' title='bbox 1468 1150 1515 1185; x_wconf 91' lang='lat' dir='ltr'>qui</span> <span class='ocrx_word' id='word_1_724' title='bbox 1527 1154 1644 1176; x_wconf 86' lang='lat' dir='ltr'>nostram</span> <span class='ocrx_word' id='word_1_725' title='bbox 1656 1150 1708 1176; x_wconf 88' lang='lat' dir='ltr'>mi-</span> 
     </span>
     <span class='ocr_line' id='line_1_99' title="bbox 907 1186 1703 1223; baseline -0.001 -9"><span class='ocrx_word' id='word_1_726' title='bbox 907 1188 1077 1214; x_wconf 86' lang='lat' dir='ltr'>sericordiam</span> <span class='ocrx_word' id='word_1_727' title='bbox 1089 1196 1142 1215; x_wconf 93' lang='lat' dir='ltr'>non</span> <span class='ocrx_word' id='word_1_728' title='bbox 1154 1189 1302 1223; x_wconf 87' lang='lat' dir='ltr'>requirunt,</span> <span class='ocrx_word' id='word_1_729' title='bbox 1316 1197 1397 1223; x_wconf 90' lang='lat' dir='ltr'>quam</span> <span class='ocrx_word' id='word_1_730' title='bbox 1409 1187 1536 1223; x_wconf 88' lang='lat' dir='ltr'>quiillam</span> <span class='ocrx_word' id='word_1_731' title='bbox 1544 1186 1703 1223; x_wconf 69' lang='lat' dir='ltr'>efflagitant,</span> 
     </span>
     <span class='ocr_line' id='line_1_100' title="bbox 907 1224 1707 1261; baseline 0 -10"><span class='ocrx_word' id='word_1_732' title='bbox 907 1230 1006 1260; x_wconf 90' lang='lat' dir='ltr'>quanto</span> <span class='ocrx_word' id='word_1_733' title='bbox 1021 1225 1070 1252; x_wconf 92' lang='lat' dir='ltr'>hoc</span> <span class='ocrx_word' id='word_1_734' title='bbox 1086 1226 1172 1261; x_wconf 87' lang='lat' dir='ltr'>magis</span> <span class='ocrx_word' id='word_1_735' title='bbox 1187 1226 1215 1252; x_wconf 92' lang='lat' dir='ltr'>in</span> <span class='ocrx_word' id='word_1_736' title='bbox 1231 1225 1385 1252; x_wconf 86' lang='lat' dir='ltr'>fortissimis</span> <span class='ocrx_word' id='word_1_737' title='bbox 1400 1225 1507 1252; x_wconf 84' lang='lat' dir='ltr'>civibus</span> <span class='ocrx_word' id='word_1_738' title='bbox 1523 1224 1608 1251; x_wconf 87' lang='lat' dir='ltr'>facere</span> <span class='ocrx_word' id='word_1_739' title='bbox 1624 1224 1707 1251; x_wconf 89' lang='lat' dir='ltr'>debe-</span> 
     </span>
     <span class='ocr_line' id='line_1_101' title="bbox 908 1262 1707 1298; baseline -0.001 -9"><span class='ocrx_word' id='word_1_740' title='bbox 908 1262 988 1289; x_wconf 80' lang='lat' dir='ltr'>mus‘?</span> <span class='ocrx_word' id='word_1_741' title='bbox 1021 1265 1063 1289; x_wconf 85' lang='lat'>93.</span> <span class='ocrx_word' id='word_1_742' title='bbox 1080 1263 1122 1289; x_wconf 85' lang='lat' dir='ltr'>Me</span> <span class='ocrx_word' id='word_1_743' title='bbox 1136 1263 1256 1298; x_wconf 91' lang='lat' dir='ltr'>quidem,</span> <span class='ocrx_word' id='word_1_744' title='bbox 1274 1263 1387 1294; x_wconf 88' lang='lat' dir='ltr'>iudices,</span> <span class='ocrx_word' id='word_1_745' title='bbox 1404 1263 1559 1290; x_wconf 85' lang='lat' dir='ltr'>exanimant</span> <span class='ocrx_word' id='word_1_746' title='bbox 1573 1267 1599 1289; x_wconf 91' lang='lat' dir='ltr'>et</span> <span class='ocrx_word' id='word_1_747' title='bbox 1614 1263 1707 1288; x_wconf 87' lang='lat' dir='ltr'>interi-</span> 
     </span>
     <span class='ocr_line' id='line_1_102' title="bbox 907 1299 1707 1335; baseline -0.001 -8"><span class='ocrx_word' id='word_1_748' title='bbox 907 1304 985 1327; x_wconf 89' lang='lat' dir='ltr'>munt</span> <span class='ocrx_word' id='word_1_749' title='bbox 1000 1300 1049 1327; x_wconf 89' lang='lat' dir='ltr'>hae</span> <span class='ocrx_word' id='word_1_750' title='bbox 1065 1309 1143 1327; x_wconf 92' lang='lat' dir='ltr'>voces</span> <span class='ocrx_word' id='word_1_751' title='bbox 1162 1300 1279 1332; x_wconf 80' lang='lat' dir='ltr'>Milonis,</span> <span class='ocrx_word' id='word_1_752' title='bbox 1296 1309 1364 1335; x_wconf 91' lang='lat' dir='ltr'>quas</span> <span class='ocrx_word' id='word_1_753' title='bbox 1380 1300 1460 1327; x_wconf 91' lang='lat' dir='ltr'>audio</span> <span class='ocrx_word' id='word_1_754' title='bbox 1476 1299 1593 1330; x_wconf 88' lang='lat' dir='ltr'>assidue,</span> <span class='ocrx_word' id='word_1_755' title='bbox 1607 1304 1633 1326; x_wconf 89' lang='lat' dir='ltr'>et</span> <span class='ocrx_word' id='word_1_756' title='bbox 1643 1300 1707 1334; x_wconf 93' lang='lat' dir='ltr'>qui-</span> 
     </span>
     <span class='ocr_line' id='line_1_103' title="bbox 908 1337 1707 1373; baseline -0.001 -9"><span class='ocrx_word' id='word_1_757' title='bbox 908 1338 959 1364; x_wconf 88' lang='lat' dir='ltr'>bus</span> <span class='ocrx_word' id='word_1_758' title='bbox 975 1338 1106 1364; x_wconf 88' lang='lat' dir='ltr'>intersum</span> <span class='ocrx_word' id='word_1_759' title='bbox 1122 1338 1251 1373; x_wconf 86' lang='lat' dir='ltr'>quotidie.</span> <span class='ocrx_word' id='word_1_760' title='bbox 1285 1338 1404 1369; x_wconf 73' lang='lat' dir='ltr'>Valeant,</span> <span class='ocrx_word' id='word_1_761' title='bbox 1422 1338 1536 1368; x_wconf 78' lang='lat' dir='ltr'>valeant,</span> <span class='ocrx_word' id='word_1_762' title='bbox 1553 1337 1650 1372; x_wconf 86' lang='lat' dir='ltr'>inquit,</span> <span class='ocrx_word' id='word_1_763' title='bbox 1668 1337 1707 1363; x_wconf 90' lang='lat' dir='ltr'>ci-</span> 
     </span>
     <span class='ocr_line' id='line_1_104' title="bbox 909 1374 1705 1406; baseline 0 -6"><span class='ocrx_word' id='word_1_764' title='bbox 909 1384 954 1401; x_wconf 91' lang='lat' dir='ltr'>ves</span> <span class='ocrx_word' id='word_1_765' title='bbox 975 1376 1036 1406; x_wconf 88' lang='lat' dir='ltr'>mei,</span> <span class='ocrx_word' id='word_1_766' title='bbox 1059 1375 1172 1406; x_wconf 87' lang='lat' dir='ltr'>valeant,</span> <span class='ocrx_word' id='word_1_767' title='bbox 1190 1376 1244 1402; x_wconf 89' lang='lat' dir='ltr'>sint</span> <span class='ocrx_word' id='word_1_768' title='bbox 1258 1375 1416 1406; x_wconf 88' lang='lat' dir='ltr'>incolumes,</span> <span class='ocrx_word' id='word_1_769' title='bbox 1434 1375 1488 1401; x_wconf 90' lang='lat' dir='ltr'>sint</span> <span class='ocrx_word' id='word_1_770' title='bbox 1503 1374 1634 1405; x_wconf 85' lang='lat' dir='ltr'>florentes,</span> <span class='ocrx_word' id='word_1_771' title='bbox 1652 1375 1705 1400; x_wconf 85' lang='lat' dir='ltr'>sint</span> 
     </span>
     <span class='ocr_line' id='line_1_105' title="bbox 908 1412 1706 1448; baseline -0.001 -9"><span class='ocrx_word' id='word_1_772' title='bbox 908 1413 987 1444; x_wconf 90' lang='lat' dir='ltr'>beati,</span> <span class='ocrx_word' id='word_1_773' title='bbox 1015 1417 1067 1439; x_wconf 90' lang='lat' dir='ltr'>stet</span> <span class='ocrx_word' id='word_1_774' title='bbox 1086 1412 1151 1439; x_wconf 87' lang='lat' dir='ltr'>haec</span> <span class='ocrx_word' id='word_1_775' title='bbox 1172 1413 1236 1439; x_wconf 89' lang='lat' dir='ltr'>urbs</span> <span class='ocrx_word' id='word_1_776' title='bbox 1257 1412 1399 1448; x_wconf 85' lang='lat' dir='ltr'>praeclara,</span> <span class='ocrx_word' id='word_1_777' title='bbox 1421 1412 1542 1447; x_wconf 84' lang='lat' dir='ltr'>mihique</span> <span class='ocrx_word' id='word_1_778' title='bbox 1562 1412 1646 1446; x_wconf 89' lang='lat' dir='ltr'>patria</span> <span class='ocrx_word' id='word_1_779' title='bbox 1661 1420 1706 1438; x_wconf 87' lang='lat' dir='ltr'>ca—</span> 
     </span>
     <span class='ocr_line' id='line_1_106' title="bbox 909 1449 1707 1485; baseline -0.001 -9"><span class='ocrx_word' id='word_1_780' title='bbox 909 1450 1028 1482; x_wconf 87' lang='lat' dir='ltr'>rissima,</span> <span class='ocrx_word' id='word_1_781' title='bbox 1056 1458 1166 1485; x_wconf 89' lang='lat' dir='ltr'>quoquo</span> <span class='ocrx_word' id='word_1_782' title='bbox 1190 1450 1269 1477; x_wconf 90' lang='lat' dir='ltr'>modo</span> <span class='ocrx_word' id='word_1_783' title='bbox 1293 1451 1386 1476; x_wconf 88' lang='lat' dir='ltr'>merita</span> <span class='ocrx_word' id='word_1_784' title='bbox 1411 1450 1444 1476; x_wconf 90' lang='lat' dir='ltr'>de</span> <span class='ocrx_word' id='word_1_785' title='bbox 1465 1458 1507 1476; x_wconf 91' lang='lat' dir='ltr'>me</span> <span class='ocrx_word' id='word_1_786' title='bbox 1527 1450 1586 1476; x_wconf 89' lang='lat' dir='ltr'>erit.</span> <span class='ocrx_word' id='word_1_787' title='bbox 1623 1449 1707 1475; x_wconf 85' lang='lat' dir='ltr'>Tran-</span> 
     </span>
     <span class='ocr_line' id='line_1_107' title="bbox 908 1486 1705 1522; baseline -0.003 -8"><span class='ocrx_word' id='word_1_788' title='bbox 908 1487 992 1522; x_wconf 88' lang='lat' dir='ltr'>quilla</span> <span class='ocrx_word' id='word_1_789' title='bbox 1013 1487 1150 1522; x_wconf 89' lang='lat' dir='ltr'>republica</span> <span class='ocrx_word' id='word_1_790' title='bbox 1170 1488 1243 1514; x_wconf 87' lang='lat' dir='ltr'>cives</span> <span class='ocrx_word' id='word_1_791' title='bbox 1264 1488 1315 1514; x_wconf 89' lang='lat' dir='ltr'>mei</span> <span class='ocrx_word' id='word_1_792' title='bbox 1332 1488 1469 1522; x_wconf 89' lang='lat' dir='ltr'>(quoniam</span> <span class='ocrx_word' id='word_1_793' title='bbox 1490 1487 1557 1513; x_wconf 89' lang='lat' dir='ltr'>mihi</span> <span class='ocrx_word' id='word_1_794' title='bbox 1572 1495 1634 1512; x_wconf 91' lang='lat' dir='ltr'>cum</span> <span class='ocrx_word' id='word_1_795' title='bbox 1651 1486 1705 1512; x_wconf 90' lang='lat' dir='ltr'>illis</span> 
     </span>
     <span class='ocr_line' id='line_1_108' title="bbox 909 1523 1704 1560; baseline -0.004 -8"><span class='ocrx_word' id='word_1_796' title='bbox 909 1534 960 1552; x_wconf 90' lang='lat' dir='ltr'>non</span> <span class='ocrx_word' id='word_1_797' title='bbox 975 1525 1044 1560; x_wconf 92' lang='lat' dir='ltr'>licet)</span> <span class='ocrx_word' id='word_1_798' title='bbox 1056 1525 1114 1551; x_wconf 87' lang='lat' dir='ltr'>sine</span> <span class='ocrx_word' id='word_1_799' title='bbox 1126 1534 1168 1551; x_wconf 89' lang='lat' dir='ltr'>me</span> <span class='ocrx_word' id='word_1_800' title='bbox 1178 1525 1239 1560; x_wconf 91' lang='lat' dir='ltr'>ipsi,</span> <span class='ocrx_word' id='word_1_801' title='bbox 1253 1525 1301 1551; x_wconf 86' lang='lat' dir='ltr'>sed</span> <span class='ocrx_word' id='word_1_802' title='bbox 1314 1533 1359 1559; x_wconf 89' lang='lat' dir='ltr'>per</span> <span class='ocrx_word' id='word_1_803' title='bbox 1371 1533 1413 1551; x_wconf 89' lang='lat' dir='ltr'>me</span> <span class='ocrx_word' id='word_1_804' title='bbox 1425 1529 1511 1551; x_wconf 84' lang='lat' dir='ltr'>tamen</span> <span class='ocrx_word' id='word_1_805' title='bbox 1524 1523 1704 1559; x_wconf 83' lang='lat' dir='ltr'>perfruantur.</span> 
     </span>
     <span class='ocr_line' id='line_1_109' title="bbox 908 1561 1704 1598; baseline -0.003 -9"><span class='ocrx_word' id='word_1_806' title='bbox 908 1563 963 1598; x_wconf 80' lang='lat' dir='ltr'>Ego</span> <span class='ocrx_word' id='word_1_807' title='bbox 979 1562 1070 1589; x_wconf 88' lang='lat' dir='ltr'>cedam</span> <span class='ocrx_word' id='word_1_808' title='bbox 1087 1568 1166 1598; x_wconf 83' lang='lat' dir='ltr'>atque</span> <span class='ocrx_word' id='word_1_809' title='bbox 1181 1563 1269 1589; x_wconf 90' lang='lat' dir='ltr'>abibo.</span> <span class='ocrx_word' id='word_1_810' title='bbox 1302 1562 1329 1589; x_wconf 91' lang='lat' dir='ltr'>Si</span> <span class='ocrx_word' id='word_1_811' title='bbox 1346 1563 1413 1589; x_wconf 80' lang='lat' dir='ltr'>milii</span> <span class='ocrx_word' id='word_1_812' title='bbox 1425 1561 1561 1597; x_wconf 84' lang='lat' dir='ltr'>republica</span> <span class='ocrx_word' id='word_1_813' title='bbox 1574 1561 1641 1588; x_wconf 90' lang='lat' dir='ltr'>bona</span> <span class='ocrx_word' id='word_1_814' title='bbox 1654 1561 1704 1587; x_wconf 88' lang='lat' dir='ltr'>frui</span> 
     </span>
     <span class='ocr_line' id='line_1_110' title="bbox 907 1599 1706 1634; baseline -0.003 -8"><span class='ocrx_word' id='word_1_815' title='bbox 907 1609 959 1627; x_wconf 90' lang='lat' dir='ltr'>non</span> <span class='ocrx_word' id='word_1_816' title='bbox 976 1600 1088 1631; x_wconf 88' lang='lat' dir='ltr'>licuerit,</span> <span class='ocrx_word' id='word_1_817' title='bbox 1106 1605 1132 1626; x_wconf 84' lang='lat' dir='ltr'>at</span> <span class='ocrx_word' id='word_1_818' title='bbox 1146 1600 1242 1627; x_wconf 86' lang='lat' dir='ltr'>carebo</span> <span class='ocrx_word' id='word_1_819' title='bbox 1252 1599 1334 1631; x_wconf 85' lang='lat' dir='ltr'>mala;</span> <span class='ocrx_word' id='word_1_820' title='bbox 1357 1605 1381 1626; x_wconf 92' lang='lat' dir='ltr'>et</span> <span class='ocrx_word' id='word_1_821' title='bbox 1392 1608 1474 1634; x_wconf 87' lang='lat' dir='ltr'>quam</span> <span class='ocrx_word' id='word_1_822' title='bbox 1486 1600 1599 1634; x_wconf 88' lang='lat' dir='ltr'>primam</span> <span class='ocrx_word' id='word_1_823' title='bbox 1611 1599 1706 1633; x_wconf 85' lang='lat' dir='ltr'>tetige-</span> 
     </span>
     <span class='ocr_line' id='line_1_111' title="bbox 907 1636 1706 1671; baseline -0.003 -7"><span class='ocrx_word' id='word_1_824' title='bbox 907 1646 936 1664; x_wconf 92' lang='lat' dir='ltr'>ro</span> <span class='ocrx_word' id='word_1_825' title='bbox 951 1637 1019 1664; x_wconf 89' lang='lat' dir='ltr'>bene</span> <span class='ocrx_word' id='word_1_826' title='bbox 1034 1642 1161 1664; x_wconf 87' lang='lat' dir='ltr'>moratam</span> <span class='ocrx_word' id='word_1_827' title='bbox 1177 1642 1202 1664; x_wconf 85' lang='lat' dir='ltr'>et</span> <span class='ocrx_word' id='word_1_828' title='bbox 1218 1637 1329 1664; x_wconf 89' lang='lat' dir='ltr'>liberam</span> <span class='ocrx_word' id='word_1_829' title='bbox 1341 1638 1485 1667; x_wconf 86' lang='lat' dir='ltr'>civitatem,</span> <span class='ocrx_word' id='word_1_830' title='bbox 1498 1637 1525 1663; x_wconf 91' lang='lat' dir='ltr'>in</span> <span class='ocrx_word' id='word_1_831' title='bbox 1537 1645 1567 1662; x_wconf 79' lang='lat' dir='ltr'>ea</span> <span class='ocrx_word' id='word_1_832' title='bbox 1577 1636 1706 1671; x_wconf 89' lang='lat' dir='ltr'>conquie-</span> 
     </span>
     <span class='ocr_line' id='line_1_112' title="bbox 907 1673 1706 1710; baseline -0.003 -9"><span class='ocrx_word' id='word_1_833' title='bbox 907 1683 987 1701; x_wconf 89' lang='lat' dir='ltr'>scam.</span> <span class='ocrx_word' id='word_1_834' title='bbox 1014 1676 1055 1701; x_wconf 65' lang='lat'>94.</span> <span class='ocrx_word' id='word_1_835' title='bbox 1072 1674 1094 1702; x_wconf 93' lang='grc' dir='ltr'>Ο</span> <span class='ocrx_word' id='word_1_836' title='bbox 1106 1675 1212 1706; x_wconf 91' lang='lat' dir='ltr'>frustra,</span> <span class='ocrx_word' id='word_1_837' title='bbox 1226 1675 1323 1710; x_wconf 87' lang='lat' dir='ltr'>inquit,</span> <span class='ocrx_word' id='word_1_838' title='bbox 1338 1675 1404 1701; x_wconf 80' lang='lat' dir='ltr'>milii</span> <span class='ocrx_word' id='word_1_839' title='bbox 1415 1675 1533 1709; x_wconf 90' lang='lat' dir='ltr'>suscepti</span> <span class='ocrx_word' id='word_1_840' title='bbox 1549 1673 1664 1700; x_wconf 77' lang='lat' dir='ltr'>labores!</span> <span class='ocrx_word' id='word_1_841' title='bbox 1690 1682 1706 1700; x_wconf 94' lang='lat' dir='ltr'>o</span> 
     </span>
     <span class='ocr_line' id='line_1_113' title="bbox 906 1710 1705 1749; baseline -0.004 -10"><span class='ocrx_word' id='word_1_842' title='bbox 906 1713 1078 1749; x_wconf 83' lang='lat' dir='ltr'>cogitationes</span> <span class='ocrx_word' id='word_1_843' title='bbox 1094 1713 1187 1739; x_wconf 83' lang='lat' dir='ltr'>inanes</span> <span class='ocrx_word' id='word_1_844' title='bbox 1204 1713 1291 1739; x_wconf 87' lang='lat' dir='ltr'>meael</span> <span class='ocrx_word' id='word_1_845' title='bbox 1327 1712 1392 1748; x_wconf 84' lang='lat' dir='ltr'>Ego,</span> <span class='ocrx_word' id='word_1_846' title='bbox 1406 1720 1491 1747; x_wconf 87' lang='lat' dir='ltr'>quum</span> <span class='ocrx_word' id='word_1_847' title='bbox 1509 1711 1635 1738; x_wconf 89' lang='lat' dir='ltr'>tribunus</span> <span class='ocrx_word' id='word_1_848' title='bbox 1647 1710 1705 1745; x_wconf 87' lang='lat' dir='ltr'>ple-</span> 
     </span>
     <span class='ocr_line' id='line_1_114' title="bbox 906 1748 1704 1786; baseline -0.003 -10"><span class='ocrx_word' id='word_1_849' title='bbox 906 1750 957 1781; x_wconf 89' lang='lat' dir='ltr'>bis,</span> <span class='ocrx_word' id='word_1_850' title='bbox 976 1750 1112 1785; x_wconf 88' lang='lat' dir='ltr'>republica</span> <span class='ocrx_word' id='word_1_851' title='bbox 1127 1759 1264 1786; x_wconf 88' lang='lat' dir='ltr'>oppressa,</span> <span class='ocrx_word' id='word_1_852' title='bbox 1285 1758 1327 1776; x_wconf 83' lang='lat' dir='ltr'>me</span> <span class='ocrx_word' id='word_1_853' title='bbox 1342 1750 1446 1776; x_wconf 84' lang='lat' dir='ltr'>senatui</span> <span class='ocrx_word' id='word_1_854' title='bbox 1462 1748 1606 1779; x_wconf 84' lang='lat' dir='ltr'>dedissem,</span> <span class='ocrx_word' id='word_1_855' title='bbox 1624 1756 1704 1783; x_wconf 89' lang='lat' dir='ltr'>quem</span> 
     </span>
     <span class='ocr_line' id='line_1_115' title="bbox 907 1787 1704 1823; baseline -0.003 -9"><span class='ocrx_word' id='word_1_856' title='bbox 907 1787 1069 1814; x_wconf 86' lang='lat' dir='ltr'>exstinctum</span> <span class='ocrx_word' id='word_1_857' title='bbox 1090 1796 1252 1823; x_wconf 82' lang='lat' dir='ltr'>acceperam,</span> <span class='ocrx_word' id='word_1_858' title='bbox 1275 1787 1412 1823; x_wconf 85' lang='lat' dir='ltr'>equitibus</span> <span class='ocrx_word' id='word_1_859' title='bbox 1434 1787 1569 1815; x_wconf 81' lang='lat' dir='ltr'>Romanis.</span> <span class='ocrx_word' id='word_1_860' title='bbox 1587 1794 1704 1821; x_wconf 88' lang='lat' dir='ltr'>quorum</span> 
     </span>
     <span class='ocr_line' id='line_1_116' title="bbox 906 1824 1706 1860; baseline -0.004 -8"><span class='ocrx_word' id='word_1_861' title='bbox 906 1825 977 1852; x_wconf 81' lang='lat' dir='ltr'>vires</span> <span class='ocrx_word' id='word_1_862' title='bbox 993 1830 1067 1852; x_wconf 90' lang='lat' dir='ltr'>erant</span> <span class='ocrx_word' id='word_1_863' title='bbox 1081 1825 1193 1857; x_wconf 89' lang='lat' dir='ltr'>debiles,</span> <span class='ocrx_word' id='word_1_864' title='bbox 1209 1826 1287 1852; x_wconf 90' lang='lat' dir='ltr'>bonis</span> <span class='ocrx_word' id='word_1_865' title='bbox 1299 1825 1373 1856; x_wconf 87' lang='lat' dir='ltr'>viris,</span> <span class='ocrx_word' id='word_1_866' title='bbox 1387 1825 1434 1860; x_wconf 89' lang='lat' dir='ltr'>qui</span> <span class='ocrx_word' id='word_1_867' title='bbox 1445 1833 1551 1851; x_wconf 87' lang='lat' dir='ltr'>omnem</span> <span class='ocrx_word' id='word_1_868' title='bbox 1563 1824 1706 1850; x_wconf 84' lang='lat' dir='ltr'>auctorita-</span> 
     </span>
     <span class='ocr_line' id='line_1_117' title="bbox 907 1861 1706 1896; baseline -0.003 -7"><span class='ocrx_word' id='word_1_869' title='bbox 907 1868 958 1889; x_wconf 86' lang='lat' dir='ltr'>tem</span> <span class='ocrx_word' id='word_1_870' title='bbox 976 1863 1112 1890; x_wconf 90' lang='lat' dir='ltr'>Clodianis</span> <span class='ocrx_word' id='word_1_871' title='bbox 1123 1864 1205 1890; x_wconf 78' lang='lat' dir='ltr'>armis</span> <span class='ocrx_word' id='word_1_872' title='bbox 1217 1863 1379 1894; x_wconf 76' lang='lat' dir='ltr'>abiecerant;</span> <span class='ocrx_word' id='word_1_873' title='bbox 1402 1862 1469 1888; x_wconf 79' lang='lat' dir='ltr'>milii</span> <span class='ocrx_word' id='word_1_874' title='bbox 1481 1869 1610 1896; x_wconf 88' lang='lat' dir='ltr'>umquam</span> <span class='ocrx_word' id='word_1_875' title='bbox 1622 1861 1706 1887; x_wconf 93' lang='lat' dir='ltr'>bono-</span> 
     </span>
     <span class='ocr_line' id='line_1_118' title="bbox 906 1899 1705 1936; baseline -0.004 -9"><span class='ocrx_word' id='word_1_876' title='bbox 906 1909 966 1927; x_wconf 92' lang='lat' dir='ltr'>rum</span> <span class='ocrx_word' id='word_1_877' title='bbox 983 1900 1147 1936; x_wconf 88' lang='lat' dir='ltr'>praesidium</span> <span class='ocrx_word' id='word_1_878' title='bbox 1163 1900 1321 1927; x_wconf 87' lang='lat' dir='ltr'>defuturum</span> <span class='ocrx_word' id='word_1_879' title='bbox 1338 1900 1478 1935; x_wconf 68' lang='lat' dir='ltr'>putarem?</span> <span class='ocrx_word' id='word_1_880' title='bbox 1498 1899 1562 1935; x_wconf 79' lang='lat' dir='ltr'>Ego,</span> <span class='ocrx_word' id='word_1_881' title='bbox 1580 1907 1665 1934; x_wconf 88' lang='lat' dir='ltr'>quum</span> <span class='ocrx_word' id='word_1_882' title='bbox 1681 1903 1705 1924; x_wconf 87' lang='lat' dir='ltr'>te</span> 
     </span>
     <span class='ocr_line' id='line_1_119' title="bbox 906 1935 1705 1974; baseline -0.005 -9"><span class='ocrx_word' id='word_1_883' title='bbox 906 1938 1021 1974; x_wconf 89' lang='lat' dir='ltr'>(mecum</span> <span class='ocrx_word' id='word_1_884' title='bbox 1043 1939 1114 1965; x_wconf 88' lang='lat' dir='ltr'>enim</span> <span class='ocrx_word' id='word_1_885' title='bbox 1135 1939 1294 1973; x_wconf 81' lang='lat' dir='ltr'>saepissime</span> <span class='ocrx_word' id='word_1_886' title='bbox 1312 1937 1439 1973; x_wconf 87' lang='lat' dir='ltr'>loquitur)</span> <span class='ocrx_word' id='word_1_887' title='bbox 1455 1937 1554 1972; x_wconf 83' lang='lat' dir='ltr'>patriae</span> <span class='ocrx_word' id='word_1_888' title='bbox 1571 1935 1705 1962; x_wconf 85' lang='lat' dir='ltr'>reddidis-</span> 
     </span>
     <span class='ocr_line' id='line_1_120' title="bbox 906 1973 1704 2010; baseline -0.004 -8"><span class='ocrx_word' id='word_1_889' title='bbox 906 1984 973 2007; x_wconf 88' lang='lat' dir='ltr'>sem,</span> <span class='ocrx_word' id='word_1_890' title='bbox 987 1975 1054 2002; x_wconf 87' lang='lat' dir='ltr'>mibi</span> <span class='ocrx_word' id='word_1_891' title='bbox 1066 1975 1188 2002; x_wconf 86' lang='lat' dir='ltr'>futurum</span> <span class='ocrx_word' id='word_1_892' title='bbox 1200 1975 1227 2002; x_wconf 91' lang='lat' dir='ltr'>in</span> <span class='ocrx_word' id='word_1_893' title='bbox 1240 1976 1323 2010; x_wconf 87' lang='lat' dir='ltr'>patria</span> <span class='ocrx_word' id='word_1_894' title='bbox 1335 1984 1387 2002; x_wconf 89' lang='lat' dir='ltr'>non</span> <span class='ocrx_word' id='word_1_895' title='bbox 1399 1979 1520 2010; x_wconf 85' lang='lat' dir='ltr'>putarem</span> <span class='ocrx_word' id='word_1_896' title='bbox 1529 1974 1634 2000; x_wconf 68' lang='lat' dir='ltr'>locum?</span> <span class='ocrx_word' id='word_1_897' title='bbox 1653 1973 1704 2000; x_wconf 88' lang='lat' dir='ltr'>Ubi</span> 
     </span>
     <span class='ocr_line' id='line_1_121' title="bbox 906 2011 1704 2048; baseline -0.004 -8"><span class='ocrx_word' id='word_1_898' title='bbox 906 2021 977 2040; x_wconf 90' lang='lat' dir='ltr'>nunc</span> <span class='ocrx_word' id='word_1_899' title='bbox 996 2018 1106 2040; x_wconf 80' lang='lat' dir='ltr'>senatus</span> <span class='ocrx_word' id='word_1_900' title='bbox 1126 2018 1174 2045; x_wconf 84' lang='lat' dir='ltr'>est,</span> <span class='ocrx_word' id='word_1_901' title='bbox 1196 2021 1277 2048; x_wconf 87' lang='lat' dir='ltr'>quem</span> <span class='ocrx_word' id='word_1_902' title='bbox 1292 2013 1378 2039; x_wconf 90' lang='lat' dir='ltr'>secuti</span> <span class='ocrx_word' id='word_1_903' title='bbox 1393 2011 1508 2039; x_wconf 73' lang='lat' dir='ltr'>sumus?</span> <span class='ocrx_word' id='word_1_904' title='bbox 1537 2011 1583 2038; x_wconf 91' lang='lat' dir='ltr'>ubi</span> <span class='ocrx_word' id='word_1_905' title='bbox 1600 2011 1704 2046; x_wconf 77' lang='lat' dir='ltr'>equites</span> 
     </span>
     <span class='ocr_line' id='line_1_122' title="bbox 905 2047 1706 2086; baseline -0.005 -9"><span class='ocrx_word' id='word_1_906' title='bbox 905 2051 1015 2077; x_wconf 78' lang='lat' dir='ltr'>Romani</span> <span class='ocrx_word' id='word_1_907' title='bbox 1028 2050 1077 2082; x_wconf 93' lang='lat' dir='ltr'>illi,</span> <span class='ocrx_word' id='word_1_908' title='bbox 1092 2050 1312 2086; x_wconf 82' lang='lat' dir='ltr'>illi,inquit.tui‘?</span> <span class='ocrx_word' id='word_1_909' title='bbox 1326 2050 1373 2076; x_wconf 91' lang='lat' dir='ltr'>ubi</span> <span class='ocrx_word' id='word_1_910' title='bbox 1384 2047 1706 2083; x_wconf 80' lang='lat' dir='ltr'>studiamunieipiorum‘?</span> 
     </span>
     <span class='ocr_line' id='line_1_123' title="bbox 905 2086 1704 2123; baseline -0.004 -9"><span class='ocrx_word' id='word_1_911' title='bbox 905 2088 952 2114; x_wconf 91' lang='lat' dir='ltr'>ubi</span> <span class='ocrx_word' id='word_1_912' title='bbox 964 2088 1053 2114; x_wconf 85' lang='lat' dir='ltr'>ltaliae</span> <span class='ocrx_word' id='word_1_913' title='bbox 1078 2087 1174 2114; x_wconf 71' lang='lat' dir='ltr'>voces?</span> <span class='ocrx_word' id='word_1_914' title='bbox 1199 2088 1245 2114; x_wconf 93' lang='lat' dir='ltr'>ubi</span> <span class='ocrx_word' id='word_1_915' title='bbox 1265 2088 1384 2123; x_wconf 84' lang='lat' dir='ltr'>denique</span> <span class='ocrx_word' id='word_1_916' title='bbox 1413 2092 1466 2118; x_wconf 87' lang='lat' dir='ltr'>tua,</span> <span class='ocrx_word' id='word_1_917' title='bbox 1484 2087 1519 2113; x_wconf 73' lang='grc' dir='ltr'>Μ.</span> <span class='ocrx_word' id='word_1_918' title='bbox 1537 2086 1618 2116; x_wconf 91' lang='lat' dir='ltr'>Tulli,</span> <span class='ocrx_word' id='word_1_919' title='bbox 1635 2094 1704 2121; x_wconf 79' lang='lat' dir='ltr'>quae</span> 
     </span>
     <span class='ocr_line' id='line_1_124' title="bbox 906 2123 1702 2160; baseline -0.003 -8"><span class='ocrx_word' id='word_1_920' title='bbox 906 2125 1031 2160; x_wconf 87' lang='lat' dir='ltr'>plurimis</span> <span class='ocrx_word' id='word_1_921' title='bbox 1043 2125 1094 2152; x_wconf 89' lang='lat' dir='ltr'>fuit</span> <span class='ocrx_word' id='word_1_922' title='bbox 1104 2125 1214 2156; x_wconf 87' lang='lat' dir='ltr'>auxilio,</span> <span class='ocrx_word' id='word_1_923' title='bbox 1228 2133 1280 2152; x_wconf 84' lang='lat' dir='ltr'>vox</span> <span class='ocrx_word' id='word_1_924' title='bbox 1291 2130 1316 2151; x_wconf 87' lang='lat' dir='ltr'>et</span> <span class='ocrx_word' id='word_1_925' title='bbox 1326 2124 1465 2151; x_wconf 72' lang='lat' dir='ltr'>defensio?</span> <span class='ocrx_word' id='word_1_926' title='bbox 1490 2124 1589 2150; x_wconf 84' lang='lat' dir='ltr'>Mihine</span> <span class='ocrx_word' id='word_1_927' title='bbox 1601 2132 1630 2149; x_wconf 77' lang='lat' dir='ltr'>ea</span> <span class='ocrx_word' id='word_1_928' title='bbox 1642 2123 1702 2150; x_wconf 86' lang='lat' dir='ltr'>soli.</span> 
     </span>
     <span class='ocr_line' id='line_1_125' title="bbox 904 2159 1706 2198; baseline -0.004 -9"><span class='ocrx_word' id='word_1_929' title='bbox 904 2163 951 2198; x_wconf 92' lang='lat' dir='ltr'>qui</span> <span class='ocrx_word' id='word_1_930' title='bbox 964 2171 1011 2197; x_wconf 92' lang='lat' dir='ltr'>pro</span> <span class='ocrx_word' id='word_1_931' title='bbox 1022 2166 1046 2188; x_wconf 79' lang='lat' dir='ltr'>te</span> <span class='ocrx_word' id='word_1_932' title='bbox 1058 2163 1135 2189; x_wconf 82' lang='lat' dir='ltr'>toties</span> <span class='ocrx_word' id='word_1_933' title='bbox 1146 2163 1223 2189; x_wconf 91' lang='lat' dir='ltr'>morti</span> <span class='ocrx_word' id='word_1_934' title='bbox 1235 2171 1277 2189; x_wconf 88' lang='lat' dir='ltr'>me</span> <span class='ocrx_word' id='word_1_935' title='bbox 1288 2162 1382 2193; x_wconf 88' lang='lat' dir='ltr'>obtuli,</span> <span class='ocrx_word' id='word_1_936' title='bbox 1397 2161 1462 2188; x_wconf 87' lang='lat' dir='ltr'>nibil</span> <span class='ocrx_word' id='word_1_937' title='bbox 1475 2159 1706 2196; x_wconf 63' lang='lat' dir='ltr'>potestopitulari?</span> 
     </span>
    </p>

    <p class='ocr_par' dir='ltr' id='par_1_9' title="bbox 903 2199 1703 2720">
     <span class='ocr_line' id='line_1_126' title="bbox 960 2199 1700 2234; baseline -0.003 -8"><span class='ocrx_word' id='word_1_938' title='bbox 960 2199 1073 2226; x_wconf 75' lang='lat' dir='ltr'>XXXV.</span> <span class='ocrx_word' id='word_1_939' title='bbox 1089 2200 1131 2226; x_wconf 83' lang='lat'>95.</span> <span class='ocrx_word' id='word_1_940' title='bbox 1149 2201 1202 2226; x_wconf 89' lang='lat' dir='ltr'>Nec</span> <span class='ocrx_word' id='word_1_941' title='bbox 1218 2208 1279 2227; x_wconf 88' lang='lat' dir='ltr'>vero</span> <span class='ocrx_word' id='word_1_942' title='bbox 1295 2200 1368 2229; x_wconf 79' lang='lat' dir='ltr'>baec.</span> <span class='ocrx_word' id='word_1_943' title='bbox 1387 2200 1498 2229; x_wconf 83' lang='lat' dir='ltr'>iudices.</span> <span class='ocrx_word' id='word_1_944' title='bbox 1517 2203 1545 2225; x_wconf 89' lang='lat' dir='ltr'>ut</span> <span class='ocrx_word' id='word_1_945' title='bbox 1560 2207 1610 2234; x_wconf 79' lang='lat' dir='ltr'>ego</span> <span class='ocrx_word' id='word_1_946' title='bbox 1622 2206 1700 2226; x_wconf 76' lang='lat' dir='ltr'>nunc,</span> 
     </span>
     <span class='ocr_line' id='line_1_127' title="bbox 905 2235 1703 2272; baseline -0.003 -9"><span class='ocrx_word' id='word_1_947' title='bbox 905 2236 979 2267; x_wconf 80' lang='lat' dir='ltr'>flens.</span> <span class='ocrx_word' id='word_1_948' title='bbox 998 2237 1045 2263; x_wconf 84' lang='lat' dir='ltr'>sed</span> <span class='ocrx_word' id='word_1_949' title='bbox 1061 2237 1110 2263; x_wconf 88' lang='lat' dir='ltr'>boc</span> <span class='ocrx_word' id='word_1_950' title='bbox 1121 2237 1213 2263; x_wconf 88' lang='lat' dir='ltr'>eodem</span> <span class='ocrx_word' id='word_1_951' title='bbox 1228 2237 1346 2272; x_wconf 89' lang='lat' dir='ltr'>loquitur</span> <span class='ocrx_word' id='word_1_952' title='bbox 1356 2236 1501 2271; x_wconf 85' lang='lat' dir='ltr'>vultu,quo</span> <span class='ocrx_word' id='word_1_953' title='bbox 1512 2235 1619 2262; x_wconf 82' lang='lat' dir='ltr'>videtis.</span> <span class='ocrx_word' id='word_1_954' title='bbox 1652 2236 1703 2261; x_wconf 79' lang='lat' dir='ltr'>Ne-</span> 
     </span>
     <span class='ocr_line' id='line_1_128' title="bbox 904 2272 1703 2310; baseline -0.004 -10"><span class='ocrx_word' id='word_1_955' title='bbox 904 2279 949 2309; x_wconf 73' lang='lat' dir='ltr'>gat</span> <span class='ocrx_word' id='word_1_956' title='bbox 963 2275 1044 2303; x_wconf 88' lang='lat' dir='ltr'>enim,</span> <span class='ocrx_word' id='word_1_957' title='bbox 1062 2283 1090 2300; x_wconf 77' lang='lat' dir='ltr'>se</span> <span class='ocrx_word' id='word_1_958' title='bbox 1103 2279 1180 2310; x_wconf 78' lang='lat' dir='ltr'>negat</span> <span class='ocrx_word' id='word_1_959' title='bbox 1193 2275 1303 2308; x_wconf 73' lang='lat' dir='ltr'>ingratis</span> <span class='ocrx_word' id='word_1_960' title='bbox 1317 2274 1423 2300; x_wconf 81' lang='lat' dir='ltr'>civibus</span> <span class='ocrx_word' id='word_1_961' title='bbox 1437 2273 1540 2303; x_wconf 76' lang='lat' dir='ltr'>fecisse.</span> <span class='ocrx_word' id='word_1_962' title='bbox 1553 2281 1622 2307; x_wconf 75' lang='lat' dir='ltr'>quat·</span> <span class='ocrx_word' id='word_1_963' title='bbox 1635 2272 1703 2298; x_wconf 78' lang='lat' dir='ltr'>feee-</span> 
     </span>
     <span class='ocr_line' id='line_1_129' title="bbox 905 2309 1700 2346; baseline 0 -9"><span class='ocrx_word' id='word_1_964' title='bbox 905 2312 952 2338; x_wconf 89' lang='lat' dir='ltr'>rit:</span> <span class='ocrx_word' id='word_1_965' title='bbox 993 2311 1096 2338; x_wconf 82' lang='lat' dir='ltr'>timidis</span> <span class='ocrx_word' id='word_1_966' title='bbox 1117 2316 1142 2337; x_wconf 89' lang='lat' dir='ltr'>et</span> <span class='ocrx_word' id='word_1_967' title='bbox 1161 2312 1250 2337; x_wconf 90' lang='lat' dir='ltr'>omnia</span> <span class='ocrx_word' id='word_1_968' title='bbox 1270 2311 1552 2346; x_wconf 76' lang='lat' dir='ltr'>circumspicientibus</span> <span class='ocrx_word' id='word_1_969' title='bbox 1574 2309 1700 2344; x_wconf 77' lang='lat' dir='ltr'>pericula.</span> 
     </span>
     <span class='ocr_line' id='line_1_130' title="bbox 905 2347 1702 2383; baseline -0.004 -8"><span class='ocrx_word' id='word_1_970' title='bbox 905 2357 956 2375; x_wconf 93' lang='lat' dir='ltr'>non</span> <span class='ocrx_word' id='word_1_971' title='bbox 969 2353 1056 2383; x_wconf 72' lang='lat' dir='ltr'>negat.</span> <span class='ocrx_word' id='word_1_972' title='bbox 1102 2348 1209 2375; x_wconf 84' lang='lat' dir='ltr'>Plebem</span> <span class='ocrx_word' id='word_1_973' title='bbox 1224 2353 1251 2375; x_wconf 79' lang='lat' dir='ltr'>et</span> <span class='ocrx_word' id='word_1_974' title='bbox 1265 2349 1383 2375; x_wconf 83' lang='lat' dir='ltr'>infimum</span> <span class='ocrx_word' id='word_1_975' title='bbox 1400 2347 1610 2376; x_wconf 85' lang='lat' dir='ltr'>multitudinem.</span> <span class='ocrx_word' id='word_1_976' title='bbox 1633 2355 1702 2381; x_wconf 80' lang='lat' dir='ltr'>qunt-</span> 
     </span>
     <span class='ocr_line' id='line_1_131' title="bbox 904 2385 1703 2418; baseline -0.004 -6"><span class='ocrx_word' id='word_1_977' title='bbox 904 2386 932 2412; x_wconf 85' lang='lat' dir='ltr'>P.</span> <span class='ocrx_word' id='word_1_978' title='bbox 951 2385 1044 2412; x_wconf 88' lang='lat' dir='ltr'>Clodio</span> <span class='ocrx_word' id='word_1_979' title='bbox 1058 2385 1136 2415; x_wconf 79' lang='lat' dir='ltr'>duce,</span> <span class='ocrx_word' id='word_1_980' title='bbox 1155 2385 1268 2412; x_wconf 82' lang='lat' dir='ltr'>fortunis</span> <span class='ocrx_word' id='word_1_981' title='bbox 1280 2386 1376 2412; x_wconf 76' lang='lat' dir='ltr'>vestris</span> <span class='ocrx_word' id='word_1_982' title='bbox 1387 2385 1553 2414; x_wconf 78' lang='lat' dir='ltr'>imminebat,</span> <span class='ocrx_word' id='word_1_983' title='bbox 1567 2393 1634 2414; x_wconf 80' lang='lat' dir='ltr'>eam,</span> <span class='ocrx_word' id='word_1_984' title='bbox 1647 2392 1703 2418; x_wconf 83' lang='lat' dir='ltr'>quo</span> 
     </span>
     <span class='ocr_line' id='line_1_132' title="bbox 905 2422 1700 2453; baseline -0.003 -4"><span class='ocrx_word' id='word_1_985' title='bbox 905 2423 985 2449; x_wconf 83' lang='lat' dir='ltr'>tutior</span> <span class='ocrx_word' id='word_1_986' title='bbox 999 2427 1071 2449; x_wconf 79' lang='lat' dir='ltr'>esset</span> <span class='ocrx_word' id='word_1_987' title='bbox 1086 2423 1137 2449; x_wconf 83' lang='lat' dir='ltr'>vita</span> <span class='ocrx_word' id='word_1_988' title='bbox 1154 2427 1249 2453; x_wconf 78' lang='lat' dir='ltr'>vestra,</span> <span class='ocrx_word' id='word_1_989' title='bbox 1262 2432 1339 2449; x_wconf 77' lang='lat' dir='ltr'>suam</span> <span class='ocrx_word' id='word_1_990' title='bbox 1351 2432 1380 2449; x_wconf 83' lang='lat' dir='ltr'>se</span> <span class='ocrx_word' id='word_1_991' title='bbox 1393 2422 1486 2449; x_wconf 78' lang='lat' dir='ltr'>fecisse</span> <span class='ocrx_word' id='word_1_992' title='bbox 1497 2426 1700 2452; x_wconf 57' lang='lat' dir='ltr'>commemor-nn</span> 
     </span>
     <span class='ocr_line' id='line_1_133' title="bbox 905 2459 1701 2489; baseline -0.004 -2"><span class='ocrx_word' id='word_1_993' title='bbox 905 2466 934 2487; x_wconf 87' lang='lat' dir='ltr'>ut</span> <span class='ocrx_word' id='word_1_994' title='bbox 955 2469 1006 2487; x_wconf 90' lang='lat' dir='ltr'>non</span> <span class='ocrx_word' id='word_1_995' title='bbox 1028 2460 1106 2486; x_wconf 90' lang='lat' dir='ltr'>modo</span> <span class='ocrx_word' id='word_1_996' title='bbox 1128 2461 1225 2487; x_wconf 76' lang='lat' dir='ltr'>virtuto</span> <span class='ocrx_word' id='word_1_997' title='bbox 1246 2459 1368 2489; x_wconf 75' lang='lat' dir='ltr'>flecteret.</span> <span class='ocrx_word' id='word_1_998' title='bbox 1387 2460 1433 2486; x_wconf 79' lang='lat' dir='ltr'>sed</span> <span class='ocrx_word' id='word_1_999' title='bbox 1450 2460 1529 2486; x_wconf 85' lang='lat' dir='ltr'>ctiam</span> <span class='ocrx_word' id='word_1_1000' title='bbox 1546 2459 1631 2485; x_wconf 81' lang='lat' dir='ltr'>tribus</span> <span class='ocrx_word' id='word_1_1001' title='bbox 1643 2460 1701 2485; x_wconf 77' lang='lat' dir='ltr'>suis</span> 
     </span>
     <span class='ocr_line' id='line_1_134' title="bbox 904 2496 1699 2533; baseline -0.001 -10"><span class='ocrx_word' id='word_1_1002' title='bbox 904 2498 1072 2533; x_wconf 77' lang='lat' dir='ltr'>patrimoniis</span> <span class='ocrx_word' id='word_1_1003' title='bbox 1093 2497 1224 2527; x_wconf 79' lang='lat' dir='ltr'>deliniret,</span> <span class='ocrx_word' id='word_1_1004' title='bbox 1249 2506 1296 2524; x_wconf 80' lang='lat' dir='ltr'>nec</span> <span class='ocrx_word' id='word_1_1005' title='bbox 1318 2498 1402 2526; x_wconf 76' lang='lat' dir='ltr'>timet,</span> <span class='ocrx_word' id='word_1_1006' title='bbox 1426 2506 1466 2527; x_wconf 80' lang='lat' dir='ltr'>ne,</span> <span class='ocrx_word' id='word_1_1007' title='bbox 1489 2505 1574 2532; x_wconf 86' lang='lat' dir='ltr'>qtmm</span> <span class='ocrx_word' id='word_1_1008' title='bbox 1594 2496 1699 2531; x_wconf 80' lang='lat' dir='ltr'>plebem</span> 
     </span>
     <span class='ocr_line' id='line_1_135' title="bbox 904 2534 1701 2569; baseline -0.003 -8"><span class='ocrx_word' id='word_1_1009' title='bbox 904 2535 1063 2561; x_wconf 82' lang='lat' dir='ltr'>muneribus</span> <span class='ocrx_word' id='word_1_1010' title='bbox 1075 2535 1194 2569; x_wconf 77' lang='lat' dir='ltr'>placarit,</span> <span class='ocrx_word' id='word_1_1011' title='bbox 1209 2544 1255 2561; x_wconf 79' lang='lat' dir='ltr'>vos</span> <span class='ocrx_word' id='word_1_1012' title='bbox 1267 2544 1318 2561; x_wconf 91' lang='lat' dir='ltr'>non</span> <span class='ocrx_word' id='word_1_1013' title='bbox 1330 2534 1477 2561; x_wconf 73' lang='lat' dir='ltr'>conciliarit</span> <span class='ocrx_word' id='word_1_1014' title='bbox 1488 2534 1701 2560; x_wconf 79' lang='lat' dir='ltr'>mcritisinrom-</span> 
     </span>
     <span class='ocr_line' id='line_1_136' title="bbox 905 2571 1700 2608; baseline -0.001 -10"><span class='ocrx_word' id='word_1_1015' title='bbox 905 2572 1041 2607; x_wconf 76' lang='lat' dir='ltr'>publicam</span> <span class='ocrx_word' id='word_1_1016' title='bbox 1056 2572 1252 2608; x_wconf 78' lang='lat' dir='ltr'>singularibus.</span> <span class='ocrx_word' id='word_1_1017' title='bbox 1285 2573 1399 2598; x_wconf 76' lang='lat' dir='ltr'>Senatus</span> <span class='ocrx_word' id='word_1_1018' title='bbox 1415 2580 1477 2607; x_wconf 75' lang='lat' dir='ltr'>erga</span> <span class='ocrx_word' id='word_1_1019' title='bbox 1493 2581 1521 2598; x_wconf 82' lang='lat' dir='ltr'>se</span> <span class='ocrx_word' id='word_1_1020' title='bbox 1539 2571 1700 2598; x_wconf 78' lang='lat' dir='ltr'>benovolen-</span> 
     </span>
     <span class='ocr_line' id='line_1_137' title="bbox 905 2610 1700 2645; baseline -0.003 -10"><span class='ocrx_word' id='word_1_1021' title='bbox 905 2610 966 2636; x_wconf 84' lang='lat' dir='ltr'>tiam</span> <span class='ocrx_word' id='word_1_1022' title='bbox 980 2610 1146 2644; x_wconf 80' lang='lat' dir='ltr'>temporibus</span> <span class='ocrx_word' id='word_1_1023' title='bbox 1158 2610 1199 2636; x_wconf 81' lang='lat' dir='ltr'>liis</span> <span class='ocrx_word' id='word_1_1024' title='bbox 1212 2611 1279 2645; x_wconf 80' lang='lat' dir='ltr'>ipsis</span> <span class='ocrx_word' id='word_1_1025' title='bbox 1291 2618 1369 2644; x_wconf 76' lang='lat' dir='ltr'>saepe</span> <span class='ocrx_word' id='word_1_1026' title='bbox 1381 2618 1439 2636; x_wconf 79' lang='lat' dir='ltr'>esse</span> <span class='ocrx_word' id='word_1_1027' title='bbox 1451 2614 1630 2644; x_wconf 78' lang='lat' dir='ltr'>perspectum:</span> <span class='ocrx_word' id='word_1_1028' title='bbox 1655 2617 1700 2633; x_wconf 77' lang='lat' dir='ltr'>ve-</span> 
     </span>
     <span class='ocr_line' id='line_1_138' title="bbox 903 2645 1697 2677; baseline -0.003 -4"><span class='ocrx_word' id='word_1_1029' title='bbox 903 2652 970 2673; x_wconf 79' lang='lat' dir='ltr'>stras</span> <span class='ocrx_word' id='word_1_1030' title='bbox 984 2655 1044 2673; x_wconf 77' lang='lat' dir='ltr'>vero</span> <span class='ocrx_word' id='word_1_1031' title='bbox 1054 2651 1079 2674; x_wconf 88' lang='lat' dir='ltr'>et</span> <span class='ocrx_word' id='word_1_1032' title='bbox 1091 2652 1239 2674; x_wconf 85' lang='lat' dir='ltr'>vestrorum</span> <span class='ocrx_word' id='word_1_1033' title='bbox 1250 2647 1375 2674; x_wconf 83' lang='lat' dir='ltr'>ordinum</span> <span class='ocrx_word' id='word_1_1034' title='bbox 1387 2647 1590 2677; x_wconf 77' lang='lat' dir='ltr'>occursationes,</span> <span class='ocrx_word' id='word_1_1035' title='bbox 1599 2645 1697 2676; x_wconf 78' lang='lat' dir='ltr'>studia,</span> 
     </span>
     <span class='ocr_line' id='line_1_139' title="bbox 903 2684 1700 2720; baseline -0.003 -8"><span class='ocrx_word' id='word_1_1036' title='bbox 903 2693 1047 2716; x_wconf 84' lang='lat' dir='ltr'>sermones,</span> <span class='ocrx_word' id='word_1_1037' title='bbox 1065 2693 1267 2720; x_wconf 82' lang='lat' dir='ltr'>quemcumque</span> <span class='ocrx_word' id='word_1_1038' title='bbox 1285 2693 1394 2712; x_wconf 83' lang='lat' dir='ltr'>cursum</span> <span class='ocrx_word' id='word_1_1039' title='bbox 1412 2684 1516 2712; x_wconf 78' lang='lat' dir='ltr'>fortuna</span> <span class='ocrx_word' id='word_1_1040' title='bbox 1531 2684 1643 2714; x_wconf 80' lang='lat' dir='ltr'>dederit.</span> <span class='ocrx_word' id='word_1_1041' title='bbox 1656 2691 1700 2710; x_wconf 59' lang='lat' dir='ltr'>st&gt;</span> 
     </span>
    </p>
   </div>
   <div class='ocr_carea' id='block_1_7' title="bbox 1461 2734 1493 2758">
    <p class='ocr_par' dir='ltr' id='par_1_10' title="bbox 1461 2734 1493 2758">
     <span class='ocr_line' id='line_1_140' title="bbox 1461 2734 1493 2758; baseline 0.031 -1"><span class='ocrx_word' id='word_1_1042' title='bbox 1461 2734 1493 2758; x_wconf 64' lang='lat'>71</span> 
     </span>
    </p>
   </div>
  </div>
 </body>
</html>
