1941 3052
420 116 470 142 DE
502 116 686 142 NATURA
716 115 902 142 DEORUM
933 115 1014 141 LIB.

71 196 114 219 ea,
131 186 259 217 dissidia,
277 186 441 217 discordias,
457 192 544 218 ortus,
571 187 709 217 interitus,
730 185 863 221 querelaS,

72 225 287 254 lamentationes,
303 224 401 250 effusas
420 225 447 250 in
462 225 536 250 omni
552 224 756 258 intemperantia
773 223 867 249 libidi-

72 271 128 294 nes,
142 261 282 292 adulteria,
294 261 412 291 vincula,
426 270 487 287 cum
499 262 618 288 humano
629 270 725 297 genere
737 260 867 287 concubi-
887 263 889 294 ¹,

72 298 311 333 tuS,mortalesque
323 307 356 325 ex
368 299 566 325 immortalibus
573 304 732 333 procreatos.
751 298 867 325 43.Cum

71 341 210 372 poetarum
225 341 314 362 autem
330 344 417 362 errore
429 337 592 372 coniungere
604 336 666 362 licet
676 341 796 371 portenta
811 344 868 361 ma-

71 382 166 410 gorum
178 373 428 409 Aegyptiorumque
440 374 468 400 in
479 374 572 400 eodem
583 382 681 409 genere
692 373 865 403 dementiam,

72 416 129 438 tum
144 411 224 438 etiam
241 410 316 446 vulgi
332 411 487 445 opiniones,
509 419 578 446 quae
595 412 622 437 in
641 411 759 437 maxima
775 411 869 436 incon-

71 449 181 479 stantia,
196 449 315 474 veritatis
327 449 503 483 ignoratione,
516 453 668 474 versantur.
697 448 733 474 Ea
745 449 793 482 qui
804 456 869 473 con—

72 485 173 512 sideret
186 494 268 520 quam
279 485 431 512 inconsulte
442 494 472 512 ac
483 490 583 512 temere
593 485 732 515 dicantur,
746 485 868 511 venerari

70 523 220 558 Epicurum
239 527 265 549 et
280 524 307 549 in
323 531 416 549 eorum
432 523 552 557 ipsorum
568 531 695 553 numero,
716 522 749 548 de
767 522 869 557 quibus

72 560 138 586 haec
149 561 271 595 quaestio
282 565 336 591 est,
355 560 453 586 habere
468 560 573 587 debeat.
613 560 692 586 Solus
704 560 776 586 enim
787 559 865 589 vidit,

71 598 192 633 primum
207 606 266 624 esse
281 597 360 628 deos,
383 597 456 632 quod
472 598 498 624 in
513 598 636 624 omnium
657 598 756 623 animis
776 605 868 623 eorum

72 636 208 662 notionem
229 635 412 669 impressisset
432 636 490 669 ipsa
510 640 613 661 natura.
654 634 727 666 Quae
742 639 782 660 est
796 635 868 660 enim

71 681 148 708 gens,
157 677 202 699 aut
211 672 284 707 quod
296 681 383 707 genus
394 672 545 703 hominum,
553 672 626 707 quod
639 681 691 698 non
703 672 800 698 habeat
810 672 869 697 sine

71 709 193 737 doctrina
204 710 421 745 anticipationem
433 710 578 744 quamdam
589 708 719 736 deorum?
729 717 811 744 quam
822 717 870 743 ap—

71 746 154 782 pellat
172 746 303 783 πρὸληψιν
317 747 466 781 Epicurus,
492 747 520 773 id
535 752 576 773 est
593 751 759 781 anteceptam
779 746 869 772 animo

72 785 111 810 rei
131 784 277 819 quamdam
292 784 520 814 informationem,
545 785 604 810 sine
620 792 673 819 qua
690 792 738 809 nec
754 783 869 819 intelligi

71 821 236 856 quidquam,
255 830 303 848 nec
318 822 426 856 quaeri,
444 830 493 847 nec
504 822 637 856 disputari
648 826 744 856 potest.
785 820 869 847 Cuius

72 859 183 885 rationis
193 860 249 885 vim
260 863 339 893 atque
350 858 492 884 utilitatem
504 867 538 885 ex
549 859 595 884 illo
605 858 869 893 caelestiEpicuride

71 895 164 931 regmla
175 900 201 922 et
211 896 313 922 iudicio
324 895 462 922 volumine
473 897 638 931 accepimus
652 896 734 922 XVII.
744 897 784 922 44.
792 895 869 927 Quod

71 934 155 969 igitur
165 932 369 959 fundamentum
383 933 465 959 huius
475 934 642 968 quaestionis
654 938 702 963 est,
711 933 738 959 id
750 933 870 968 praecla—

71 979 99 997 re
115 971 214 997 iactum
231 970 339 997 videtis.
379 970 470 1002 Quum
485 971 559 997 enim
575 980 627 997 non
642 971 765 997 instituto
779 970 870 1005 aliquo

70 1012 117 1034 aut
131 1016 205 1034 more
220 1012 266 1034 aut
281 1008 339 1043 lege
354 1007 390 1034 sit
404 1009 496 1043 opinio
509 1009 653 1035 constituta
665 1013 825 1042 maneatque
837 1008 870 1034 ad

70 1053 157 1072 unum
167 1046 289 1072 omnium
302 1046 377 1071 firma
388 1046 542 1072 consensio:
566 1045 683 1081 intelligi
697 1054 807 1072 necesse
819 1050 868 1076 est,

70 1090 131 1109 esse
144 1082 223 1114 deos,
236 1083 365 1118 quoniam
377 1083 472 1110 insitas
483 1092 575 1110 eorum
584 1104 590 1114 ,
606 1083 648 1109 vel
663 1084 753 1118 potius
765 1083 870 1109 innatas

70 1120 239 1154 cognitiones
251 1120 393 1146 habemus.
427 1121 463 1147 De
474 1129 528 1155 quo
539 1125 628 1147 autem
639 1121 762 1147 omnium
776 1125 870 1147 natura

69 1158 211 1188 consentit,
225 1158 253 1183 id
266 1166 360 1184 verum
372 1166 431 1184 esse
443 1166 551 1184 necesse
563 1163 612 1185 est.
634 1159 699 1184 Esse
712 1159 795 1193 igitur
806 1158 870 1184 deos

70 1194 254 1221 confitendum
275 1199 324 1222 est.
364 1195 441 1227 Quod
462 1196 591 1230 quoniam
611 1195 666 1222 fere
681 1200 784 1223 constat
802 1196 871 1222 inter

70 1240 165 1259 omnes
176 1241 228 1258 non
239 1232 416 1267 philosophos
427 1232 525 1264 solum,
533 1233 581 1259 sed
588 1233 667 1259 etiam
680 1233 816 1260 indoctos:
831 1232 871 1259 sa-

70 1274 184 1301 teamur,
193 1274 313 1296 constare
324 1269 393 1297 illud
405 1271 494 1301 etiam,
504 1270 572 1297 hanc
583 1279 631 1297 nos
643 1271 741 1297 habere
753 1272 811 1298 sive
823 1280 871 1297 an-

71 1307 265 1342 ticipationem,
279 1312 309 1334 ut
319 1313 379 1334 ante
390 1307 458 1338 dixi,
466 1308 524 1334 sive
535 1309 736 1343 praenotionem
746 1309 869 1335 deorum.

70 1343 151 1380 (Sunt
163 1345 236 1371 enim
247 1345 328 1372 rebus
340 1346 417 1372 novis
429 1354 497 1372 nova
509 1346 632 1380 ponenda
644 1347 762 1378 nomina,
771 1346 871 1380 utEpi—

71 1390 153 1408 curus
165 1383 224 1417 ipse
235 1382 365 1418 πρόληψιν
377 1382 536 1418 appellavit,
554 1392 636 1418 quam
652 1388 728 1410 antea
744 1393 824 1410 nemo
840 1392 870 1410 eo

70 1419 154 1446 verbo
165 1421 338 1456 nominarat.)
368 1421 409 1447 45.
431 1421 504 1446 Hanc
515 1421 598 1456 igitur
610 1421 751 1452 habemus,
766 1426 794 1448 ut
805 1421 869 1448 deos

71 1456 164 1483 beatos
175 1462 201 1484 et
211 1457 376 1484 immortales
388 1462 526 1492 putemus.
561 1458 634 1490 Quae
646 1459 719 1485 enim
731 1459 809 1485 nobis
822 1468 871 1485 na—

71 1499 130 1521 tura
142 1494 358 1522 informationem
369 1495 481 1522 deorum
493 1496 615 1530 ipsorum
626 1496 709 1527 dedit,
723 1496 817 1522 eadem
830 1497 871 1523 in-

71 1531 186 1567 sculpsit
196 1532 223 1558 in
235 1532 382 1564 mentibus,
391 1537 420 1559 ut
429 1541 475 1559 eos
487 1537 607 1560 aeternos
618 1538 644 1560 et
655 1533 746 1560 beatos
758 1534 871 1560 habere-

71 1577 144 1596 mus.
184 1569 261 1602 Quod
272 1570 296 1596 si
307 1571 341 1596 ita
352 1575 405 1601 est,
424 1579 486 1596 vere
500 1571 620 1605 exposita
633 1570 677 1597 illa
690 1572 821 1598 sententia
832 1576 872 1598 est

71 1606 105 1633 ab
115 1606 246 1641 Epicuro:
262 1608 335 1639 Quod
346 1610 446 1634 beatum
456 1613 637 1642 aeternumque
647 1611 689 1639 sit,
702 1611 728 1635 id
740 1618 785 1636 uec
795 1611 872 1635 habe-

69 1653 99 1670 re
109 1646 191 1677 ipsum
202 1647 296 1678 negotii
310 1647 463 1679 quidquam,
479 1654 525 1673 nec
540 1648 659 1672 exhibere
673 1648 765 1672 alteri:
785 1649 872 1680 itaque

70 1690 150 1715 neque
161 1684 216 1713 ira,
234 1691 314 1716 neque
323 1685 411 1716 qratia
421 1686 514 1713 teneri,
530 1686 611 1717 quod,
628 1692 694 1717 quaa
705 1685 770 1710 talia
781 1689 869 1714 essent,

71 1720 198 1745 imbecilla
213 1724 293 1746 essent
309 1723 402 1746 omnia.
443 1720 473 1746 Si
487 1720 557 1747 nihil
574 1720 647 1747 aliud
666 1729 868 1756 quaereremus,

70 1756 124 1782 nisi
136 1760 166 1782 ut
175 1755 239 1782 deos
251 1757 295 1791 pie
306 1756 469 1789 coleremus,
487 1762 513 1784 et
527 1762 557 1784 ut
569 1759 760 1793 superstitione
773 1758 871 1785 libera-

71 1801 176 1825 remur,
193 1794 259 1820 satis
274 1799 330 1821 erat
344 1794 460 1828 dictum3
484 1803 546 1821 nam
561 1800 587 1822 et
602 1801 741 1831 praestans
757 1796 870 1823 deorum

71 1835 166 1857 natura
180 1830 322 1858 hominum
336 1833 433 1867 pietate
449 1832 594 1864 coleretur,
617 1842 703 1868 quum
719 1838 746 1860 et
764 1839 870 1861 aeterna

71 1872 143 1894 esset
153 1872 179 1894 et
188 1867 358 1902 beatissima3
372 1869 453 1896 habet
462 1870 535 1896 enim
547 1871 748 1898 venerationem
760 1872 868 1903 iustam,

71 1904 208 1940 quidquid
219 1905 340 1933 excellit:
359 1911 385 1933 et
398 1911 487 1933 metus
501 1908 591 1934 omnis
601 1916 616 1934 a
627 1908 655 1934 vi
666 1913 745 1943 atque
757 1909 795 1935 ira
807 1909 872 1936 deo-

72 1951 133 1969 rum
145 1941 241 1977 pulsus
252 1947 336 1976 esset3
354 1943 515 1980 intelligitur
525 1945 608 1975 enim,
617 1953 631 1971 a
643 1945 719 1972 beata
733 1946 872 1973 immorta-

73 1979 147 2014 lique
159 1984 251 2006 natura
263 1984 289 2007 et
299 1981 366 2007 iram
377 1985 403 2007 et
413 1982 526 2016 gratiam
538 1982 688 2017 segregari;
711 1983 814 2017 quibus
831 1992 872 2010 re-

72 2017 161 2048 motis,
175 2016 264 2044 nullos
275 2026 289 2043 a
300 2019 408 2053 superis
419 2018 575 2053 impendere
582 2024 680 2046 metus.
704 2019 756 2046 Sed
763 2020 872 2047 adhunc

71 2054 284 2081 confirmandam
298 2056 454 2090 opinionem
470 2057 590 2091 anquirit
603 2057 711 2083 animus
723 2062 748 2084 et
759 2057 871 2084 sormam

71 2096 99 2156 gt
118 2092 202 2118 vitam
226 2096 252 2119 et
276 2093 408 2120 actionem
432 2094 530 2120 mentis
550 2098 631 2129 atque
651 2094 823 2130 agitationem
845 2096 872 2122 in

91 2137 132 2156 eo.

128 2165 222 2193 XVIII.
238 2167 280 2193 66.
296 2166 334 2194 Ac
344 2166 378 2193 de
390 2166 474 2194 forma
485 2167 598 2202 quidem
608 2168 706 2204 partim
719 2173 812 2196 natura
824 2178 873 2196 nos

72 2203 207 2234 admonet,
222 2205 320 2239 partim
333 2205 399 2231 ratio
409 2204 497 2232 docet.
528 2205 596 2232 Nam
607 2214 622 2232 a
633 2210 727 2233 natura
739 2206 872 2233 habemus

71 2249 165 2268 omnes
185 2241 307 2268 omnium
325 2243 448 2278 gentium
463 2243 583 2277 speciem
599 2242 702 2270 nullam
718 2243 798 2270 aliam
819 2245 873 2270 nisi

73 2278 219 2305 humanam
238 2278 360 2306 deorum.
401 2279 475 2312 Quae
496 2280 569 2307 enim
588 2280 641 2307 alia
657 2280 741 2308 forma
755 2282 872 2308 occurrit

72 2323 203 2351 umquam
217 2320 264 2343 aut
279 2316 403 2352 vigilanti
419 2317 547 2352 cuiquam
563 2322 610 2344 aut
623 2317 786 2345 dormienti?
806 2318 870 2350 Sed,

71 2361 106 2380 ne
125 2353 216 2380 omnia
237 2358 396 2381 revocentur
415 2353 449 2380 ad
465 2354 567 2389 primas
582 2355 718 2387 notiones,
739 2357 806 2382 ratio
823 2356 871 2382 lioe

72 2390 146 2417 idem
166 2391 224 2426 ipsa
242 2390 368 2418 declarat.
410 2392 452 2418 Π.
474 2392 542 2418 Nam
562 2400 648 2427 quum
672 2394 872 2427 praestantissi-

70 2435 145 2455 mam
156 2432 292 2460 naturam,
310 2428 352 2455 vel
363 2429 427 2464 quia
439 2428 515 2456 beata
527 2434 582 2460 est,
599 2429 641 2456 vel
653 2431 718 2465 quia
729 2431 872 2465 sempiter—

71 2473 119 2497 na,
136 2466 281 2493 convenire
297 2466 422 2493 videatur
436 2466 558 2493 eamdem
573 2475 633 2493 esse
648 2467 870 2502 pulcherrimam,

71 2510 142 2537 quae
152 2504 311 2538 compositio
321 2503 514 2534 membrorum,
522 2512 592 2539 quae
602 2504 777 2531 conformatio
789 2505 872 2531 linea-

72 2543 239 2572 mentorum,
259 2549 329 2576 quae
340 2541 439 2577 figura,
454 2550 525 2576 quae
540 2541 646 2576 species
658 2541 775 2568 humana
786 2547 873 2577 potest

72 2585 132 2604 esse
143 2576 300 2612 pulchrior?
313 2578 365 2605 Vos
375 2578 497 2614 quidem,
506 2578 604 2610 Lucili,
617 2578 719 2609 soletis,
732 2579 804 2614 (nam
811 2579 872 2606 Cot-

72 2619 98 2641 ta
109 2623 186 2641 meus
197 2615 276 2642 modo
288 2615 346 2647 hoc,
355 2616 435 2643 modo
445 2616 626 2651 illud.)quum
638 2617 781 2643 artilicium
793 2616 872 2643 etlin—

72 2651 138 2688 gitis
147 2651 332 2689 fabricamque
343 2652 475 2685 divinam,
483 2662 565 2690 quam
576 2654 632 2682 siut
640 2654 731 2681 omnia
744 2654 772 2681 in
783 2653 873 2682 homi-

296 2751 303 2763 6

1046 115 1066 140 1.
1097 115 1148 141 CA
1163 115 1192 141 1³.
1222 117 1249 141 13
1270 130 1306 135 —
1329 117 1368 141 20.
1652 118 1713 142 {103

919 186 960 211 nis
978 185 1063 220 figura
1079 195 1131 212 non
1148 185 1226 212 modo
1242 186 1275 212 ad
1292 195 1386 216 usum,
1410 194 1504 212 verum
1522 186 1601 212 etiam
1618 186 1651 212 ad
1670 196 1715 212 ve-

920 227 1053 249 nustatem
1065 228 1134 257 apta,
1148 223 1310 249 describere.
1343 224 1384 249 48.
1401 222 1477 255 Quod
1489 224 1511 249 si
1522 224 1645 249 omnium
1657 225 1715 249 ani-

920 261 1050 286 mantium
1067 260 1179 286 formam
1196 261 1279 287 vincit
1296 261 1413 286 lioniinis
1431 261 1528 296 ligura,
1546 260 1614 286 deus
1626 265 1714 286 autem

919 298 1041 323 animans
1053 302 1106 324 est:
1123 307 1153 324 ea
1165 298 1249 333 figura
1261 297 1377 333 protecto
1389 303 1436 327 est,
1453 307 1522 332 quae
1533 298 1716 332 pulcherrima

919 336 954 360 sit
968 336 1103 367 omnium,
1127 336 1310 370 quoniamque
1324 335 1387 361 deos
1401 335 1571 361 beatissimos
1583 344 1641 361 esse
1652 344 1716 361 con-

920 377 983 402 stat,
1000 372 1094 398 beatus
1107 378 1195 398 autem
1207 382 1266 398 esse
1277 373 1336 398 sine
1348 373 1445 398 virtute
1458 382 1535 398 nemo
1551 378 1650 407 potest,
1669 381 1717 398 nec

921 411 1007 435 virtus
1024 410 1082 435 sine
1099 410 1199 436 ratione
1214 415 1334 436 constare
1352 418 1399 435 nec
1411 411 1476 435 ratio
1488 419 1603 444 usquam
1616 411 1714 439 inesse,

921 447 973 472 nisi
985 447 1012 472 in
1025 447 1142 472 hominis
1155 448 1254 481 ligura:
1278 447 1395 473 hominis
1407 456 1465 473 esse
1477 449 1566 481 specie
1578 447 1642 473 deos
1654 456 1718 473 con—

921 483 1050 510 fitendum
1062 489 1111 510 est.
1153 485 1193 510 49.
1217 485 1270 510 Nec
1286 490 1372 510 tamen
1390 493 1419 510 ea
1435 486 1538 519 species
1554 493 1652 519 corpus
1666 489 1715 514 est,

920 521 968 547 sed
983 522 1062 556 quasi
1077 530 1189 555 corpus,
1212 530 1259 548 nec
1276 522 1355 548 habet
1373 523 1547 557 sanguinem,
1571 522 1618 547 sed
1639 522 1718 556 quasi

920 559 1092 594 sanguinem.
1134 559 1206 584 XIX.
1229 560 1298 585 Haec
1314 568 1478 594 quamquam
1496 564 1520 585 et
1535 560 1643 585 inventa
1655 564 1719 585 sunt

921 597 1026 622 acutius
1038 601 1063 622 et
1073 595 1144 622 dicta
1156 596 1285 623 subtilius
1296 597 1329 622 ab
1343 597 1470 630 Epicuro,
1488 605 1569 630 quam
1584 602 1613 622 ut
1625 597 1718 631 quivis

921 642 951 659 ea
965 634 1049 668 possit
1060 642 1218 668 agnoscere:
1242 639 1329 660 tamen
1346 633 1428 659 fretus
1441 633 1617 669 intelligentia
1630 639 1717 659 vestra

921 671 1024 697 dissero
1040 670 1165 701 brevius,
1187 680 1269 705 quam
1285 680 1378 697 caussa
1398 671 1542 697 desiderat.
1582 672 1718 705 Epicurus

921 713 1024 738 autem,
1041 709 1089 742 qui
1105 717 1147 734 res
1163 708 1280 734 occultas
1296 713 1321 734 et
1337 709 1445 742 penitus
1459 708 1564 734 abditas
1576 717 1627 734 non
1640 708 1719 734 modo

922 745 1019 771 viderit
1031 746 1134 776 animo,
1151 746 1199 771 sed
1210 746 1289 772 etiam
1302 747 1340 772 sic
1354 750 1456 776 tractet,
1475 750 1502 771 ut
1515 754 1595 771 manu
1608 755 1655 771 nos
1667 745 1719 771 du-

920 787 975 813 cat,
993 782 1070 808 docet
1086 791 1144 809 eam
1160 792 1218 809 esse
1235 784 1291 809 vim
1305 788 1331 809 et
1346 788 1467 809 naturam
1480 783 1604 812 deorum.v
1624 788 1651 808 ut
1663 783 1719 816 pri-

922 829 996 846 mum
1012 828 1065 846 non
1080 829 1176 851 sensu,
1197 820 1244 846 sed
1262 825 1350 846 mente
1365 825 1502 846 cernatur:
1522 828 1569 845 nec
1585 819 1719 845 soliditate

921 857 1048 892 quadam,
1062 866 1111 883 nec
1122 857 1155 884 ad
1167 866 1320 888 numerum,
1330 862 1359 883 ut
1369 866 1408 887 ea,
1417 866 1486 891 quae
1499 857 1544 882 ille
1555 862 1663 891 propter
1675 857 1720 882 tir-

922 895 1042 921 niitatem
1057 896 1193 929 στερέμνια
1205 895 1329 929 appellat,
1340 895 1386 920 sed
1399 894 1575 929 imaginibus,
1589 894 1720 920 similitu-

922 932 985 959 dine
996 937 1021 958 et
1031 933 1187 958 transitione
1198 933 1346 967 perceptis:
1360 940 1445 966 quum
1455 932 1557 957 infinita
1565 931 1721 957 simillima-

922 979 982 996 rum
995 970 1145 1005 imaginum
1153 971 1297 1004 speciesex
1308 969 1555 995 innumerabilibus
1568 968 1720 995 individuis

922 1007 1034 1034 exsistat
1045 1012 1070 1034 et
1081 1007 1114 1034 ad
1125 1007 1189 1033 deos
1201 1006 1305 1038 affluat,
1321 1015 1383 1033 cum
1396 1007 1523 1033 maximis
1536 1006 1720 1041 voluptatibus

923 1046 949 1071 in
961 1054 1004 1071 eas
1017 1045 1149 1080 imagines
1162 1050 1277 1071 mentem
1290 1045 1418 1070 intentam
1430 1044 1720 1078 infixamquenostram

922 1082 1129 1118 intelligentiam
1144 1091 1253 1117 capere,
1276 1091 1344 1117 quae
1361 1083 1396 1108 sit
1411 1087 1436 1108 et
1449 1082 1523 1108 beata
1537 1087 1628 1108 natura
1641 1086 1665 1108 et
1677 1090 1721 1107 ae-

922 1125 1006 1146 terna.
1047 1121 1088 1146 50.
1111 1120 1221 1147 Summa
1239 1128 1300 1146 vero
1319 1120 1361 1145 vis
1376 1119 1516 1145 infinitatis
1535 1124 1560 1145 et
1579 1128 1675 1154 magna
1692 1128 1721 1144 ac

921 1157 1047 1192 diligenti
1059 1157 1283 1192 contemplatione
1294 1157 1455 1192 dignissima
1468 1162 1520 1183 est:
1539 1157 1565 1182 in
1577 1165 1630 1191 qua
1643 1156 1721 1182 intel-

922 1195 971 1230 ligi
982 1203 1092 1221 necesse
1103 1200 1143 1221 est
1154 1203 1212 1221 eam
1224 1203 1283 1221 esse
1295 1200 1431 1224 naturam,
1450 1199 1479 1220 ut
1492 1195 1582 1220 omnia
1594 1193 1721 1220 omnibus

922 1232 1033 1267 paribus
1049 1233 1122 1267 paria
1140 1232 1327 1267 respondeant.
1369 1232 1441 1257 llanc
1457 1231 1593 1266 ἰσονομίαν
1605 1231 1723 1265 appellat

921 1270 1070 1304 Epicurus,
1097 1269 1123 1296 id
1144 1275 1184 1296 est
1198 1269 1368 1305 aequabilem
1390 1269 1573 1295 tributionem.
1613 1269 1654 1295 Ex
1673 1268 1722 1294 hac

922 1308 1005 1343 igitur
1016 1306 1084 1333 illud
1097 1306 1222 1338 efficitur,
1235 1308 1258 1334 si
1271 1306 1424 1333 mortalium
1437 1311 1506 1333 tanta
1520 1305 1665 1332 multitudo
1676 1307 1720 1336 sit,

921 1354 980 1372 esse
992 1344 1185 1372 immortalium
1199 1354 1250 1371 non
1267 1345 1413 1375 minorem,
1431 1349 1469 1375 et,
1487 1344 1525 1375 si,
1542 1352 1610 1378 quae
1628 1344 1721 1369 interi-

922 1387 1004 1413 mant,
1018 1382 1226 1409 innumerabilia
1239 1383 1306 1413 sint,
1320 1383 1399 1408 etiam
1412 1391 1456 1412 ea,
1470 1390 1538 1416 quae
1551 1386 1718 1409 conservent,

924 1421 1025 1447 infinita
1038 1429 1096 1446 esse
1108 1420 1216 1446 debere.
1256 1420 1289 1446 Et
1300 1429 1427 1455 quaerere
1440 1429 1453 1445 a
1467 1419 1557 1447 nobis,
1571 1418 1664 1448 balbe,
1679 1426 1722 1443 so—

924 1458 993 1490 letis,
1007 1466 1075 1492 quae
1088 1458 1141 1484 vita
1153 1458 1264 1484 deorum
1276 1458 1319 1487 sit,
1329 1466 1453 1492 quaeque
1465 1457 1497 1482 ab
1510 1457 1543 1482 iis
1554 1456 1667 1491 degatur
1678 1464 1723 1481 ae-

923 1501 972 1522 tas.
1012 1497 1054 1522 5¹.
1076 1495 1112 1521 Ea
1126 1495 1262 1526 videlicet,
1275 1504 1328 1530 qua
1341 1495 1409 1521 nihil
1423 1495 1536 1524 beatius,
1555 1493 1622 1519 niliil
1634 1493 1722 1519 omni-

923 1534 974 1560 bus
987 1533 1064 1559 bonis
1076 1532 1231 1559 affluentius
1242 1533 1353 1567 cogitari
1366 1537 1460 1567 potest.
1482 1531 1554 1558 Niliil
1567 1531 1639 1556 enim
1652 1530 1719 1565 agit:

923 1570 1007 1597 nullis
1018 1571 1242 1605 occupationibus
1253 1575 1292 1596 est
1305 1570 1473 1605 implicatus,
1488 1568 1561 1595 nulla
1573 1576 1652 1602 opera
1666 1576 1722 1593 mo-

924 1608 1000 1639 litur,
1018 1617 1067 1634 sua
1083 1609 1214 1642 sapientia
1231 1613 1255 1634 et
1268 1608 1365 1634 virtute
1376 1607 1487 1641 gaudet:
1509 1606 1587 1632 habet
1599 1605 1723 1639 explora-

924 1651 994 1676 tum,
1010 1645 1064 1671 sore
1075 1654 1103 1672 se
1114 1654 1221 1680 semper
1233 1650 1289 1671 tum
1304 1646 1330 1671 in
1343 1645 1483 1673 maximis,
1499 1649 1554 1670 tum
1569 1644 1594 1669 in
1607 1643 1723 1668 aeternis

923 1683 1118 1718 voluptatibus.
1160 1683 1222 1709 XX.
1245 1684 1287 1709 5¹2.
1309 1683 1386 1708 llunc
1397 1682 1478 1708 deum
1496 1681 1544 1707 rite
1560 1681 1667 1706 beatum
1679 1679 1723 1705 ‹li-

923 1722 1058 1751 xcr‘uuus,
1073 1725 1192 1747 vestrum
1206 1729 1268 1746 vero
1280 1719 1535 1746 laboriosissimum.
1576 1718 1638 1743 sive
1650 1718 1723 1743 enim

923 1759 981 1793 ipse
999 1758 1117 1784 mundus
1134 1758 1201 1784 deus
1217 1762 1270 1788 est,
1288 1757 1355 1793 quid
1372 1762 1457 1792 potest
1471 1764 1530 1782 esse
1543 1756 1634 1781 minus
1644 1755 1723 1789 quir-

923 1801 994 1827 tum,
1014 1804 1096 1831 quam
1113 1795 1187 1822 nullo
1202 1800 1301 1830 puncto
1312 1795 1440 1829 temporis
1453 1794 1606 1821 intermisso
1622 1792 1722 1819 versari

922 1834 1025 1860 circum
1037 1842 1114 1860 axem
1127 1833 1193 1859 caeli
1206 1833 1360 1859 admirabili
1371 1831 1523 1858 celeritate?
1535 1831 1723 1865 Nisiquictum

923 1876 1027 1902 autem,
1051 1870 1119 1897 nihil
1136 1871 1244 1897 beatum
1261 1875 1314 1897 est:
1337 1870 1396 1896 sive
1414 1870 1439 1896 in
1457 1870 1514 1904 ipso
1534 1868 1636 1895 mundo
1656 1867 1724 1893 deus

923 1909 993 1935 inest
1008 1908 1122 1943 aliquis,
1145 1909 1193 1943 qui
1213 1913 1299 1943 regat,
1325 1908 1373 1943 qui
1391 1907 1533 1943 gubernet,
1559 1907 1607 1941 qui
1628 1913 1724 1931 cursus

923 1951 1069 1977 astrorum,
1087 1946 1249 1972 mutationes
1265 1950 1430 1980 temporum.
1450 1953 1538 1971 rerum
1556 1942 1725 1970 vicissitudi-

923 1992 972 2010 nes
991 1983 1155 2018 ordinesque
1175 1987 1329 2014 conservet,
1353 1987 1436 2009 terras
1456 1987 1481 2008 et
1502 1982 1584 2008 maria
1605 1985 1724 2006 contem-

924 2021 1002 2055 plans
1019 2021 1160 2047 hominum
1175 2020 1316 2047 commoda
1332 2021 1456 2054 vitasque
1473 2024 1591 2046 tueatur:
1616 2026 1663 2044 nae
1681 2016 1724 2042 ille

923 2063 964 2085 est
976 2057 1131 2093 implicatus
1143 2057 1264 2084 molestis
1276 2058 1391 2093 negotiis
1402 2062 1428 2084 et
1441 2057 1575 2091 operosis!
1607 2057 1649 2081 53.
1672 2055 1724 2080 Nos

924 2100 1012 2122 autem
1026 2095 1130 2121 beatam
1143 2095 1224 2121 vitam
1238 2095 1264 2121 in
1276 2095 1360 2121 animi
1371 2095 1514 2121 securitate
1528 2098 1554 2120 et
1565 2094 1591 2119 in
1602 2093 1723 2119 omnium

926 2133 1062 2159 vacatione
1074 2140 1218 2158 munerum
1231 2133 1367 2166 ponimus
1390 2132 1484 2158 Docuit
1496 2132 1567 2157 enim
1580 2139 1627 2156 nos
1642 2129 1721 2156 idem.

924 2170 971 2204 qui
983 2174 1079 2199 cetera,
1093 2174 1186 2196 natura
1198 2169 1321 2195 effectum
1332 2177 1392 2195 esse
1405 2168 1551 2195 muudum:
1575 2167 1643 2193 niliil
1656 2174 1724 2200 opus

901 2218 902 2225 ι
925 2207 1009 2233 fuisse
1027 2205 1140 2236 fabrica,
1157 2211 1265 2240 tamque
1281 2214 1340 2232 enm
1357 2215 1412 2232 rem
1428 2214 1487 2231 esse
1505 2205 1624 2233 facilem,
1642 2212 1722 2238 quam

925 2253 973 2270 vos
983 2243 1054 2269 ellici
1067 2244 1170 2278 negatis
1181 2243 1239 2269 sinc
1254 2243 1346 2268 divina
1360 2251 1438 2277 posse
1450 2242 1582 2271 sollertia,
1601 2246 1629 2267 ut
1644 2242 1724 2266 intiu-

925 2280 1068 2307 merabiles
1080 2286 1173 2307 natura
1185 2279 1300 2306 mundos
1312 2280 1437 2306 effectura
1449 2281 1493 2310 sit,
1507 2279 1614 2307 estin-iat,
1629 2278 1723 2303 etit-vc-

924 2319 968 2345 rit.
1007 2317 1084 2350 Quod
1095 2318 1174 2352 quia,
1190 2317 1419 2352 quemadmodum
1437 2322 1529 2343 natura
1545 2316 1649 2342 estieere
1665 2315 1724 2341 sine

923 2355 1014 2390 aliqua
1031 2360 1118 2381 mente
1135 2357 1233 2389 possit,
1251 2363 1303 2381 non
1321 2354 1432 2380 videtis:
1456 2359 1484 2380 ut
1506 2354 1598 2387 tregit-i
1620 2358 1721 2386 poetae.

923 2401 1009 2427 quum
1025 2392 1161 2426 explicare
1175 2392 1327 2426 argumenti
1337 2392 1440 2418 exitum
1453 2400 1504 2416 non
1518 2390 1642 2424 potestis,
1660 2398 1724 2415 con-

925 2429 1019 2462 fugitis
1030 2429 1062 2456 ad
1074 2429 1170 2458 deum;
1203 2430 1245 2455 tii.
1267 2429 1346 2455 cuius
1361 2437 1469 2463 operam
1483 2427 1600 2462 proferto
1612 2436 1663 2453 non
1675 2426 1723 2452 ‹te-

923 2457 1092 2497 sideraretis.
1115 2467 1138 2493 si
1156 2467 1316 2492 immensam
1332 2470 1357 2492 et
1373 2465 1571 2492 interminatam
1588 2465 1613 2490 in
1629 2473 1723 2490 omnes

925 2509 1012 2539 partes
1024 2503 1240 2540 magnitudinem
1253 2504 1393 2538 regionum
1408 2502 1544 2530 videretis,
1563 2503 1588 2528 in
1600 2510 1682 2536 ιμιειιιι
1694 2510 1723 2527 se.

924 2542 1050 2568 iniiciens
1065 2542 1173 2568 animus
1188 2546 1214 2568 et
1230 2541 1371 2567 intendens
1389 2542 1422 2566 ita
1441 2540 1490 2566 late
1502 2539 1634 2574 longeque
1646 2547 1723 2574 pere—

923 2579 1058 2613 grinatur.
1071 2584 1100 2605 ut
1110 2578 1211 2605 nullum
1225 2583 1311 2604 tamen
1323 2587 1396 2604 oram
1409 2577 1497 2604 ultimi
1511 2577 1612 2606 videat,
1631 2578 1656 2603 in
1669 2585 1722 2611 qua

924 2617 1008 2650 possit
1025 2616 1157 2643 insistere.
1200 2616 1227 2642 ln
1245 2615 1293 2641 liae
1310 2616 1392 2649 igitur
1409 2615 1588 2641 imniensitate
1601 2614 1722 2640 latitudi-

923 2662 999 2684 uum.
1014 2652 1225 2690 longitudinum,
1238 2652 1412 2680 altitudinum
1428 2652 1531 2679 infinita
1543 2653 1584 2679 vis
1597 2652 1722 2679 innume-
