1941 3052
224 147 268 171 ttt}
799 145 1254 174 ⁸.M.·t·.t:tct¹.¹touts

221 217 305 242 virtus
324 217 350 243 in
372 225 462 243 earum
482 225 569 244 rerum
589 226 638 243 usu
658 226 686 243 nc
701 217 877 244 moderatione
892 218 1006 244 maxime

219 254 344 283 cernitur,
367 255 497 280 trac-tundi·
516 256 593 280 etiam
614 256 638 281 iu
655 254 852 280 laudationibus
867 255 929 280 luia-c
944 260 1006 281 sunt

220 295 327 317 naturae
343 296 368 317 et
389 291 506 317 fortuna(-
521 292 595 321 bonu,
614 292 639 317 in
655 292 753 326 quibus
768 295 921 317 estsummn
934 291 1004 317 laun:

221 337 271 354 non
285 328 414 354 extulisse
424 337 452 353 ius
465 329 488 354 in
502 333 636 362 1mtvstatv,
655 337 704 354 non
719 328 800 353 fuisse
811 328 967 354 insolentem
979 329 1005 354 in

221 366 340 400 pecunia,
359 375 408 391 non
420 375 448 390 rw
460 365 615 399 prm-tulisse
630 365 687 390 aliis
701 369 806 399 propter
816 365 1004 391 abundantiam

220 402 352 432 tortnnm·;
376 407 403 428 ut
419 411 482 436 opi-2⁴
499 406 522 427 et
537 402 626 436 copiae
646 410 696 427 non
712 402 852 436 superbiae
868 401 1007 429 videantur

219 448 248 465 uc
260 439 372 468 libidini,
389 439 435 464 sed
453 439 560 464 bonitati
576 447 605 463 nc
621 438 791 464 moderationi
812 438 962 465 facultatem
982 444 1006 465 et

220 477 354 502 materiam
366 476 480 501 ‹ln-disse.
504 477 560 501 353.
577 475 665 501 Virtus
679 479 776 506 autem,
793 484 861 510 quae
872 480 911 501 est
924 485 969 510 per
978 485 1006 502 se

220 514 275 548 ipsa
292 513 441 542 laudabilis,
454 517 478 537 ct
488 513 545 538 sim·
557 521 609 546 qua
621 512 686 538 nibil
699 512 798 538 laudari
812 517 905 547 potest,
919 517 1005 539 tamen

220 550 298 576 babet
314 550 403 584 plures
421 553 516 583 partes,
529 558 642 583 quarum
658 549 707 575 ulia
722 553 762 575 est
772 549 821 575 ulia
832 550 864 575 ad
878 549 1006 576 lui-‹iam›

220 596 278 612 nem
293 587 386 621 aptior.
421 586 489 612 Sunt
503 586 574 612 enim
588 586 653 612 aliae
670 587 790 617 virtutes,
803 595 871 622 quae
884 587 1007 613 videntur

219 624 244 649 in
266 624 383 649 moribus
403 623 540 649 hominum
555 627 580 649 et
595 623 710 658 quadam
725 624 847 650 comitate
863 633 892 650 ac
908 624 1007 650 benefi-

218 661 301 686 ceutia
319 660 431 695 positae,
454 659 528 690 aliae,
544 669 612 695 quae
627 661 653 687 in
667 661 766 695 ingenii
781 661 869 696 aliqua
885 661 1007 687 facultate

219 702 262 723 aut
271 698 351 723 animi
362 697 544 733 iii-‘ignitudine
553 707 582 723 oc
590 697 691 724 robore.
700 699 764 724 Nom
773 698 921 729 clemcntia,
930 699 1007 724 iusti-

219 735 262 765 tia,
280 735 438 770 benignitus,
457 735 531 765 fides,
545 734 670 761 fortitudo
685 735 710 761 in
723 735 847 770 periculis
857 736 1007 762 communi-

219 772 269 797 bus
285 771 399 798 iucunda
413 776 453 798 cst
468 772 560 798 auditu
573 772 599 798 in
611 771 821 803 laudationibus;
845 774 902 799 3254.
914 782 1006 799 omncs
1028 769 1029 774 ¹

218 809 288 835 enim
301 809 349 835 liae
361 810 471 835 virtutes
485 818 536 836 non
548 814 600 836 tam
612 809 686 844 ipsis,
695 810 741 844 qui
755 819 799 836 eas
812 809 917 841 habent,
926 819 1006 845 quam

217 847 307 881 generi
331 847 469 873 bominum
491 846 640 873 fructuosae
660 851 796 881 putantur.

219 884 374 917 magnitudo
393 884 482 915 animi,
504 893 556 919 qua
577 892 669 910 omnes
684 893 725 910 res
736 884 867 910 humanae
879 889 970 910 tenues
982 888 1007 910 et

219 929 265 955 pro
289 921 372 947 nihilo
392 925 531 955 putantur,
563 926 588 947 et
603 921 629 947 in
641 921 814 957 excogitando
825 922 865 947 vis
876 922 1006 956 quaedam

218 958 317 992 ingenii
332 963 356 984 et
373 959 429 993 ipsa
444 958 594 993 eloquentia
609 958 790 985 admirationis
803 959 881 985 babet
895 967 946 985 non
957 959 1008 985 mi-

219 1004 278 1025 nus,
299 996 472 1022 iucunditatis
488 996 590 1022 minus:
616 996 689 1031 ipsos
704 996 774 1022 enim
790 996 874 1031 magis
891 996 1005 1027 videtur,

218 1040 285 1067 quos
302 1032 451 1064 laudamus,
464 1042 544 1068 quam
559 1033 627 1064 illos,
641 1033 711 1068 apud
722 1042 790 1068 quos
803 1033 952 1065 laudamus,
964 1042 1008 1060 or—

195 1088 200 1096 .
218 1078 280 1096 nare
294 1079 322 1095 ac
338 1071 415 1096 tucri.
450 1070 502 1096 Sed
517 1075 603 1097 tamen
618 1071 645 1097 in
659 1070 790 1097 laudando
800 1070 933 1106 iungenda
944 1075 1007 1097 sunt

218 1107 296 1133 etiam
308 1107 372 1133 haec
385 1116 480 1143 genera
495 1108 634 1134 virtutum.
663 1108 761 1134 Ferunt
781 1108 851 1134 enim
867 1116 944 1134 aures
961 1108 1008 1134 bo-

218 1144 330 1175 minum,
351 1153 434 1179 quum
450 1145 503 1176 illa,
521 1154 589 1179 quae
600 1145 715 1171 iucunda
730 1149 754 1171 et
765 1149 847 1179 grata,
861 1149 917 1171 tum
928 1145 1006 1171 etiam

218 1180 271 1212 illa,
284 1190 352 1216 quoe
361 1182 491 1208 mirabilia
502 1187 565 1209 sunt
575 1183 601 1208 in
615 1183 719 1212 virtute,
733 1182 843 1208 laudari.

274 1219 406 1246 Lxxxv.
419 1221 476 1246 345.
497 1220 528 1245 Et
547 1220 673 1254 quoniam
691 1219 858 1255 singularum
877 1219 1006 1246 virtutum

217 1260 280 1282 sunt
299 1261 368 1282 certa
387 1257 518 1291 quaedam
536 1257 622 1283 officia
642 1266 670 1283 ac
686 1265 796 1283 munera
810 1261 835 1282 et
851 1265 899 1282 sua
909 1257 1007 1291 cuique

218 1293 309 1319 virtuti
321 1293 378 1320 laus
391 1294 494 1329 propria
505 1293 625 1324 debetur,
633 1294 681 1320 erit
692 1293 879 1328 explicandum
891 1294 918 1320 in
929 1293 1007 1320 laude

217 1331 342 1362 iustitiae,
358 1331 424 1366 quid
439 1340 500 1357 cum
513 1331 572 1362 fide,
585 1331 650 1365 quid
661 1339 721 1357 cum
733 1331 928 1366 aequabilitate,
940 1331 1006 1366 quid

217 1376 278 1393 cum
289 1368 420 1394 eiusmodi
432 1368 521 1403 aliquo
531 1368 618 1395 officio
629 1369 661 1398 is,
673 1368 720 1403 qui
732 1368 891 1399 laudabitur,
906 1367 1005 1394 fecerit.

218 1405 337 1439 Itemque
350 1405 377 1431 in
393 1406 486 1431 ceteris
502 1414 543 1432 res
554 1410 644 1441 gestae
658 1406 691 1431 ad
701 1405 833 1440 cuiusque
845 1405 950 1431 virtutis
960 1413 1007 1440 ge-

217 1451 268 1468 nus
279 1447 303 1468 et
318 1443 371 1468 iim
386 1447 410 1468 et
423 1451 517 1469 nomen
531 1442 811 1469 accommodabuntur.
834 1443 892 1469 346.
905 1442 1007 1469 Gratis-

216 1479 283 1505 sima
294 1484 382 1505 autem
395 1479 451 1505 laus
462 1488 553 1506 eorum
566 1479 693 1506 factorum
705 1479 825 1511 babetur,
837 1488 905 1514 quae
915 1488 1008 1506 susce-

217 1521 260 1550 pta
273 1517 397 1543 videntur
407 1526 420 1543 a
432 1517 495 1543 viris
508 1516 619 1543 fortibus
631 1517 689 1543 sine
702 1516 882 1543 emolumento
892 1525 921 1543 ac
931 1525 1008 1551 prae-

217 1553 283 1586 mio;
296 1562 364 1588 quae
375 1563 437 1581 vero
451 1555 530 1580 etiam
540 1563 602 1580 cum
613 1554 700 1580 labore
711 1558 735 1580 et
747 1553 864 1588 periculo
875 1554 1004 1589 ipsorum,

217 1590 281 1617 haec
296 1591 394 1617 liabent
409 1591 571 1617 uberrimam
586 1591 689 1626 copiam
701 1591 733 1617 ad
748 1591 920 1622 laudandum,
934 1591 1006 1626 quod

217 1632 242 1654 et
260 1628 312 1654 dici
332 1629 500 1655 ornatissime
519 1632 632 1663 possunt
651 1633 676 1654 et
696 1628 782 1654 audiri
804 1627 939 1654 facillime.
970 1628 1006 1654 Ea

217 1665 287 1691 enim
299 1665 415 1700 denique
430 1666 514 1691 virtus
524 1674 583 1692 esse
594 1665 700 1691 videtur
711 1665 868 1700 praestantis
876 1665 1006 1700 viri,quae

217 1706 257 1728 est
268 1702 401 1729 fructuosa
417 1703 485 1734 aliis,
499 1703 551 1737 ipsi
562 1706 650 1728 autem
662 1702 791 1728 laboriosa
803 1706 847 1728 aut
859 1702 1007 1737 periculosa

217 1744 262 1766 aut
272 1744 341 1766 certe
355 1740 478 1775 gratuita.
505 1740 598 1775 Magna
612 1739 691 1765 etiam
703 1739 747 1765 illa
760 1739 816 1765 laus
828 1743 853 1765 et
863 1739 1007 1765 admirabi-

218 1776 250 1803 lis
265 1776 351 1803 videri
365 1776 441 1807 solet,
459 1776 553 1803 tulisse
567 1785 645 1803 casus
660 1777 793 1811 sapienter
806 1776 941 1807 adversos,
955 1785 1006 1803 non

218 1813 330 1840 fractum
351 1822 409 1840 esse
429 1813 541 1845 fortuna,
559 1814 701 1840 retinuisse
715 1814 742 1840 in
757 1814 836 1840 rebus
851 1814 952 1848 asperis
966 1813 1008 1839 di-

216 1851 354 1886 gnitatem.
389 1852 447 1878 3047.
469 1852 561 1885 Neque
576 1855 663 1876 tamen
678 1850 724 1876 illa
740 1859 792 1877 non
802 1855 905 1882 ornant,
923 1850 1006 1877 habiti

217 1888 339 1919 honores,
357 1888 461 1915 decreta
474 1888 580 1914 virtutis
596 1888 721 1922 praemia,
735 1896 777 1914 res
788 1892 886 1923 gestae,
899 1887 1005 1914 iudiciis

217 1925 356 1952 hominum
371 1926 567 1960 comprobatae,
594 1925 621 1951 in
635 1925 735 1960 quibus
755 1926 833 1951 etiam
855 1924 1006 1951 felicitatem

216 1963 302 1997 ipsam
313 1963 422 1989 deorum
434 1962 624 1989 immortalium
635 1962 735 1988 iudicio
745 1963 835 1993 tribui,
848 1961 1006 1989 laudationis

217 2003 266 2026 est.
305 1999 455 2026 Sumendae
478 2005 566 2026 autem
589 2008 630 2025 res
655 2004 732 2026 erunt
756 2004 801 2026 aut
823 1999 1007 2035 magnitudine

217 2037 390 2071 praestabiles
406 2041 451 2063 aut
467 2037 583 2063 novitate
597 2037 698 2071 primae
712 2041 757 2063 aut
770 2045 866 2072 genere
880 2037 940 2071 ipso
951 2037 1007 2063 sin-

216 2073 333 2110 gulareS.
364 2075 456 2109 Neque
475 2075 545 2100 enim
566 2082 662 2108 parvae
680 2082 767 2108 neque
788 2075 900 2100 usitatae
921 2082 1007 2109 neque

216 2110 341 2147 vulgares
356 2111 529 2138 admiratione
544 2115 589 2137 aut
603 2111 712 2138 omnino
727 2111 805 2137 laude
815 2111 912 2147 dignae
922 2111 1007 2138 videri

217 2147 312 2175 solent.
334 2149 392 2175 348.
408 2149 455 2175 Est
467 2149 545 2175 etiam
557 2157 618 2175 cum
628 2149 723 2175 ceteris
734 2149 931 2183 praestantibus
943 2149 1007 2174 viris

217 2186 377 2220 comparatio
395 2186 422 2212 in
441 2185 591 2212 laudatione
611 2185 754 2220 praeclara.
788 2186 824 2212 De
839 2194 893 2221 quo
911 2193 1008 2221 genere

218 2222 324 2249 libitum
339 2227 378 2249 est
394 2223 460 2249 mihi
475 2223 565 2258 paullo
580 2222 665 2258 plura,
682 2232 762 2258 quam
777 2223 953 2254 ostenderam,
966 2223 1008 2249 di-

217 2268 283 2290 cere,
301 2269 352 2286 non
366 2264 419 2286 tam
430 2264 537 2295 propter
550 2269 630 2286 usum
642 2259 782 2291 forensem,
795 2261 842 2295 qui
852 2265 892 2286 est
902 2268 916 2286 a
928 2260 1008 2286 mein

217 2297 289 2323 omni
303 2297 352 2324 hoc
361 2306 482 2324 sermone
494 2302 627 2329 tractatus,
643 2306 725 2332 quam
737 2302 767 2323 ut
778 2298 827 2324 hoc
837 2297 972 2328 videretis,
984 2297 1008 2323 si

219 2333 382 2361 laudationes
396 2338 485 2361 essent
503 2335 531 2361 in
545 2335 654 2361 oratoris
668 2334 765 2366 officio,
781 2334 855 2369 quod
871 2343 948 2361 nemo
962 2343 1008 2360 ne·-

217 2375 269 2405 gat,
285 2372 380 2398 oratori
399 2372 530 2398 virtutum
544 2372 664 2398 omnium
678 2372 866 2407 cognitionem,
883 2372 942 2398 sine
955 2380 1007 2406 qua

220 2407 334 2434 laudatio
344 2408 413 2435 effici
427 2418 478 2435 non
491 2410 584 2444 possit,
597 2417 656 2435 esse
667 2409 853 2435 necessariam,
880 2410 938 2435 349.
953 2409 1008 2435 lam

219 2445 387 2479 vituperandi
411 2450 549 2481 praecepta
572 2447 710 2472 contrariis
733 2455 767 2472 ex
784 2446 858 2472 vitiis
877 2445 1008 2472 sumenda

219 2489 277 2507 esse
287 2483 457 2516 perspicuum
469 2488 518 2509 est.
550 2483 637 2510 Simul
652 2487 692 2509 est
701 2483 769 2509 illud
779 2487 839 2509 ante
848 2483 948 2514 oculos,
960 2491 1009 2509 nec

219 2518 319 2544 bonum
330 2519 418 2545 virum
429 2521 533 2554 proprie
543 2525 568 2546 et
578 2520 684 2555 copiose
697 2520 798 2546 laudari
809 2521 867 2546 sine
876 2520 1008 2546 virtutum

219 2563 267 2580 nec
282 2555 434 2590 improbum
449 2557 532 2583 notari
548 2566 577 2584 ac
591 2558 736 2592 vituperari
750 2558 808 2583 sine
825 2557 949 2584 vitiorum
963 2565 1009 2583 co-

218 2592 337 2627 gnitione
346 2593 410 2618 satis
422 2593 548 2628 insignite
561 2598 640 2629 atque
649 2603 742 2629 aspere
753 2603 841 2629 posse.
867 2594 955 2629 Atque
965 2593 1008 2620 his

220 2628 283 2655 locis
299 2633 325 2655 et
338 2629 464 2656 laudandi
478 2635 503 2656 et
517 2631 686 2665 vituperandi
701 2639 780 2666 saepe
794 2631 871 2658 nobis
881 2635 922 2658 est
931 2635 1009 2657 uten-

219 2665 284 2692 dum
298 2666 325 2692 in
335 2667 407 2693 omni
417 2675 513 2702 genere
526 2676 690 2694 caussarum.

1111 220 1168 244 350.
1186 219 1292 245 llsbetis
1307 218 1340 245 de
1350 217 1516 245 inveniendis
1527 218 1606 245 rebus
1616 218 1843 255 disponendisque

1056 256 1121 291 quid
1133 257 1254 282 santiam.
1271 256 1420 290 Adiungam
1432 255 1510 282 etism
1524 255 1557 281 da.-
1569 257 1703 286 memoria,
1716 261 1744 282 ut
1757 256 1844 283 labore

1057 294 1181 319 (Ii-ossum
1197 293 1281 319 levem
1297 301 1382 328 neque
1395 293 1418 318 ei
1430 292 1577 327 quidquam
1588 293 1669 323 aliud,
1682 293 1715 319 de
1724 302 1779 328 quo
1788 293 1844 320 dis-

1057 334 1134 358 serat,
1161 329 1318 365 relinquam,
1343 330 1394 356 nisi
1413 338 1451 359 ea,
1468 330 1568 364 quibus
1588 330 1651 356 haee
1672 335 1842 357 exornentur.

1059 366 1201 393 Lxxxvt.
1214 367 1295 401 Perge
1307 375 1375 396 vero,
1389 367 1475 402 inquit
1487 366 1608 393 Crassus.
1641 367 1764 393 Libenter
1773 368 1844 394 enirn

1058 408 1082 429 te
1097 404 1233 438 cognitum
1249 403 1300 430 iam
1312 403 1438 430 artificem
1451 403 1647 439 aliquandoque
1660 403 1797 430 evolutum
1813 404 1845 431 il-

1059 441 1090 466 lis
1115 441 1304 475 integumentis
1328 440 1549 467 dissimulationis
1575 445 1635 466 tuae
1661 441 1846 476 nudatumque

1059 478 1201 512 perspicio,
1224 482 1249 504 et
1263 478 1335 513 quod
1354 478 1419 504 milii
1436 477 1501 503 nihil
1516 482 1560 503 sut
1575 478 1647 512 quod
1663 487 1714 505 non
1730 478 1845 505 multum

1058 515 1200 550 relinquis,
1229 514 1413 549 percommode
1438 514 1502 540 facis
1525 519 1618 549 estque
1641 515 1707 541 mibi
1728 520 1843 551 gratum,

1058 553 1115 577 am.
1138 553 1191 578 lam
1211 552 1280 578 istuc
1299 556 1429 587 quantum
1451 551 1498 577 tibi
1513 560 1562 584 ego
1581 551 1743 587 reliquerim,
1758 553 1845 587 inquit

1059 589 1197 619 Antonius.
1210 590 1258 615 erit
1270 590 1295 615 in
1308 593 1352 614 tua
1364 593 1501 623 potestate.
1517 589 1545 614 Si
1557 588 1628 614 enim
1641 597 1701 615 vere
1711 597 1788 624 agere
1800 598 1845 615 vo-

1059 625 1148 657 lueris,
1160 627 1247 652 omnia
1259 626 1306 652 tibi
1319 626 1453 660 relinquo,
1470 625 1511 651 sin
1523 625 1701 655 dissimulare.
1713 631 1740 652 tu
1751 635 1846 661 quem-

1058 662 1202 689 admodum
1215 663 1256 689 bis
1270 662 1426 693 satisfacias,
1440 662 1548 689 videris.
1580 662 1642 693 Sed,
1655 667 1684 689 ut
1695 662 1728 689 sd
1739 672 1793 690 rem
1805 671 1846 689 re-

1058 700 1143 730 deam,
1166 709 1217 726 non
1237 709 1297 726 sum
1320 705 1391 726 tanto
1413 708 1471 734 eqo,
1493 700 1588 735 inquit.
1612 700 1726 735 ingenio,
1747 705 1847 735 quanto

1058 737 1249 764 Themistocles
1266 737 1324 766 fuit,
1342 742 1371 763 ut
1385 737 1529 763 oblivionis
1544 742 1635 767 artem,
1652 745 1733 772 quam
1745 745 1847 764 memo-

1059 774 1111 800 riae
1132 774 1236 806 malim',
1270 774 1434 809 gratiamque
1459 774 1543 800 haheo
1566 774 1696 800 Simonidi
1720 774 1758 800 illi
1783 774 1843 804 ceo.

833 847 850 873 S
889 848 893 852 ι
945 848 949 852 .
1028 827 1030 855 2
1058 820 1138 846 quem
1164 812 1279 846 primum
1305 811 1392 838 ferunt
1418 815 1500 837 artem
1528 812 1669 837 memoriae
1692 811 1844 846 protulisse.

853 852 966 882 apientia
983 851 1007 873 et
1028 867 1029 870 ,

1059 850 1116 875 352.
1133 849 1227 874 Dicunt
1242 849 1322 879 enim,
1339 857 1423 883 quum
1437 853 1557 874 caenaret
1571 848 1709 875 Crannone
1725 849 1751 875 in
1762 849 1846 875 'rhes-

1058 885 1123 912 salia
1139 885 1290 912 Simonides
1304 885 1376 920 apud
1391 885 1512 920 Scopam,
1535 885 1696 912 fortunatum
1711 885 1845 912 hominem

1058 927 1083 949 et
1104 922 1228 954 nobilem,
1253 923 1447 957 cecinissetque
1466 922 1494 949 id
1511 931 1626 953 carmen,
1645 922 1717 957 quod
1737 923 1764 949 in
1784 931 1846 949 eum

1058 960 1221 995 scripsisset,
1243 961 1270 986 in
1288 968 1342 995 quo
1363 959 1446 986 multa
1465 959 1576 986 ornandi
1591 968 1693 990 caussa,
1710 964 1846 994 poetarum

1059 1006 1139 1028 more,
1155 998 1183 1023 in
1193 997 1327 1023 Castorem
1339 997 1436 1031 scripta
1447 1001 1472 1022 ct
1484 996 1617 1023 Pollucem
1630 996 1751 1027 fuissent,
1767 997 1847 1023 nimis

1058 1034 1135 1061 illum
1151 1034 1258 1061 sordide
1273 1034 1402 1060 Simonidi
1417 1033 1518 1060 dixisse
1532 1042 1562 1059 se
1575 1033 1718 1060 dimidium
1729 1034 1788 1060 eius
1798 1034 1845 1065 rei,

1058 1071 1130 1107 quod
1150 1076 1243 1106 pactus
1257 1076 1336 1102 esset,
1359 1080 1406 1106 pro
1425 1071 1471 1097 illo
1489 1071 1606 1097 carmine
1621 1071 1760 1103 daturum,
1785 1070 1848 1097 reli-

1058 1118 1143 1144 quum
1159 1118 1172 1135 a
1188 1109 1245 1135 suis
1259 1108 1427 1144 Tyndaridis,
1443 1116 1511 1143 quos
1525 1116 1608 1143 aeque
1620 1107 1762 1139 laudasset,
1774 1112 1848 1143 pete-

1059 1151 1106 1177 ret,
1123 1146 1147 1172 si
1162 1146 1186 1172 ei
1201 1145 1345 1172 videretur.
1367 1147 1425 1172 353.
1440 1145 1530 1171 Paullo
1540 1150 1599 1180 post
1609 1153 1667 1171 esse
1678 1144 1766 1172 ferunt
1778 1153 1847 1172 nun-

1059 1184 1151 1209 tiatum
1159 1182 1300 1214 Simonidi,
1313 1187 1341 1209 ut
1351 1182 1481 1218 prodiret:
1496 1183 1607 1209 iuvenes
1617 1187 1686 1208 stare
1696 1182 1730 1209 ad
1741 1182 1846 1209 ianuam

1058 1220 1125 1247 duos
1135 1220 1275 1255 quosdam,
1287 1220 1335 1255 qui
1345 1229 1406 1246 eum
1422 1228 1518 1255 magno
1527 1228 1606 1254 opere
1615 1224 1766 1252 evocarent3
1787 1227 1847 1245 sur-

1059 1258 1159 1284 rexisse
1172 1258 1259 1288 illum,
1273 1257 1401 1292 prodisse,
1411 1257 1510 1283 vidisse
1521 1257 1664 1283 neminem.
1677 1257 1730 1283 Hoc
1740 1257 1846 1283 interim

1058 1295 1144 1329 spatio
1163 1294 1288 1321 conclave
1301 1294 1379 1325 illud,
1395 1294 1442 1320 ubi
1462 1293 1615 1328 epularetur
1633 1293 1741 1328 Scopas.
1758 1293 1847 1320 conci-

1058 1332 1143 1364 disse,
1165 1340 1194 1358 ea
1207 1332 1282 1358 ruina
1293 1331 1382 1366 ipsum
1393 1340 1552 1366 oppressum
1563 1339 1624 1357 cum
1637 1331 1694 1357 suis
1704 1331 1846 1357 interiisse.

1057 1368 1129 1401 Quos
1140 1377 1224 1404 quum
1236 1369 1345 1395 humare
1356 1368 1454 1394 vellent
1463 1368 1515 1399 sui,
1529 1376 1616 1403 neque
1623 1368 1847 1402 possentobtritos

1058 1407 1235 1432 internoscere
1248 1405 1304 1432 ullo
1315 1405 1402 1436 modo,
1416 1405 1566 1432 Simonides
1577 1405 1675 1432 dicitur
1685 1413 1718 1432 ex
1728 1404 1847 1440 eo,quod

1059 1443 1233 1474 meminisset,
1253 1451 1308 1478 quo
1321 1451 1412 1469 corum
1433 1442 1489 1469 loco
1502 1442 1619 1478 quisque
1632 1442 1779 1473 cubuisset,
1801 1441 1848 1469 de-

1059 1485 1217 1507 monstrator
1226 1481 1307 1506 unius
1317 1480 1448 1515 cuiusque
1460 1479 1608 1514 sepeliendi
1619 1479 1713 1506 fuisse.
1726 1479 1779 1506 Hac
1789 1483 1847 1506 tum

1058 1526 1085 1544 re
1095 1517 1247 1544 admonitus
1262 1517 1398 1543 invenisse
1414 1516 1504 1547 fertur,
1520 1516 1641 1543 ordinem
1651 1525 1710 1543 esse
1721 1516 1845 1547 maxime,

1057 1555 1105 1590 qui
1116 1555 1257 1581 memoriae
1268 1554 1358 1580 lumen
1372 1553 1483 1580 afferret.
1495 1555 1554 1580 354.
1567 1554 1658 1589 ltaque
1668 1554 1710 1585 iis,
1722 1554 1770 1589 qui
1780 1553 1848 1580 hanc

1059 1596 1158 1626 partem
1173 1591 1275 1627 ingenii
1288 1595 1448 1621 exercerent,
1467 1590 1536 1617 locos
1548 1599 1607 1617 esse
1617 1591 1761 1625 capiendos
1770 1595 1795 1616 et
1806 1599 1845 1620 ea.

1057 1637 1126 1664 quae
1139 1628 1266 1655 memoria
1280 1632 1369 1654 tenere
1383 1627 1491 1659 vellent,
1508 1627 1658 1663 effingenda
1669 1628 1758 1654 animo
1767 1632 1847 1662 atque

1057 1667 1084 1692 in
1100 1666 1142 1692 his
1157 1665 1221 1692 locis
1235 1664 1400 1697 collocanda;
1419 1665 1459 1691 sic
1470 1664 1524 1691 fore
1537 1669 1566 1691 ut
1575 1665 1696 1691 ordinem
1707 1673 1796 1691 rerum
1810 1664 1848 1691 lo-

1057 1711 1148 1729 corum
1159 1702 1222 1730 ordo
1231 1707 1406 1733 conservaret,
1415 1711 1456 1728 res
1468 1707 1556 1728 autem
1567 1702 1639 1737 ipsas
1650 1710 1738 1728 rerum
1744 1701 1847 1737 effigies

1058 1744 1167 1771 notaret,
1179 1744 1259 1775 atque
1271 1744 1300 1766 ut
1311 1739 1375 1766 locis
1389 1748 1436 1774 pro
1449 1748 1517 1770 cera,
1533 1739 1683 1765 simulacris
1695 1747 1743 1774 pro
1753 1739 1847 1765 litteris

1057 1782 1203 1803 uteremur.
1225 1776 1382 1803 LXXXVII.
1398 1778 1456 1803 355.
1473 1776 1525 1808 Qui
1538 1776 1573 1802 sit
1586 1781 1675 1803 autem
1685 1776 1781 1803 oratori
1791 1784 1848 1802 me-

1058 1815 1155 1841 moriae
1174 1814 1286 1845 fructus,
1304 1818 1404 1848 quanta
1417 1813 1528 1845 utilitas,
1544 1817 1643 1848 quanta
1657 1813 1708 1845 vis,
1727 1813 1795 1848 quid
1805 1821 1848 1840 me

1058 1852 1150 1877 attinet
1172 1850 1278 1877 dicere?
1305 1851 1412 1882 Tenere,
1437 1859 1506 1886 quae
1519 1850 1643 1877 didiceris
1658 1849 1847 1885 inaccipienda

1057 1897 1160 1919 caussa,
1172 1897 1240 1923 quae
1253 1889 1312 1923 ipse
1326 1887 1469 1924 cogitaris?
1478 1896 1571 1915 omnes
1582 1887 1647 1914 fixas
1657 1895 1716 1914 esse
1725 1887 1848 1914 inanimo

1057 1925 1220 1952 sententias‘.²
1232 1934 1338 1952 omnem
1348 1926 1512 1960 descriptum
1523 1924 1665 1951 verborum
1674 1923 1849 1959 apparatum?

1058 1963 1093 1989 ita
1107 1962 1199 1989 audire
1214 1962 1256 1989 vel
1269 1971 1341 1994 eum,
1353 1962 1425 1989 unde
1435 1962 1531 1993 discas,
1543 1961 1585 1988 vel
1595 1970 1667 1992 eum,
1682 1962 1726 1988 cui
1737 1969 1848 1996 respon—

1058 1999 1176 2026 dendum
1192 2000 1236 2031 sit,
1253 2004 1282 2026 ut
1296 1999 1337 2026 illi
1347 2008 1399 2026 non
1408 1999 1549 2026 infundere
1557 1999 1586 2025 in
1595 2007 1672 2025 aures
1683 2003 1742 2025 tuas
1751 1999 1846 2025 oratio-

1059 2045 1128 2068 nem,
1144 2036 1193 2063 sed
1207 2037 1234 2063 in
1249 2037 1338 2063 animo
1351 2037 1492 2063 videantur
1501 2035 1665 2063 inscribere?
1683 2036 1775 2071 Itaque
1785 2034 1845 2066 soli,

1058 2075 1106 2109 qui
1121 2074 1248 2101 memoria
1258 2074 1357 2110 vigent,
1369 2074 1466 2104 sciunt,
1484 2073 1551 2108 quid
1563 2077 1589 2099 et
1601 2077 1734 2108 quatenus
1744 2077 1770 2099 et
1779 2080 1848 2108 quo-

1058 2111 1137 2138 modo
1152 2111 1249 2138 dicturi
1263 2112 1326 2142 sint,
1341 2110 1408 2146 quid
1426 2110 1620 2145 responderint,
1636 2109 1704 2145 quid
1713 2110 1844 2144 supersit;

1058 2149 1194 2183 iidemque
1213 2147 1296 2174 multa
1312 2157 1346 2174 ex
1359 2147 1419 2174 aliis
1435 2148 1539 2174 caussis
1553 2146 1696 2182 aliquando
1707 2155 1722 2173 a
1735 2155 1765 2173 se
1779 2150 1844 2177 aeta,

1059 2185 1142 2212 multa
1155 2186 1189 2211 ab
1203 2185 1262 2211 aliis
1273 2185 1362 2211 audita
1377 2185 1567 2211 meminerunt.
1598 2185 1657 2211 356.
1669 2183 1755 2216 Quare
1764 2183 1847 2210 eonfi-

1058 2227 1114 2249 teor
1131 2222 1266 2257 equidem,
1283 2222 1365 2248 buius
1385 2222 1448 2248 boni
1469 2226 1590 2248 naturam
1608 2229 1667 2248 esse
1687 2220 1844 2256 principem,

1058 2260 1128 2286 sicut
1151 2268 1243 2286 earum
1265 2267 1366 2290 rerum,
1391 2259 1425 2285 de
1442 2259 1542 2294 quibus
1565 2263 1625 2285 ante
1647 2257 1752 2285 locutus
1773 2265 1845 2289 sum,

1058 2297 1192 2329 omnium3
1214 2296 1263 2322 sed
1277 2296 1341 2322 haec
1356 2305 1397 2322 ars
1412 2300 1464 2323 tota
1479 2295 1595 2327 dicendi,
1610 2295 1668 2321 sive
1682 2295 1746 2321 artis
1758 2295 1848 2330 imago

1058 2333 1189 2369 quaedam
1208 2337 1248 2359 est
1266 2337 1291 2359 et
1309 2333 1466 2364 similitudo,
1483 2333 1562 2359 habet
1580 2332 1649 2358 hanc
1669 2332 1733 2363 vim,
1749 2340 1802 2358 nou
1817 2335 1848 2358 ut

1058 2375 1143 2397 totum
1155 2370 1266 2405 aliquid,
1279 2371 1356 2397 cuius
1370 2371 1397 2397 in
1411 2371 1526 2406 ingeniis
1537 2369 1634 2396 nostris
1645 2377 1706 2404 pars
1717 2367 1790 2395 nulla
1800 2369 1844 2399 sit,

1059 2408 1143 2443 pariat
1156 2412 1182 2433 et
1196 2412 1323 2442 procreet,
1336 2416 1430 2434 verum
1441 2411 1471 2433 ut
1483 2415 1522 2438 ea,
1534 2414 1603 2441 quae
1613 2410 1676 2432 sunt
1687 2410 1744 2432 orta
1755 2406 1809 2432 iam
1817 2405 1847 2432 in

1059 2445 1135 2471 nobis
1150 2449 1176 2471 et
1189 2449 1331 2479 procreata,
1350 2445 1444 2471 educet
1456 2448 1536 2478 atque
1547 2443 1693 2470 confirmet.
1724 2443 1783 2469 357.
1795 2442 1847 2469 Ve-

1058 2486 1208 2508 rumtamen
1219 2490 1305 2516 neque
1315 2486 1370 2508 tam
1379 2481 1431 2508 acri
1440 2480 1568 2507 memoria
1578 2479 1631 2506 fere
1640 2480 1785 2514 quisquam
1795 2483 1844 2510 ost,

1058 2523 1096 2550 ut,
1109 2527 1162 2545 non
1172 2518 1310 2553 dispositis
1320 2519 1470 2553 notatisque
1480 2517 1569 2548 rebus,
1577 2517 1697 2543 ordinem
1704 2515 1846 2543 verborum

1058 2561 1104 2582 aut
1113 2557 1305 2582 sententiarum
1313 2554 1516 2590 complectatur3
1531 2562 1619 2589 neque
1628 2562 1691 2580 vero
1701 2558 1755 2580 tam
1764 2553 1848 2579 hebe-

1059 2593 1088 2624 ti,
1103 2597 1134 2619 ut
1147 2592 1214 2619 nihil
1225 2593 1274 2619 hac
1288 2591 1481 2619 consuetudine
1494 2595 1520 2618 et
1534 2591 1721 2618 exercitatione
1735 2590 1847 2617 adiuve-

1059 2634 1110 2656 tur.
1142 2629 1214 2656 Vidit
1233 2630 1305 2656 enim
1319 2629 1370 2656 hoc
1383 2628 1528 2664 prudenter
1540 2629 1599 2655 sive
1609 2627 1770 2659 Simonides,
1786 2628 1846 2654 sive

1058 2666 1127 2693 alius
1146 2667 1209 2702 quis
1227 2666 1338 2698 invenit,
1360 2675 1391 2692 ea
1405 2666 1521 2692 maxime
1535 2666 1632 2692 animis
1647 2664 1720 2700 affigi
1736 2665 1843 2695 nostris,
