1941 3052
259 161 306 186 630
829 158 870 181 Gsl.
907 155 940 180 Μ.

258 228 387 265 petendis.
429 227 511 254 nudis
524 227 549 252 in
562 225 715 260 republica?
727 224 793 256 Quis
805 225 983 255 exercitatior,
999 226 1046 260 qui

259 267 350 299 viginti
368 267 418 291 inin
433 273 515 290 minos
532 263 630 289 IwIIurn
645 272 734 295 gerum
749 263 912 296 cumimpiis
923 262 1048 288 civibus?

259 305 310 330 Vll.
331 305 369 328 4⁸.
390 302 574 333 Quamobrem,
587 301 712 331 Quirites.
726 299 844 329 consilio,
857 304 988 333 quantum
1001 308 1048 333 po·

258 346 323 369 tero,
339 339 424 365 labore
437 339 497 372 plus
510 346 604 372 paene,
621 345 701 371 quain
715 341 816 371 potero,
830 336 968 362 excubabo
980 337 1048 370 vigi-

258 378 369 411 laboque
382 384 427 409 pro
440 375 523 400 vobis.
564 374 667 400 Etenim
679 374 741 408 quis
752 378 792 399 cst
801 374 878 404 civis,
893 374 1046 407 prat-sertim

257 415 304 440 Ilm·
315 413 412 446 gradu,
425 420 478 446 quo
490 420 531 437 mc
544 420 589 437 vos
601 419 660 437 esso
672 411 808 439 voluistis.
827 415 878 436 tam
890 411 990 437 oblitus
1002 411 1047 437 be-

257 451 341 477 netie-ii
355 450 446 479 vestri,
465 453 516 474 tam
530 449 669 474 immemor
680 448 790 482 patriae,
805 452 856 473 tani
870 448 995 474 inimicus
1006 448 1048 474 ‹li-
1075 474 1077 484 A

255 488 362 521 ,unitatis
374 494 450 516 suae,
464 494 544 521 quem
557 495 607 512 non
619 486 727 515 excitet.
741 493 791 511 non
805 484 949 511 inflammet
960 490 1046 511 tantus
1076 499 1077 514 1

257 529 341 550 vester
353 525 402 549 iste
413 523 578 550 consensus?
599 523 694 549 Multas
711 530 875 557 magnasque
891 522 1049 549 habuicon-

254 561 296 587 sul
308 562 460 591 conciones.
479 560 571 586 multis
588 560 709 587 interfui:
734 559 834 586 nullam
851 568 979 594 umquam
991 560 1045 586 vidi

255 603 367 628 tamtam.
389 602 487 633 quanta
509 607 580 624 nunc
600 602 718 624 vestrum
741 601 790 623 cst.
837 596 924 623 Unum
941 598 1046 623 sentitis

254 645 355 666 onmes,
369 644 452 661 unum
464 635 586 666 studetis,
602 635 636 661 M.
650 635 755 661 Antonii
767 639 890 660 conatum
905 639 1021 661 avertere
1033 643 1046 660 a

255 673 402 707 republica,
418 673 532 699 furorem
543 673 722 707 exstinguere,
734 672 884 706 opprimere
898 672 1044 698 audaciam.

255 711 325 736 mem
343 710 435 736 volunt
449 719 541 736 omnes
556 710 675 736 ordines:
699 709 791 735 eodem
808 709 966 735 incumbunt
987 718 1047 735 mu·
1074 701 1075 731 l
1098 710 1153 745 pria
1166 709 1282 736 libertas.

746 747 837 781 Itaque
847 751 983 774 senatum.
997 755 1045 772 sna
1073 737 1075 768 l

255 748 360 782 nicipiu,
374 746 704 778 coloniac,c11nctaltalia.

974 846 1175 858 *οφ-κ

1048 1047 1090 1072 63.

791 1111 824 1138 Μ.
855 1110 1024 1138 TULLII
1056 1109 1350 1138 CICERONIS

1049 1185 1091 1206 IN

542 1246 598 1294 M.
721 1246 877 1294 AN
964 1247 1003 1295 T

697 1338 1094 1376 PHILIPPICA
1134 1338 1436 1376 SEPTIMA.

303 1497 320 1516 Α
330 1497 346 1516 R
355 1496 380 1516 G.
398 1496 468 1520 Quum
479 1498 645 1522 exspectaretur
655 1495 740 1516 reditus
750 1496 774 1516 L.
786 1495 878 1517 Pisonis
889 1500 909 1516 et
920 1497 944 1517 L.
956 1496 1043 1523 Philip-

249 1531 279 1559 pi,
292 1531 328 1558 qui
339 1532 365 1551 ml
374 1530 492 1551 :turonium
504 1530 571 1555 legati
582 1533 644 1551 crant
654 1530 725 1555 missi,
737 1531 814 1552 Cicero
825 1535 932 1556 metuens,
943 1538 970 1551 ne
980 1538 1043 1552 uena-

249 1570 319 1586 tui-mu
335 1565 403 1586 animi
414 1566 440 1586 iul
451 1571 525 1592 pacem
535 1565 681 1590 inclinarent.
698 1566 738 1586 hnc
748 1566 849 1587 oratione
859 1569 957 1587 senatum
969 1565 1043 1586 hurta-

249 1603 285 1621 tus
296 1604 336 1625 est,
347 1607 381 1625 ne.
393 1600 421 1625 si,
433 1607 488 1627 quae
498 1600 597 1627 suspicio
607 1605 661 1625 erat,
673 1600 748 1628 paullo
759 1601 837 1622 durius
847 1601 1042 1628 responderetAn-

249 1635 336 1659 tonius,
353 1635 431 1656 mitius
445 1635 577 1662 acciperent.
606 1636 679 1661 Negat
693 1639 764 1656 autern
780 1636 808 1656 «Ie
821 1643 874 1662 pute
884 1642 934 1656 esse
943 1635 1042 1661 cogitan-

248 1671 306 1693 tium,
313 1670 366 1697 qnia
375 1677 418 1691 non
428 1670 491 1690 murlo
502 1670 574 1697 turpis
585 1670 616 1691 sit
626 1674 647 1691 et
656 1670 790 1697 periculosa.
798 1671 837 1691 ned
847 1670 912 1691 etium
924 1670 990 1697 plane
999 1677 1042 1690 non

249 1705 321 1732 possit
334 1712 394 1725 esse:
410 1705 530 1726 Antonium
540 1709 624 1729 autem,
639 1712 701 1731 quein
711 1712 781 1732 paene
790 1705 934 1726 constrictum
945 1708 1041 1729 teneant,

248 1739 368 1765 diligenter
378 1740 535 1760 observandum
547 1744 569 1761 et
578 1739 735 1767 rempublicam
745 1743 804 1760 metu
814 1743 836 1760 et
844 1740 944 1767 periculo
954 1740 979 1760 in
992 1747 1041 1767 per-

248 1778 337 1801 petuum
347 1774 482 1795 liberandum
491 1778 573 1796 censet.

302 1831 322 1857 Ι.
347 1833 369 1857 I.
392 1827 487 1858 Parvis
507 1831 541 1858 de
560 1831 655 1862 rebus.
678 1831 725 1858 sed
741 1831 850 1858 fortasse
873 1833 1038 1863 necessariis,

248 1867 426 1899 consulimur,
450 1873 537 1903 patres
557 1870 708 1903 conscripti.
747 1869 783 1895 De
803 1869 889 1904 Appia
910 1870 952 1896 via
968 1874 993 1896 et
1008 1869 1041 1896 de

247 1906 351 1932 Moneta
374 1905 480 1937 consul,
503 1905 536 1932 de
552 1906 679 1941 Lupercis
700 1906 824 1933 tribunus
845 1906 931 1941 plebis
951 1906 1039 1933 refert.

246 1942 365 1975 Quarum
381 1951 469 1969 rerum
485 1944 535 1970 etsi
552 1942 637 1969 facilis
655 1943 797 1978 explicatio
811 1944 929 1975 videtur,
953 1949 1040 1971 tamen

247 1981 354 2006 animus
369 1980 471 2007 aberrat
487 1989 500 2006 a
516 1981 658 2011 sententia,
680 1989 830 2015 suspensus
845 1982 917 2007 curis
933 1982 1041 2008 maiori-

246 2017 308 2044 bus.
349 2017 468 2044 Adducta
479 2022 519 2044 est
530 2018 615 2049 enim,
629 2023 716 2052 patres
727 2019 879 2053 conscripti,
894 2027 935 2045 res
946 2019 973 2045 in
984 2028 1041 2045 ma-

246 2055 350 2081 ximum
362 2054 510 2089 periculum
523 2059 548 2081 et
559 2059 707 2081 extremum
718 2064 801 2090 paene
812 2056 966 2082 discrimen.
982 2057 1040 2083 Non

245 2093 303 2119 sine
314 2100 408 2118 caussa
420 2091 566 2128 legatorum
578 2093 655 2119 istam
667 2093 822 2119 missionem
833 2101 940 2128 semper
951 2094 1037 2125 timui,

245 2137 394 2164 numquam
405 2130 528 2164 probavi:
542 2138 657 2165 quorum
668 2129 770 2156 reditus
776 2130 842 2165 quid
853 2131 888 2157 sit
899 2130 1037 2161 allaturus,

244 2167 351 2202 ignoro:
365 2167 526 2201 exspectatio
540 2167 650 2202 quidem
661 2172 792 2202 quantum
804 2167 893 2194 afferat
904 2167 1039 2204 languoris

245 2204 351 2235 animis,
365 2204 427 2239 quis
437 2212 489 2230 non
500 2204 591 2231 videt‘?
605 2205 663 2231 Non
674 2205 745 2231 enim
756 2213 785 2231 se
796 2209 886 2232 tenent
897 2205 925 2236 ii,
938 2206 986 2240 qui
997 2214 1040 2232 se-

245 2245 336 2267 natum
352 2240 441 2267 dolent
451 2241 484 2267 ad
495 2242 658 2268 auctoritatis
669 2243 796 2277 pristinae
807 2251 883 2277 spem
895 2243 1040 2269 revivisce-

244 2286 285 2308 re.
303 2278 475 2305 coniunctum
487 2278 550 2306 huic
560 2279 648 2306 ordini
659 2279 790 2314 populum
803 2280 962 2311 Romanum,
975 2288 1040 2306 con-

243 2316 389 2350 spirantem
400 2315 510 2347 Italiam‚
524 2321 629 2351 paratos
640 2317 781 2348 exercitus,
795 2317 933 2352 expeditos
944 2317 1036 2344 duces.

243 2354 268 2380 2.
290 2353 344 2379 Iam
359 2361 431 2379 nunc
446 2353 550 2389 fingunt
565 2362 692 2388 responsa
706 2354 829 2385 Antonii,
847 2363 930 2390 eaque
945 2354 1038 2381 defen-

243 2389 320 2416 dunt.
360 2390 427 2421 Alii,
445 2390 580 2425 postulare
595 2391 687 2422 illum,
703 2396 734 2417 ut
749 2400 843 2418 omues
853 2392 986 2418 exercitus
996 2391 1038 2418 di-

243 2427 391 2454 mittantur.
432 2427 539 2455 Scilicet
554 2427 653 2465 legatos
668 2428 702 2454 ad
716 2437 778 2455 eum
790 2429 927 2460 misimus,
945 2438 997 2456 non
1008 2433 1037 2455 ut

243 2468 346 2497 pareret
356 2469 382 2491 et
392 2464 462 2491 dicto
473 2465 585 2492 audiens
596 2469 666 2492 esset
675 2465 739 2492 huic
749 2465 850 2497 ordini,
872 2466 920 2492 sed
935 2471 964 2493 ut
974 2475 1038 2493 con-

243 2499 357 2527 ditiones
374 2500 464 2533 ferret,
482 2502 554 2538 leges
570 2503 730 2538 imponeret,
753 2511 869 2529 reserare
881 2512 928 2530 nos
939 2504 1036 2530 exteris

243 2536 369 2571 gentibus
389 2538 491 2565 Italiam
505 2540 623 2566 iuberet:
644 2548 673 2566 se
687 2541 843 2574 praesertim
858 2540 1000 2572 incolumi,
1023 2549 1037 2566 a

243 2581 298 2607 quo
312 2575 398 2600 maius
414 2576 577 2610 periculum,
594 2585 675 2612 quam
686 2577 719 2603 ab
730 2576 794 2603 ullis
806 2578 957 2604 nationibus
968 2578 1037 2604 exti-

244 2610 416 2651 mescendum
432 2617 481 2638 est.
521 2613 587 2645 Alii,
604 2614 737 2640 remittere
751 2622 813 2640 eum
828 2614 905 2640 nobis
921 2614 1035 2641 Galliam

243 2651 405 2674 citeriorem:
418 2647 492 2675 illam
503 2650 624 2677 ultimam
636 2650 781 2685 postulare.
806 2652 830 2677 3.
842 2651 990 2678 Praeclare:
1003 2660 1037 2678 ex

244 2691 297 2718 qua
309 2692 360 2711 non
373 2683 489 2720 legiones
500 2686 587 2714 solum
595 2709 601 2719 ,
614 2688 661 2714 sed
675 2688 754 2715 etiam
764 2688 882 2715 nationes
893 2688 926 2716 ad
937 2689 1036 2716 Urbem

975 155 1005 180 T.
1040 154 1314 181 CICERONIS

1099 230 1192 260 sponte
1204 225 1270 251 benc
1286 225 1406 254 firmum.
1424 225 1566 252 firmiorem
1583 231 1668 252 vestra
1684 227 1836 252 auctoritate
1851 226 1891 253 Ie-

1099 262 1183 288 ristis.
1227 264 1264 287 49.
1289 262 1364 288 Venit
1378 267 1497 297 tempus,
1518 264 1647 295 Quirites.
1670 265 1757 290 serius
1770 264 1888 295 omnino,

1099 308 1179 334 quffln
1191 299 1302 334 dignum
1316 299 1414 334 populo
1425 300 1541 326 Itomano
1553 300 1615 327 tuit:
1629 300 1675 326 sed
1687 306 1773 327 tamen
1787 302 1821 326 ita
1834 309 1891 327 ma-

1100 342 1202 367 turum,
1227 341 1254 362 ut
1269 336 1367 363 ‹liss'crri
1384 338 1435 363 iam
1452 337 1513 363 hora
1526 347 1576 364 non
1589 339 1680 372 possit.
1720 338 1781 364 Fuit
1792 338 1891 372 aliquis

1101 374 1186 400 fatalis
1201 382 1294 405 casus,
1317 378 1346 400 ut
1361 374 1395 400 ita
1411 374 1512 404 dicam,
1532 383 1614 409 quem
1635 375 1759 403 tulimus.
1782 383 1892 410 quoquo

1075 426 1077 465 Ι
1100 411 1178 437 modo
1189 411 1315 437 sert-nilus
1326 411 1386 437 fuit.
1428 411 1516 441 Nunc.
1529 412 1626 446 siquis
1637 413 1695 442 erit.
1708 417 1758 438 erit
1769 412 1892 438 volunta-

1100 450 1165 474 rius.
1202 448 1333 483 Populum
1347 448 1493 475 Romanum
1510 449 1610 475 servire
1622 448 1660 475 sas
1672 458 1722 475 non
1734 453 1787 475 cst:
1809 458 1890 484 quem

1098 486 1134 512 dii
1151 485 1312 511 immortales
1323 486 1448 512 omnibus
1459 486 1585 521 gentibus
1597 486 1726 520 imperare
1739 486 1889 513 voluerunt.

1075 520 1076 528 ¹
1100 524 1149 549 lus
1162 524 1187 549 in
1199 528 1347 549 extremum
1359 528 1398 549 est
1409 523 1522 549 adducta
1533 523 1686 549 discrimen.
1725 523 1760 550 De
1772 524 1892 550 libertate

1099 561 1259 586 decernitur.
1299 561 1352 586 Aut
1363 561 1476 587 vincatis
1486 565 1596 595 oportet,
1609 560 1735 592 Quirites.
1748 561 1819 595 quod
1831 570 1892 596 pro-

1074 612 1075 615 =
1099 597 1166 624 secto
1181 603 1206 624 et
1221 598 1316 632 pietate
1332 602 1418 624 vestra
1433 603 1458 624 et
1473 603 1543 624 tanta
1553 598 1690 624 concordia
1706 599 1892 632 consequemi-

1099 636 1134 665 ni,
1149 640 1193 661 aut
1203 635 1313 670 quidvis
1325 636 1423 670 potius,
1436 644 1517 670 quam
1528 635 1660 662 serviatis.
1687 634 1760 661 Aliae
1772 636 1891 662 nationes

1074 664 1076 699 l
1098 673 1253 698 servitutem
1271 673 1324 707 pati
1340 678 1465 708 possunt.
1483 672 1575 708 populi
1592 673 1701 699 Romani
1718 681 1759 699 ree
1774 677 1814 699 est
1830 681 1891 707 pro-

1084 1243 1596 1295 ONIUM

1095 1502 1205 1524 conetur
1215 1496 1356 1523 adducere.
1383 1495 1445 1527 Alii,
1459 1494 1526 1522 nihil
1537 1503 1598 1522 eum
1609 1495 1661 1522 iam
1674 1495 1726 1521 nisi
1737 1494 1888 1522 modestum

1095 1534 1240 1570 postulare.
1262 1534 1442 1561 Macedoniam
1454 1541 1531 1560 suam
1542 1537 1618 1560 vocat
1627 1534 1749 1559 omnino:
1761 1533 1889 1568 quoniam

1095 1572 1175 1599 Caius
1195 1571 1274 1598 frater
1289 1576 1329 1598 est
1344 1571 1407 1598 inde
1423 1575 1570 1597 revocatus.
1609 1569 1663 1596 Sed
1672 1578 1742 1605 quae
1752 1569 1888 1604 provincia
1903 1595 1909 1602 ,

1094 1614 1144 1640 est,
1153 1618 1186 1636 ex
1196 1617 1248 1644 qua
1260 1608 1305 1635 illa
1317 1608 1362 1635 fax
1372 1609 1486 1635 excitare
1497 1615 1549 1634 non
1560 1607 1645 1642 possit
1655 1606 1828 1634 incendium?
1837 1607 1889 1633 Ita-

1094 1655 1147 1681 que
1157 1646 1249 1677 iidem,
1265 1646 1342 1681 quasi
1357 1644 1462 1680 providi
1471 1645 1544 1671 cives
1555 1649 1580 1671 et
1591 1648 1724 1670 senatores
1733 1643 1886 1679 diligentes,

1093 1683 1221 1710 bellicum
1233 1691 1276 1709 me
1286 1683 1415 1709 cecinisse
1425 1682 1526 1708 dicunt.
1565 1681 1722 1716 Suscipiunt
1733 1682 1806 1716 pacis
1817 1681 1829 1693 ⁸
1840 1689 1889 1716 pa-

1094 1721 1250 1751 trocinium,
1271 1721 1319 1755 qui
1334 1720 1373 1746 sic
1387 1719 1539 1754 disputant:
1560 1718 1657 1744 irritari
1672 1718 1817 1744 Antonium
1835 1726 1889 1745 non.

1093 1757 1218 1792 oportuit.
1259 1758 1380 1792 Nequam
1406 1760 1447 1783 est
1469 1756 1549 1782 homo
1570 1755 1617 1782 ille
1636 1759 1716 1790 atque
1735 1755 1884 1782 confidens:

1094 1794 1171 1821 multi
1186 1799 1320 1830 praeterea
1335 1793 1464 1829 improbi:
1486 1801 1555 1828 quos
1569 1792 1680 1828 quidem
1696 1801 1711 1818 a
1725 1800 1755 1819 se
1769 1793 1886 1827 primum

1093 1840 1233 1858 numerare
1244 1836 1369 1867 possunt.
1386 1831 1434 1866 qui
1446 1830 1510 1857 haec
1524 1830 1684 1865 loquuntur:
1700 1837 1745 1856 eos
1755 1829 1888 1856 cavendos

1094 1877 1153 1896 esse
1162 1869 1330 1896 denuntiant.
1371 1868 1465 1895 Utrum
1476 1868 1559 1904 igitur
1569 1867 1597 1893 in
1609 1867 1717 1893 nefariis
1727 1867 1834 1893 civibus
1844 1866 1889 1893 ul-

1093 1907 1238 1937 ciscendis,
1255 1915 1341 1941 quum
1353 1906 1454 1941 possis,
1472 1913 1505 1931 an
1520 1904 1755 1940 pertimescendis,
1772 1903 1889 1940 diligen-

1093 1945 1143 1970 tior
1153 1944 1240 1970 cautio
1249 1943 1308 1970 est?
1345 1944 1376 1970 11.
1400 1944 1424 1970 4.
1445 1942 1533 1977 Atque
1543 1941 1608 1968 haec
1618 1941 1658 1968 illi
1671 1941 1825 1977 loquuntur,
1838 1941 1888 1976 qui

1093 1981 1229 2016 quondam
1254 1985 1361 2016 propter
1385 1979 1519 2007 levitatem
1544 1978 1687 2014 populares
1709 1978 1886 2005 habebantur.

1092 2018 1133 2045 Ex
1147 2027 1202 2054 quo
1216 2018 1331 2054 intelligi
1342 2021 1441 2053 potest,
1463 2017 1553 2043 animo
1563 2016 1624 2043 illos
1635 2015 1806 2042 abhorruisse
1815 2023 1888 2042 sem-

1093 2064 1140 2091 per
1150 2056 1183 2083 ab
1193 2056 1294 2091 optimo
1304 2055 1420 2082 civitatis
1431 2058 1502 2081 statu
1510 2074 1516 2085 ,
1533 2062 1586 2080 non
1597 2053 1733 2080 voluntate
1743 2052 1829 2080 fuisse
1838 2060 1887 2088 po-

1092 2093 1208 2128 pulares.
1249 2092 1301 2125 Qui
1311 2093 1383 2119 enim
1395 2092 1496 2122 evenit,
1510 2095 1552 2122 ut,
1569 2091 1617 2126 qui
1629 2091 1656 2117 in
1666 2090 1747 2117 rebus
1756 2090 1886 2125 improbis
1899 2090 1903 2091 ⁷

1092 2130 1234 2166 populares
1249 2130 1371 2161 fuerunt,
1392 2129 1474 2156 iidem
1485 2129 1514 2155 in
1523 2136 1551 2155 re
1562 2136 1615 2154 una
1626 2128 1742 2154 maxime
1751 2126 1884 2162 populari,
1901 2134 1906 2138 ·

1091 2167 1164 2203 quod
1183 2167 1275 2194 eadem
1291 2167 1416 2194 salutaris
1430 2165 1530 2201 populo
1544 2165 1663 2192 Romano
1680 2165 1728 2196 sit.
1748 2163 1898 2199 improbem·

1091 2214 1133 2236 se,
1150 2214 1232 2240 quam
1247 2204 1390 2240 populares
1405 2212 1464 2230 esse
1475 2201 1587 2229 malint?
1596 2202 1638 2228 Me
1647 2201 1768 2238 quidem,
1780 2195 1900 2236 semper,⁴

1091 2243 1130 2278 (ut
1141 2242 1226 2277 scitis)
1236 2242 1405 2268 adversatum
1415 2239 1598 2267 multitudinis
1608 2239 1758 2270 temeritati,
1770 2238 1836 2265 haee
1846 2238 1909 2284 ‘⁶⁸1‘

1090 2280 1127 2306 cit
1141 2279 1353 2314 praeclarissima
1367 2286 1462 2305 caussa
1477 2277 1644 2312 popularem.
1685 2277 1710 2303 5.
1731 2276 1766 2302 Et
1774 2275 1902 2311 quidem»

1090 2317 1225 2347 dicuntur.
1234 2316 1275 2343 vel
1286 2317 1376 2352 potius
1386 2324 1416 2342 se
1428 2316 1482 2350 ipsi
1492 2315 1585 2341 dicunt
1594 2312 1760 2340 consulares:
1773 2321 1828 2348 quo
1837 2320 1887 2340 no-

1089 2355 1162 2381 mine
1175 2354 1276 2390 dignus
1291 2354 1331 2380 est
1346 2361 1437 2384 nemo,
1460 2353 1513 2379 nisi
1527 2352 1575 2387 qui
1589 2351 1655 2377 tanti
1669 2349 1776 2377 honoris
1786 2357 1899 2392 nomerq

1089 2396 1176 2427 potest
1191 2392 1334 2418 sustinere.
1368 2391 1469 2417 Faveas
1482 2393 1512 2416 tu
1528 2387 1617 2415 hosti?
1635 2387 1681 2414 ille
1696 2387 1797 2414 litteras
1809 2386 1843 2413 ad
1857 2391 1899 2424 teg

1089 2430 1176 2456 mittat
1190 2429 1223 2455 de
1237 2437 1285 2455 sua
1301 2436 1349 2463 spe
1363 2436 1453 2454 rerum
1472 2424 1670 2452 secundarum?
1692 2433 1737 2451 eas
1751 2429 1782 2451 tu
1796 2423 1895 2451 laetus?

1089 2465 1225 2501 proferas?
1235 2464 1347 2492 recites?
1357 2462 1546 2491 describendas
1555 2462 1634 2489 etiam
1645 2461 1693 2488 des
1703 2461 1834 2497 improbis
1843 2461 1898 2500 cia}

1088 2502 1188 2530 vibus‘?
1207 2511 1299 2530 eorum
1314 2510 1414 2538 augeas
1428 2499 1550 2527 animos?
1567 2499 1699 2526 bonorum
1710 2507 1786 2534 spem
1796 2499 1895 2534 virtusg

1089 2545 1197 2576 temque
1207 2539 1349 2567 debilites?
1361 2543 1387 2566 et
1397 2543 1422 2565 te
1431 2536 1599 2564 consularem
1609 2540 1656 2563 aut
1666 2541 1822 2566 senatorem,
1834 2535 1893 2562 dee.-

1088 2578 1171 2613 nique
1185 2578 1271 2604 civem
1287 2575 1384 2612 putes‘?
1404 2575 1524 2609 Accipiet
1542 2574 1571 2600 in
1585 2574 1714 2608 optimam
1733 2577 1835 2608 partem
1849 2571 1893 2599 ct:-

1088 2615 1187 2646 Pansa,
1210 2614 1372 2641 fortissimus
1383 2611 1477 2639 consul
1487 2616 1567 2646 atque
1577 2611 1709 2646 optimus;
1731 2609 1829 2636 etenim
1838 2608 1882 2635 dia

1088 2661 1145 2678 cam
1161 2652 1252 2678 animo
1263 2650 1440 2677 amicissimo:
1462 2649 1536 2675 hunc
1544 2649 1649 2683 ipsum,
1666 2647 1733 2674 mihi
1744 2647 1881 2688 homiuem

1088 2688 1329 2716 familiarissimum
1337 2707 1343 2719 ,
1356 2687 1409 2714 nisi
1419 2685 1480 2714 talis
1490 2685 1584 2713 consul
1596 2689 1678 2716 esset,
1695 2689 1726 2712 ut
1736 2692 1829 2711 omnes
1837 2691 1880 2709 w
