1941 3052
234 136 278 159 lu:
816 137 829 156 u
870 133 903 158 M.
935 133 962 158 Τ.

231 215 262 231 ne
278 214 410 231 uumwres
425 204 495 238 apud
511 208 568 229 turm
582 204 654 229 cives
668 207 848 229 aiu-toritatem
862 208 942 231 tuam.
956 203 1020 228 suh·
1044 230 1045 235 ¹

231 242 405 268 auscultando
423 246 509 267 tamen
528 242 649 275 oxa-ipon-
669 250 745 265 νυνι-,η
763 249 854 266 corum
873 245 898 265 et
918 240 1018 273 procul,
1044 248 1051 255 ¹*

229 279 295 314 quid
316 283 462 308 narrari-nt,
489 278 630 304 nitu-mlvne.
672 278 761 312 ltaque
781 276 839 307 sec-i,
866 276 971 307 Catule,
996 282 1021 303 et

231 319 342 343 uturum
360 317 480 342 uiuidum
499 315 653 341 stiiumatim
671 323 779 339 caussas
797 319 822 339 et
844 322 941 348 genera
965 314 1021 348 ipsa

230 355 346 387 gustavi.
384 353 515 379 xxxvn.
535 353 589 378 tiit.
614 351 693 376 Valde
709 351 823 380 lit-reule,
841 351 929 385 inquit
943 351 1022 377 Catu·

233 390 396 421 lus‚ti11·i·l‹=.
411 395 543 424 tamquam
558 389 590 414 ad
605 388 721 422 aliqui-m
738 388 856 414 lihidinis
868 388 1019 422 scopulum,

231 439 268 454 su·
284 434 354 454 tuam
376 432 488 453 mente-m
508 426 539 452 ad
560 425 755 460 philosophiam
775 425 916 459 appulisti,
940 434 1020 460 quatu

233 467 295 491 lun-e
309 466 402 491 vivum
417 468 553 498 aspernata
568 471 714 496 munquam
730 467 778 488 cut.
808 463 872 488 Nam
888 467 913 488 et
928 462 1021 489 referta

231 502 365 537 quondam
381 501 451 527 Italia
468 500 691 535 l'ytliagoreormn
707 499 757 525 l'uit
772 504 842 530 tum,
867 508 953 534 «pium
967 505 1022 526 erat

233 541 258 565 in
275 540 321 565 ha(-
335 542 412 570 gente
427 547 520 570 magna
537 536 580 563 illa
595 536 717 566 Graecia;
744 546 775 563 cx
795 546 849 571 quo
867 538 944 562 etiam
959 538 1022 572 qui-

231 577 290 602 dam
307 577 419 601 Numam
435 574 605 609 Pompilium,
622 583 710 609 regem
726 579 855 604 nostrum,
873 573 956 600 luisse
971 575 1022 610 l'y-

233 614 384 646 tluigormun
398 612 547 646 fcrunt,qui
561 611 637 638 annis
648 611 788 646 permultis
798 616 857 638 ante
869 611 927 642 l'uit,
939 621 1020 646 quam

232 652 288 684 ipse.
304 650 477 685 Pythagoras:
505 658 559 683 quo
573 649 650 675 etiam
667 650 748 675 maior
764 649 803 675 vir
818 649 956 675 habendus
971 654 1018 680 est,

231 696 314 722 ιμιιιηι
335 686 406 713 illam
425 687 581 721 sapientiam
601 686 800 712 constituendae
817 686 932 712 civitatis
955 686 1022 712 duo-

233 725 282 750 bus
298 733 378 759 prope
391 724 505 750 saeculis
519 728 578 750 ante
596 724 732 757 cognovit,
757 732 837 758 quam
857 733 913 749 eam
929 724 1021 750 Graeci

232 767 318 788 mitam
337 770 395 788 esse
413 765 567 793 scnserunt;
595 765 620 787 et
637 765 706 787 certe
725 770 775 787 non
796 761 855 787 tulit
875 760 942 786 ullos
959 761 1021 787 haec

230 799 324 825 civitas
342 803 387 825 aut
405 798 488 833 gloria
506 798 630 824 clariores
648 802 693 824 aut
713 798 864 824 auctoritate
887 799 1021 833 graviores

231 841 275 862 aut
299 836 462 862 humanitate
485 835 620 870 politiores
646 835 675 861 Ρ.
700 835 836 865 Africano,
865 835 894 862 C.
923 836 1019 866 Laelio,

233 875 260 899 l..
278 873 364 903 Furio.
381 874 427 908 qui
442 882 532 899 seeum
547 873 743 899 eruditissimos
758 872 879 899 homines
893 882 926 900 ex
940 874 1023 900 Grac—

231 912 269 937 cia
289 910 375 945 palam
394 919 499 945 semper
518 910 676 937 habuerunt.

231 948 333 974 existis
344 956 422 982 saepe
433 947 627 982 audivi,quum
638 948 763 978 dicerent,
779 952 929 982 pergratum
941 948 1023 974 Athe-

232 987 337 1012 nienses
351 990 376 1011 et
389 985 441 1011 sihi
455 985 547 1011 secisse
561 990 586 1011 ot
601 985 692 1011 multis
707 985 876 1020 principibus
894 986 1019 1016 civitatis,

230 1022 311 1057 quod,
327 1031 412 1057 quum
426 1022 458 1048 ad
471 1026 592 1049 senatum
609 1022 706 1057 legatos
721 1022 753 1048 de
767 1023 824 1048 suis
843 1023 967 1049 maximis
983 1031 1023 1049 re-

195 1090 200 1098 .
231 1060 282 1086 bus
301 1060 446 1090 mitterent,
472 1064 524 1086 tres
543 1059 615 1085 illius
634 1060 725 1086 aetatis
740 1060 920 1086 nobilissimos
935 1060 1023 1094 philo-
1044 1063 1046 1090 ζ

230 1097 329 1131 sophos
349 1097 496 1128 misissent,
519 1096 678 1124 Carneadem
693 1102 718 1123 et
731 1096 875 1124 Critolaum
890 1101 915 1123 et
928 1098 1023 1131 Dioge·
1044 1100 1052 1118 1>

1050 1147 1052 1153 ·
1074 1134 1262 1165 tundentibus,
1278 1134 1326 1169 qui
1339 1142 1432 1160 omnes
1446 1134 1616 1160 tenuissimas
1630 1133 1773 1169 particulas
1786 1138 1865 1169 atque

1050 1170 1052 1174 ’
1073 1172 1160 1198 omnia
1176 1172 1286 1198 minima
1301 1179 1405 1202 mansa,
1428 1176 1458 1198 ut
1471 1171 1587 1198 nutrices
1602 1171 1750 1198 infantibus
1763 1171 1863 1206 pueris.

232 1143 301 1160 nem.
335 1135 425 1169 ltaque
443 1143 501 1165 eos,
526 1134 591 1160 dum
605 1135 702 1161 Romae
716 1139 817 1166 essent,
843 1139 868 1160 et
882 1143 895 1160 a
909 1143 937 1160 se
951 1131 1022 1161 et'ab

230 1171 289 1198 aliis
305 1171 456 1206 frequenter
469 1171 587 1204 auditos3
615 1180 683 1206 quos
702 1176 730 1198 tu
749 1180 834 1207 quum
850 1172 960 1198 haberes
975 1180 1023 1198 au-

230 1215 322 1240 ctores,
339 1209 445 1240 Antoni,
462 1209 550 1240 miror,
565 1218 613 1235 cur
627 1209 820 1244 philosophiae,
841 1210 911 1235 sicut
924 1209 1022 1235 Zethus

231 1247 274 1272 ille
290 1247 464 1277 Pacuvianus,
482 1255 562 1281 prope
577 1246 676 1273 bellum
692 1246 830 1273 indixeris.
864 1248 920 1273 ⁴56.
943 1247 1023 1272 Mini-

231 1293 281 1314 me,
298 1284 386 1318 inquit
398 1284 544 1310 Antonius:
559 1292 589 1310 ac
603 1284 641 1310 sic
655 1283 759 1310 decrevi
776 1283 959 1319 philosophari
974 1293 1022 1319 po-

230 1322 292 1352 tius,
310 1325 338 1347 ut
352 1320 540 1355 Neoptolemus
554 1321 625 1355 apud
638 1321 765 1352 Ennium,

267 1373 303 1378 -—·
316 1373 352 1378 —
364 1361 470 1391 paucis:
484 1367 543 1384 imm
557 1361 658 1384 omnino
671 1360 741 1384 hm'u!
752 1360 844 1391 placet.

230 1395 282 1421 Sed
297 1400 383 1421 tamen
398 1395 461 1422 haec
475 1400 515 1422 est
528 1404 586 1422 mea
599 1396 737 1426 sententia,
754 1404 835 1430 quam
851 1395 960 1422 videbar
973 1404 1021 1422 ex-

230 1433 362 1466 posuisse.
402 1433 458 1467 Ego
476 1433 525 1459 ista
543 1433 631 1459 studia
654 1442 705 1459 non
729 1433 864 1467 improbo,
889 1432 1021 1459 moderata

229 1469 308 1496 modo
325 1471 392 1496 sint:
417 1470 570 1504 opinionem
588 1471 700 1497 istorum
719 1470 869 1496 studiorum
887 1474 913 1496 et
930 1470 1022 1504 suspi-

228 1507 331 1533 cionem
345 1507 448 1533 artificii
467 1507 538 1542 apud
556 1516 614 1539 eos,
639 1507 687 1543 qui
705 1515 747 1533 res
767 1507 899 1538 iudicent,
926 1508 1021 1534 oratori

229 1544 407 1570 adversariam
421 1553 480 1570 esse
493 1545 613 1571 arbitror.
635 1545 773 1571 Imminuit
785 1545 858 1571 enim
872 1549 897 1570 et
911 1545 1021 1571 oratoris

229 1581 410 1608 auctoritatem
424 1586 450 1608 et
462 1582 587 1609 orationis
601 1582 690 1609 fidem.
717 1581 866 1608 XXXVIII.
883 1582 939 1608 457.
956 1581 1017 1613 Sed,

229 1624 258 1644 ut
271 1627 302 1645 eo
315 1623 460 1650 revocetur,
473 1619 544 1645 unde
558 1619 611 1645 huc
624 1619 768 1646 declinavit
780 1619 871 1650 oratio,
887 1627 920 1645 ex
934 1618 1021 1645 tribus

230 1657 288 1682 istis
301 1656 458 1682 clarissimis
472 1656 648 1691 philosophis,
661 1665 730 1691 quos
741 1656 851 1683 Romam
863 1656 968 1682 venisse
979 1656 1021 1682 di-

229 1693 300 1724 xisti,
317 1693 427 1719 videsne
440 1693 584 1729 Diogenem
598 1693 696 1725 fuisse,
709 1694 756 1728 qui
771 1693 879 1723 diceret,
895 1698 978 1720 artem
991 1703 1020 1720 se

229 1730 330 1757 tradere
349 1730 416 1757 bene
434 1730 583 1757 disserendi
601 1735 627 1758 et
644 1739 706 1758 vera
719 1739 749 1757 ac
763 1730 828 1757 falsa
842 1730 1017 1762 diiudicandi,

228 1776 308 1802 quam
332 1767 412 1794 verbo
430 1767 530 1795 Graeco
553 1768 709 1802 διαλεκτικήν
732 1767 894 1803 appellaret?
919 1768 948 1794 In
972 1768 1020 1795 hac

229 1809 295 1836 arte,
321 1805 343 1831 si
359 1804 436 1831 modo
449 1810 489 1831 est
502 1805 566 1831 haec
580 1814 635 1837 ars,
660 1805 766 1832 nullum
783 1810 824 1831 est
837 1810 1017 1840 praeceptum,

228 1850 282 1877 quo
300 1842 378 1869 modo
396 1851 489 1868 verum
508 1843 672 1871 inveniatur.
697 1842 744 1869 sed
763 1847 864 1869 tantum
887 1846 940 1874 est,
966 1851 1020 1878 quo

228 1878 307 1906 modo
319 1879 460 1906 iudicetur.
503 1881 560 1906 ⁴58.
581 1880 647 1906 Nam
664 1879 708 1917 [et]
723 1888 810 1911 omne,
830 1879 902 1915 quod
916 1879 1020 1915 eloqui-

228 1925 288 1942 mur
302 1917 352 1947 sic,
378 1921 408 1943 ut
421 1916 448 1943 id
462 1921 507 1943 aut
520 1925 578 1943 esso
591 1917 714 1944 dicamus
727 1922 772 1943 aut
786 1925 837 1943 non
856 1925 928 1948 esse,
953 1922 979 1944 et
996 1918 1019 1944 si

227 1953 385 1989 simpliciter
398 1953 499 1980 dictum
513 1955 560 1986 sit,
576 1955 728 1989 suscipiunt
741 1954 888 1985 Dialectici,
905 1959 935 1980 ut
947 1954 1021 1981 iudi-

227 1995 300 2022 cent,
319 1999 449 2018 verumne
462 1992 497 2018 sit
510 2001 543 2018 an
557 1991 669 2023 salsum;
689 1996 714 2018 et
727 1993 750 2018 si
764 1992 904 2018 coniuncte
917 1992 952 2018 sit
965 1991 1020 2018 ela-

228 2033 285 2054 tum
299 2033 324 2055 et
337 2028 459 2055 adiuncta
473 2029 526 2055 sint
539 2029 603 2060 alia,
623 2029 754 2060 iudicent,
779 2034 883 2055 rectene
896 2028 1020 2056 adiuncta

228 2066 282 2092 sint
299 2070 324 2092 et
341 2074 437 2092 verane
455 2075 560 2093 summa
579 2067 614 2093 sit
630 2067 712 2093 unius
725 2067 858 2101 cuiusque
871 2067 981 2093 rationis
995 2071 1020 2093 et

228 2102 260 2129 ad
278 2107 428 2130 extremum
446 2104 497 2138 ipsi
517 2113 546 2130 se
565 2108 750 2140 compungunt
768 2104 825 2130 suis
847 2104 1019 2130 acuminibus

228 2145 253 2166 et
267 2140 350 2166 multa
364 2141 515 2175 quaerendo
529 2142 665 2176 reperiunt
679 2150 730 2167 non
745 2141 824 2167 modo
834 2149 873 2171 ea,
886 2149 955 2176 quae
966 2141 1019 2167 iam

229 2186 279 2203 non
294 2179 396 2212 possint
410 2179 462 2213 ipsi
475 2178 635 2210 dissolvere,
660 2179 707 2205 sed
721 2179 814 2209 etiam,
840 2178 941 2213 quibus
959 2183 1019 2205 ante

227 2223 319 2241 exorsa
333 2219 359 2241 et
371 2216 461 2250 potius
475 2215 578 2242 detexta
597 2224 678 2250 prope
696 2220 857 2242 retexantur.
893 2217 949 2242 ⁴59.
972 2216 1020 2242 Ilio

228 2260 275 2278 nos
290 2252 372 2287 igitur
385 2252 490 2279 Stoicus
504 2253 553 2279 iste
568 2253 634 2279 nihil
645 2253 762 2283 adiuvat,
774 2253 910 2288 quoniam.
922 2261 1019 2288 quem-

228 2288 371 2315 admodum
390 2290 524 2316 inveniam
542 2290 609 2325 quid
626 2290 727 2321 dicam,
753 2298 804 2316 non
823 2290 912 2322 docet3
940 2294 1020 2325 atque

228 2326 298 2352 idem
312 2327 391 2352 etiam
405 2327 526 2362 impedit,
541 2327 614 2362 quod
628 2332 654 2354 et
667 2327 750 2354 multa
764 2327 873 2362 reperit,
889 2335 958 2362 quae
973 2335 1020 2354 ne-

227 2367 271 2398 gat
286 2363 340 2390 ullo
354 2364 432 2391 modo
446 2373 524 2399 posse
538 2364 658 2396 dissolvi,
672 2369 698 2391 et
707 2373 794 2400 genus
805 2365 935 2391 sermonis
946 2364 1020 2391 affert

229 2408 279 2426 non
299 2400 445 2435 liquidum,
471 2410 522 2428 non
541 2401 632 2428 fusum
651 2410 681 2428 ao
698 2401 844 2437 profluens,
869 2401 916 2428 sed
938 2401 1017 2434 exile,

228 2437 345 2468 aridum,
362 2439 497 2465 concisum
512 2447 541 2466 ac
555 2440 700 2465 minutum.
733 2438 810 2471 Quod
824 2439 847 2465 si
861 2439 909 2474 qui
923 2439 1019 2474 proba-

228 2473 279 2504 bit,
305 2474 339 2500 ita
358 2476 492 2509 probabit,
517 2481 547 2503 ut
564 2477 658 2503 oratori
677 2481 765 2502 tamen
783 2481 875 2511 aptum
894 2485 946 2503 non
959 2485 1019 2502 esse

228 2510 348 2537 fateatur.
389 2513 457 2539 Haec
475 2514 546 2539 enim
564 2519 652 2540 nostra
670 2514 752 2540 oratio
773 2513 956 2540 multitudinis
978 2518 1018 2540 est

228 2548 339 2574 auribus
357 2550 577 2577 accommodanda
595 2550 628 2577 ad
650 2550 820 2577 oblectandos
843 2551 959 2582 animos,
984 2550 1019 2577 ad

228 2584 417 2619 impellendos,
433 2587 466 2612 ad
479 2595 509 2613 ea
522 2587 665 2622 probanda,
685 2596 754 2623 quae
768 2596 820 2614 non
834 2587 950 2614 aurificis
963 2592 1019 2614 sta—

230 2627 295 2652 tera,
328 2623 374 2648 sed
405 2623 520 2658 quadam
546 2625 669 2659 populari
695 2625 794 2651 trutina
820 2625 1015 2651 examinantur.

232 2660 286 2684 ¹60.
308 2658 394 2691 Quare
407 2661 484 2687 istam
499 2666 581 2688 artem
599 2666 678 2688 totam
697 2661 877 2693 dimittamus,
902 2670 971 2697 quae
989 2662 1017 2688 in

713 911 769 936 455.
792 910 878 944 Atque
901 919 950 946 ego
973 910 1022 937 hoc
1044 913 1045 929 ³

995 132 1270 158 (ZICI-IIIUNIS

1073 203 1254 235 excogitandis
1268 204 1433 238 argumentis
1447 208 1518 230 muta
1538 204 1650 230 nimium
1668 209 1721 236 est,
1748 206 1774 231 in
1794 206 1865 232 iudi-

1073 239 1165 266 candis
1180 240 1294 266 nimium
1310 239 1417 275 loquax.
1458 240 1601 267 Critolaum
1617 242 1713 272 istum,
1732 250 1813 278 quem
1827 242 1865 270 si-

1074 276 1129 303 mul
1148 286 1209 303 cum
1228 277 1342 312 Diogene
1361 278 1466 304 venisse
1487 286 1691 309 commemoras,
1717 284 1781 314 puto
1803 279 1865 315 plus

1075 314 1137 340 huic
1151 313 1240 339 studio
1255 318 1344 340 nostro
1357 314 1483 349 prodesse
1497 315 1625 350 potuisse.
1666 315 1728 342 Erat
1746 316 1817 343 enim
1830 317 1865 343 ab

1075 352 1125 377 istu
1138 350 1292 382 Aristotele,
1318 360 1331 377 a
1349 352 1428 378 cuius
1447 352 1562 379 inventis
1581 352 1627 379 tibi
1647 361 1696 389 ego
1710 352 1800 380 videor
1814 362 1865 381 non

1076 388 1152 422 longe
1166 388 1296 414 aberrare.
1327 388 1414 423 Atque
1429 389 1497 415 inter
1511 389 1581 416 hunc
1594 389 1771 421 Aristotelem.
1787 391 1866 418 cuius

1074 430 1099 452 rt
1113 425 1190 452 illum
1206 424 1257 461 legi
1274 425 1385 456 librum.
1412 426 1438 452 in
1457 434 1512 462 quo
1529 428 1653 461 exposuit
1671 427 1778 454 dicendi
1796 433 1866 454 artes

1073 464 1194 490 omnium
1213 463 1396 498 superiorum.
1421 467 1447 489 ct
1465 462 1538 494 illos,
1563 463 1590 490 in
1612 464 1713 500 quibus
1737 465 1794 500 ipse
1817 474 1866 491 sus

1073 500 1204 535 quaedam
1219 499 1251 526 de
1265 499 1356 526 cadem
1371 505 1425 526 arte
1439 499 1515 531 dixit,
1529 505 1554 527 et
1568 500 1616 527 hos
1630 510 1769 536 germanos
1783 502 1865 529 huius

1074 538 1137 564 artis
1151 537 1292 573 magistros
1311 537 1359 564 hoc
1378 537 1443 564 mihi
1464 538 1552 564 visum
1571 543 1611 564 est
1628 538 1768 570 interesse,
1793 538 1866 574 quod

1074 575 1119 601 ille
1132 575 1224 601 eadem
1239 575 1294 601 acie
1308 575 1418 605 mentis.
1442 583 1494 610 qua
1513 583 1601 601 rerum
1615 576 1735 602 omnium
1750 576 1804 603 vim
1819 585 1864 603 na-

1074 616 1215 647 turamque
1238 611 1351 642 viderat,
1378 613 1441 638 haec
1463 621 1571 647 quoque
1598 613 1714 647 aspexit,
1742 621 1811 648 quse
1832 613 1865 641 ad

1044 659 1051 673 υ
1073 649 1179 676 dicendi
1198 653 1293 680 artem,
1319 658 1400 684 quam
1419 649 1464 676 ille
1481 649 1658 684 despiciebat,
1684 650 1862 685 pertinebant:

1074 686 1112 713 illi
1127 692 1229 717 autem,
1245 687 1292 722 qui
1308 686 1356 713 lioc
1369 686 1457 713 solum
1471 686 1612 713 colendum
1627 686 1773 718 ducebant,
1789 687 1866 715 bobi-

1074 728 1162 750 tarunt
1175 724 1202 750 in
1217 724 1265 750 hac
1280 733 1331 751 una
1346 725 1445 751 ratione
1459 724 1604 754 tractanda,
1630 733 1681 751 non
1695 724 1787 752 eadem
1801 733 1866 760 pru-

1073 761 1170 792 dentia,
1186 770 1239 796 qua
1254 760 1307 791 ille,
1323 761 1370 788 sed
1385 770 1449 791 usu.
1467 761 1493 788 in
1509 761 1558 788 boc
1572 770 1625 788 uno
1638 770 1747 797 genere,
1762 761 1866 789 studio-

1073 807 1126 833 que
1141 799 1248 825 maiore.
1285 800 1341 824 lssl.
1363 798 1491 825 Carneadi
1506 807 1568 825 vero
1582 799 1623 825 vis
1641 798 1807 826 incredibilis
1820 799 1865 826 ills

1073 836 1180 862 dicendi
1193 841 1219 862 et
1233 836 1346 862 varietas
1359 844 1488 871 perquam
1503 840 1573 862 esset
1585 836 1698 871 optanda
1711 836 1801 868 nobis;
1838 837 1865 863 ui

1074 873 1174 900 nullam
1191 882 1318 908 umquam
1333 873 1360 899 in
1375 872 1429 899 illis
1442 873 1500 899 suis
1513 872 1741 908 disputationibus
1751 882 1806 900 rem
1837 882 1866 900 e·

1074 910 1166 942 tendit.
1182 919 1263 945 quam
1275 919 1326 937 non
1338 910 1467 945 probarit3
1485 910 1585 937 nullam
1597 911 1771 946 oppugnavit,
1783 919 1865 946 quam

1074 957 1125 974 non
1140 948 1273 974 everterit.
1304 947 1356 974 Sed
1371 947 1419 974 hoc
1434 948 1521 974 maius
1534 952 1574 974 est
1587 947 1725 983 quiddam,
1737 956 1818 983 quam
1832 948 1865 975 ab

1074 985 1116 1016 iis.
1132 986 1179 1019 qui
1194 985 1258 1011 haec
1273 984 1380 1011 tradunt
1393 989 1418 1011 et
1432 984 1535 1016 docent,
1551 984 1741 1020 postulandum
1755 985 1800 1011 sit.

1129 1022 1257 1049 XXXIX.
1281 1024 1337 1049 ⁴62.
1358 1022 1415 1057 Ego
1432 1026 1534 1052 autem,
1558 1023 1581 1048 si
1599 1030 1680 1058 quem
1699 1030 1771 1049 nune
1787 1021 1865 1057 plane

1073 1059 1166 1086 rudem
1181 1059 1285 1086 institui
1300 1059 1332 1085 ad
1346 1059 1489 1085 dicendum
1504 1058 1594 1091 velim,
1607 1059 1649 1086 his
1663 1059 1751 1094 potius
1765 1059 1865 1086 tradam

1073 1097 1190 1124 assiduis
1206 1105 1258 1123 uno
1271 1105 1350 1132 opere
1360 1096 1480 1123 camdem
1491 1096 1616 1123 incudem
1627 1096 1698 1123 diem
1709 1101 1866 1132 noctemque

1074 1209 1100 1235 in
1115 1218 1144 1235 os
1158 1210 1284 1235 inserant.
1324 1208 1371 1235 Sin
1385 1209 1420 1235 sit
1433 1209 1470 1239 is,
1486 1209 1533 1244 qui
1548 1212 1572 1235 et
1586 1208 1703 1235 doctriua
1717 1208 1784 1235 mihi
1799 1207 1866 1234 libe-

1050 1249 1051 1255 *
1073 1246 1162 1272 raliter
1179 1247 1319 1272 institutus
1337 1250 1362 1272 et
1380 1245 1470 1281 aliquo
1488 1246 1540 1272 iam
1561 1246 1682 1272 imbutus
1696 1254 1747 1272 usu
1761 1250 1788 1272 et
1801 1246 1865 1272 satis

1073 1284 1124 1310 acri
1140 1284 1248 1320 ingenio
1261 1292 1319 1310 esse
1333 1283 1464 1315 videatur,
1477 1283 1542 1310 illuc
1555 1291 1617 1309 eum
1629 1283 1739 1318 rapiam,
1753 1282 1800 1309 ubi
1812 1291 1863 1309 non

1072 1320 1176 1347 seclusa
1191 1321 1280 1356 aliqua
1294 1320 1393 1356 aquula
1408 1325 1540 1351 teneatur,
1560 1319 1607 1347 sed
1622 1320 1693 1347 unde
1707 1320 1864 1347 universum

1073 1357 1171 1384 llumen
1185 1363 1321 1393 erumpat3
1337 1359 1384 1393 qui
1398 1357 1437 1384 illi
1452 1357 1529 1384 sedes
1543 1362 1568 1384 et
1583 1362 1718 1393 tamquam
1729 1356 1864 1384 domicilia

1072 1396 1193 1422 omnium
1215 1400 1432 1430 argumentorum
1455 1400 1642 1422 commonstret
1659 1399 1686 1421 et
1703 1403 1732 1421 ea
1750 1394 1866 1421 breviter

1073 1432 1188 1459 illustret
1202 1433 1345 1467 verbisque
1359 1432 1476 1459 deliniat.
1520 1434 1575 1459 163.
1595 1431 1666 1464 Quid
1679 1432 1750 1458 enim
1764 1436 1816 1463 est.
1837 1432 1865 1459 in

1071 1478 1126 1505 quo
1139 1470 1252 1500 haereat,
1268 1471 1315 1505 qui
1330 1470 1426 1496 viderit
1439 1478 1526 1500 omne,
1546 1469 1618 1505 quod
1632 1473 1754 1496 sumatur
1766 1470 1794 1496 in
1807 1477 1866 1496 ora·

1072 1507 1142 1534 tione
1155 1512 1200 1534 aut
1214 1507 1247 1533 ad
1261 1507 1428 1542 probandum
1442 1511 1487 1533 aut
1505 1506 1537 1533 ad
1555 1506 1746 1538 refellendum,
1769 1510 1815 1533 aut
1832 1514 1866 1533 ex

1071 1553 1120 1571 sua
1133 1545 1205 1571 sumi
1220 1545 1246 1571 vi
1261 1549 1340 1579 atque
1354 1548 1447 1570 natura
1461 1548 1506 1570 aut
1519 1544 1621 1570 assumi
1640 1542 1723 1570 soris?
1755 1543 1798 1570 Ex
1816 1552 1865 1570 sua

1072 1582 1112 1613 vi,
1128 1590 1214 1617 quum
1228 1586 1286 1612 aut,
1303 1590 1344 1608 res
1358 1589 1427 1616 quae
1441 1581 1475 1607 sit
1489 1586 1554 1612 tota,
1570 1585 1725 1616 quaeratur,
1745 1585 1791 1608 aut
1803 1589 1865 1616 pars

1071 1619 1138 1650 eius,
1151 1624 1197 1646 aut
1210 1618 1371 1645 vocabulum
1384 1618 1456 1653 quod
1471 1618 1574 1649 habeat,
1585 1623 1631 1644 aut
1643 1618 1793 1653 quippiam,
1809 1627 1865 1644 rem

1072 1656 1146 1683 illam
1165 1656 1238 1691 quod
1256 1657 1380 1691 attingat:
1408 1656 1574 1682 extrinsecus
1593 1660 1695 1686 autem.
1720 1664 1806 1691 quum
1823 1663 1862 1686 ea,

1070 1702 1139 1728 quae
1153 1698 1216 1720 sunt
1230 1693 1294 1719 foris
1309 1701 1395 1728 neque
1409 1693 1547 1719 inhaerent
1560 1693 1587 1719 in
1602 1693 1638 1719 rei
1660 1697 1767 1724 natura,
1789 1692 1866 1720 colli-

1070 1735 1180 1767 guntur.
1222 1731 1279 1757 ⁴64.
1302 1730 1329 1757 Si
1344 1739 1386 1756 res
1401 1734 1452 1757 tota
1466 1731 1616 1765 quaeritur,
1637 1729 1791 1757 definitione
1803 1730 1866 1756 uni·

1070 1776 1147 1795 versa
1161 1769 1203 1794 vis
1217 1767 1372 1802 explicanda
1387 1772 1435 1798 est,
1455 1768 1508 1794 sic:
1536 1767 1564 1794 Si
1578 1767 1702 1794 maiestas
1716 1771 1756 1794 est
1769 1766 1865 1802 ampli-

1071 1805 1136 1832 tudo
1148 1814 1178 1832 ac
1191 1805 1308 1840 dignitas
1321 1805 1451 1835 civitatis,
1467 1805 1491 1831 is
1505 1813 1563 1831 eam
1577 1805 1687 1836 minuit,
1703 1805 1751 1840 qui
1764 1804 1865 1831 exerci-

1071 1847 1127 1869 tum
1143 1842 1266 1869 hostibus
1280 1841 1374 1877 populi
1387 1842 1498 1868 Romani
1513 1841 1633 1873 tradidit,
1658 1850 1710 1868 non
1728 1842 1777 1877 qui
1790 1850 1862 1873 eum,

1069 1880 1117 1915 qui
1143 1879 1171 1906 id
1196 1879 1316 1910 fecisset,
1345 1879 1438 1914 populi
1461 1879 1570 1906 Romani
1597 1879 1720 1914 potestati
1745 1877 1863 1905 tradidit.

1072 1919 1128 1944 ⁴65.
1151 1917 1198 1944 Sin
1212 1925 1288 1952 pars,
1304 1917 1451 1952 partitione,
1468 1916 1518 1943 hoc
1530 1915 1621 1943 modo:
1642 1921 1687 1942 aut
1700 1916 1803 1942 senatui
1817 1924 1864 1951 pa-

1070 1954 1183 1981 rendum
1197 1954 1230 1981 de
1244 1953 1329 1981 salute
1342 1953 1505 1988 reipublicae
1519 1953 1569 1980 l'uit
1582 1958 1628 1980 aut
1637 1953 1712 1980 aliud
1721 1953 1864 1980 consilium

1069 1991 1265 2018 instituendum
1279 1995 1325 2018 aut
1338 1999 1387 2017 sua
1400 1995 1494 2026 sponte
1508 1990 1674 2024 faciendum,
1689 1989 1764 2017 aliud
1776 1991 1865 2018 consi-

1071 2029 1150 2060 lium,
1171 2029 1334 2063 superbum3
1359 2036 1453 2059 suum,
1474 2036 1613 2064 arrogans3
1638 2027 1769 2054 utendum
1782 2027 1864 2064 igitur

1070 2066 1121 2093 fuit
1134 2066 1246 2093 consilio
1259 2070 1379 2092 senatus.
1421 2064 1449 2091 Si
1463 2073 1497 2092 ex
1511 2065 1653 2096 vocabulo,
1674 2069 1705 2092 ut
1717 2064 1815 2092 Carbo:
1840 2066 1863 2091 si

1069 2103 1163 2131 consul
1177 2108 1226 2134 est,
1242 2103 1290 2138 qui
1303 2101 1419 2129 consulit
1432 2103 1540 2137 patriae,
1556 2103 1622 2138 quid
1636 2101 1710 2129 aliud
1724 2101 1787 2129 fecit
1798 2101 1864 2137 Opi-

1071 2140 1161 2168 mius?
1182 2142 1238 2167 466.
1253 2141 1300 2167 Sin
1315 2140 1348 2166 ab
1361 2148 1400 2171 eo,
1413 2139 1486 2174 quod
1500 2148 1555 2166 rem
1569 2140 1684 2176 attingit,
1696 2138 1787 2174 plures
1800 2144 1862 2166 sunt

1070 2182 1288 2214 argumentorum
1302 2177 1380 2204 sedes
1393 2186 1423 2203 ac
1438 2177 1497 2203 loci.
1519 2177 1586 2203 Nam
1596 2182 1624 2204 et
1631 2177 1770 2204 coniuncta
1780 2184 1863 2212 quae-

1070 2224 1160 2242 remus
1174 2219 1200 2242 et
1212 2223 1309 2251 genera
1323 2219 1348 2242 et
1366 2219 1452 2249 partes
1469 2214 1614 2250 generibus
1631 2213 1765 2240 subiectas
1783 2218 1809 2240 et
1825 2214 1863 2240 si-

1070 2253 1238 2279 militudines
1255 2257 1282 2279 et
1299 2251 1535 2278 dissimilitudines
1553 2256 1578 2278 et
1590 2251 1719 2278 contraria
1732 2254 1758 2277 et
1770 2259 1863 2278 eonse-

1070 2291 1179 2325 quentia
1206 2294 1233 2316 et
1253 2293 1429 2316 consentanea
1455 2293 1481 2316 et
1511 2289 1589 2324 quasi
1614 2288 1811 2323 praecurrentia
1837 2293 1863 2315 et

1071 2327 1258 2363 repugnantia,
1282 2331 1308 2353 et
1320 2335 1430 2353 caussas
1443 2335 1532 2353 rerum
1545 2325 1754 2361 vestigabimus,
1777 2330 1804 2352 et
1821 2333 1860 2356 ea,

1069 2373 1139 2399 quae
1152 2373 1186 2391 ex
1199 2364 1302 2391 caussis
1315 2368 1369 2390 orta
1383 2364 1451 2396 sint3
1475 2367 1502 2390 et
1514 2363 1625 2394 maiora,
1650 2363 1735 2398 paria,
1761 2363 1863 2389 minora

1069 2409 1240 2436 quaeremus.
1280 2401 1336 2428 XL.
1359 2402 1416 2427 ⁴67.
1437 2401 1480 2427 Ex
1491 2401 1640 2426 comunctis
1654 2400 1693 2426 sic
1706 2404 1862 2435 argumenta

1069 2438 1218 2465 ducuntur:
1234 2439 1258 2465 si
1271 2439 1363 2473 pietati
1375 2446 1480 2464 summa
1495 2436 1634 2464 tribuenda
1649 2436 1707 2463 laus
1720 2441 1770 2469 est,
1780 2436 1863 2463 deb&

1069 2477 1104 2502 tis
1118 2475 1229 2507 moveri,
1244 2484 1331 2511 quum
1344 2474 1376 2507 Q.
1387 2474 1525 2501 Metellum
1538 2478 1593 2500 tam
1606 2474 1650 2509 pie
1663 2473 1756 2510 lugere
1769 2473 1862 2500 videa·
1894 2483 1897 2486 ⁴

1070 2513 1113 2539 tis.
1152 2513 1194 2539 Ex
1206 2521 1304 2548 genere
1316 2517 1419 2538 autem:
1438 2512 1463 2538 si
1475 2512 1647 2547 magistratus
1660 2512 1689 2538 in
1702 2510 1796 2546 populi
1808 2511 1862 2538 lto-

1069 2551 1140 2577 mani
1155 2554 1283 2585 potestate
1296 2557 1357 2576 esse
1369 2548 1476 2579 debent,
1491 2548 1558 2583 quid
1571 2549 1726 2575 Norbanum
1739 2556 1858 2580 accusas,

1068 2588 1147 2614 cuius
1161 2587 1314 2614 tribunatus
1327 2585 1456 2613 voluntati
1470 2586 1559 2620 paruit
1576 2584 1712 2612 civitatis?
1743 2586 1801 2612 ⁴68.
1819 2585 1861 2612 Ex
1891 2612 1894 2617 ,

1068 2629 1142 2659 parte
1155 2628 1244 2650 autem
1257 2632 1301 2655 ea,
1323 2631 1393 2658 quae
1405 2627 1446 2649 est
1458 2623 1577 2649 subiecta
1590 2623 1696 2658 generi:
1720 2623 1744 2649 si
1756 2631 1858 2654 omnm,

1068 2662 1116 2696 qui
1134 2660 1297 2696 reipublicae
1314 2659 1470 2691 consulunt,
1495 2661 1548 2686 cari
1571 2660 1648 2687 nobis
1671 2667 1730 2686 esse
1752 2659 1858 2690 debent,
