1941 3052
250 101 296 125 7915
815 99 857 124 ⁸7.
893 98 915 123 M
922 119 927 123 .
962 98 993 124 T.

249 170 412 196 veusitndinc
429 171 574 202 attingunt:
607 173 660 197 unt,
678 168 750 202 quod
767 169 800 194 ita
816 169 993 201 negotiantur.
1012 173 1040 194 ut

251 207 396 241 locupleto-s
411 208 472 236 sint,
492 207 572 232 nostri
584 205 738 230 vomuilntus
756 205 885 230 lietu-livio
897 215 924 230 se
938 204 1040 230 incolu-

251 254 306 270 nivs
319 244 436 270 fortunas
449 243 544 268 liaben-
559 242 730 268 arbitrantur,
753 243 783 268 ll.
799 243 823 267 7.
847 242 879 268 At
889 243 960 268 enirn
974 242 1040 267 inter

251 282 298 307 lios
315 282 386 315 ipsos
402 281 534 306 exsistunt
549 288 644 312 graves·
661 280 864 308 controversiae,
884 279 981 304 inultae
994 288 1040 304 na-

250 323 361 343 scuntur
375 317 495 345 iniuriae,
513 325 623 348 magnac·
635 317 816 342 contentiones
827 321 1038 350 consequuntur.
1068 325 1069 331 ¹

249 355 330 386 Quasi
350 363 410 379 vero
425 362 474 386 ego
492 353 516 379 id
534 358 635 387 putent,
654 362 704 379 non
721 358 744 379 te
761 353 928 387 aliquantum
941 353 1040 387 negotii
1068 358 1070 366 ¹

438 390 573 425 lntelligo,
596 399 771 424 permagnum
788 400 846 416 ess·-
865 391 999 423 negotium
1016 395 1041 416 et
1069 394 1071 402 '

249 393 391 417 sustinere.

251 428 361 454 maximi
377 427 493 453 consilii.
534 427 586 453 Sed
604 432 745 457 memento,
763 428 868 453 consilii
882 437 922 453 nit·
935 428 983 453 liov
995 436 1041 453 ne-

249 466 351 498 ¹gotium
368 474 425 490 csse
443 465 528 499 inagis
539 464 684 499 aliquanto,
702 474 783 499 quam
795 464 924 495 fortunae,
938 470 1040 499 putare.

250 541 272 565 si
286 545 308 565 te
323 539 378 573 ipsc
390 538 545 565 contineas?
571 539 597 565 ld
608 544 696 565 autcni
708 540 742 565 sit
755 549 881 573 magnum
894 544 919 565 et
930 539 1041 565 difficile

251 613 424 644 facillimum,
447 618 472 639 et
488 622 549 639 vcro
563 622 622 639 esse
638 613 744 645 debuit,
772 614 851 640 cuius
873 619 964 640 natura
982 613 1042 640 talis

250 656 298 680 cst,
317 655 344 677 ut
355 651 434 676 etiam
446 651 504 676 sine
516 650 634 677 doctrina
647 651 769 677 videatur
780 651 912 677 moderata
925 660 982 677 esse
995 660 1042 685 po-

251 689 348 714 tuisse:
380 697 409 714 ea
429 693 517 714 autem
534 688 654 714 adbibita
670 688 789 714 doctrina
801 694 848 719 cst,
866 698 934 723 quae
948 688 987 714 vel
1002 689 1042 714 vi-

250 725 423 751 tiosissimam
440 730 559 760 naturam
575 725 695 752 excolere
710 727 803 760 pos-sit.

249 762 354 793 cuniae,
376 771 461 796 quum
479 762 617 797 voluptati,
635 772 720 797 quum
731 764 852 789 oninium
865 772 953 789 rerum
965 763 1042 797 cupi-

249 799 326 826 ditati
342 800 463 830 resistcs,
488 805 515 826 ut
532 800 611 826 sacis:
635 801 697 831 crit,
715 800 807 831 credo,
826 800 990 835 periculum,
1010 808 1041 826 ne

251 883 316 900 nuni
337 875 513 908 comprimere
530 884 581 900 non
599 875 696 909 possis.
737 876 803 901 Nam
821 876 915 902 Gracci
931 875 1041 910 quidem

250 912 290 937 sic
307 916 331 937 tc
348 912 382 937 ita
399 912 534 938 viventem
552 912 736 943 intuebuntur,
755 918 783 939 ut
794 912 939 947 quemdam
951 921 984 938 ex
995 921 1043 938 an-

212 960 216 967 ·
251 948 352 975 nalium
365 950 502 979 memoria,
511 954 555 975 aut
566 950 644 975 ctiam
656 949 767 976 decaelo
774 950 898 976 divinum
907 950 1042 976 hominem

251 995 309 1012 esse
322 987 348 1012 in
361 987 526 1020 provinciam
539 986 679 1021 delapsum
693 992 794 1021 putent.
835 990 859 1013 8.
882 988 967 1022 Atque
979 987 1042 1012 liaec

251 1032 332 1053 nunc,
342 1032 393 1049 non
406 1028 434 1049 ut
447 1023 536 1053 facias,
545 1024 592 1049 sed
605 1029 633 1050 ut
644 1028 668 1050 te
680 1023 764 1050 lacere
775 1029 801 1050 et
812 1024 906 1051 fecisse
913 1024 1040 1060 gaudeas,

251 1060 349 1086 scribo.
390 1061 558 1087 Praeclarum
578 1066 618 1087 cst
633 1062 714 1092 enim,
731 1071 837 1088 summo
853 1071 914 1088 cum
930 1062 1043 1096 irnperio

253 1097 336 1123 tuisse
358 1098 384 1123 in
401 1098 462 1124 Asia
479 1099 638 1129 triennium,
660 1099 698 1124 sic
715 1104 744 1125 ut
762 1099 867 1125 nullum
884 1104 907 1125 te
922 1100 1040 1134 signum,

252 1134 324 1160 nulla
339 1135 451 1169 pictura,
470 1135 574 1161 nullum
588 1144 643 1166 vaS,
658 1135 731 1162 nulla
743 1137 835 1167 vestis,
850 1136 955 1162 nullum
968 1144 1044 1162 man-

251 1172 363 1206 cipium,
382 1172 455 1198 nulla
466 1172 550 1198 forma
561 1173 733 1207 cuiusquam,
748 1173 820 1199 nulla
831 1174 949 1200 conditio
961 1182 1043 1208 pecu-

251 1209 311 1235 niae
326 1209 437 1244 (quibus
449 1209 530 1236 rebus
541 1209 660 1236 abundat
674 1211 723 1236 ista
735 1211 882 1245 provincia)
894 1211 928 1237 ab
938 1219 1043 1236 summa

252 1247 401 1281 integritate
413 1247 629 1282 continentiaque
641 1247 792 1274 deduxerit.
825 1250 850 1274 9.
871 1247 942 1280 Quid
955 1252 1042 1274 autem

252 1284 361 1317 reperiri
382 1288 435 1310 tam
454 1285 599 1316 eximium,
617 1289 661 1311 aut
681 1289 734 1311 tam
749 1285 930 1319 expetendum
947 1289 1042 1320 potest,

251 1329 332 1355 quam
354 1321 431 1347 istam
448 1322 588 1353 virtutem,
602 1321 811 1349 moderationem
826 1323 923 1353 animi,
942 1327 1045 1357 tempe-

251 1358 373 1389 rantiam,
392 1367 443 1385 non
460 1358 539 1385 latere
556 1359 583 1385 in
595 1359 721 1390 tenebris,
740 1368 827 1394 neque
843 1369 901 1386 esse
913 1360 1042 1391 abditam,

250 1395 297 1421 sed
318 1395 345 1421 in
363 1395 421 1422 luce
436 1396 528 1427 Asiae,
548 1397 575 1422 in
591 1396 677 1423 oculis
697 1396 862 1424 clarissimae
879 1398 1041 1432 provinciae,

251 1437 330 1467 atque
348 1433 375 1459 in
391 1433 503 1459 auribus
519 1434 641 1460 omnium
656 1435 779 1469 gentium
794 1443 823 1460 ac
836 1436 974 1461 nationum
985 1443 1044 1460 esse

250 1469 383 1504 positam?
397 1479 449 1496 non
460 1471 604 1497 itineribus
616 1471 670 1497 tuis
684 1473 826 1506 perterreri
838 1471 979 1498 homines?
993 1480 1043 1498 non

250 1512 361 1542 sumptu
377 1507 534 1534 exhauriri?
563 1517 615 1535 non
630 1508 748 1535 adventu
763 1508 945 1536 commoveri?
974 1517 1042 1540 esse,

250 1552 422 1580 quocumque
435 1545 550 1576 veneris,
567 1550 593 1572 et
604 1545 713 1580 publice
723 1550 748 1572 et
759 1547 886 1581 privatim
899 1547 1042 1573 maximam

251 1580 392 1608 laetitiam:
415 1591 500 1617 quum
515 1582 581 1609 urbs
595 1583 743 1614 custodem,
762 1592 813 1610 non
830 1589 983 1620 tyrannum,
997 1583 1045 1610 do-

251 1627 311 1645 mus
328 1619 471 1654 hospitem,
488 1629 539 1647 non
556 1620 740 1655 expilatorem,
755 1621 888 1655 recepisse
905 1620 1045 1647 videatur?

305 1657 348 1682 111.
367 1658 406 1682 40.
423 1657 563 1683 llisautem
571 1658 597 1684 in
606 1657 686 1684 rebus
698 1658 751 1684 iam
759 1657 1044 1693 teususipseprofecto

250 1693 378 1724 erudivit,
395 1702 566 1729 nequaquam
582 1695 646 1721 satis
661 1703 730 1726 esse,
747 1696 836 1730 ipsum
854 1696 933 1722 hasce
946 1695 1043 1721 habere

251 1730 372 1761 virtutes,
390 1731 437 1757 sed
448 1740 507 1757 esse
518 1732 795 1766 circumspiciendum
806 1733 958 1768 diligenter,
976 1737 1005 1758 ut
1016 1733 1042 1758 in

251 1766 300 1793 hac
314 1768 434 1794 custodia
449 1769 604 1802 provinciae
616 1777 667 1795 non
678 1773 702 1795 te
714 1778 809 1800 unum,
827 1770 874 1796 sed
886 1778 979 1796 omnes
991 1770 1044 1796 mi-

250 1804 348 1830 nistros
365 1805 472 1839 imperii
491 1806 540 1837 tui,
558 1807 648 1837 sociis,
666 1811 692 1833 et
701 1806 819 1837 civibus,
837 1812 863 1833 et
878 1807 1043 1841 reipublicae

250 1846 384 1876 praestare
406 1842 524 1869 videare.
569 1842 739 1878 Quamquam
761 1843 861 1879 legatos
884 1844 966 1870 babes
986 1853 1040 1875 eos,

250 1879 298 1912 qui
314 1879 366 1913 ipsi
378 1887 425 1913 per
435 1888 464 1905 se
476 1880 595 1906 habituri
606 1881 660 1907 sint
671 1881 800 1907 rationem
812 1881 951 1917 dignitatis
963 1890 1040 1913 suae;

249 1915 283 1941 de
299 1916 401 1950 quibus
417 1916 524 1947 honore,
541 1922 567 1943 et
577 1917 717 1953 dignitate,
732 1922 757 1944 et
767 1923 850 1945 aetate
862 1924 979 1953 praestat
989 1919 1044 1945 Tu-

250 1952 327 1984 bero,
349 1962 430 1987 quem
451 1962 500 1989 ego
520 1954 646 1985 arbitror,
669 1956 825 1989 praesertim
844 1965 930 1990 quum
944 1957 1044 1983 scribat

250 1989 403 2021 historiam,
425 1991 523 2017 multos
538 2000 572 2017 ex
587 1992 644 2018 suis
661 1992 804 2018 annalibus
820 2002 898 2028 posse
913 1993 1040 2029 deligere,

249 2035 318 2062 quos
329 2027 393 2054 velit
404 2032 429 2054 et
440 2029 525 2062 possit
536 2029 648 2055 imitari:
671 2029 793 2056 Allienus
805 2035 892 2056 autem
905 2036 993 2057 noster
1004 2035 1044 2057 est

249 2072 335 2098 quum
350 2065 440 2091 animo
455 2070 481 2092 et
495 2065 694 2097 benevolentia,
712 2071 768 2093 tuni
785 2076 847 2094 vero
862 2069 941 2094 etiam
955 2069 1043 2094 imita-

250 2102 320 2128 tione
342 2102 462 2129 vivendi.
503 2103 570 2129 Nam
591 2103 657 2138 quid
678 2112 727 2139 ego
747 2104 780 2130 de
802 2105 922 2131 Gratidio
938 2105 1044 2132 dicam‘?

249 2147 330 2173 quem
346 2144 417 2166 certo
432 2140 488 2166 scio
503 2141 538 2166 ita
555 2140 673 2167 laborare
685 2141 718 2167 de
729 2142 926 2169 existimatione
938 2151 996 2174 sua,
1014 2147 1044 2169 ut

249 2180 356 2210 propter
369 2185 486 2203 amorem
502 2178 528 2203 in
541 2187 588 2204 nos
601 2177 754 2208 fraternum,
769 2180 847 2205 etiam
860 2179 892 2205 de
905 2185 993 2206 nostra
1005 2179 1044 2206 la-

249 2213 334 2240 boret.
386 2216 425 2240 ll.
447 2214 619 2246 Quaestorem
636 2215 732 2246 habes,
750 2225 801 2242 non
819 2222 863 2243 tuo
879 2216 980 2244 iudicio
996 2217 1044 2243 de-

250 2249 358 2285 lectum,
375 2251 423 2277 sed
438 2260 510 2282 eum,
528 2261 610 2286 quem
625 2261 683 2279 sors
696 2253 780 2280 dedit.
822 2254 896 2280 Hunc
906 2259 1008 2288 oportet
1019 2259 1044 2280 et

249 2296 296 2313 sua
312 2293 406 2322 sponte
421 2297 480 2315 esse
497 2289 663 2316 moderatum
678 2294 704 2316 et
719 2291 773 2316 tuis
785 2291 915 2318 institutis
926 2300 956 2317 ac
966 2300 1044 2326 prae-

249 2325 334 2359 ceptis
348 2325 542 2360 obtemperare.
582 2326 703 2359 Quorum
717 2328 741 2353 si
754 2329 817 2362 quis
828 2327 894 2355 forte
905 2334 976 2355 esset
985 2337 1044 2355 sor-

249 2361 350 2393 didior,
372 2362 454 2389 ferres
474 2368 598 2395 eatenus,
621 2364 710 2398 quoad
725 2373 773 2399 per
791 2374 819 2391 se
835 2365 983 2401 negligeret
997 2374 1043 2392 eas

250 2398 336 2433 leges,
362 2400 463 2434 quibus
483 2406 554 2427 esset
569 2402 707 2428 astrictus:
742 2411 795 2428 non
816 2407 843 2429 ut
857 2411 888 2428 ea
903 2407 1040 2437 potestate,

249 2444 331 2469 quam
343 2441 370 2462 tu
381 2437 414 2463 ad
425 2437 583 2473 dignitatem
594 2439 774 2473 permisisses,
787 2439 820 2465 ad
830 2445 974 2474 quaestum
984 2445 1044 2466 ute—

251 2477 331 2498 retur.
353 2474 445 2508 Neque
459 2476 531 2501 enim
543 2475 611 2501 mihi
622 2475 950 2510 saneplacet‚praesertim
957 2486 1043 2512 quum

251 2508 278 2534 lii
291 2517 376 2535 mores
388 2515 491 2538 tantum
502 2513 555 2538 iam
567 2512 601 2538 ad
611 2513 723 2539 nimiam
734 2512 870 2539 lenitatem
881 2519 907 2540 et
916 2514 949 2541 ad
955 2514 1044 2540 ambi-

251 2545 349 2571 tionem
360 2547 540 2580 incubuerint,
549 2550 662 2576 scrutari
674 2554 698 2576 te
709 2558 802 2576 omnes
808 2550 910 2582 sordes,
918 2556 1043 2578 excutere

251 2590 335 2608 unum
359 2591 494 2619 quemque
518 2594 624 2618 eorum,
656 2586 822 2622 sed,quanta
839 2588 874 2614 sit
891 2589 918 2614 in
934 2597 1042 2623 quoque

252 2619 326 2651 tides,
350 2624 452 2647 tantum
467 2623 566 2658 cuique
580 2624 756 2651 committere.
795 2624 882 2660 Atque
899 2626 967 2652 inter
982 2625 1040 2658 hos,

844 727 883 752 Tu
899 734 983 761 quum
996 734 1043 760 pe·
1063 743 1064 748 ,

1070 983 1072 1018 ’ζ
1095 987 1178 1014 multo
1199 996 1285 1017 secuS,
1304 997 1333 1014 ac
1348 989 1448 1019 servis,
1467 988 1644 1023 imperabant.

1028 98 1301 125 cttzssnosls

1091 177 1146 197 eos,
1164 178 1232 203 quos
1245 170 1293 195 tilii
1307 170 1418 196 comites
1429 174 1454 196 et
1464 170 1598 196 adiutores·
1610 173 1776 204 negotiorum
1789 171 1881 206 publi-

1091 215 1183 231 corum
1205 206 1279 232 dedit
1301 207 1357 240 ipsa
1379 207 1543 241 respublica,
1566 208 1705 235 dumtaxat
1721 209 1822 235 linibus
1838 209 1881 235 hin

1093 243 1249 277 praestabis,
1262 252 1330 277 quon
1341 248 1401 270 ante
1413 246 1582 279 praescripsi.
1623 246 1665 272 tv.
1682 248 1719 272 tt.
1736 247 1807 277 Quos
1820 255 1882 272 vero

1093 285 1137 305 aut
1156 288 1189 306 ex
1204 280 1359 306 domesticis
1377 281 1592 308 convictionibun
1611 288 1657 308 aut
1675 291 1707 309 ex
1724 283 1882 309 necessariis

1093 317 1307 351 apparitionibus
1323 322 1410 343 tecum
1426 327 1484 344 esse
1502 318 1619 349 voluisti,
1636 321 1684 354 qui
1699 321 1777 354 quan
1793 329 1826 346 ex
1838 329 1882 346 co-

1094 354 1166 380 liorte
1179 355 1307 388 praetoris
1319 355 1447 389 appellari
1455 355 1548 384 solent.
1558 356 1652 382 liorutn
1660 366 1710 383 non
1719 357 1797 383 modo
1804 357 1881 387 tac-ta.

1092 391 1139 416 sed
1151 392 1230 417 etiarn
1242 391 1312 417 «licta
1323 392 1412 418 omnia
1425 392 1581 427 praestanda
1595 393 1671 419 nobis
1681 399 1753 420 aunt.
1775 394 1827 420 Sed
1836 394 1884 420 lna—

1093 428 1141 454 lies
1157 438 1201 454 eos
1213 433 1309 457 tecum,
1325 438 1393 464 (quos
1408 431 1495 464 possis
1512 435 1581 456 recte
1594 430 1720 456 facientes
1732 430 1808 457 facile
1819 431 1884 457 dili—

1062 492 1063 497 ,
1093 475 1168 498 gere:
1193 466 1282 492 minus
1293 466 1463 493 consulentes
1474 467 1665 494 existimationi
1679 473 1746 497 tuae,
1756 467 1884 494 facillime

249 502 319 534 Quid
336 506 375 527 ost
386 503 457 527 enim
471 502 579 537 negotii,
597 502 732 528 continere
746 511 800 532 eos,
814 502 915 537 quibus
928 502 1039 536 pras—sis.
1062 504 1063 509 ¹

1092 512 1225 528 coercere:
1243 512 1255 528 a
1267 504 1378 537 quilius,
1388 503 1642 538 rutlisquuinesnes,
1653 504 1884 539 videturpotuisse

1106 549 1136 565 ua
1151 540 1203 565 libe
1220 540 1253 565 al'
1268 540 1364 566 asdeci
1379 541 1409 566 ii:
1446 550 1470 566 ai
1482 551 1487 566 i
1501 550 1515 566 u
1539 551 1546 565 ι
1580 542 1610 567 'si
1624 551 1630 566 ι
1649 551 1689 567 «es
1708 543 1732 566 ν’
1804 543 1807 547 ’

249 576 702 606 cvteris,sicutestdifticitlimum:
721 572 1042 611 tibietl'uitliocsenipcr
1069 570 1071 585 ⁴
1094 545 1101 566 ι
1207 550 1218 566 ¹·
1249 546 1265 566 ιι
1369 550 1376 575 l
1427 550 1442 567 ¹¹
1472 551 1478 567 Ι
1520 546 1585 576 ιμ’.
1612 551 1653 576 1η
1693 547 1700 567 ι
1727 547 1883 577 'nummus'

1095 578 1128 603 ita
1145 577 1306 603 difficillime
1322 587 1380 603 esse
1395 578 1461 604 alios
1478 579 1613 613 improbos
1624 579 1790 613 suspicatur:
1813 588 1885 605 nunc

1094 624 1156 640 vcro
1173 616 1266 640 tertius
1283 615 1326 641 liic
1342 624 1428 641 annus
1445 616 1540 642 babeat
1558 617 1734 649 integritatem
1751 616 1883 646 eamdem,

1093 660 1173 686 quani
1190 653 1355 686 superiores,
1374 653 1518 679 cautiorem
1535 654 1614 679 etiam
1630 662 1659 679 ac
1675 653 1883 686 diligentiorem.

1096 691 1134 715 ⁴3.
1157 690 1216 715 Sint
1231 698 1308 715 aures
1325 694 1398 721 tuae,
1415 699 1484 724 quae
1501 690 1541 720 id,
1559 690 1630 725 quod
1650 690 1772 721 audiunt,
1790 691 1885 717 existi-

1094 731 1199 752 mentur
1214 726 1316 757 audire,
1335 736 1385 753 non
1399 728 1424 753 in
1435 736 1503 762 quas
1515 728 1574 754 ficte
1585 733 1610 754 et
1621 727 1746 754 simulate
1757 733 1886 762 quaestus

1092 772 1186 789 caussa
1200 764 1394 790 insusurretur.
1426 764 1466 791 Sit
1477 764 1592 791 annulus
1604 770 1665 791 tuus
1677 774 1727 791 non
1740 770 1768 791 ut
1780 774 1825 791 vas
1836 764 1887 791 ali-

1063 820 1071 829 ,
1093 801 1174 831 ruod,
1188 801 1234 827 sed
1247 807 1298 827 tam
1322 811 1382 827 uam
1395 803 1400 828 i
1423 811 1450 827 sc
1463 807 1503 828 tu:
1528 811 1578 828 non
1591 802 1714 828 minister
1724 802 1826 828 alienae
1840 811 1886 828 vo-

252 837 404 871 improbum
422 837 621 872 negotiatorem,
639 837 729 872 paullo
740 838 906 872 cupidiorem
919 837 1042 872 publica·
1063 839 1065 847 ¹
1103 810 1109 836 Ι
1301 811 1317 836 q
1405 811 1421 836 p

1095 838 1212 868 luntatis,
1225 838 1272 865 sed
1285 840 1360 865 testis
1372 844 1441 865 tuac.
1458 840 1755 866 Accensussiteoetiam
1763 848 1883 869 numero,

1070 895 1071 902 ,
1093 885 1147 910 quo
1162 884 1223 902 cum
1241 877 1354 902 maiores
1368 877 1450 902 nostri
1462 885 1520 902 esse
1536 876 1689 905 voluerunt:
1713 877 1761 912 qui
1773 877 1822 903 boc
1834 885 1886 903 non

1095 913 1120 939 in
1134 913 1258 939 beneficii
1270 913 1390 943 loco,sed
1404 915 1429 940 in
1443 913 1540 940 laboris
1552 914 1718 944 acmuneris,
1728 922 1779 940 non
1787 919 1886 940 temere

1095 951 1146 976 nisi
1164 949 1267 977 libertis
1282 951 1340 977 suis
1357 950 1523 977 deserebant:
1547 951 1648 986 quibus
1661 951 1699 977 illi
1711 950 1821 986 quidem
1834 960 1886 977 non

1686 988 1726 1014 Sit
1742 988 1818 1014 lictor
1834 997 1885 1014 non

1094 1033 1167 1055 suae,
1185 1025 1232 1051 sed
1249 1030 1308 1051 tuae
1321 1025 1437 1052 lenitatis
1448 1026 1594 1060 apparitor:
1618 1026 1771 1060 maioraque
1783 1025 1887 1060 praesc-

1095 1066 1152 1088 rant
1164 1061 1248 1089 fasces
1260 1062 1299 1088 illi
1312 1071 1341 1088 ac
1352 1063 1606 1098 securesdignitatis
1616 1063 1742 1097 insignia,
1751 1071 1887 1097 quampo-

1095 1100 1206 1126 testatis.
1247 1100 1304 1126 Toti
1323 1099 1440 1134 denique
1456 1100 1491 1126 sit
1506 1100 1660 1134 provinciae
1675 1100 1822 1135 cognitum,
1837 1099 1886 1126 tibi

1094 1137 1230 1168 omnium,
1248 1137 1350 1171 quibus
1366 1138 1482 1171 praesis,
1499 1136 1628 1167 salutem,
1647 1136 1758 1167 liberos,
1777 1136 1884 1167 famam,

1096 1173 1214 1200 fortunas
1235 1182 1293 1200 esse
1312 1175 1476 1200 carissimas.
1517 1175 1637 1209 Denique
1654 1173 1719 1200 haec
1733 1174 1825 1208 opinio
1840 1175 1884 1204 sit,

1095 1219 1146 1237 non
1163 1211 1242 1237 modo
1258 1212 1301 1242 iis,
1319 1212 1367 1246 qui
1383 1211 1487 1246 aliquid
1504 1212 1664 1246 acceperint,
1681 1211 1728 1237 sed
1745 1212 1779 1237 iis
1794 1211 1884 1242 etiam,

1094 1248 1142 1283 qui
1158 1248 1290 1279 dederint,
1304 1253 1328 1275 te
1339 1249 1480 1275 inimicum
1491 1249 1524 1283 (si
1537 1248 1563 1275 id
1574 1248 1742 1284 cognoveris)
1754 1247 1885 1274 futurum.

1065 1309 1066 1318 ,
1095 1285 1187 1320 Neque
1208 1294 1271 1312 vero
1286 1286 1432 1321 quisquam
1448 1286 1532 1317 dabit,
1549 1294 1635 1321 quum
1651 1286 1701 1312 erit
1716 1285 1766 1312 hoc
1776 1293 1888 1321 perspe-

1065 1343 1067 1348 ,
1094 1327 1177 1353 ctum,
1195 1322 1263 1349 nibil
1279 1331 1326 1358 per
1337 1332 1391 1355 eos,
1408 1324 1456 1358 qui
1471 1323 1601 1350 simulant
1611 1332 1640 1349 se
1651 1322 1722 1358 apud
1735 1327 1759 1349 te
1771 1322 1887 1349 multum

1094 1368 1187 1395 posse,
1210 1360 1258 1387 abs
1273 1365 1297 1387 te
1313 1360 1398 1387 solere
1418 1361 1565 1396 impetrari.
1608 1361 1647 1387 it.
1673 1361 1727 1386 Nec
1743 1365 1832 1386 tamen
1847 1364 1888 1386 est

1096 1398 1160 1423 haec
1175 1398 1259 1424 oratio
1275 1406 1334 1424 mea
1353 1398 1520 1429 huiusmodi,
1538 1402 1567 1425 ut
1582 1402 1606 1424 te
1623 1398 1650 1424 in
1661 1402 1721 1424 tuos
1732 1397 1887 1424 autdurum

1095 1443 1153 1461 esse
1166 1435 1291 1466 nimium,
1300 1440 1345 1462 aut
1356 1436 1539 1470 suspiciosum
1551 1435 1644 1461 velim.
1666 1435 1733 1461 Nam
1744 1435 1768 1461 si
1779 1435 1889 1470 quisest

1095 1480 1196 1503 eorum,
1214 1473 1263 1507 qui
1279 1473 1328 1499 tibi
1343 1473 1446 1499 biennii
1457 1473 1544 1508 spatio
1555 1480 1703 1507 numquam
1715 1473 1742 1498 in
1753 1472 1889 1506 suspicio-

1095 1518 1155 1536 nem
1171 1510 1298 1536 avaritiae
1309 1511 1420 1540 venerit,
1433 1510 1473 1545 (ut
1484 1518 1532 1545 ego
1538 1510 1663 1537 Caesium
1674 1509 1888 1544 etChaerippum

1095 1551 1120 1573 et
1131 1547 1291 1577 Labeonem,
1305 1551 1331 1573 et
1344 1547 1434 1578 audio,
1446 1548 1551 1582 et,quia
1561 1547 1684 1583 cognovi,
1693 1547 1888 1581 existimo.)ni-

1096 1583 1133 1609 hil
1150 1589 1198 1614 est,
1216 1583 1289 1618 quod
1304 1593 1356 1610 non
1371 1589 1397 1610 et
1412 1585 1455 1615 iis,
1473 1589 1499 1611 et
1509 1585 1532 1610 si
1543 1585 1606 1619 quis
1617 1589 1657 1610 est
1667 1583 1737 1610 alius
1750 1583 1889 1610 eiusdem-

1096 1620 1179 1652 modi,
1193 1626 1218 1647 et
1228 1622 1359 1647 committi
1370 1626 1396 1647 et
1408 1621 1482 1647 credi
1497 1622 1646 1647 rectissime
1658 1626 1761 1656 putem.
1801 1620 1853 1647 Sed
1863 1621 1888 1647 si

1095 1658 1157 1693 quis
1171 1663 1220 1688 est,
1244 1659 1271 1684 in
1287 1667 1340 1693 quo
1356 1659 1409 1684 iam
1424 1658 1576 1688 offenderis,
1594 1658 1627 1684 de
1642 1667 1696 1693 quo
1711 1657 1815 1693 aliquid
1826 1666 1888 1684 sen-

1094 1696 1175 1727 seris;
1193 1695 1257 1721 huic
1269 1696 1337 1721 nihil
1348 1695 1506 1725 credideris,
1520 1695 1622 1721 nullam
1634 1700 1735 1730 partem
1747 1695 1888 1721 existima-

1095 1733 1175 1759 tionis
1187 1737 1246 1759 tuae
1258 1733 1436 1759 commiseris.
1457 1733 1489 1759 V.
1505 1734 1543 1759 ⁴5.
1556 1733 1584 1758 ln
1596 1733 1734 1767 provincia
1746 1741 1808 1758 vero
1818 1733 1886 1767 ipsa,

1095 1770 1118 1796 si
1129 1778 1211 1805 quem
1222 1778 1251 1796 es
1262 1770 1422 1805 nactus,qui
1434 1770 1460 1796 in
1473 1774 1545 1796 tuam
1558 1769 1766 1796 familiaritatem
1778 1770 1888 1804 penitus

1095 1807 1211 1838 intrarit,
1234 1807 1282 1842 qui
1299 1807 1377 1834 nobis
1393 1812 1453 1833 ante
1469 1806 1550 1833 fuerit
1569 1807 1690 1842 ignotus;
1723 1806 1787 1832 huic
1801 1815 1888 1841 quan-

1095 1849 1151 1871 tum
1163 1844 1328 1871 credendum
1340 1845 1383 1875 sit,
1398 1844 1474 1871 vide:
1497 1853 1550 1870 non
1561 1845 1628 1879 quin
1639 1844 1743 1879 possint
1754 1843 1833 1870 multi
1844 1852 1889 1870 es-

1094 1890 1123 1908 se
1139 1881 1319 1916 provinciales
1335 1882 1388 1908 viri
1399 1881 1475 1913 boni3
1508 1881 1555 1907 sed
1572 1882 1621 1908 hoc
1637 1889 1744 1915 sperare
1760 1880 1832 1911 licet,
1845 1881 1890 1907 iu—

1095 1919 1184 1945 dicare
1195 1919 1435 1954 periculosumest.
1456 1917 1888 1945 Multisenimsimulationumin-

1095 1956 1212 1983 volucris
1224 1957 1335 1992 tegitur,
1348 1961 1373 1983 et
1384 1957 1464 1991 quasi
1475 1955 1544 1982 velis
1557 1955 1723 1991 quibusdam
1733 1954 1889 1982 obtenditur

1095 1994 1176 2020 unius
1191 1994 1324 2029 cuiusque
1336 1998 1442 2020 natura:
1465 1992 1551 2024 frons,
1563 1992 1644 2024 oculi,
1658 1992 1749 2019 vultus
1760 2000 1888 2027 persaepe

1095 2032 1275 2062 mentiuntur,
1305 2031 1388 2057 oratio
1408 2039 1472 2057 vero
1486 2031 1656 2065 saepissime.
1695 2029 1886 2062 Quamobrem,

1094 2069 1143 2103 qui
1158 2073 1233 2103 potes
1248 2069 1364 2102 reperire
1380 2077 1414 2095 ex
1423 2076 1454 2094 eo
1463 2076 1561 2103 genere
1573 2067 1728 2098 hominum,
1745 2067 1793 2102 qui
1804 2075 1889 2101 pecu-

1095 2106 1155 2131 niae
1174 2105 1321 2140 cupiditate
1345 2105 1454 2132 adducti
1474 2109 1580 2132 careant
1595 2104 1638 2131 bis
1653 2104 1734 2130 rebus
1747 2103 1885 2134 omnibus,

1071 2167 1072 2174 ,
1094 2151 1108 2169 a
1129 2143 1231 2178 quibus
1247 2151 1294 2169 nos
1309 2142 1413 2169 divulsi
1426 2150 1486 2168 esse
1502 2151 1553 2168 non
1569 2150 1727 2177 possumus,
1747 2146 1772 2167 te
1786 2145 1886 2172 autem,

1094 2179 1212 2206 alienum
1224 2179 1375 2211 hominem,
1393 2184 1482 2206 ament
1491 2188 1526 2206 ex
1536 2180 1638 2210 animo,
1655 2187 1685 2205 ac
1697 2187 1748 2205 nou
1759 2178 1803 2204 sui
1813 2186 1888 2204 com-

1094 2217 1168 2244 modi
1178 2225 1272 2243 caussa
1284 2216 1430 2243 simulent?
1451 2216 1518 2242 Mihi
1531 2216 1642 2251 quidem
1653 2223 1831 2251 permagnum
1845 2215 1889 2241 vi-

1094 2254 1185 2287 detur3
1218 2255 1376 2289 praesertim
1396 2254 1421 2280 si
1441 2253 1523 2280 iidem
1544 2254 1667 2280 homines
1683 2253 1818 2287 privatum
1833 2261 1887 2279 non

1094 2291 1149 2318 fere
1173 2300 1352 2326 quemquam,
1379 2296 1514 2326 praetores
1537 2298 1644 2325 semper
1667 2298 1761 2316 omnes
1785 2294 1885 2316 amant.

1093 2328 1152 2361 Quo
1171 2337 1206 2355 ex
1224 2337 1322 2364 genere
1341 2329 1365 2355 si
1381 2337 1463 2363 quem
1479 2327 1544 2354 torte
1561 2328 1599 2354 tui
1619 2327 1741 2362 cognosti
1756 2327 1888 2353 amantio-

1094 2375 1159 2397 rem,
1172 2365 1240 2401 (fieri
1250 2367 1323 2392 euim
1337 2366 1432 2400 potuit)
1442 2373 1524 2400 quam
1534 2365 1674 2398 temporis,
1697 2363 1769 2390 bunc
1779 2372 1842 2390 vero
1852 2363 1887 2391 ad

1094 2408 1202 2429 tuorum
1222 2411 1366 2429 numerum
1388 2402 1502 2428 libenter
1521 2401 1661 2427 ascribito:
1695 2402 1737 2427 sin
1753 2399 1887 2427 autemid

1094 2449 1147 2466 non
1167 2441 1329 2475 perspicies,
1362 2439 1467 2466 nullum
1486 2439 1535 2465 erit
1555 2447 1642 2474 genus
1662 2439 1690 2464 in
1706 2437 1888 2464 familiaritate

1093 2477 1245 2504 cavendum
1261 2477 1361 2513 magis:
1389 2481 1527 2511 propterea
1540 2475 1613 2510 quod
1628 2480 1654 2502 et
1663 2483 1757 2501 omnes
1768 2475 1826 2501 vias
1837 2483 1887 2509 pe-

1093 2515 1188 2541 cuniae
1213 2520 1323 2545 norunt,
1349 2519 1375 2540 et
1392 2514 1481 2540 omnia
1502 2513 1632 2547 pecuniae
1651 2521 1747 2538 caussa
1767 2511 1883 2542 faciunt.

1093 2557 1131 2582 et,
1150 2552 1262 2586 quicum
1277 2551 1375 2578 victuri
1391 2559 1443 2577 uon
1454 2555 1530 2580 sunt,
1549 2550 1608 2575 eius
1619 2549 1886 2576 existimationioon-

1093 2588 1181 2615 sulere
1193 2597 1244 2615 non
1256 2593 1359 2615 curant.
1391 2589 1430 2613 ⁴6.
1445 2588 1531 2621 Atque
1542 2587 1623 2613 etiam
1633 2585 1886 2621 eGraecisipsisdi-

1094 2625 1208 2661 ligenter
1222 2625 1357 2652 cavendae
1367 2629 1431 2651 sunt
1441 2623 1574 2660 quaedam
1585 2623 1795 2655 familiaritates,
1807 2630 1886 2658 prae-
