1941 3052
870 415 911 440 21.

592 488 1188 526 AGCUSATuONtS

469 574 659 623 ΝΟ.

771 575 1409 624 VERREM

668 682 814 708 LIBER
849 682 1108 709 SECUNDUS

865 770 917 789 DE

479 842 929 880 IURISDICTIONE

123 997 199 1018 ΔΕΘ.
215 998 233 1018 Α
241 997 367 1020 SCONII.
397 1000 456 1020 Haec
467 999 516 1021 sine
525 1000 592 1021 «lubio
604 1001 629 1020 all
641 1000 802 1021 accusationem
814 1007 864 1028 pro-

68 1032 138 1060 positi
153 1033 253 1054 criminis
268 1036 353 1061 spectat
367 1034 446 1055 oratio.
475 1036 531 1056 Nam
546 1035 570 1055 in
581 1035 695 1063 superiore
705 1038 819 1056 anteactae
830 1042 864 1056 res

69 1070 121 1088 sunt
135 1068 261 1096 expositae:
281 1076 336 1096 quae
351 1069 402 1096 quia
415 1070 484 1095 tnagis
495 1070 600 1091 adiuvant
610 1071 785 1095 accusationem,
801 1077 864 1097 quam

67 1102 131 1130 ipsae
142 1103 187 1124 sint
197 1103 344 1131 principales,
360 1104 383 1124 iu
397 1112 463 1125 unum
478 1105 557 1125 librum
572 1109 662 1126 coactae
671 1109 722 1126 sunt
731 1105 815 1126 iudicio
827 1106 864 1127 Ci-

67 1138 155 1159 ceronis
170 1139 250 1160 cursim
266 1140 427 1165 enumerantis,
445 1147 501 1167 qnae
514 1141 595 1161 Verres
616 1145 731 1168 quaestor,
751 1148 807 1168 quae
825 1149 863 1168 pro

68 1176 197 1200 quaestore,
212 1180 267 1200 quae
276 1173 363 1200 legatus
370 1191 375 1199 ‚
395 1182 449 1202 quae
459 1175 554 1202 denique
563 1179 653 1203 praetor
662 1177 759 1197 urbanus
770 1177 864 1197 admise·

67 1207 104 1228 rit.
134 1209 178 1229 Ubi
192 1211 279 1229 ventum
295 1212 330 1230 est
344 1210 370 1230 ad
385 1217 484 1231 caussam
501 1211 572 1238 ipsam
588 1215 609 1232 et
618 1211 749 1232 Siciliensia
763 1212 863 1235 crimina,

68 1246 171 1269 quattuor
181 1243 251 1265 libros
262 1245 343 1266 edidit:
361 1253 426 1266 unum
437 1246 464 1266 de
478 1246 647 1271 iurisdictione,
668 1247 761 1267 alterurn
776 1247 802 1267 «le
818 1247 864 1268 fru-

68 1281 152 1303 mento,
164 1279 254 1300 tertium
263 1280 290 1300 «le
301 1280 384 1305 signis,
396 1284 495 1308 quartum
506 1282 533 1301 de
543 1281 670 1308 suppliciis.
699 1282 723 1302 In
734 1289 777 1308 qua
786 1282 864 1302 ‹listri-

68 1313 160 1334 lauriane
174 1321 218 1334 uon
232 1315 285 1335 ordo
301 1316 418 1343 temporis,
438 1317 476 1337 sed
491 1316 613 1337 facinorum
628 1323 708 1342 genera
722 1320 743 1337 et
757 1320 865 1338 momenta

68 1352 156 1369 servata
170 1352 228 1370 sunt.
257 1349 340 1377 Incipit
354 1354 426 1371 autem
441 1358 453 1371 a
467 1351 532 1372 lotide
545 1351 651 1377 Siciliae,
672 1355 694 1372 et
712 1353 824 1377 egreditur
839 1353 864 1373 ad

66 1384 150 1405 crimen
161 1384 254 1409 Dionis,
271 1385 350 1406 deinde
360 1386 453 1413 Sosippi
467 1388 488 1406 et
500 1386 618 1413 Epicratis.
648 1387 690 1408 Sed
706 1388 732 1408 de
743 1388 791 1408 iure
801 1387 864 1409 Sicu-

67 1418 138 1440 lorum
149 1426 225 1440 everso
237 1420 321 1440 frustra
330 1420 417 1447 quidam
428 1421 557 1442 Ciceronem
568 1421 742 1448 reprehendunt,
754 1423 811 1449 quod
821 1430 865 1442 non

66 1454 119 1475 iude
129 1454 238 1482 coeperit:
255 1462 319 1482 quum
330 1456 447 1483 superiora
456 1456 549 1477 crimina
559 1464 602 1476 non
613 1461 691 1482 egeant
702 1457 810 1477 eiusmodi
821 1460 865 1478 tra-

67 1492 139 1514 ctatu,
156 1489 194 1516 qui
203 1490 229 1510 ad
241 1490 357 1516 sequentia
366 1491 477 1518 pertinet,
498 1495 519 1511 et
534 1492 630 1512 oratoris
646 1492 742 1512 consilio
758 1499 770 1512 a
780 1493 865 1518 magnis

66 1524 190 1552 iisdemque
204 1524 338 1546 clarioribus
353 1527 479 1547 sumendum
495 1530 554 1547 esset
567 1527 690 1548 exordium.
720 1527 796 1554 Itaque
814 1531 866 1555 post

67 1559 108 1581 huc
126 1560 167 1580 tluo
182 1559 296 1581 criminun·
313 1567 393 1586 genera
407 1562 549 1588 persequitur
563 1563 589 1583 ml
609 1565 737 1583 extremum.
767 1563 864 1584 Primum

67 1595 94 1615 tle
105 1594 222 1621 Hei-aelim
239 1596 265 1616 ule
276 1596 389 1623 expressis
401 1597 521 1617 honoribus
532 1598 558 1617 ab
569 1597 660 1622 invitis3
676 1598 703 1618 de
713 1598 816 1625 Epicrate
828 1599 864 1618 Bi-

67 1630 131 1655 «lino,
143 1630 213 1657 deque
222 1631 288 1651 rebus
298 1631 444 1659 capitalibus,
455 1632 493 1653 ubi
505 1633 532 1653 (le
541 1632 643 1659 Sopatro,
655 1633 682 1653 de
691 1633 795 1654 Sthenio:
810 1641 865 1660 quae

67 1665 141 1686 omnia
150 1668 202 1686 sunt
211 1666 238 1686 tie
246 1665 295 1687 iure
306 1666 408 1687 dicundo.
438 1667 538 1688 Alterum
549 1668 576 1688 tle
586 1668 739 1692 senatoribus,
755 1669 782 1689 de
793 1675 864 1689 sacer-

67 1700 170 1725 dotibuu,
185 1701 212 1721 de
227 1702 356 1723 censoribus
371 1703 443 1730 pretio
459 1709 471 1723 a
486 1704 556 1724 Verre
571 1703 650 1728 factis3
665 1704 692 1723 de
706 1703 826 1724 collatione
841 1704 865 1724 in

67 1739 166 1761 naman
182 1737 209 1757 de
218 1737 385 1764 publicanorum
396 1745 442 1759 cum
455 1739 524 1759 Verre
534 1738 690 1759 convenientia
704 1739 727 1759 in
743 1739 823 1764 furtis3
839 1740 865 1760 de

67 1771 151 1792 tubulis
166 1772 292 1799 Carpinatii
307 1773 412 1800 pecunias
429 1773 506 1794 ven-is
521 1773 711 1795 extraordinarias
729 1774 864 1795 continenti-

66 1806 116 1827 bus.
144 1806 220 1828 Genus
234 1814 326 1828 caussae
340 1808 363 1828 in
379 1808 481 1829 omnibus
492 1808 634 1830 Veri-inarum
649 1808 715 1830 libris
725 1809 864 1830 admirabile.

67 1841 144 1862 Status
153 1841 309 1869 principaliter
318 1843 453 1864 coniectura.

123 1896 143 1922 1.
167 1897 190 1922 i.
211 1890 303 1923 Multa
318 1897 385 1923 mihi
396 1898 553 1929 necessario,
569 1897 681 1930 iudices,
698 1899 865 1934 praetermit—

67 1932 145 1960 tenda
163 1938 238 1965 suat,
262 1938 291 1960 ut
309 1935 410 1969 possim
430 1934 520 1969 aliquo
534 1935 612 1962 modo
626 1935 770 1971 aliquando
784 1935 817 1962 de
830 1937 864 1962 iis

67 1970 157 2002 rebus,
173 1979 242 2006 quae
256 1980 329 1998 meae
344 1971 405 1997 fidei
419 1972 577 1999 commissae
591 1977 663 2004 sunt,
680 1973 777 2000 dicere.
813 1973 865 1999 Re-

67 2008 125 2043 cepi
140 2008 212 2035 enim
226 2017 347 2035 caussam
362 2008 478 2035 Siciliae.
508 2010 544 2035 Eu
560 2018 601 2036 me
615 2010 647 2036 ad
663 2010 712 2037 hoc
726 2011 864 2046 negotium

67 2045 204 2080 provincia
222 2046 336 2072 attraxit.
376 2046 432 2081 Ego
451 2051 551 2078 tamen,
572 2047 622 2073 hoc
635 2056 714 2074 onere
727 2053 862 2082 suscepto,

67 2086 93 2109 et
104 2086 207 2117 recepta
218 2091 312 2109 caussa
323 2082 465 2115 Siciliensi,
482 2083 623 2118 amplexus
637 2085 726 2111 animo
740 2093 800 2111 sum
816 2085 865 2111 ali-

66 2124 167 2155 quanto
181 2119 308 2154 amplius.
348 2119 460 2155 Suscepi
475 2121 545 2147 enim
560 2129 681 2148 caussam
697 2123 778 2148 totius
792 2122 865 2149 ordi—

67 2157 123 2190 nis,
139 2158 247 2191 suscepi
261 2166 383 2184 caussam
398 2157 490 2192 populi
504 2158 629 2185 Romani:
649 2159 721 2194 quod
736 2159 862 2194 putabam

67 2198 124 2221 tum
139 2194 255 2230 denique
269 2199 338 2221 recte
353 2195 464 2221 iudicari
479 2203 570 2230 posse,
591 2196 613 2222 si
634 2205 685 2223 non
705 2196 783 2223 modo
802 2205 863 2223 reus

67 2231 206 2266 improbus
225 2231 415 2263 adduceretur,
438 2232 485 2259 sed
504 2233 582 2259 ctiam
601 2233 717 2269 diligens
731 2239 756 2260 ct
770 2234 864 2260 lirinus

67 2273 203 2295 accusator
217 2269 249 2295 ad
263 2269 393 2295 iudicium
409 2270 520 2296 veniret.
543 2272 567 2297 2.
583 2270 642 2302 Quo
651 2271 717 2297 mihi
732 2272 863 2298 maturius

67 2305 100 2332 ad
119 2305 225 2333 Siciliae
243 2315 365 2332 caussam
386 2307 547 2333 veniendum
569 2313 622 2339 cst,
647 2308 746 2334 relictis
769 2309 863 2335 ceteris

67 2343 126 2370 eius
140 2343 217 2370 furtis
231 2352 261 2370 ac
275 2343 395 2379 flagitiis,
417 2349 446 2370 ut
463 2348 489 2370 et
507 2344 611 2371 viribus
629 2353 709 2380 quam
725 2346 864 2381 integerri-

67 2380 119 2407 mis
133 2389 220 2417 agere,
235 2381 303 2407 etad
313 2381 457 2408 dicendum
472 2382 598 2416 temporis
612 2383 676 2408 satis
691 2382 788 2409 hahere
802 2392 864 2418 pos-

67 2417 129 2444 sim.
169 2417 257 2453 Atque
271 2418 349 2450 adeo,
366 2423 507 2453 antequam
522 2419 555 2445 (le
568 2419 745 2446 incommodis
759 2420 863 2447 Siciliae

67 2454 163 2487 dicam,
179 2463 263 2490 pauca
277 2455 343 2482 mihi
359 2455 484 2482 videntur
498 2464 556 2482 csse
569 2455 602 2482 (le
613 2457 764 2491 provinciae
775 2458 864 2493 ‹ligni-

68 2495 128 2524 tate,
145 2496 284 2524 vetustate,
300 2493 413 2519 utilitate
425 2493 546 2519 dicenda.
569 2494 634 2519 Nam
645 2502 730 2528 quum
742 2495 862 2521 omnium

67 2529 199 2556 sociorum
214 2530 466 2565 provinciarumque
478 2531 603 2557 rationem
615 2530 756 2566 diligenter
768 2531 863 2558 habore

67 2565 183 2598 debetis,
210 2571 267 2593 tum
290 2567 433 2602 praecipue
451 2567 571 2598 Siciliae,
597 2567 713 2599 iudices,
739 2568 864 2603 plurimis

67 2603 279 2639 iustissimisque
303 2604 336 2630 de
353 2605 470 2631 caussis:
496 2605 627 2640 primum.
652 2605 724 2640 quod
743 2607 863 2632 omnium

68 2641 205 2667 nationum
219 2645 368 2668 exterarum
384 2642 507 2677 princeps
522 2642 612 2668 Sicilia
626 2651 655 2668 se
669 2642 701 2669 ad
719 2644 863 2669 amicitiam

68 2676 202 2714 [idemque
221 2678 313 2714 populi
331 2679 442 2706 Romani
461 2679 603 2715 applicuit:
626 2680 712 2715 prima
730 2681 861 2712 omnium,

973 841 1299 880 SICILIENSI.

915 1001 944 1028 id
957 1001 1030 1037 quod
1043 1007 1229 1029 ornamentum
1243 1003 1349 1037 imperii
1359 1006 1408 1034 est,
1424 1003 1560 1038 provincia
1571 1008 1610 1030 est
1620 1004 1712 1039 appel-

916 1038 981 1066 lata:
998 1040 1084 1074 prima
1099 1039 1189 1066 docuit
1200 1040 1312 1066 maiores
1324 1046 1436 1072 nostros,
1452 1050 1533 1075 quam
1546 1041 1712 1076 praeclarum

916 1081 993 1108 esset,
1010 1077 1108 1103 exteris
1121 1077 1247 1113 gentibus
1262 1078 1406 1112 imperare:
1423 1078 1479 1104 sola
1493 1078 1543 1105 fuit
1557 1087 1586 1105 ea
1601 1079 1651 1105 fide
1665 1079 1713 1105 be-

916 1114 1120 1149 nevolentiaque
1138 1123 1199 1150 erga
1213 1115 1343 1149 populum
1362 1116 1524 1147 Romanum,
1545 1121 1574 1142 ut
1592 1117 1712 1143 civitates

915 1152 974 1178 eius
988 1151 1101 1183 insulae,
1117 1161 1186 1187 quae
1200 1152 1282 1178 semel
1296 1154 1323 1179 in
1338 1153 1480 1179 amicitiam
1496 1158 1612 1180 nostram
1623 1155 1713 1180 venis-

916 1193 988 1220 sent,
1009 1198 1157 1224 numquam
1172 1194 1262 1224 postea
1279 1190 1434 1221 deficerent,
1457 1190 1599 1226 pleraeque
1613 1196 1710 1221 autem,

916 1230 941 1252 et
959 1227 1075 1253 maxime
1093 1226 1211 1253 illustres
1229 1228 1257 1254 in
1277 1228 1392 1254 amicitia
1416 1232 1543 1263 perpetuo
1565 1233 1710 1255 manerent.

916 1265 941 1290 3.
962 1264 1054 1299 Itaque
1072 1265 1218 1291 maioribus
1238 1266 1334 1291 nostris
1353 1266 1381 1292 in
1399 1265 1514 1292 Africam
1534 1274 1567 1292 ex
1585 1266 1633 1292 hac
1652 1274 1713 1300 pro-

916 1301 1003 1327 vincia
1021 1301 1120 1337 gradus
1139 1302 1245 1336 imperii
1265 1301 1349 1329 factus
1369 1307 1418 1329 est.
1459 1304 1551 1338 Neque
1569 1304 1640 1329 enim
1660 1308 1712 1329 tam

917 1337 993 1364 facile
1007 1347 1071 1373 opes
1086 1339 1256 1375 Karthaginis
1270 1344 1356 1366 tantae
1369 1340 1560 1371 concidissent,
1578 1341 1629 1366 nisi
1644 1340 1713 1366 illud

917 1380 942 1402 et
956 1376 992 1402 rei
1007 1375 1194 1402 frumentariae
1208 1377 1362 1403 subsidium
1377 1382 1402 1404 ct
1412 1377 1608 1412 receptaculum
1620 1377 1714 1404 classi-

918 1413 970 1439 bus
985 1414 1081 1439 nostris
1096 1418 1206 1448 pateret.
1246 1415 1277 1440 11.
1299 1414 1385 1446 Quare
1396 1415 1424 1440 P.
1437 1415 1587 1446 Africanus,
1600 1415 1713 1441 Kartha-

917 1451 979 1486 gine
993 1450 1091 1482 deleta,
1112 1451 1263 1478 Siculorum
1281 1452 1362 1478 urbes
1376 1453 1462 1488 signis
1477 1452 1713 1486 monumentisque

917 1487 1107 1522 pulcherrimis
1122 1489 1273 1515 exornavit:
1294 1493 1331 1520 ut,
1347 1498 1416 1524 quos
1430 1490 1539 1516 victoria
1554 1489 1647 1524 populi
1662 1490 1713 1516 Ro-

918 1525 990 1551 mani
1009 1526 1125 1552 maxime
1144 1525 1233 1552 laetari
1253 1526 1442 1556 arbitrabatur,
1463 1527 1534 1561 apud
1553 1536 1598 1553 eos
1618 1535 1713 1553 monu-

917 1567 1006 1589 menta
1025 1563 1149 1589 victoriae
1167 1563 1282 1598 plurima
1297 1563 1445 1590 collocaret.
1487 1565 1510 1590 4.
1533 1564 1653 1599 Denique
1667 1563 1712 1590 ille

916 1600 975 1634 ipse
989 1600 1024 1626 M.
1040 1600 1195 1632 Marcellus,
1216 1601 1294 1627 cuius
1314 1602 1340 1627 in
1355 1601 1446 1627 Sicilia
1466 1602 1591 1627 virtutem
1610 1602 1710 1631 hostcs,

894 1648 896 1655 ⁴
917 1637 1127 1663 misericordiam
1149 1638 1225 1669 victi,
1251 1638 1385 1673 iidemque
1403 1639 1482 1664 ceteri
1501 1638 1584 1665 Siculi
1603 1647 1713 1673 perspe-

916 1679 1022 1705 xerunt,
1039 1683 1090 1701 non
1105 1674 1193 1701 solum
1207 1675 1288 1701 sociis
1300 1676 1326 1701 in
1337 1684 1367 1701 co
1377 1676 1447 1702 bello
1457 1676 1601 1707 consuluit,
1619 1685 1712 1702 verum

917 1712 996 1738 etiam
1019 1713 1152 1746 superatis
1176 1712 1300 1739 hostibus
1324 1714 1489 1748 temporavit.
1530 1713 1628 1740 Urbcm
1652 1713 1713 1747 pul-

916 1749 1085 1781 cherrimam,
1097 1749 1250 1785 Syracusas,
1264 1758 1332 1785 quae
1343 1759 1427 1785 quum
1439 1759 1518 1777 manu
1531 1751 1712 1777 munitissima

917 1791 1000 1818 esset,
1029 1791 1086 1813 tum
1110 1787 1159 1813 loci
1182 1791 1274 1813 natura
1298 1792 1365 1814 terra
1386 1796 1416 1814 ac
1439 1789 1505 1814 mari
1528 1788 1710 1817 claudebatur.

915 1832 1001 1859 quum
1016 1824 1043 1851 vi
1057 1824 1224 1859 consilioque
1238 1825 1363 1859 cepisset,
1381 1834 1432 1852 non
1447 1825 1535 1852 solum
1550 1826 1710 1852 incolumem

916 1870 1014 1896 passus
1025 1866 1142 1893 estesse,
1155 1862 1247 1888 sedita
1259 1862 1368 1897 reliquit
1378 1867 1505 1894 ornatam,
1523 1867 1552 1889 ut
1562 1868 1632 1889 esset
1642 1863 1712 1889 idem

916 1903 1121 1925 monumentum
1148 1899 1286 1930 victoriae,
1316 1901 1545 1931 mansuetudinis,
1576 1901 1714 1927 continen-

917 1936 981 1962 tiae:
1001 1945 1087 1971 quum
1102 1936 1224 1963 homines
1240 1937 1372 1968 viderent,
1393 1942 1419 1964 et
1436 1938 1502 1972 quid
1521 1943 1710 1973 expugnasset,

917 1977 942 1999 et
955 1974 1056 2008 quibus
1071 1974 1246 2009 pepercisset,
1266 1979 1291 2000 et
1308 1983 1377 2009 quae
1395 1975 1557 2010 reliquisset.
1599 1976 1712 2001 Tantum

917 2010 961 2037 ille
981 2011 1107 2037 honorem
1126 2011 1233 2037 Siciliae
1253 2011 1406 2038 habendmn
1426 2013 1541 2047 putavit,
1568 2018 1597 2039 ut
1616 2022 1647 2038 nc
1667 2013 1713 2038 bo-

916 2048 999 2074 stium
1017 2048 1128 2083 quidem
1148 2049 1241 2075 urbem
1261 2058 1294 2075 cx
1310 2050 1443 2076 sociorum
1462 2050 1550 2076 insula
1569 2049 1712 2076 tollendam

918 2085 1099 2112 arbitraretur.
1141 2087 1166 2112 5.
1187 2087 1278 2121 ltaque
1292 2086 1324 2112 ad
1339 2096 1431 2113 omncs
1446 2096 1487 2113 res
1501 2087 1590 2113 Sicilia
1605 2088 1713 2122 provin—

916 2123 956 2149 cia
970 2131 1077 2158 semper
1091 2124 1132 2149 usi
1147 2132 1257 2155 sumus,
1280 2128 1320 2154 ut,
1341 2125 1475 2159 quidquid
1495 2134 1527 2150 cx
1546 2134 1605 2150 sese
1625 2129 1713 2158 posset

917 2160 1017 2191 efferre,
1034 2160 1061 2186 id
1076 2170 1127 2187 non
1142 2161 1213 2195 apud
1228 2169 1272 2187 eos
1287 2162 1368 2192 nasci,
1385 2162 1431 2187 scd
1445 2162 1516 2188 (lonii
1533 2167 1636 2188 nostrae
1650 2171 1713 2187 con-

915 2196 1002 2223 ditum
1017 2202 1183 2232 putaremus.
1205 2198 1317 2230 Quando
1331 2198 1374 2224 illa
1391 2198 1563 2229 srunwntum,
1580 2199 1652 2233 quod
1666 2198 1713 2224 ‹lc-

916 2234 998 2265 beret,
1017 2244 1067 2261 nou
1082 2234 1114 2260 ad
1129 2235 1200 2261 (lictu
1214 2235 1305 2262 dedit?
1318 2236 1425 2270 quando
1439 2237 1474 2266 id,
1491 2236 1562 2271 quod
1573 2245 1642 2270 opus
1653 2244 1712 2261 csse

916 2276 1028 2306 putaret,
1046 2281 1097 2298 non
1113 2272 1182 2298 ultro
1196 2272 1311 2306 pollicita
1327 2273 1384 2299 ost‘?
1401 2273 1509 2308 ‹puuido
1524 2273 1558 2303 id,
1575 2273 1646 2307 quod
1662 2273 1712 2298 im-

916 2313 1064 2343 peraretur,
1090 2309 1241 2335 recusavit?
1268 2311 1357 2344 ltaque
1381 2310 1425 2336 ille
1448 2312 1482 2336 M.
1503 2312 1566 2337 Coto
1588 2311 1710 2344 Sapiens,

915 2345 1009 2371 collam
1025 2346 1159 2381 penuriam
1175 2347 1336 2380 reipublicae
1352 2352 1463 2377 nostrae,
1480 2349 1609 2373 nutrit-cm
1626 2347 1712 2382 plebis

915 2383 1058 2413 Romanae,
1074 2383 1192 2409 Siciliam
1209 2384 1370 2410 nominabat.
1406 2385 1458 2410 Nos
1474 2393 1535 2410 vcro
1549 2386 1651 2419 experti
1665 2393 1712 2410 su-

916 2428 990 2450 mus,
1013 2420 1102 2446 italico
1120 2421 1237 2447 maximo
1254 2421 1468 2456 difficillimoque
1487 2422 1571 2451 bello,
1592 2422 1711 2448 Siciliam

917 2457 993 2483 nobis
1008 2466 1059 2483 non
1075 2466 1121 2492 pro
1135 2458 1242 2492 penaria
1261 2458 1340 2488 colla,
1361 2459 1406 2485 scd
1423 2468 1469 2493 pro
1483 2460 1582 2485 aci-urio
1597 2459 1642 2485 illo
1656 2469 1709 2485 iiia-

916 2495 1002 2520 iorum
1022 2499 1109 2521 vctcre
1128 2504 1157 2521 uc
1172 2495 1265 2521 referto
1280 2495 1373 2521 fuisso.
1415 2497 1480 2522 Nam
1495 2497 1553 2523 sinc
1568 2496 1623 2523 ullo
1637 2506 1712 2523 sum-

916 2535 962 2566 ptu
978 2536 1079 2562 nostro.
1096 2533 1188 2563 coriis,
1206 2533 1312 2563 tunicis,
1330 2532 1517 2569 srunwntoquc
1530 2534 1709 2569 suppeditato,

915 2569 1047 2595 maximos
1065 2570 1197 2596 exercitus
1217 2575 1318 2596 noso-us
1339 2571 1459 2602 vestivit,
1484 2571 1563 2601 uiuit,
1588 2572 1709 2598 nrnmvit.

916 2606 958 2632 ΙΙΙ.
974 2608 998 2632 6.
1020 2606 1090 2639 Quid
1106 2606 1164 2638 inu,
1188 2616 1257 2642 quac
1273 2607 1381 2634 forsitan
1396 2617 1428 2635 nc
1442 2609 1574 2635 sentimus
1588 2609 1708 2644 quidem.

916 2643 1028 2674 iudices,
1044 2649 1143 2679 quantu
1158 2645 1239 2671 sunt‘?
1252 2645 1324 2679 qumi
1339 2645 1431 2672 multis
1443 2646 1662 2681 locupletioribus
1673 2647 1711 2672 ci-

916 2681 996 2707 vibus
1009 2681 1118 2714 utimur,
1130 2682 1202 2717 quod
1213 2682 1311 2709 habeut
1322 2684 1509 2719 propinquam,
1527 2684 1641 2715 lidclem,
1655 2684 1711 2710 sru-
