1941 3052
236 113 284 139 792
814 111 854 134 8⁴2.
888 109 921 134 M.

293 181 342 202 Ut.
359 181 432 200 Ami.
450 179 569 206 llo-plorat·
584 186 627 204 rep.
643 177 708 198 initi·
720 177 772 198 belli
783 177 858 198 civilis
869 176 970 204 npunit:
987 176 1028 196 ’Π-

237 224 309 236 rum-m
321 217 346 235 nul
357 214 490 235 vnlruulinl-
501 221 571 233 ruram
584 213 690 232 luni-im.

473 249 669 270 1ximae11··,l.oeniuln
679 256 725 266 «ιι-ι.
739 251 792 270 701.)

357 294 391 320 Μ.
414 294 443 319 T.
465 292 494 318 C.
517 292 542 318 S.
567 293 593 317 l’.
618 292 646 317 l).
669 292 803 318 TIlithI
824 291 906 318 SUO.

295 334 316 357 l.
334 327 398 362 Quo
415 331 440 355 in
457 329 612 354 discrimine
626 333 746 354 versetur
756 328 829 354 salus
842 338 898 354 mea
911 332 936 354 et
948 327 1030 353 bono-

238 378 295 395 rum
308 368 427 394 omnium
442 371 520 400 atque
534 367 674 391 universae
687 365 859 400 reipublicae,
876 374 909 391 ex
921 374 951 391 eo
962 365 1029 390 scire

238 411 320 441 potes,
334 404 404 439 quod
417 404 509 429 (lomus
522 408 632 433 nostras,
649 407 673 429 et
686 404 797 437 patriam
811 404 895 437 ipsam
910 401 950 427 vel
962 401 1030 427 diri-

239 442 362 477 piendum
381 440 420 466 vel
436 439 651 466 inflammandum
665 439 836 474 reliquimus.
879 440 906 465 In
917 447 979 465 eum
993 438 1030 464 lo-

237 489 298 505 rum
312 488 352 504 res
366 478 479 503 deducta
496 482 547 506 est,
567 482 608 507 ut,
626 477 678 503 nisi
693 478 740 512 qui
756 477 822 503 deus
836 477 876 503 vel
888 485 966 501 casus
981 475 1031 501 ali-

236 517 298 551 quis
310 515 475 545 subvenerit,
489 514 557 540 salvi
570 523 628 539 csse
644 523 819 549 nequeamus
856 516 880 540 Ξ.
897 513 1029 548 Equidem

238 559 265 579 ut
283 553 342 579 veni
359 552 390 578 ad
405 552 515 582 Urbem,
533 560 583 577 non
600 551 688 577 destiti
704 552 793 577 omnia
806 556 831 577 et
842 551 940 577 sentire
953 555 977 576 et
988 549 1030 576 di-

236 599 295 616 «ϊιϊ.
311 595 336 616 et
353 589 450 620 facere,
468 598 536 623 quae
553 588 585 614 ad
602 589 770 615 concordiam
788 589 963 623 pertinerent:
982 586 1030 613 sed

237 628 322 653 mirus
334 628 466 652 invaserat
479 626 551 652 furor
562 634 612 652 non
625 625 712 652 solum
725 625 869 660 improbis,
887 625 934 651 sed
950 625 1031 650 etiam

239 665 288 694 liis,
302 665 349 699 qui
363 664 424 690 boni
438 663 582 693 habentur.
597 668 625 689 ut
640 672 758 699 pugnare
769 667 910 698 cuperent,
924 670 966 688 me
976 661 1031 687 cla-

238 706 335 732 mante,
351 701 417 727 uibil
431 710 489 726 esse
501 700 571 727 bello
583 701 657 726 civili
670 701 805 726 miserius.
844 701 934 734 ltaque
946 707 1030 733 quum

237 740 333 765 Caesar
343 739 457 764 amentia
469 737 584 773 quadam
598 743 735 772 raperetur
746 743 784 767 et,
801 737 902 763 oblitus
914 736 1031 762 nominis

237 781 316 811 atque
328 776 459 802 honorum
471 784 591 805 suorum,
606 775 767 805 Ariminum,
781 775 931 802 Pisaurum.
946 774 1032 799 Anco-

238 822 312 844 nam,
341 813 474 839 Arretium
499 813 698 847 occupavisset,
732 812 828 839 Urbem
855 811 1029 846 reliquimus:

236 859 318 885 quam
330 851 465 885 sapienter
477 855 521 876 aut
532 859 612 884 quam
627 849 735 880 sortiter,
753 849 820 875 niliil
833 849 926 875 attinet
936 848 1032 882 dispu-

237 893 302 915 tare.
343 890 366 914 3.
389 887 446 919 Quo
457 887 568 922 quidem
582 888 607 913 in
620 896 682 912 casu
695 888 791 917 simus,
808 886 893 912 vides.
931 885 1033 911 Ferun-

237 930 280 952 tur
291 925 400 951 omniuo
411 925 578 950 conditiones
589 924 622 950 ab
635 924 689 954 illo,
704 924 881 958 utl‘ompeius
894 927 935 948 eat
948 923 973 948 in
987 922 1033 947 lli-

211 963 215 969 '
237 963 373 997 spaniam:
388 961 572 996 delectus,qui
583 966 646 987 sunt
659 961 752 991 babiti,
762 966 787 987 et
798 960 931 995 praesidia
945 964 1032 985 nostra

237 1000 420 1026 dimittantur:
439 1007 466 1025 se
483 998 636 1025 ulteriorem
649 998 764 1025 Galliam
782 998 908 1027 Domitio,
926 996 1034 1022 citerio-
1054 994 1056 1016 i

239 1046 294 1063 rem
310 1036 436 1063 Considio
449 1037 568 1062 Noniano
584 1036 637 1070 (liis
653 1037 724 1062 enim
740 1035 904 1071 obtigerunt)
920 1034 1033 1060 traditu-
1055 1064 1056 1067 Ἰ

238 1083 311 1100 rum:
330 1073 362 1100 ad
378 1073 533 1100 consulatus
549 1074 703 1108 petitionem
720 1081 748 1099 se
765 1077 922 1098 venturum:
946 1078 1033 1105 neque
1055 1078 1056 1086 ¹

237 1120 266 1138 se
279 1112 331 1137 iam
344 1111 422 1141 velle,
435 1111 544 1137 absente
554 1120 592 1141 se,
602 1111 729 1136 rationem
742 1110 834 1136 haberi
846 1110 902 1135 sui:
916 1117 944 1135 se
957 1116 1034 1142 prae·
1055 1121 1063 1142 y

871 1146 1034 1180 Accepimus
1055 1156 1056 1163 κ

237 1153 340 1175 sentem
365 1149 465 1174 trinum
491 1148 643 1174 nundinum
668 1148 826 1182 petiturum.

237 1185 418 1212 conditiones:
439 1185 486 1211 sed
499 1185 547 1216 ita,
564 1190 592 1211 ut
604 1190 737 1211 removeat
749 1183 883 1219 praesidia
896 1192 929 1209 ex
941 1183 983 1208 his
996 1182 1034 1208 lo-

237 1224 286 1253 cis,
299 1231 368 1257 quae
379 1223 530 1257 occupavit,
539 1227 568 1248 ut
578 1222 636 1248 sine
647 1226 719 1248 metu
731 1222 764 1247 de
777 1222 810 1248 iis
822 1222 890 1256 ipsis
901 1219 1034 1247 conditio-

238 1260 320 1287 nibus
334 1260 432 1286 Romae
447 1264 556 1286 senatus
573 1259 665 1286 haberi
680 1260 774 1294 possit.
816 1260 839 1285 4.
862 1258 891 1284 ld
904 1257 948 1283 ille
960 1258 982 1283 si
995 1256 1034 1282 se-

237 1298 316 1328 verit,
335 1306 396 1332 spes
413 1298 538 1331 estpacis
549 1305 601 1323 non
614 1297 754 1323 honestae:
772 1295 845 1332 leges
861 1296 933 1321 enim
946 1295 1034 1329 impo-

238 1339 348 1361 nuntur.

237 1380 343 1398 sumus.
384 1372 430 1398 Sin
447 1376 537 1398 autem
554 1371 598 1397 ille
615 1372 672 1397 suis
688 1370 890 1397 conditionibus
905 1374 974 1396 stare
986 1377 1034 1395 no-

239 1409 331 1435 luerit:
354 1408 456 1435 bellum
477 1413 600 1443 paratum
615 1413 667 1441 est3
691 1408 826 1434 eiusmodi
841 1413 943 1438 tamen,
961 1405 1032 1442 quod

237 1447 370 1472 sustinere
383 1445 428 1472 ille
440 1455 491 1472 non
503 1446 596 1481 possit,
611 1446 767 1481 praesertim
779 1454 865 1480 quum
877 1454 890 1471 a
902 1445 959 1471 suis
971 1453 1035 1470 con-

236 1483 387 1510 ditionibus
400 1484 457 1518 ipse
470 1483 581 1519 fugerit:
599 1483 782 1510 tantummodo
794 1487 822 1509 ut
833 1491 895 1509 euni
906 1481 1036 1508 interclu-

237 1521 348 1551 damus,
366 1529 398 1546 ne
415 1521 447 1547 ad
460 1521 557 1547 Urbem
570 1522 655 1555 possit
665 1520 804 1553 accedere,
823 1520 896 1555 quod
907 1518 1036 1554 speraba-

237 1567 298 1584 mus
311 1557 367 1584 fieri
379 1567 467 1592 posse.
507 1558 631 1585 Dclectus
642 1559 715 1584 enim
728 1566 838 1593 magnos
851 1557 1032 1583 habebamus:

237 1595 454 1630 putabamusque
468 1595 546 1622 illum
558 1600 685 1626 metuere,
694 1596 717 1621 si
729 1595 762 1621 ad
770 1595 867 1622 Urbem
880 1595 919 1620 ire
930 1593 1035 1628 coepis-

237 1637 286 1663 set,
300 1641 333 1659 ne
344 1632 446 1659 Gallias
458 1633 604 1659 amitteret:
622 1642 689 1668 quas
706 1633 799 1659 ambas
811 1632 891 1658 habet
901 1631 1036 1657 inimicis-

237 1670 329 1701 simas,
346 1675 450 1704 praeter
461 1669 680 1705 Transpadanos:
697 1678 731 1696 ex
743 1670 924 1704 Hispaniaque
936 1677 985 1694 sex
997 1667 1036 1693 le-

236 1707 344 1742 gioneS,
367 1712 392 1733 et
407 1716 504 1744 magna
520 1707 621 1734 auxilia
636 1707 746 1734 Afranio
760 1712 786 1733 et
801 1707 902 1733 Petreio
917 1705 1035 1731 ducibus
1062 1697 1065 1730 ἶ

237 1744 343 1770 habeta
356 1748 438 1779 tergo.
479 1744 604 1771 Videtur.
624 1745 647 1770 si
664 1745 792 1775 insaniet,
811 1752 890 1778 posse
904 1742 1032 1777 opprimi,

238 1780 317 1807 modo
328 1786 357 1807 ut
368 1781 437 1807 Urbe
449 1781 533 1808 salva.
575 1782 719 1808 Maximam
736 1786 825 1807 autem
839 1780 947 1816 plagam
959 1788 1035 1806 acce-

236 1819 285 1853 pit,
299 1818 371 1853 quod
384 1819 416 1849 is,
430 1819 477 1853 qui
489 1827 624 1845 summam
636 1819 820 1845 auctoritatem
832 1819 859 1844 in
872 1818 946 1844 illius
957 1825 1035 1843 exer-

237 1856 291 1881 citu
304 1855 429 1886 habebat,
443 1856 472 1882 T.
481 1856 625 1887 Labienus,
639 1856 730 1882 socius
741 1855 851 1882 sceleris
862 1863 921 1881 esse
932 1854 1031 1885 noluit;

237 1892 348 1927 reliquit
360 1892 437 1918 illum
448 1897 474 1919 et
485 1893 626 1919 nobiscum
637 1898 690 1920 est:
709 1893 842 1928 multique
854 1892 926 1918 idem
939 1891 1034 1918 facturi

237 1938 296 1956 esse
316 1929 453 1956 dicuntur.
494 1931 519 1956 5.
540 1930 596 1965 Ego
612 1930 701 1957 adhuc
715 1939 775 1957 orae
791 1930 940 1956 maritimae
957 1937 1035 1964 prae—

237 1975 298 1993 sum
315 1975 328 1992 a
345 1967 470 1993 Formiis.
510 1967 622 1993 Nullum
639 1968 727 1994 maius
743 1968 880 2003 negotium
895 1968 1034 2001 suscipere

237 2003 327 2035 volui,
344 2012 398 2038 quo
414 2004 476 2038 plus
492 2004 564 2039 apud
581 2004 658 2031 illum
674 2013 748 2031 meae
761 2005 862 2031 litterae
874 2004 1035 2031 cohortatio-

237 2049 340 2076 nesque
356 2041 389 2067 ad
404 2049 498 2076 pacem
514 2041 643 2069 valerent.
684 2042 732 2069 Sin
748 2046 838 2068 autem
854 2042 904 2068 erit
919 2042 1031 2072 bellum,

237 2078 316 2105 video
337 2087 379 2104 me
400 2079 495 2105 castris
515 2083 541 2105 et
560 2080 640 2105 certis
661 2078 815 2115 legionibus
835 2079 1032 2114 praefuturum.

237 2115 327 2142 Habeo
342 2116 422 2141 etiam
439 2115 513 2142 illam
529 2116 692 2147 molestiam,
711 2117 784 2152 quod
795 2116 930 2143 Dolabella
945 2120 1035 2142 noster

236 2153 309 2188 apud
320 2152 460 2180 Caesarem
471 2158 520 2180 est.
562 2154 630 2180 llaec
642 2154 692 2180 tibi
707 2159 768 2180 nota
783 2162 842 2180 esse
858 2153 946 2187 volui3
965 2161 1034 2188 quae

236 2198 300 2216 cave
311 2198 344 2216 ne
356 2194 380 2216 te
391 2190 548 2225 perturbent
562 2196 587 2217 et
598 2191 936 2226 impediantvaletudinem
948 2195 1032 2217 tuam.

237 2229 262 2254 6.
287 2227 344 2263 Ego
359 2227 392 2254 A.
408 2228 534 2259 Varroni,
552 2236 634 2263 quem
650 2237 735 2263 quum
752 2230 969 2255 amantissimum
980 2228 1034 2254 mei

236 2265 360 2300 cognovi,
374 2269 431 2291 tum
441 2265 521 2291 etiam
533 2265 612 2292 valde
623 2267 663 2292 tui
673 2266 840 2297 studiosum,
854 2265 1035 2301 diligentissi-

237 2310 279 2328 me
296 2307 320 2328 te
335 2302 536 2333 commendavi,
558 2307 589 2329 ut
603 2307 628 2329 et
643 2302 808 2329 valetudinis
828 2307 888 2330 tuae
904 2303 1034 2329 rationem

237 2338 347 2365 haberet
358 2344 383 2365 et
392 2340 585 2375 navigationis,
602 2345 628 2366 et
643 2345 726 2367 totum
739 2345 763 2366 te
774 2342 924 2375 susciperet
934 2349 965 2366 ac
975 2344 1035 2366 tue-

237 2380 322 2402 retur:
335 2385 416 2411 quem
428 2377 518 2403 omnia
530 2376 664 2403 facturum
674 2377 788 2404 confido.
830 2378 939 2413 Recepit
949 2377 1032 2408 enim,

237 2417 262 2438 et
273 2421 380 2439 mecum
392 2413 497 2440 locutus
508 2419 548 2441 est
559 2415 732 2441 suavissime.
764 2415 813 2446 Tu,
826 2423 913 2450 quum
924 2423 955 2441 eo
965 2419 1035 2441 tem-

237 2458 300 2483 pore
312 2459 418 2476 mecum
430 2459 489 2477 esse
500 2460 552 2477 non
566 2452 692 2486 potuisti,
708 2460 763 2486 quo
776 2460 826 2487 ego
841 2453 959 2479 maxime
969 2460 1035 2486 ope—

238 2494 294 2511 ram
310 2491 335 2513 et
351 2487 505 2514 fidelitatem
520 2488 674 2515 desideravi
685 2493 772 2519 tuam,
790 2497 855 2515 cave
867 2489 978 2516 festines
989 2493 1035 2515 aut

237 2523 401 2555 committas,
422 2530 451 2551 ut
466 2530 511 2552 aut
525 2534 604 2561 aeger
619 2531 665 2553 aut
679 2526 770 2552 hieme
785 2527 907 2562 naviges.
947 2527 1034 2552 Num-

239 2567 320 2593 quam
332 2568 390 2586 sero
401 2565 426 2586 te
438 2562 545 2588 venisse
555 2563 670 2597 putabo,
683 2563 707 2589 si
718 2562 810 2589 salvus
821 2564 938 2590 veneris.
978 2562 1034 2589 Ad-

239 2595 293 2622 huc
304 2597 440 2623 neminem
451 2598 586 2630 videram,
604 2601 653 2635 qui
669 2605 693 2627 te
704 2604 796 2635 postea
806 2600 932 2631 vidisset,
950 2608 1033 2636 quam

239 2631 274 2659 M.
286 2633 422 2665 Volusius,
436 2642 450 2660 a
461 2643 515 2670 quo
526 2644 585 2663 tuas
596 2636 697 2664 litteras
711 2638 816 2672 accepi:
833 2637 906 2672 quod
917 2646 970 2665 non
981 2638 1034 2664 mi-

389 1334 441 1360 Sed
452 1334 564 1369 quidvis
578 1339 618 1360 est
633 1333 744 1364 melius,
762 1342 844 1368 quam
860 1333 898 1359 sic
914 1340 986 1363 esse,
1005 1336 1035 1358 ut
1056 1357 1064 1365 w

955 108 984 134 T.
1017 108 1288 135 CICERONIS

1058 179 1060 190 '
1082 179 1171 204 rabar:
1194 187 1280 213 neque
1291 179 1362 204 enim
1375 187 1447 204 mean
1459 184 1522 213 puto
1534 179 1565 205 ad
1578 185 1601 205 te
1615 179 1713 206 litteras
1729 185 1798 206 tanta
1816 179 1874 206 bie-

1058 220 1059 239 ]
1083 225 1124 241 me
1136 215 1257 250 perferri.
1283 215 1334 241 Sed
1346 215 1378 241 da
1389 224 1506 251 operam.
1521 222 1548 242 ut
1561 217 1660 242 valeam
1675 223 1708 245 vt.
1723 219 1745 243 si
1759 217 1870 247 valrhis.

1058 248 1060 261 ¹
1081 262 1166 287 quum
1183 257 1251 278 recte
1268 253 1388 287 navigari
1410 253 1518 287 poterit.
1541 259 1597 279 tum
1619 256 1739 289 naviges.
1781 256 1873 280 Cicero

1059 289 1061 308 '¹
1083 298 1159 315 meus
1181 290 1206 315 in
1229 289 1368 316 Formiano
1388 295 1456 320 erat,
1478 290 1599 316 Terentia
1619 296 1645 317 et
1660 291 1746 317 Tullia
1764 292 1870 318 Itomae.

1081 328 1160 356 Cura,
1175 332 1203 353 ut
1215 326 1313 353 valeas.
1353 335 1389 353 iv.
1403 327 1535 353 Kalendas
1548 327 1624 354 Febr.
1637 328 1736 363 Capua.

1138 396 1200 417 xul.
1218 396 1235 416 A
1243 397 1293 416 KG.
1312 396 1442 416 Cal-‹matiu
1453 396 1479 416 ul
1490 396 1636 417 uleiudinoe-
1647 398 1770 418 eura-da..

1228 434 1257 454 (Iu
1268 433 1359 453 Cum-nu,
1369 434 1461 452 υυιιιιιιο,
1471 434 1521 455 App.
1533 433 1614 451 Putdm·
1623 441 1669 451 «ou.
1682 436 1736 455 700.)

1247 476 1282 502 M.
1305 476 1334 502 T.
1357 476 1385 502 C.
1408 476 1435 502 S.
1459 477 1486 502 Ρ.
1509 477 1537 502 Ι).
1559 477 1705 504 TIRONI.

1139 509 1242 540 Omnia
1259 522 1272 539 a
1290 518 1313 539 te
1329 513 1388 539 data
1406 514 1472 539 mibi
1489 513 1601 548 putabo,
1619 515 1678 540 site
1690 514 1821 542 valentem
1834 518 1875 543 vi-

1083 552 1156 578 dero.
1197 551 1307 577 Summa
1323 559 1386 576 cura
1402 551 1589 585 exspectabam
1606 551 1750 578 adventum
1767 553 1875 580 Menan-

1083 589 1132 617 dri,
1147 597 1228 624 quem
1240 588 1272 613 ad
1285 593 1308 613 te
1321 589 1456 614 miseram.
1492 588 1570 618 Cura.
1586 590 1608 615 si
1621 598 1662 614 me
1674 589 1775 624 diligis.
1789 596 1817 616 ut
1830 600 1877 617 va-

1084 626 1150 652 leas:
1174 630 1212 655 et,
1234 634 1319 660 quum
1335 630 1359 651 te
1375 625 1442 651 bene
1458 626 1637 657 confirmaris,
1659 626 1692 653 ad
1709 635 1756 653 uos
1772 629 1864 654 venias

1083 663 1155 689 Vale.
1169 671 1204 689 iv.
1218 662 1280 689 Idus
1292 662 1376 697 April.

1137 736 1198 756 xw.
1215 735 1232 755 A
1241 735 1291 756 κθ,
1304 735 1336 754 De
1346 734 1440 755 Tironi-
1451 734 1578 754 valetudine
1588 735 1615 754 ob
1624 741 1695 755 nemu
1705 736 1820 757 ndw-tu-
1831 737 1876 758 Me·

1083 771 1161 791 nundi-i
1172 772 1245 797 (quem
1256 771 1333 790 «lomu-
1344 769 1422 790 Tulli·
1433 776 1470 796 per
1480 769 1550 790 iorum
1562 770 1822 797 vocab-madriano:
1832 771 1876 792 ιοΙ-

1083 804 1168 825 Iicitum
1180 804 1251 825 fuine
1261 805 1347 828 neritii.
1358 804 1502 831 hortaturque
1512 809 1535 825 ut
1545 805 1602 825 Tim
1613 809 1673 825 cnut
1684 805 1838 827 utet-nune..

1224 843 1254 862 (In
1265 841 1356 862 Caninio,
1367 842 1457 861 Domui-o,
1467 842 1518 864 App.
1530 842 1611 859 Pulchro
1622 848 1668 859 tun.
1681 843 1734 862 Τοῦ.)

1252 885 1286 910 Μ.
1309 885 1339 910 T.
1362 885 1390 911 C.
1413 884 1440 910 S.
1462 884 1490 910 P.
1512 885 1542 910 D.
1565 883 1708 911 TIRONI.

1142 923 1165 947 l.
1186 917 1326 948 Andricus
1339 921 1468 956 postridie
1480 922 1512 947 ad
1525 930 1566 947 me
1579 922 1664 952 venit.
1683 930 1763 956 quam
1780 931 1877 957 exspe-

1084 963 1193 984 ctaram.
1235 959 1325 994 ltaque
1342 959 1424 985 habui
1436 964 1540 985 noctem
1553 958 1658 993 plenam
1670 959 1774 985 timoris
1784 968 1814 986 ac
1826 961 1877 986 mi-

1084 996 1179 1022 seriae.
1219 996 1284 1022 Tuis
1301 995 1395 1022 litteris
1411 996 1496 1022 nihilo
1511 1004 1571 1022 sum
1589 995 1674 1022 Iactus
1684 997 1793 1027 certior,
1810 1005 1877 1032 quo-

1085 1033 1163 1059 modo
1173 1038 1198 1059 te
1210 1032 1335 1064 haberes,
1350 1033 1396 1059 sed
1407 1038 1495 1060 tamen
1506 1042 1566 1059 sum
1574 1038 1716 1059 recreatus.
1737 1033 1794 1069 Ego
1804 1036 1878 1060 omni

1084 1070 1259 1096 delectatione
1281 1070 1431 1105 litterisque
1451 1070 1579 1097 omnibus
1598 1078 1687 1102 careo;
1711 1078 1782 1105 quas
1806 1076 1876 1102 ante,

1084 1116 1165 1142 quam
1178 1112 1202 1134 te
1214 1107 1315 1138 videro,
1329 1108 1458 1143 attingere
1470 1116 1521 1134 non
1533 1115 1654 1142 possum.
1694 1107 1797 1134 Medico
1807 1116 1879 1135 mer-

1084 1144 1167 1175 cedis,
1181 1149 1312 1179 quantum
1323 1150 1423 1179 poscet,
1436 1145 1554 1180 promitti
1566 1145 1666 1171 iubeto.
1697 1144 1726 1171 Id
1737 1145 1833 1181 scripsi
1845 1145 1878 1172 ad

1085 1182 1234 1208 Ummium.
1274 1183 1299 1209 2.
1315 1182 1403 1209 Audio
1414 1187 1438 1209 te
1450 1183 1539 1209 animo
1549 1182 1611 1218 angi
1622 1186 1648 1208 et
1658 1181 1793 1209 medicum
1804 1182 1879 1210 dice-

1085 1228 1125 1250 re.
1142 1228 1176 1246 ex
1186 1228 1217 1246 eo
1228 1224 1252 1246 te
1264 1218 1394 1246 laborare.
1433 1220 1461 1246 Si
1473 1228 1515 1246 me
1526 1219 1632 1255 diligis,
1644 1220 1730 1246 excita
1741 1227 1775 1246 ex
1785 1228 1879 1246 somno

1085 1261 1144 1283 tuas
1160 1256 1260 1283 litteras
1276 1256 1538 1292 humanitatemque.
1556 1261 1663 1291 propter
1677 1265 1758 1292 quam
1770 1257 1879 1284 mihies

1085 1295 1253 1321 carissimus.
1294 1295 1371 1321 Nunc
1386 1303 1454 1329 opus
1469 1299 1509 1321 est
1520 1299 1545 1320 te
1556 1295 1646 1320 animo
1657 1294 1758 1325 valere,
1776 1298 1805 1321 ut
1819 1303 1879 1321 cor-

1085 1340 1148 1367 pore
1159 1332 1258 1367 possis.
1299 1331 1327 1358 Id
1338 1340 1423 1367 quum
1435 1336 1488 1363 tua,
1502 1336 1559 1358 tum
1571 1339 1629 1357 mea
1639 1339 1734 1357 caussa
1750 1331 1846 1361 facias,
1864 1341 1878 1358 a

1085 1374 1110 1395 te
1122 1374 1192 1404 peto.
1233 1370 1359 1395 Acastum
1375 1370 1468 1400 retine,
1487 1377 1540 1404 quo
1553 1368 1721 1395 commodius
1736 1368 1785 1395 tibi
1797 1369 1880 1395 mini-

1085 1411 1194 1433 stretur.
1225 1406 1359 1433 Conserva
1371 1411 1395 1433 te
1406 1406 1488 1433 mihi:
1515 1406 1574 1433 dies
1584 1406 1778 1441 promissorum
1788 1405 1877 1432 adest:

1085 1452 1168 1479 quem
1183 1444 1264 1470 etiarn
1280 1444 1493 1479 repraesentabo,
1509 1444 1533 1470 si
1549 1443 1701 1470 adveneris.
1741 1443 1829 1470 Etiam
1839 1448 1880 1470 at-

1085 1490 1139 1517 que
1149 1482 1230 1508 etiam
1242 1480 1311 1508 vale.
1333 1489 1370 1508 iv.
1382 1481 1446 1508 Idus
1458 1481 1522 1508 hora
1532 1489 1569 1507 vi.

1139 1567 1191 1588 XV.
1207 1567 1225 1588 A
1233 1567 1252 1588 R
1259 1567 1286 1588 G.
1302 1567 1368 1588 Suum
1384 1567 1410 1588 de
1421 1567 1516 1588 Tironi·
1526 1566 1654 1588 valetudiiie
1663 1565 1838 1588 uuidmun-
1848 1566 1879 1588 -3-

1061 1616 1065 1691 Ι
1086 1601 1182 1628 gnificat.
1212 1606 1242 1626 (in
1253 1605 1344 1626 cumana,
1354 1604 1446 1624 nummu.
1456 1605 1508 1628 App.
1519 1604 1598 1622 Pulchr-2
1608 1611 1654 1622 002..
1665 1606 1720 1626 τοο.)

1240 1647 1276 1674 Μ.
1298 1648 1328 1674 Τ.
1349 1647 1380 1675 C.
1401 1647 1428 1674 S.
1447 1648 1476 1674 P.
1498 1648 1528 1674 D.
1550 1647 1720 1674 TIRONI.

1142 1695 1165 1719 t.
1186 1688 1313 1729 Aegypta
1333 1692 1367 1720 ad
1383 1701 1425 1719 me
1440 1693 1515 1719 venit
1525 1692 1613 1727 pridie
1624 1692 1687 1719 Idus
1698 1692 1814 1728 Apriles.
1854 1694 1879 1720 Is

1062 1744 1065 1771 ὅ
1086 1730 1136 1756 etsi
1155 1729 1224 1756 mihi
1239 1731 1383 1760 nuntiavit,
1399 1735 1424 1756 te
1439 1729 1518 1765 plane
1534 1729 1603 1756 febri
1613 1738 1702 1756 carere
1713 1735 1739 1756 et
1749 1730 1819 1757 belle
1831 1730 1880 1757 ha-

1062 1777 1064 1810 }
1086 1768 1162 1794 bere:
1184 1767 1365 1802 tamen,quod
1377 1768 1485 1803 negavit
1496 1772 1520 1793 te
1531 1768 1651 1802 potuisse
1662 1767 1695 1793 ad
1702 1767 1877 1798 mescribere,

1085 1813 1178 1831 curam
1193 1805 1263 1831 mihi
1274 1804 1375 1837 attulit;
1398 1809 1424 1831 et
1434 1813 1465 1831 eo
1475 1805 1572 1840 magis,
1585 1804 1658 1839 quod
1669 1805 1784 1835 Hermia.
1797 1813 1879 1840 quem

1062 1818 1065 1880 i
1085 1841 1180 1869 eodem
1200 1842 1244 1868 die
1262 1842 1354 1868 venire
1372 1846 1537 1876 oportuerat,
1557 1850 1610 1868 non
1627 1846 1747 1868 venerat.
1790 1842 1880 1868 Incre-

1062 1887 1064 1891 ’
1085 1879 1165 1905 dibili
1177 1888 1238 1905 sum
1252 1878 1436 1906 sollicitudine
1447 1879 1480 1905 de
1492 1884 1536 1905 tua
1547 1878 1716 1905 valetudine:
1737 1887 1790 1914 qua
1802 1880 1826 1905 si
1837 1887 1880 1906 me

1086 1916 1222 1947 liberaris,
1241 1925 1290 1952 ego
1306 1921 1331 1942 te
1345 1917 1419 1942 omni
1433 1925 1497 1943 cura
1513 1915 1643 1943 liberabo.
1682 1916 1762 1943 Plura
1777 1916 1881 1943 scribe-

1085 1962 1151 1984 rem,
1169 1955 1193 1980 si
1209 1954 1263 1980 iam
1278 1958 1401 1988 putarem
1414 1953 1528 1980 libenter
1537 1958 1562 1980 te
1575 1953 1662 1989 legere
1672 1961 1761 1988 posse.
1801 1954 1880 1989 Inge-

1062 1989 1065 2039 ι
1086 1992 1162 2017 nium
1179 1996 1265 2021 tuum,
1283 1990 1356 2026 quod
1371 1999 1420 2027 ego
1431 1991 1544 2018 maximi
1556 1990 1633 2022 facio,
1645 1990 1737 2017 confer
1747 1989 1781 2016 ad
1791 1995 1816 2017 te
1827 1991 1881 2017 mi-

1063 2049 1064 2066 ,
1086 2029 1115 2054 hi
1126 2028 1232 2063 tibique
1245 2028 1471 2055 conservandum.
1501 2028 1571 2055 Cura
1583 2033 1607 2054 te
1617 2028 1698 2054 etiam
1708 2032 1789 2063 atque
1799 2028 1880 2054 etiam

1085 2065 1239 2101 diligenter.
1271 2065 1345 2092 Vale.
1378 2067 1404 2092 2.
1426 2066 1531 2100 Scripta
1547 2066 1600 2092 iam
1622 2064 1749 2100 epistola.
1771 2065 1880 2091 Iler-mia

1086 2104 1170 2130 venit.
1208 2103 1308 2137 Accepi
1319 2107 1392 2129 tuam
1403 2102 1553 2138 epistolam.
1571 2101 1761 2129 vacillantibus
1776 2101 1880 2129 litteru-

1086 2140 1133 2166 lis:
1155 2148 1205 2167 nec
1220 2141 1330 2170 mirum,
1346 2144 1399 2166 tam
1409 2141 1487 2176 gravi
1497 2139 1600 2166 morbo.
1644 2139 1701 2175 Ego
1711 2138 1745 2166 ad
1756 2143 1780 2166 te
1791 2140 1880 2175 Aegy-

1085 2183 1158 2212 ptam
1178 2178 1254 2208 misi,
1277 2176 1350 2212 quod
1370 2186 1419 2204 nec
1435 2177 1601 2204 inhumanus
1615 2181 1656 2203 est
1670 2182 1696 2203 et
1709 2181 1734 2202 te
1748 2176 1825 2203 visus
1839 2181 1880 2202 est

1085 2215 1155 2241 mihi
1169 2214 1296 2250 diligere;
1319 2219 1349 2240 ut
1359 2215 1382 2241 is
1394 2220 1484 2241 tecum
1494 2219 1578 2241 esset:
1600 2219 1699 2240 etcum
1708 2221 1740 2240 eo
1749 2221 1877 2249 coquum,

1085 2260 1139 2287 quo
1150 2257 1263 2279 uterere.
1303 2251 1377 2278 Vale.

1139 2326 1202 2347 XVI.
1218 2326 1296 2347 ΔΕΒ.
1312 2325 1409 2350 Quintus
1418 2325 1483 2346 fratr-i
1493 2325 1520 2345 de
1529 2324 1615 2345 Tirone
1624 2323 1758 2344 munnnuinn
1769 2323 1879 2348 etgnn'u

1086 2361 1132 2387 agit
1146 2365 1168 2382 et
1180 2361 1314 2387 gratulatur.
1337 2364 1368 2384 (Ιιι
1377 2362 1488 2383 Brinnnin,
1501 2361 1597 2381 Domitio,
1607 2361 1659 2383 App.
1673 2360 1756 2378 Putet-m
1764 2366 1811 2378 uon.
1822 2360 1879 2382 ῒοο.)

1140 2405 1173 2438 Q.
1195 2405 1225 2432 C.
1247 2405 1275 2432 S.
1297 2406 1326 2432 P.
1347 2406 1378 2432 D.
1399 2405 1436 2431 M.
1457 2402 1644 2432 CICERONI
1663 2402 1818 2429 FRATRI.

1143 2453 1166 2478 l.
1182 2446 1227 2477 De
1238 2452 1343 2482 Tirone,
1352 2451 1390 2477 mi
1396 2450 1491 2481 Marce,
1499 2451 1534 2475 ita
1540 2453 1565 2474 te
1572 2447 1878 2483 meumqueCiceronem

1085 2494 1110 2516 et
1124 2497 1213 2515 meam
1228 2487 1372 2515 Tulliolam
1386 2492 1518 2522 tuumque
1534 2485 1620 2512 filium
1636 2485 1753 2512 videam.
1768 2489 1799 2511 ut
1809 2483 1879 2511 mihi

1085 2526 1271 2562 gratissimum
1283 2525 1385 2556 fecisti,
1398 2532 1484 2560 quum
1495 2531 1566 2553 eum,
1580 2522 1724 2558 indignum
1736 2521 1782 2548 illa
1793 2521 1878 2547 sortu-

1085 2572 1119 2590 na
1127 2584 1133 2595 ,
1147 2563 1226 2590 nobis
1234 2563 1365 2593 amicum=
1377 2570 1459 2597 quam
1473 2569 1583 2587 servum
1594 2567 1653 2586 esse
1664 2558 1795 2585 maluisti.
1826 2558 1879 2584 Mi-

1086 2600 1114 2626 hi
1125 2600 1217 2630 crede,
1241 2600 1296 2626 tuis
1307 2604 1333 2626 et
1343 2599 1418 2625 illius
1430 2598 1525 2624 litteris
1538 2597 1677 2632 perlectis,
1695 2595 1795 2622 exsilui
1809 2603 1893 2633 gau-¹

1085 2637 1140 2664 dio.
1179 2637 1241 2664 Tibi
1251 2641 1278 2664 et
1288 2645 1337 2673 ago
1347 2636 1447 2672 gratias
1458 2640 1484 2662 et
1498 2634 1626 2671 gratulor.
1666 2635 1692 2660 2.
1703 2633 1731 2660 Si
1741 2633 1814 2659 enim
1825 2633 1879 2658 mi-
