1941 3052
243 119 304 143 {2203
810 116 863 139 136.
897 113 931 138 M.

239 196 352 222 rumque
367 187 456 212 brevis
467 190 506 211 cst
520 190 543 209 et
557 184 587 209 :nl
600 189 717 218 ternpus,
735 192 766 209 nn
783 183 904 209 min-tulto
920 189 944 209 et
955 184 1029 217 cogi-

239 230 289 251 tati·
302 226 345 250 liut
358 225 463 250 iniuria.

239 264 292 288 nnn
305 262 394 295 aliquo
406 265 476 285 motu
489 258 622 288 accidunt,
637 266 717 292 quam
730 266 773 287 ca,
787 266 856 291 quw
868 257 992 283 meditata
1004 262 1029 283 et

239 303 390 334 prm-paratu
409 296 566 322 inferuntur.
608 295 643 321 Ac
655 294 688 320 dc
706 294 842 320 inferenda
858 294 968 329 quidem
988 295 1029 320 in-

240 338 304 362 iuriu
318 336 381 361 satin
392 334 492 359 «lictum
508 337 555 358 cst.
598 332 643 358 lx.
659 334 700 358 28.
720 332 969 358 Praetermittendae
981 340 1029 357 au-

239 380 288 399 ιι-ιιι
301 371 464 398 defensionis
475 369 670 403 deserendique
682 368 763 395 officii
776 369 867 403 plures
878 369 1028 396 solcntcssc

237 418 354 435 caussae.
399 409 464 433 Nam
479 412 524 433 aut
540 407 695 432 inimicitias
711 411 756 432 out
769 406 884 432 laborem
899 411 943 433 aut
954 415 1029 432 sum-

237 453 297 482 ptus
309 447 445 479 suscipere
456 444 562 471 nolunt:
576 444 710 470 autetiam
724 443 896 479 negligentia,
910 445 1026 478 pigritia,
1050 452 1058 473 η

238 485 328 510 inertia
339 504 343 513 ,
362 487 406 508 aut
417 482 474 508 suis
486 481 584 508 studiis
595 481 759 516 quibusdam
771 481 1028 516 occupationibusve

235 523 273 547 sic
287 520 479 555 impediuntur,
497 523 525 545 ut
535 527 588 548 cos,
605 527 672 553 quos
683 519 761 544 tutari
773 518 896 549 debeant,
909 518 1028 545 desertos

235 568 292 585 csse
305 558 447 592 patiantur.

236 596 275 625 id,
298 594 370 630 quod
387 593 458 629 apud
474 593 608 620 Platonem
624 598 664 620 est
680 594 705 619 in
722 593 897 628 philosophos
908 593 1024 620 dictum:

233 633 305 668 quod
327 633 352 658 in
375 632 430 658 veri
447 631 651 666 investigatione
669 635 821 661 versentur,
843 630 970 666 quodque
986 639 1024 661 ea,

233 679 301 705 quae
314 669 435 704 plerique
448 668 620 695 vehementer
630 672 772 702 expetunt,
795 667 827 694 de
843 668 944 703 quibus
960 669 1028 694 inter

233 717 261 733 sc
273 707 416 741 digladiari
427 705 526 736 solent,
546 710 716 732 contemnant
726 710 752 731 et
762 713 809 740 pro
821 705 906 732 nihilo
917 705 1024 736 ducant,

233 740 370 780 propterca
383 745 466 770 iustos
477 751 546 769 esse.
573 743 639 769 Nam
654 742 766 769 alterum
778 751 864 778 genus
875 751 1027 778 assequun-

233 788 284 811 tur,
303 780 351 818 [in]
368 780 505 807 inferenda
517 788 549 807 ne
559 781 603 806 cui
616 785 727 807 noceant
739 781 850 813 iniuria:
875 781 900 807 in
913 780 1025 807 alterum

234 819 368 848 incidunt:
391 817 513 844 discendi
529 818 600 844 enim
617 817 706 844 studio
722 817 857 852 impediti,
874 826 943 853 quos
957 819 1025 844 tueri

232 857 339 887 debent,
353 856 489 882 deserunt.
530 856 620 890 ltaque
631 864 676 882 eos
687 854 719 881 ad
731 854 925 890 rempublicam
938 864 970 882 ne
982 864 1026 881 ac·

232 903 355 921 cessuros
365 893 476 928 quidem
489 897 572 927 putat,
586 893 637 919 nisi
650 897 763 919 coactos.
803 893 925 928 Aequius
936 897 1024 919 autem

231 936 286 958 erat
298 931 323 957 id
338 931 472 957 voluntate
485 931 551 956 lieri.
574 931 639 956 Nam
653 930 701 956 lioc
714 931 803 965 ipsum
814 931 849 956 ita
862 931 962 956 iustum
974 935 1022 962 est,

224 969 303 1004 :quod
319 973 386 995 recte
399 968 439 999 fit,
461 968 484 994 si
499 972 539 994 est
556 967 746 994 voluntarium.
788 969 828 993 29.
850 967 918 994 Sunt
933 968 1022 999 etiam,

232 1007 280 1041 qui
294 1011 338 1032 aut
349 1005 439 1032 studio
450 1006 486 1031 rei
500 1004 639 1031 familiaris
652 1005 894 1035 tuendae,autodio
908 1005 1024 1040 quodam

233 1044 386 1073 hominum,
400 1051 479 1069 suum
491 1051 519 1068 se
532 1043 668 1078 negotium
685 1051 762 1077 agere
773 1042 876 1073 dicant,
895 1042 1025 1069 nefacere

231 1082 359 1115 cuiquam
373 1080 514 1106 videantur
526 1080 666 1106 iniuriam:
685 1080 732 1114 qui
747 1079 829 1106 altero
843 1088 941 1116 genere
952 1081 1025 1106 iniu-

231 1119 318 1144 stitiae
334 1122 441 1147 vacant,
459 1118 485 1143 in
496 1117 609 1144 alterum
622 1118 771 1144 incurrunt.
812 1118 942 1144 Deserunt
952 1118 1024 1144 enim

232 1156 301 1181 vitae
312 1155 478 1185 societatem,
499 1155 563 1189 quia
579 1154 647 1180 nihil
663 1153 805 1181 conferunt
819 1155 846 1181 in
858 1163 916 1181 eam
928 1155 1022 1186 studii,

231 1192 297 1219 nihil
310 1201 413 1226 operae,
431 1191 497 1218 nihil
511 1191 676 1218 facultatum.

283 1229 413 1262 Quoniam
428 1229 633 1265 igitur,duobus
646 1229 792 1265 generibus
804 1229 951 1256 iniustitiae
962 1238 1024 1265 pro-
1046 1241 1047 1260 ι

229 1267 332 1302 positis,
341 1266 516 1293 adiunximus
527 1275 637 1293 caussas
649 1268 790 1302 utriusque
800 1267 917 1302 generis,
925 1276 1025 1302 easque
1046 1287 1047 1308 ἦ

229 1313 270 1331 res
287 1309 346 1330 ante
362 1304 566 1336 constituimus,
587 1305 688 1339 quibus
710 1305 811 1330 iustitia
828 1305 1022 1331 contineretur:

229 1341 320 1372 facile,
343 1341 415 1376 quod
430 1343 563 1377 cuiusque
581 1343 708 1376 temporis
723 1341 843 1368 officium
859 1343 906 1373 sit,
925 1343 1025 1377 poteri-

229 1388 297 1409 mus,
312 1379 364 1405 nisi
377 1380 556 1414 nosmetipsos
568 1379 646 1405 valde
658 1379 819 1410 amabimus,
834 1379 962 1406 iudicare.
981 1381 1022 1406 30.
1046 1403 1047 1411 ,

227 1417 274 1443 Est
284 1417 356 1442 enim
367 1416 487 1443 difficilis
498 1425 561 1443 cura
573 1425 663 1443 rerum
674 1416 833 1443 alienarum.
853 1416 1023 1453 Quamquam

227 1454 402 1480 Terentianus
423 1453 467 1480 ille
483 1454 611 1481 Chremes
632 1456 738 1481 humani
757 1456 822 1480 nihi!
835 1464 853 1480 α
870 1463 896 1481 se
911 1457 1023 1481 alienum
1044 1465 1047 1492 ,²

225 1496 312 1524 putat:
335 1491 382 1517 sed
403 1496 504 1522 tamen,
527 1493 590 1527 quia
612 1492 698 1528 magis
714 1500 744 1518 ea
759 1492 926 1526 percipimus
943 1497 1023 1528 atque
1045 1517 1046 1524 ,

227 1529 372 1559 sentimus,
396 1537 465 1563 quae
481 1529 559 1555 nobis
576 1530 643 1564 ipsis
657 1534 702 1556 aut
718 1537 844 1564 prospera
853 1534 900 1556 aut
910 1529 1022 1556 adversa

227 1567 369 1596 eveniunt,
382 1575 463 1601 quam
475 1566 520 1593 illa
529 1587 535 1598 ,
547 1575 618 1602 quae
629 1567 738 1599 ceteris;
751 1575 835 1601 quae,
852 1568 932 1602 quasi
944 1567 1023 1603 longo

228 1603 367 1630 intervallo
383 1604 533 1634 interiecto,
553 1604 690 1630 videmus:
717 1604 793 1630 aliter
808 1603 841 1630 de
857 1604 926 1635 illis,
944 1613 974 1631 ac
989 1605 1022 1631 de

227 1641 304 1667 nobis
316 1640 479 1667 iudicamus.
505 1641 634 1673 Quocirca
645 1641 714 1668 bene
725 1642 903 1676 praecipiunt,
916 1643 964 1677 qui
975 1651 1023 1668 ve-

228 1682 282 1704 tant
297 1677 447 1713 quidquam
463 1686 555 1714 agere,
575 1679 648 1714 quod
663 1678 784 1710 dubites,
805 1687 923 1714 aequum
939 1680 1021 1706 sitan

227 1715 362 1750 iniquum.
399 1716 526 1751 Aequitas
538 1717 610 1742 enim
622 1716 692 1742 lucet
703 1717 760 1751 ipsa
773 1724 820 1750 per
833 1725 875 1743 se:
889 1716 1022 1744 dubitatio

226 1753 414 1788 cogitationem
435 1753 570 1788 significat
591 1754 716 1780 iniuriae.
757 1753 790 1779 X.
813 1755 854 1780 3«.
879 1753 932 1780 Sed
953 1755 1022 1781 inci-

226 1789 293 1816 dunt
303 1798 382 1824 saepe
395 1795 521 1825 tempora,
537 1799 622 1825 quum
634 1799 673 1822 ea,
687 1799 756 1826 quae
768 1791 885 1817 maxime
896 1791 1022 1818 videntur

225 1827 307 1862 digna
319 1835 377 1853 esse
389 1828 460 1854 iusto
476 1827 583 1854 homine
599 1836 698 1863 eoque,
715 1836 797 1862 quem
813 1829 902 1854 virum
919 1828 1020 1855 bonum

226 1864 343 1890 dicimus
352 1885 358 1895 ,
371 1869 569 1891 commutantur
580 1865 701 1900 fiuntque
711 1865 842 1891 contraria
850 1885 856 1895 ‚
870 1870 899 1891 ut
910 1866 1021 1893 reddere

226 1901 392 1935 depositum,
409 1903 573 1936 promissum
586 1901 683 1934 facere;
708 1910 832 1937 quaeque
843 1903 977 1936 pertinent
988 1904 1020 1930 ad

227 1938 364 1964 veritatem
376 1943 401 1965 et
412 1938 444 1964 ad
457 1938 545 1969 fidem,
554 1947 583 1965 ea
592 1940 706 1975 migrare
717 1939 852 1965 interdum
866 1944 891 1966 et
901 1949 952 1966 non
964 1950 1022 1967 ser-

227 1983 288 2001 vare
301 1975 328 2001 fit
341 1976 451 2002 iustum.
478 1975 579 2003 Referri
591 1977 663 2002 enim
674 1976 750 2002 decet
761 1976 794 2002 ad
805 1985 845 2007 ea,
861 1985 930 2011 quae
942 1980 1020 2012 posui
1043 1987 1044 2004 ι

226 2013 373 2047 principio,
392 2012 564 2039 fundamenta
581 2014 712 2040 iustitiae:
736 2014 869 2048 primum,
888 2020 917 2041 ut
932 2017 1019 2042 necui
1042 2034 1043 2039 .

226 2054 364 2076 noceatur:
380 2049 492 2081 deinde,
508 2055 537 2077 ut
547 2052 684 2077 communi
696 2051 805 2077 utilitati
815 2051 958 2078 serviatur.
983 2053 1019 2079 Ea

225 2095 310 2122 quum
323 2092 440 2122 tempore
451 2093 657 2119 commutantur,
671 2093 851 2115 commutatur
863 2088 984 2116 officium
995 2096 1020 2117 et

226 2133 277 2150 non
289 2133 396 2159 semper
405 2129 446 2151 est
460 2124 541 2151 idem.
582 2127 623 2152 32.
646 2126 734 2152 Potest
743 2127 816 2152 enim
827 2126 947 2153 accidere
958 2135 1021 2162 pro-

226 2162 339 2188 missum
355 2161 463 2197 aliquod
475 2167 500 2188 et
510 2168 685 2193 conventum,
708 2167 737 2189 ut
753 2164 780 2190 id
796 2163 867 2190 effici
878 2165 913 2190 sit
924 2165 1019 2191 inutile

225 2198 266 2225 vel
279 2199 365 2229 ei‚cui
377 2200 540 2234 promissum
552 2201 595 2230 sit,
604 2200 646 2226 vel
658 2201 748 2235 ei,qui
760 2202 923 2236 promiserit.
952 2202 1019 2229 Nam

223 2237 257 2267 si,
271 2241 300 2262 ut
311 2237 337 2263 in
350 2235 449 2263 fabulis
460 2242 508 2267 est,
522 2238 677 2272 Neptunus,
689 2238 763 2272 quod
774 2238 877 2265 Theseo
886 2241 1020 2274 promise-

225 2278 271 2303 rat,
285 2282 336 2300 non
348 2273 464 2304 fecisset,
480 2274 599 2301 Theseus
611 2275 754 2311 Hippolyto
767 2275 821 2302 filio
832 2285 884 2303 non
895 2282 966 2303 esset
975 2286 1020 2303 or-

223 2310 311 2337 batus.
352 2311 393 2337 Ex
403 2311 490 2337 tribus
499 2313 571 2338 enim
583 2314 694 2347 optatis,
709 2317 738 2339 ut
748 2313 888 2345 scribitur,
903 2314 953 2340 hoc
963 2319 1019 2341 erat

223 2348 339 2379 tertium,
348 2348 420 2383 quod
427 2348 459 2375 de
472 2349 607 2384 Hippolyti
618 2350 727 2376 interitu
738 2350 822 2377 iratus
832 2352 948 2386 optavit:
964 2360 1019 2386 quo

223 2385 371 2419 impetrato,
390 2386 416 2412 in
429 2387 561 2413 maximos
577 2386 664 2414 luctus
676 2387 779 2414 incidit.
819 2389 873 2414 Nee
884 2389 1018 2423 promissa

224 2422 306 2456 igitur
317 2423 448 2449 servanda
459 2428 522 2450 sunt
532 2432 562 2450 ea
572 2445 578 2455 ,
591 2433 661 2459 quae
672 2425 727 2451 siut
738 2425 772 2451 iis
780 2445 786 2455 .
803 2425 905 2460 quibus
916 2427 1018 2460 promi-

223 2460 427 2489 seris,inutilia:
442 2469 499 2492 nec,
512 2462 536 2487 si
547 2461 609 2496 plus
620 2461 669 2488 tibi
681 2467 801 2493 noceant,
809 2471 891 2497 quam
903 2463 944 2490 illi
954 2472 1017 2498 pro-
1039 2489 1041 2499 ,

223 2496 285 2525 sint,
293 2497 336 2522 cui
348 2498 514 2531 promiseris,
522 2503 613 2525 contra
623 2498 743 2525 officium
754 2504 803 2530 est,
813 2501 900 2526 maius
907 2505 1018 2535 antepo-
1038 2507 1040 2510 ’

223 2532 250 2558 ni
262 2533 372 2559 minori:
386 2540 423 2565 ut,
431 2535 455 2561 si
465 2536 645 2567 constitueris,
654 2541 678 2562 te
688 2537 807 2571 cuipiam
818 2537 977 2564 advocatum
988 2539 1016 2565 in

223 2576 278 2594 rem
290 2576 455 2604 praesentem
466 2581 525 2599 esse
536 2577 680 2600 venturum
688 2594 694 2605 ,
716 2578 796 2609 atque
807 2575 914 2601 interim
924 2576 1017 2611 gravi-

223 2610 261 2632 ter
275 2611 408 2641 aegrotare
424 2608 495 2635 filius
511 2611 640 2645 coeperit,
662 2619 714 2637 non
729 2611 764 2638 sit
778 2616 868 2638 contra
883 2611 1013 2644 officium,

224 2651 275 2669 non
287 2642 386 2675 facere,
401 2646 474 2680 quod
485 2646 599 2681 dixeris,
617 2648 760 2684 magisque
770 2648 830 2680 ille,
843 2650 888 2676 cui
898 2650 1016 2685 promis-

506 222 613 247 [mmm
628 222 699 246 enim
716 225 778 246 sunt
789 229 832 249 ca,
849 229 918 254 quac
934 229 1028 255 repen·
1052 231 1053 239 ¹

484 557 575 591 ltaque
588 555 734 582 videndum
745 560 794 586 est,
808 564 840 582 ne
855 565 905 582 non
918 556 982 582 satis
994 557 1029 582 sit
1049 567 1051 596 s

966 113 996 138 T.
1027 112 1302 139 Clsjtinors'ts

1052 192 1061 202 ’ὲ
1083 192 1142 208 sum
1155 184 1198 212 nit,
1212 183 1245 208 al»
1256 183 1345 209 officio
1356 183 1485 213 discedat.
1494 187 1516 211 ai
1528 194 1555 211 se
1566 185 1723 213 destitutum
1736 194 1873 222 queratur.

1084 221 1135 246 lam
1149 220 1203 246 illis
1215 222 1355 254 promissis
1367 221 1492 247 »tandum
1506 231 1556 249 non
1567 232 1635 250 esse.
1649 226 1712 259 quis
1724 234 1774 252 non
1792 226 1873 257 videt,

1083 266 1151 291 quac
1162 263 1270 283 vom-tus
1281 259 1343 292 quis
1359 263 1439 286 metu.
1453 267 1522 293 qum=
1532 260 1660 295 deceptus
1672 262 1732 287 dolo
1745 264 1874 296 promise-

1083 296 1133 320 rw!
1162 297 1202 320 33,
1225 296 1297 326 Quae
1314 295 1424 329 quidem
1442 295 1567 332 pleraque
1587 299 1643 324 iure
1659 301 1790 333 praetorio
1807 300 1875 327 libe-

1058 349 1059 360 ,
1083 336 1182 361 rantur,
1196 331 1322 357 nonnulla
1339 332 1455 367 legibus.

1137 369 1276 395 Exsistunt
1288 370 1367 395 etiam
1379 378 1458 404 saepe
1471 371 1584 397 iniuriae
1595 372 1729 399 calumnia
1746 374 1872 408 quadam,

1080 411 1105 431 ct
1123 407 1204 432 nimis
1219 406 1328 436 callida,
1352 406 1398 432 sed
1416 407 1546 433 malitiosa
1564 409 1630 434 iuris
1648 410 1873 445 interpretatione,

1081 443 1119 469 Ex
1135 451 1190 478 quo
1205 443 1286 469 illud:
1303 453 1426 470 summum
1439 447 1478 470 ius
1487 454 1584 471 nummu
1597 449 1693 473 iniuria
1702 468 1707 475 .
1725 447 1822 475 factum
1835 454 1875 475 est

1050 480 1059 494 ¹¹
1081 480 1132 506 iam
1144 481 1236 507 tritum
1248 490 1370 507 sermone
1382 482 1565 516 proverbium.
1588 484 1679 514 Quoin
1686 494 1783 520 genere
1794 487 1874 513 etiam

1081 519 1106 543 in
1119 517 1255 552 republica
1269 518 1351 544 multa
1365 524 1520 553 peccantur:
1539 525 1567 546 ut
1579 520 1637 551 ille,
1653 522 1714 556 qui,
1730 531 1815 557 quum
1827 525 1875 550 tri-

1079 556 1152 590 ginta
1164 555 1270 581 dierum
1281 561 1370 582 essent
1381 564 1442 582 curn
1454 557 1528 582 hoste
1541 557 1622 584 factae
1634 559 1772 589 induciae,
1795 566 1873 587 noctu

1079 592 1259 626 populabatur
1274 601 1365 627 agros,
1382 593 1454 628 quod
1470 594 1574 621 dierum
1590 601 1680 622 essent
1696 602 1800 631 pactae,
1822 607 1873 624 non

1079 630 1197 656 noctium
1211 630 1345 656 induciae.
1386 631 1423 657 Ne
1435 636 1523 658 noster
1537 632 1647 667 quidem
1664 634 1832 668 probandus,
1849 636 1872 661 si

1079 676 1172 693 verum
1189 673 1241 697 est,
1264 668 1295 699 Q.
1312 667 1425 694 Fabium
1444 669 1607 699 Labeonem.
1625 679 1672 696 seu
1685 679 1766 706 quem
1778 672 1871 702 alium,

1077 704 1155 739 (nihil
1168 705 1239 730 enim
1252 710 1355 740 praeter
1366 705 1488 732 auditum
1501 707 1606 741 habeo.)
1622 708 1751 735 arbitrum
1764 709 1873 736 Nolanis

1077 747 1103 768 ct
1119 742 1300 777 Neapolitanis
1313 743 1347 769 de
1363 743 1463 769 linibus
1479 752 1492 770 a
1509 750 1603 770 senatu
1618 745 1724 775 datum,
1742 755 1827 781 quum
1840 747 1872 773 ad

1079 778 1165 805 locum
1184 781 1314 810 venisset,
1330 789 1392 806 cum
1405 782 1526 816 utrisque
1538 784 1681 816 separatim
1695 783 1827 814 locutum,
1845 789 1874 811 ut

1077 825 1109 842 ne
1121 816 1218 851 cupide
1231 817 1297 852 quid
1309 823 1425 853 agerent,
1435 827 1466 844 ne
1478 824 1641 853 appetenter,
1655 826 1733 855 atque
1745 826 1773 847 ut
1783 830 1873 857 regre-

1077 854 1118 884 di,
1136 862 1217 889 quam
1234 855 1358 891 progredi
1375 855 1493 882 mallent.
1535 856 1562 882 ld
1577 866 1661 891 quum
1675 859 1780 893 utrique
1792 858 1872 885 fecis—

1047 897 1048 900 ’
1076 896 1148 921 sent,
1167 891 1335 926 aliquantum
1347 893 1403 928 agri
1417 894 1442 919 in
1455 893 1544 919 medio
1555 894 1677 921 relictum
1689 900 1739 922 est.
1780 897 1872 931 ltaque

1078 928 1183 955 illorum
1197 930 1272 960 fines,
1286 931 1356 956 sicut
1368 931 1419 964 ipsi
1431 930 1567 960 dixerant,
1587 933 1754 959 terminavit:
1773 934 1799 959 in
1816 942 1873 959 me-

1076 965 1121 992 dio
1137 966 1259 993 relictum
1277 967 1349 1002 quod
1365 972 1433 998 erat,
1451 968 1550 1003 populo
1567 969 1684 996 Romano
1697 969 1870 997 adiudicavit

1077 1004 1203 1038 Decipere
1220 1004 1268 1030 hoc
1282 1005 1393 1040 quidem
1405 1010 1453 1035 est,
1467 1014 1518 1032 non
1531 1006 1660 1033 iudicare.
1700 1007 1829 1039 Quocirca
1845 1008 1871 1034 in

1076 1042 1149 1067 omni
1162 1050 1189 1067 re
1201 1041 1328 1077 fugienda
1340 1047 1380 1068 est
1391 1042 1450 1068 talis
1465 1043 1592 1069 sollertia.

1132 1078 1178 1104 Xl.
1201 1079 1270 1105 Sunt
1284 1084 1372 1106 autem
1389 1080 1521 1114 quaedam
1536 1080 1624 1107 ofticia
1643 1082 1722 1108 etiam
1741 1081 1872 1108 adversus

1077 1123 1121 1141 eos
1132 1116 1273 1146 servanda,
1287 1126 1300 1143 a
1313 1117 1415 1151 quibus
1427 1118 1554 1144 iniuriam
1566 1120 1711 1153 acceperis,
1742 1119 1788 1146 Est
1799 1121 1872 1146 enim

1078 1152 1226 1179 ulciscendi
1239 1158 1264 1180 et
1279 1154 1409 1188 puniendi
1420 1154 1526 1181 modus.
1567 1156 1653 1190 Atque
1666 1155 1737 1182 haud
1753 1157 1822 1187 scio,
1838 1166 1871 1183 an

1053 1197 1055 1207 ¹
1076 1191 1140 1217 satis
1151 1192 1195 1221 sit,
1209 1199 1281 1221 eum,
1294 1192 1342 1226 qui
1355 1191 1509 1222 lacessierit,
1518 1193 1634 1219 iniuriae
1644 1202 1709 1219 suae
1720 1194 1869 1228 poenitere:

1053 1238 1055 1264 ρ
1077 1232 1105 1254 ut
1115 1233 1141 1254 et
1152 1229 1210 1263 ipse
1222 1237 1255 1254 ne
1266 1228 1333 1263 quid
1345 1229 1396 1255 tale
1407 1229 1531 1264 posthae,
1549 1235 1575 1256 et
1589 1232 1669 1256 ceteri
1685 1231 1738 1257 sint
1753 1231 1786 1257 ad
1798 1232 1873 1258 iniu-

1046 1267 1047 1279 ¹
1077 1265 1142 1291 riam
1155 1265 1295 1292 tardiores.
1327 1267 1368 1293 34.
1390 1267 1478 1301 Atque
1490 1267 1516 1293 in
1528 1267 1667 1302 republica
1679 1269 1796 1295 maxime
1807 1277 1872 1296 con-

1075 1302 1208 1329 servanda
1220 1308 1282 1330 sunt
1292 1305 1350 1330 iura
1361 1303 1436 1330 belli.
1471 1304 1537 1330 Nam
1547 1313 1632 1340 quum
1644 1306 1699 1332 sint
1709 1305 1763 1332 duo
1773 1314 1872 1342 genera

1075 1340 1243 1372 decertandi,
1266 1349 1350 1367 unum
1372 1350 1420 1376 per
1433 1341 1668 1376 disceptationem,
1691 1342 1804 1370 alterum
1825 1352 1873 1379 per

1076 1378 1145 1410 vim;
1167 1386 1309 1413 quumque
1324 1378 1391 1405 illud
1403 1380 1541 1414 proprium
1553 1381 1587 1406 sit
1603 1380 1734 1411 hominis,
1753 1380 1802 1408 hoc
1813 1380 1873 1408 bel-

1077 1415 1196 1442 luarum:
1209 1416 1421 1452 confugiendum
1432 1422 1473 1443 est
1483 1417 1516 1443 ad
1526 1418 1674 1452 posterius,
1688 1419 1711 1444 si
1723 1418 1762 1444 uti
1774 1426 1826 1445 non
1839 1417 1874 1445 li-

1075 1458 1116 1479 cet
1131 1454 1279 1488 superiore.
1320 1455 1362 1480 35.
1383 1454 1470 1486 Quare
1485 1455 1660 1490 suscipienda
1674 1455 1785 1490 quidem
1801 1455 1872 1482 bella

1075 1495 1138 1517 sunt
1149 1491 1184 1517 ob
1194 1499 1253 1518 eam
1265 1499 1398 1522 caussam,
1412 1496 1442 1518 ut
1451 1493 1511 1519 sine
1522 1492 1621 1519 iniuria
1633 1493 1660 1519 in
1672 1501 1737 1527 pace
1748 1493 1869 1526 vivatur;

1045 1531 1046 1534 ’
1075 1533 1148 1562 parta
1160 1533 1249 1555 autem
1262 1529 1381 1559 victoria,
1394 1529 1573 1556 conservandi
1584 1530 1613 1561 ii,
1625 1530 1673 1565 qui
1685 1539 1736 1557 non
1748 1529 1872 1557 crudeles

1075 1566 1101 1591 in
1114 1565 1194 1596 bello,
1208 1575 1260 1593 non
1272 1567 1404 1593 immanes
1416 1566 1539 1594 fuerunt:
1557 1571 1587 1594 ut
1596 1568 1711 1594 maiores
1721 1568 1805 1594 nostri
1816 1568 1872 1594 Tu-

1074 1603 1209 1634 sculanos,
1221 1604 1338 1639 Aequos,
1351 1603 1470 1635 Volscos,
1483 1604 1608 1636 Sabinos,
1622 1605 1749 1632 Hernicos
1761 1605 1788 1632 in
1802 1605 1872 1631 civi-

1074 1645 1154 1667 tatem
1170 1642 1251 1667 etiam
1266 1646 1439 1676 acceperunt,
1462 1646 1488 1668 at
1502 1641 1694 1678 Karthaginem
1711 1647 1737 1669 et
1750 1643 1873 1669 Numan-

1074 1679 1138 1704 tiam
1158 1678 1280 1706 funditus
1301 1678 1481 1705 sustulerunt:
1507 1678 1606 1706 nollem
1627 1679 1800 1706 Corinthum:
1822 1680 1871 1706 sed

1073 1716 1152 1743 credo
1172 1716 1276 1752 aliquid
1292 1720 1410 1747 secutos,
1433 1718 1660 1751 opportunitatem
1677 1716 1727 1743 loci
1741 1717 1869 1748 maxime,

1074 1761 1106 1779 ne
1121 1758 1211 1788 posset
1225 1753 1370 1788 aliquando
1385 1753 1418 1780 ad
1432 1753 1535 1779 bellum
1552 1753 1706 1780 faciendum
1722 1753 1796 1780 locus
1811 1754 1872 1789 ipse

1044 1801 1053 1816 l*
1073 1790 1218 1818 adhortari.
1259 1791 1316 1816 Mea
1331 1790 1442 1825 quidem
1458 1791 1604 1822 sententia,
1622 1791 1696 1826 paci,
1716 1799 1786 1826 quae
1801 1790 1871 1818 nihil

1074 1827 1198 1855 habitura
1209 1829 1244 1854 sit
1255 1827 1426 1859 insidiarum,
1439 1836 1547 1863 semper
1557 1833 1597 1854 est
1608 1827 1816 1855 consulendum.
1840 1829 1871 1856 ln

1073 1874 1127 1900 quo
1138 1867 1162 1892 si
1173 1865 1241 1892 mihi
1253 1870 1323 1892 esset
1333 1865 1560 1900 obtemperatum
1582 1866 1606 1892 si
1620 1873 1673 1892 non
1683 1867 1827 1900 optimam,
1845 1870 1871 1893 at

1073 1902 1192 1938 aliquam
1204 1902 1414 1938 rempublicam,
1431 1911 1501 1937 quae
1512 1911 1585 1929 nunc
1595 1902 1670 1929 nulla
1685 1907 1738 1933 est,
1756 1902 1871 1930 habereh

1073 1949 1144 1967 mus.
1184 1942 1217 1967 Et
1227 1949 1313 1975 quum
1325 1941 1372 1971 iis,
1389 1948 1458 1975 quos
1469 1941 1496 1967 vi
1507 1940 1654 1971 deviceris,
1672 1939 1870 1967 consulendum

1072 1983 1124 2010 est;
1139 1983 1196 2005 tum
1208 1979 1236 2006 ii,
1250 1978 1307 2013 qui,
1321 1978 1403 2004 armis
1413 1978 1523 2012 positis,
1539 1977 1572 2004 ad
1583 1978 1775 2012 imperatorum
1787 1977 1868 2004 fidem

1072 2015 1240 2051 confugient,
1258 2016 1384 2050 quamvis
1399 2024 1508 2042 murum
1523 2016 1592 2041 aries
1607 2015 1784 2050 percusserit,
1799 2016 1870 2041 reci-

1072 2052 1165 2087 piendi
1176 2057 1248 2080 sunt.
1289 2053 1318 2079 ln
1331 2061 1386 2088 quo
1396 2057 1468 2080 tanto
1477 2060 1557 2088 opere
1568 2052 1640 2088 apud
1651 2057 1755 2079 nostros
1766 2052 1869 2079 iustitia

1071 2090 1142 2117 culta
1154 2095 1203 2121 est,
1211 2095 1241 2117 ut
1252 2090 1281 2121 ii,
1293 2091 1342 2125 qui
1352 2090 1475 2117 civitates
1489 2095 1535 2117 aut
1548 2090 1668 2116 nationes
1679 2089 1799 2116 devictas
1809 2088 1870 2116 bel-

1072 2127 1097 2154 lo
1111 2128 1139 2154 in
1156 2128 1236 2154 fidem
1257 2128 1434 2162 recepissent,
1457 2136 1550 2154 earum
1568 2127 1674 2162 patroni
1689 2132 1781 2154 essent
1793 2135 1868 2153 more

1071 2166 1215 2192 maiorum.
1255 2167 1297 2191 36.
1319 2165 1356 2191 Ac
1367 2164 1433 2191 belli
1443 2165 1554 2200 quidem
1565 2165 1686 2200 aequitas
1697 2164 1868 2191 sanctissime

1071 2202 1156 2229 fetiali
1161 2202 1375 2238 populiRomani
1386 2203 1445 2229 iure
1454 2203 1602 2238 perscripta
1608 2206 1658 2228 est.
1679 2200 1868 2237 Exquointel·

1071 2239 1120 2275 ligi
1130 2245 1230 2274 potest,
1243 2239 1349 2266 nullum
1360 2239 1463 2267 bellum
1473 2243 1533 2266 esse
1543 2240 1646 2266 iustum
1655 2260 1661 2270 ,
1674 2239 1728 2265 nisi
1737 2237 1811 2274 quod
1821 2243 1867 2265 aut

1071 2277 1152 2304 rebus
1162 2277 1283 2313 repetitis
1293 2282 1410 2313 geratur,
1419 2282 1464 2304 aut
1474 2277 1661 2304 denuntiatum
1672 2281 1733 2303 ante
1743 2276 1778 2302 sit
1788 2279 1814 2302 et
1823 2276 1867 2302 iu-

1070 2314 1183 2341 dictum.
1223 2314 1345 2349 Popilius
1356 2315 1501 2350 imperator
1511 2313 1618 2341 tenebat
1631 2313 1813 2348 provinciam,
1835 2313 1865 2339 in

1069 2352 1148 2379 cuius
1162 2352 1283 2378 exercitu
1297 2352 1405 2379 Catonis
1425 2351 1498 2378 filius
1521 2352 1572 2378 tiro
1591 2349 1734 2377 militabat.
1774 2349 1865 2382 Quum

1069 2394 1159 2416 autem
1174 2388 1278 2424 Popilio
1292 2389 1441 2420 videretur,
1464 2397 1547 2416 unam
1561 2388 1696 2415 dimittere
1715 2386 1862 2422 legionem3

1069 2426 1176 2453 Catonis
1187 2435 1296 2462 quoque
1311 2426 1412 2458 filium,
1429 2427 1478 2462 qui
1492 2427 1521 2452 in
1535 2425 1628 2452 eadem
1643 2424 1747 2460 legione
1763 2424 1864 2451 milita-

1068 2464 1113 2490 bat
1120 2485 1126 2494 ,
1139 2463 1253 2490 dimisit.
1293 2463 1347 2490 Sed
1357 2472 1444 2498 quum
1454 2471 1544 2490 amore
1554 2461 1694 2498 pugnandi
1705 2462 1733 2488 in
1743 2462 1864 2488 exercitu

1068 2502 1250 2532 remansisset,
1263 2501 1326 2528 Cato
1337 2501 1371 2528 ad
1380 2500 1516 2536 Popilium
1525 2499 1642 2534 scripsit,
1654 2503 1693 2530 ut,
1706 2499 1730 2525 si
1741 2506 1804 2525 eum
1814 2507 1864 2534 pa-

1067 2543 1167 2565 teretur
1177 2539 1205 2565 in
1216 2539 1336 2565 exercitu
1351 2545 1502 2568 remanere,
1519 2535 1638 2563 secundo
1653 2544 1717 2562 eum
1731 2535 1864 2572 obligaret

1045 2599 1046 2602 ,
1067 2576 1180 2603 militiae
1194 2580 1373 2608 sacramento3
1394 2576 1472 2610 quia,
1489 2574 1577 2609 priore
1592 2574 1706 2604 amisso,
1728 2573 1786 2599 iure
1799 2581 1862 2599 cum

1045 2608 1046 2618 ³
1067 2612 1191 2640 hostibus
1203 2621 1325 2649 pugnare
1339 2621 1393 2639 non
1407 2615 1518 2647 poterat.
1531 2626 1567 2631 —
1604 2611 1647 2637 37.
1667 2610 1742 2637 Adeo
1755 2618 1862 2636 summa

1044 2659 1046 2682 ,¹
1065 2654 1122 2677 erat
1134 2650 1286 2678 observatio
1301 2650 1329 2677 in
1344 2649 1416 2677 bello
1430 2648 1572 2676 movendo.
1584 2663 1622 2668 —
1640 2647 1676 2675 M.
1688 2647 1801 2684 quidem
1811 2647 1862 2674 Ca-
