<?xml version="1.0" encoding="UTF-8"?>
<!DOCTYPE html PUBLIC "-//W3C//DTD XHTML 1.0 Transitional//EN"
    "http://www.w3.org/TR/xhtml1/DTD/xhtml1-transitional.dtd">
<html xmlns="http://www.w3.org/1999/xhtml" xml:lang="en" lang="en">
 <head>
  <title>
</title>
<meta http-equiv="Content-Type" content="text/html;charset=utf-8" />
  <meta name='ocr-system' content='tesseract 3.04.00' />
  <meta name='ocr-capabilities' content='ocr_page ocr_carea ocr_par ocr_line ocrx_word'/>
</head>
<body>
  <div class='ocr_page' id='page_1' title='image "./operaomniaunovol00ciceuoft/operaomniaunovol00ciceuoft_0920.png"; bbox 0 0 1941 3052; ppageno 0'>
   <div class='ocr_carea' id='block_1_1' title="bbox 228 129 1023 932">
    <p class='ocr_par' dir='ltr' id='par_1_1' title="bbox 228 129 1023 932">
     <span class='ocr_line' id='line_1_1' title="bbox 228 129 908 156; baseline 0 -2"><span class='ocrx_word' id='word_1_1' title='bbox 228 134 275 155; x_wconf 72' lang='lat' dir='ltr'>›em</span> <span class='ocrx_word' id='word_1_2' title='bbox 796 130 839 156; x_wconf 75' lang='grc'>99.</span> <span class='ocrx_word' id='word_1_3' title='bbox 873 129 908 154; x_wconf 89' lang='grc' dir='ltr'>Μ.</span> 
     </span>
     <span class='ocr_line' id='line_1_2' title="bbox 228 198 1016 235; baseline -0.003 -9"><span class='ocrx_word' id='word_1_4' title='bbox 228 212 259 227; x_wconf 73' lang='lat' dir='ltr'>vo</span> <span class='ocrx_word' id='word_1_5' title='bbox 279 200 361 227; x_wconf 70' lang='lat' dir='ltr'>simili</span> <span class='ocrx_word' id='word_1_6' title='bbox 382 199 511 235; x_wconf 82' lang='lat' dir='ltr'>oppidulo</span> <span class='ocrx_word' id='word_1_7' title='bbox 530 199 648 225; x_wconf 70' lang='lat' dir='ltr'>futurum</span> <span class='ocrx_word' id='word_1_8' title='bbox 671 203 744 233; x_wconf 90' lang='lat' dir='ltr'>puto.</span> <span class='ocrx_word' id='word_1_9' title='bbox 785 198 872 227; x_wconf 82' lang='lat' dir='ltr'>Nihil.</span> <span class='ocrx_word' id='word_1_10' title='bbox 900 199 1016 233; x_wconf 77' lang='lat' dir='ltr'>inquies,</span> 
     </span>
     <span class='ocr_line' id='line_1_3' title="bbox 231 234 1019 271; baseline -0.005 -7"><span class='ocrx_word' id='word_1_11' title='bbox 231 240 307 265; x_wconf 67' lang='lat' dir='ltr'>iuvas</span> <span class='ocrx_word' id='word_1_12' title='bbox 318 247 389 267; x_wconf 73' lang='lat' dir='ltr'>eum,</span> <span class='ocrx_word' id='word_1_13' title='bbox 405 239 429 263; x_wconf 87' lang='lat' dir='ltr'>in</span> <span class='ocrx_word' id='word_1_14' title='bbox 441 246 520 271; x_wconf 81' lang='lat' dir='ltr'>quem</span> <span class='ocrx_word' id='word_1_15' title='bbox 535 238 653 269; x_wconf 58' lang='lat' dir='ltr'>ingratus</span> <span class='ocrx_word' id='word_1_16' title='bbox 665 244 723 260; x_wconf 70' lang='lat' dir='ltr'>esse</span> <span class='ocrx_word' id='word_1_17' title='bbox 734 244 785 261; x_wconf 83' lang='lat' dir='ltr'>non</span> <span class='ocrx_word' id='word_1_18' title='bbox 799 234 858 261; x_wconf 69' lang='lat' dir='ltr'>vis‘?</span> <span class='ocrx_word' id='word_1_19' title='bbox 878 235 1019 261; x_wconf 74' lang='grc' dir='ltr'><strong>1111111οη11-</strong></span> 
     </span>
     <span class='ocr_line' id='line_1_4' title="bbox 231 272 1019 302; baseline -0.005 0"><span class='ocrx_word' id='word_1_20' title='bbox 231 285 281 302; x_wconf 66' lang='lat' dir='ltr'>nus</span> <span class='ocrx_word' id='word_1_21' title='bbox 294 275 402 301; x_wconf 64' lang='lat' dir='ltr'>fortasse</span> <span class='ocrx_word' id='word_1_22' title='bbox 417 274 553 299; x_wconf 66' lang='lat' dir='ltr'>voluisset.</span> <span class='ocrx_word' id='word_1_23' title='bbox 579 273 629 298; x_wconf 72' lang='lat' dir='ltr'>Sed</span> <span class='ocrx_word' id='word_1_24' title='bbox 641 272 673 298; x_wconf 86' lang='lat' dir='ltr'>de</span> <span class='ocrx_word' id='word_1_25' title='bbox 686 272 734 298; x_wconf 87' lang='lat' dir='ltr'>boc</span> <span class='ocrx_word' id='word_1_26' title='bbox 748 272 912 298; x_wconf 77' lang='lat' dir='ltr'>videbimus.</span> <span class='ocrx_word' id='word_1_27' title='bbox 933 272 1019 298; x_wconf 76' lang='lat' dir='ltr'>Exea-</span> 
     </span>
     <span class='ocr_line' id='line_1_5' title="bbox 231 308 1020 344; baseline -0.004 -6"><span class='ocrx_word' id='word_1_28' title='bbox 231 322 290 338; x_wconf 70' lang='lat' dir='ltr'>mus</span> <span class='ocrx_word' id='word_1_29' title='bbox 301 312 390 338; x_wconf 62' lang='lat' dir='ltr'>unnim</span> <span class='ocrx_word' id='word_1_30' title='bbox 414 310 485 344; x_wconf 79' lang='lat' dir='ltr'>qnod</span> <span class='ocrx_word' id='word_1_31' title='bbox 503 315 530 336; x_wconf 86' lang='lat' dir='ltr'>ut</span> <span class='ocrx_word' id='word_1_32' title='bbox 546 309 654 335; x_wconf 82' lang='lat' dir='ltr'>meliore</span> <span class='ocrx_word' id='word_1_33' title='bbox 670 314 787 343; x_wconf 87' lang='lat' dir='ltr'>tempore</span> <span class='ocrx_word' id='word_1_34' title='bbox 799 310 944 344; x_wconf 67' lang='lat' dir='ltr'>possimus,</span> <span class='ocrx_word' id='word_1_35' title='bbox 959 308 1020 335; x_wconf 76' lang='lat' dir='ltr'>lacit</span> 
     </span>
     <span class='ocr_line' id='line_1_6' title="bbox 231 346 1019 376; baseline -0.004 -1"><span class='ocrx_word' id='word_1_36' title='bbox 231 350 346 375; x_wconf 75' lang='lat' dir='ltr'>Adriano</span> <span class='ocrx_word' id='word_1_37' title='bbox 365 349 430 374; x_wconf 80' lang='lat' dir='ltr'>mari</span> <span class='ocrx_word' id='word_1_38' title='bbox 447 346 594 376; x_wconf 79' lang='lat' dir='ltr'>Dolabella,</span> <span class='ocrx_word' id='word_1_39' title='bbox 613 347 730 373; x_wconf 73' lang='lat' dir='ltr'>Fretensi</span> <span class='ocrx_word' id='word_1_40' title='bbox 746 346 836 372; x_wconf 85' lang='lat' dir='ltr'>Curio.</span> <span class='ocrx_word' id='word_1_41' title='bbox 876 348 902 373; x_wconf 82' lang='lat'>2.</span> <span class='ocrx_word' id='word_1_42' title='bbox 923 347 1019 372; x_wconf 78' lang='lat' dir='ltr'>lniecta</span> 
     </span>
     <span class='ocr_line' id='line_1_7' title="bbox 230 383 1021 419; baseline -0.003 -8"><span class='ocrx_word' id='word_1_43' title='bbox 230 391 317 411; x_wconf 75' lang='lat' dir='ltr'>nnn-m</span> <span class='ocrx_word' id='word_1_44' title='bbox 331 385 396 411; x_wconf 86' lang='lat' dir='ltr'>mibi</span> <span class='ocrx_word' id='word_1_45' title='bbox 408 393 469 418; x_wconf 71' lang='lat' dir='ltr'>spes</span> <span class='ocrx_word' id='word_1_46' title='bbox 480 384 611 419; x_wconf 78' lang='lat' dir='ltr'>quaedum</span> <span class='ocrx_word' id='word_1_47' title='bbox 626 388 679 414; x_wconf 79' lang='lat' dir='ltr'>est,</span> <span class='ocrx_word' id='word_1_48' title='bbox 694 383 761 409; x_wconf 80' lang='lat' dir='ltr'>velle</span> <span class='ocrx_word' id='word_1_49' title='bbox 773 392 878 409; x_wconf 89' lang='lat' dir='ltr'>mecum</span> <span class='ocrx_word' id='word_1_50' title='bbox 889 384 947 409; x_wconf 77' lang='lat' dir='ltr'>Ser.</span> <span class='ocrx_word' id='word_1_51' title='bbox 959 383 1021 409; x_wconf 88' lang='lat' dir='ltr'>Sul-</span> 
     </span>
     <span class='ocr_line' id='line_1_8' title="bbox 231 420 1020 457; baseline -0.001 -10"><span class='ocrx_word' id='word_1_52' title='bbox 231 424 331 457; x_wconf 62' lang='lat' dir='ltr'>picium</span> <span class='ocrx_word' id='word_1_53' title='bbox 344 421 470 456; x_wconf 75' lang='lat' dir='ltr'>colloqui.</span> <span class='ocrx_word' id='word_1_54' title='bbox 511 421 550 447; x_wconf 79' lang='lat' dir='ltr'>Ad</span> <span class='ocrx_word' id='word_1_55' title='bbox 561 429 622 446; x_wconf 91' lang='lat' dir='ltr'>eum</span> <span class='ocrx_word' id='word_1_56' title='bbox 635 421 696 446; x_wconf 78' lang='lat' dir='ltr'>misi</span> <span class='ocrx_word' id='word_1_57' title='bbox 708 420 882 447; x_wconf 76' lang='lat' dir='ltr'>Philotimum</span> <span class='ocrx_word' id='word_1_58' title='bbox 895 420 1020 446; x_wconf 90' lang='lat' dir='ltr'>libertum</span> 
     </span>
     <span class='ocr_line' id='line_1_9' title="bbox 230 457 1020 492; baseline -0.003 -7"><span class='ocrx_word' id='word_1_59' title='bbox 230 469 291 485; x_wconf 75' lang='lat' dir='ltr'>cnm</span> <span class='ocrx_word' id='word_1_60' title='bbox 306 459 413 490; x_wconf 81' lang='lat' dir='ltr'>litteris;</span> <span class='ocrx_word' id='word_1_61' title='bbox 436 459 459 484; x_wconf 83' lang='lat' dir='ltr'>si</span> <span class='ocrx_word' id='word_1_62' title='bbox 473 458 513 484; x_wconf 86' lang='lat' dir='ltr'>vir</span> <span class='ocrx_word' id='word_1_63' title='bbox 524 466 582 483; x_wconf 74' lang='lat' dir='ltr'>esse</span> <span class='ocrx_word' id='word_1_64' title='bbox 596 458 673 487; x_wconf 82' lang='lat' dir='ltr'>volet,</span> <span class='ocrx_word' id='word_1_65' title='bbox 688 457 820 492; x_wconf 81' lang='lat' dir='ltr'>praeclare</span> <span class='ocrx_word' id='word_1_66' title='bbox 832 457 952 485; x_wconf 72' lang='grc' dir='ltr'>συνοῢίαι</span> <span class='ocrx_word' id='word_1_67' title='bbox 978 458 1020 483; x_wconf 77' lang='lat' dir='ltr'>sin</span> 
     </span>
     <span class='ocr_line' id='line_1_10' title="bbox 231 494 1021 530; baseline -0.003 -9"><span class='ocrx_word' id='word_1_68' title='bbox 231 501 318 522; x_wconf 79' lang='lat' dir='ltr'>nutem</span> <span class='ocrx_word' id='word_1_69' title='bbox 332 511 380 525; x_wconf 85' lang='grc'>-,</span> <span class='ocrx_word' id='word_1_70' title='bbox 393 496 494 521; x_wconf 83' lang='lat' dir='ltr'>erimus</span> <span class='ocrx_word' id='word_1_71' title='bbox 507 504 563 526; x_wconf 75' lang='lat' dir='ltr'>nos,</span> <span class='ocrx_word' id='word_1_72' title='bbox 579 496 626 530; x_wconf 86' lang='lat' dir='ltr'>qui</span> <span class='ocrx_word' id='word_1_73' title='bbox 638 494 766 521; x_wconf 78' lang='lat' dir='ltr'>solemus.</span> <span class='ocrx_word' id='word_1_74' title='bbox 789 497 813 521; x_wconf 75' lang='lat'>3.</span> <span class='ocrx_word' id='word_1_75' title='bbox 829 495 1021 521; x_wconf 89' lang='lat' dir='ltr'>Curiomecnm</span> 
     </span>
     <span class='ocr_line' id='line_1_11' title="bbox 233 531 1019 566; baseline -0.003 -7"><span class='ocrx_word' id='word_1_76' title='bbox 233 534 314 564; x_wconf 70' lang='lat' dir='ltr'>vixit,</span> <span class='ocrx_word' id='word_1_77' title='bbox 340 534 424 559; x_wconf 73' lang='lat' dir='ltr'>iacere</span> <span class='ocrx_word' id='word_1_78' title='bbox 445 533 584 559; x_wconf 75' lang='lat' dir='ltr'>Caesarem</span> <span class='ocrx_word' id='word_1_79' title='bbox 604 537 701 566; x_wconf 76' lang='lat' dir='ltr'>putans</span> <span class='ocrx_word' id='word_1_80' title='bbox 721 532 866 558; x_wconf 77' lang='lat' dir='ltr'>offensione</span> <span class='ocrx_word' id='word_1_81' title='bbox 886 531 1019 566; x_wconf 84' lang='lat' dir='ltr'>populari,</span> 
     </span>
     <span class='ocr_line' id='line_1_12' title="bbox 231 569 1020 605; baseline -0.003 -9"><span class='ocrx_word' id='word_1_82' title='bbox 231 570 393 605; x_wconf 75' lang='lat' dir='ltr'>Siciliaeque</span> <span class='ocrx_word' id='word_1_83' title='bbox 405 569 540 600; x_wconf 80' lang='lat' dir='ltr'>diflidens,</span> <span class='ocrx_word' id='word_1_84' title='bbox 554 570 576 595; x_wconf 90' lang='lat' dir='ltr'>si</span> <span class='ocrx_word' id='word_1_85' title='bbox 589 570 732 604; x_wconf 82' lang='lat' dir='ltr'>Pompeius</span> <span class='ocrx_word' id='word_1_86' title='bbox 746 570 1020 604; x_wconf 77' lang='lat' dir='ltr'>navigarecoepisset.</span> 
     </span>
     <span class='ocr_line' id='line_1_13' title="bbox 231 607 1022 642; baseline 0 -10"><span class='ocrx_word' id='word_1_87' title='bbox 231 608 360 639; x_wconf 81' lang='lat' dir='ltr'>Quintum</span> <span class='ocrx_word' id='word_1_88' title='bbox 373 616 486 642; x_wconf 88' lang='lat' dir='ltr'>puerum</span> <span class='ocrx_word' id='word_1_89' title='bbox 499 607 588 642; x_wconf 82' lang='lat' dir='ltr'>accepi</span> <span class='ocrx_word' id='word_1_90' title='bbox 602 607 782 633; x_wconf 87' lang='lat' dir='ltr'>vehementer.</span> <span class='ocrx_word' id='word_1_91' title='bbox 822 607 968 632; x_wconf 78' lang='lat' dir='ltr'>Avaritiam</span> <span class='ocrx_word' id='word_1_92' title='bbox 982 607 1022 632; x_wconf 89' lang='lat' dir='ltr'>vi-</span> 
     </span>
     <span class='ocr_line' id='line_1_14' title="bbox 231 643 1022 679; baseline -0.003 -8"><span class='ocrx_word' id='word_1_93' title='bbox 231 645 280 671; x_wconf 85' lang='lat' dir='ltr'>‹lco</span> <span class='ocrx_word' id='word_1_94' title='bbox 302 644 384 671; x_wconf 81' lang='lat' dir='ltr'>luisse</span> <span class='ocrx_word' id='word_1_95' title='bbox 404 649 429 671; x_wconf 89' lang='lat' dir='ltr'>ct</span> <span class='ocrx_word' id='word_1_96' title='bbox 444 653 520 679; x_wconf 86' lang='lat' dir='ltr'>spem</span> <span class='ocrx_word' id='word_1_97' title='bbox 542 645 631 678; x_wconf 72' lang='lat' dir='ltr'>magni</span> <span class='ocrx_word' id='word_1_98' title='bbox 651 644 790 679; x_wconf 79' lang='lat' dir='ltr'>congiarii.</span> <span class='ocrx_word' id='word_1_99' title='bbox 831 644 957 679; x_wconf 74' lang='lat' dir='ltr'>Magnum</span> <span class='ocrx_word' id='word_1_100' title='bbox 974 643 1022 669; x_wconf 90' lang='lat' dir='ltr'>boc</span> 
     </span>
     <span class='ocr_line' id='line_1_15' title="bbox 232 680 1023 716; baseline -0.003 -8"><span class='ocrx_word' id='word_1_101' title='bbox 232 682 332 709; x_wconf 87' lang='lat' dir='ltr'>malum</span> <span class='ocrx_word' id='word_1_102' title='bbox 344 686 392 708; x_wconf 79' lang='lat' dir='ltr'>cst.</span> <span class='ocrx_word' id='word_1_103' title='bbox 423 681 474 708; x_wconf 83' lang='lat' dir='ltr'>Sed</span> <span class='ocrx_word' id='word_1_104' title='bbox 488 681 577 707; x_wconf 87' lang='lat' dir='ltr'>scelus</span> <span class='ocrx_word' id='word_1_105' title='bbox 590 681 666 712; x_wconf 86' lang='lat' dir='ltr'>illud,</span> <span class='ocrx_word' id='word_1_106' title='bbox 679 680 751 716; x_wconf 84' lang='lat' dir='ltr'>quod</span> <span class='ocrx_word' id='word_1_107' title='bbox 763 681 947 711; x_wconf 77' lang='lat' dir='ltr'>timueramus,</span> <span class='ocrx_word' id='word_1_108' title='bbox 961 689 1023 715; x_wconf 81' lang='lat' dir='ltr'>spc-</span> 
     </span>
     <span class='ocr_line' id='line_1_16' title="bbox 231 718 1023 753; baseline -0.001 -8"><span class='ocrx_word' id='word_1_109' title='bbox 231 728 259 745; x_wconf 89' lang='lat' dir='ltr'>ro</span> <span class='ocrx_word' id='word_1_110' title='bbox 275 719 379 746; x_wconf 90' lang='lat' dir='ltr'>nullum</span> <span class='ocrx_word' id='word_1_111' title='bbox 397 718 490 745; x_wconf 86' lang='lat' dir='ltr'>fuisse.</span> <span class='ocrx_word' id='word_1_112' title='bbox 530 719 583 745; x_wconf 88' lang='lat' dir='ltr'>lloc</span> <span class='ocrx_word' id='word_1_113' title='bbox 594 723 682 745; x_wconf 86' lang='lat' dir='ltr'>autem</span> <span class='ocrx_word' id='word_1_114' title='bbox 694 719 804 749; x_wconf 84' lang='lat' dir='ltr'>vitium,</span> <span class='ocrx_word' id='word_1_115' title='bbox 818 723 882 753; x_wconf 87' lang='lat' dir='ltr'>puto</span> <span class='ocrx_word' id='word_1_116' title='bbox 894 723 918 744; x_wconf 87' lang='lat' dir='ltr'>te</span> <span class='ocrx_word' id='word_1_117' title='bbox 929 718 1023 744; x_wconf 89' lang='lat' dir='ltr'>existi-</span> 
     </span>
     <span class='ocr_line' id='line_1_17' title="bbox 231 755 1023 790; baseline -0.003 -7"><span class='ocrx_word' id='word_1_118' title='bbox 231 765 317 787; x_wconf 80' lang='lat' dir='ltr'>mare,</span> <span class='ocrx_word' id='word_1_119' title='bbox 341 765 392 783; x_wconf 90' lang='lat' dir='ltr'>non</span> <span class='ocrx_word' id='word_1_120' title='bbox 413 761 501 782; x_wconf 83' lang='lat' dir='ltr'>nostra</span> <span class='ocrx_word' id='word_1_121' title='bbox 518 755 698 790; x_wconf 65' lang='lat' dir='ltr'>indulgentia,</span> <span class='ocrx_word' id='word_1_122' title='bbox 721 755 768 781; x_wconf 87' lang='lat' dir='ltr'>sed</span> <span class='ocrx_word' id='word_1_123' title='bbox 788 764 802 782; x_wconf 90' lang='lat' dir='ltr'>a</span> <span class='ocrx_word' id='word_1_124' title='bbox 822 760 914 782; x_wconf 83' lang='lat' dir='ltr'>natura</span> <span class='ocrx_word' id='word_1_125' title='bbox 935 755 1023 789; x_wconf 85' lang='lat' dir='ltr'>profe-</span> 
     </span>
     <span class='ocr_line' id='line_1_18' title="bbox 230 792 1022 828; baseline -0.003 -8"><span class='ocrx_word' id='word_1_126' title='bbox 230 799 313 825; x_wconf 76' lang='lat' dir='ltr'>ctum,</span> <span class='ocrx_word' id='word_1_127' title='bbox 327 802 408 828; x_wconf 86' lang='lat' dir='ltr'>quem</span> <span class='ocrx_word' id='word_1_128' title='bbox 420 798 506 820; x_wconf 88' lang='lat' dir='ltr'>tamen</span> <span class='ocrx_word' id='word_1_129' title='bbox 520 802 567 819; x_wconf 88' lang='lat' dir='ltr'>nos</span> <span class='ocrx_word' id='word_1_130' title='bbox 578 792 721 828; x_wconf 79' lang='lat' dir='ltr'>disciplina</span> <span class='ocrx_word' id='word_1_131' title='bbox 736 793 865 828; x_wconf 80' lang='lat' dir='ltr'>regimus.</span> <span class='ocrx_word' id='word_1_132' title='bbox 886 793 1022 827; x_wconf 82' lang='lat' dir='ltr'>DeOppiis</span> 
     </span>
     <span class='ocr_line' id='line_1_19' title="bbox 231 830 1020 865; baseline -0.003 -8"><span class='ocrx_word' id='word_1_133' title='bbox 231 831 403 857; x_wconf 74' lang='lat' dir='ltr'>Veliensibus</span> <span class='ocrx_word' id='word_1_134' title='bbox 424 830 490 865; x_wconf 84' lang='lat' dir='ltr'>quid</span> <span class='ocrx_word' id='word_1_135' title='bbox 515 830 631 865; x_wconf 78' lang='lat' dir='ltr'>placeat,</span> <span class='ocrx_word' id='word_1_136' title='bbox 658 839 720 856; x_wconf 90' lang='lat' dir='ltr'>cum</span> <span class='ocrx_word' id='word_1_137' title='bbox 741 830 884 856; x_wconf 84' lang='lat' dir='ltr'>Philotimo</span> <span class='ocrx_word' id='word_1_138' title='bbox 905 830 1020 856; x_wconf 76' lang='lat' dir='ltr'>videbis.</span> 
     </span>
     <span class='ocr_line' id='line_1_20' title="bbox 232 866 1023 903; baseline -0.001 -9"><span class='ocrx_word' id='word_1_139' title='bbox 232 868 344 903; x_wconf 83' lang='lat' dir='ltr'><strong>Epirum</strong></span> <span class='ocrx_word' id='word_1_140' title='bbox 357 873 472 894; x_wconf 84' lang='lat' dir='ltr'>nostram</span> <span class='ocrx_word' id='word_1_141' title='bbox 485 868 653 903; x_wconf 75' lang='lat' dir='ltr'>putabimus:</span> <span class='ocrx_word' id='word_1_142' title='bbox 677 867 724 894; x_wconf 88' lang='lat' dir='ltr'>sed</span> <span class='ocrx_word' id='word_1_143' title='bbox 736 866 904 894; x_wconf 87' lang='lat' dir='ltr'>alioscursus</span> <span class='ocrx_word' id='word_1_144' title='bbox 912 867 1023 893; x_wconf 78' lang='lat' dir='ltr'>videba-</span> 
     </span>
     <span class='ocr_line' id='line_1_21' title="bbox 232 905 432 932; baseline 0.005 -1"><span class='ocrx_word' id='word_1_145' title='bbox 232 914 293 932; x_wconf 89' lang='lat' dir='ltr'>mur</span> <span class='ocrx_word' id='word_1_146' title='bbox 305 905 432 932; x_wconf 85' lang='lat' dir='ltr'>habituri.</span> 
     </span>
    </p>
   </div>
   <div class='ocr_carea' id='block_1_2' title="bbox 524 949 631 953">
    <p class='ocr_par' dir='ltr' id='par_1_2' title="bbox 524 949 631 953">
     <span class='ocr_line' id='line_1_22' title="bbox 524 949 631 953; baseline 0 0"><span class='ocrx_word' id='word_1_147' title='bbox 524 949 631 953; x_wconf 95' lang='lat' dir='ltr'> </span> 
     </span>
    </p>
   </div>
   <div class='ocr_carea' id='block_1_3' title="bbox 287 975 345 995">
    <p class='ocr_par' dir='ltr' id='par_1_3' title="bbox 287 975 345 995">
     <span class='ocr_line' id='line_1_23' title="bbox 287 975 345 995; baseline 0 0"><span class='ocrx_word' id='word_1_148' title='bbox 287 975 345 995; x_wconf 65' lang='lat' dir='ltr'>Ylll.</span> 
     </span>
    </p>
   </div>
   <div class='ocr_carea' id='block_1_4' title="bbox 370 977 821 998">
    <p class='ocr_par' dir='ltr' id='par_1_4' title="bbox 370 977 821 998">
     <span class='ocr_line' id='line_1_24' title="bbox 370 977 821 998; baseline -0.002 -4"><span class='ocrx_word' id='word_1_149' title='bbox 370 977 399 998; x_wconf 88' lang='lat' dir='ltr'>(ln</span> <span class='ocrx_word' id='word_1_150' title='bbox 410 977 500 996; x_wconf 53' lang='lat' dir='ltr'>(Humano,</span> <span class='ocrx_word' id='word_1_151' title='bbox 512 978 610 997; x_wconf 67' lang='lat' dir='ltr'>Marcello,</span> <span class='ocrx_word' id='word_1_152' title='bbox 620 978 641 994; x_wconf 63' lang='lat' dir='ltr'>L«</span> <span class='ocrx_word' id='word_1_153' title='bbox 649 979 700 994; x_wconf 72' lang='grc' dir='ltr'>ιιιιιῐι,</span> <span class='ocrx_word' id='word_1_154' title='bbox 711 984 756 994; x_wconf 70' lang='lat' dir='ltr'>rou.</span> <span class='ocrx_word' id='word_1_155' title='bbox 769 978 821 996; x_wconf 57' lang='lat' dir='ltr'>nv..)</span> 
     </span>
    </p>
   </div>
   <div class='ocr_carea' id='block_1_5' title="bbox 234 1017 1024 1126">
    <p class='ocr_par' dir='ltr' id='par_1_5' title="bbox 234 1017 1024 1126">
     <span class='ocr_line' id='line_1_25' title="bbox 418 1017 836 1044; baseline 0 -1"><span class='ocrx_word' id='word_1_156' title='bbox 418 1017 584 1044; x_wconf 81' lang='lat' dir='ltr'>CICERO</span> <span class='ocrx_word' id='word_1_157' title='bbox 612 1017 779 1044; x_wconf 80' lang='lat' dir='ltr'>ATTICO</span> <span class='ocrx_word' id='word_1_158' title='bbox 809 1017 836 1043; x_wconf 88' lang='lat' dir='ltr'>S.</span> 
     </span>
     <span class='ocr_line' id='line_1_26' title="bbox 292 1050 1023 1089; baseline -0.001 -9"><span class='ocrx_word' id='word_1_159' title='bbox 292 1056 314 1080; x_wconf 77' lang='grc'>4.</span> <span class='ocrx_word' id='word_1_160' title='bbox 336 1050 374 1081; x_wconf 84' lang='lat' dir='ltr'>Et</span> <span class='ocrx_word' id='word_1_161' title='bbox 394 1063 435 1081; x_wconf 89' lang='lat' dir='ltr'>res</span> <span class='ocrx_word' id='word_1_162' title='bbox 452 1055 509 1089; x_wconf 85' lang='lat' dir='ltr'>ipsa</span> <span class='ocrx_word' id='word_1_163' title='bbox 522 1054 658 1084; x_wconf 83' lang='lat' dir='ltr'>monebat.</span> <span class='ocrx_word' id='word_1_164' title='bbox 675 1059 702 1081; x_wconf 90' lang='lat' dir='ltr'>et</span> <span class='ocrx_word' id='word_1_165' title='bbox 713 1059 739 1081; x_wconf 90' lang='lat' dir='ltr'>tu</span> <span class='ocrx_word' id='word_1_166' title='bbox 751 1054 919 1085; x_wconf 72' lang='lat' dir='ltr'>ostenderas,</span> <span class='ocrx_word' id='word_1_167' title='bbox 938 1058 963 1080; x_wconf 84' lang='lat' dir='ltr'>et</span> <span class='ocrx_word' id='word_1_168' title='bbox 974 1062 1023 1089; x_wconf 74' lang='lat' dir='ltr'>ego</span> 
     </span>
     <span class='ocr_line' id='line_1_27' title="bbox 234 1091 1024 1126; baseline 0 -9"><span class='ocrx_word' id='word_1_169' title='bbox 234 1091 369 1122; x_wconf 77' lang='lat' dir='ltr'>videbam,</span> <span class='ocrx_word' id='word_1_170' title='bbox 383 1091 416 1118; x_wconf 87' lang='lat' dir='ltr'>‹le</span> <span class='ocrx_word' id='word_1_171' title='bbox 428 1092 461 1118; x_wconf 88' lang='lat' dir='ltr'>iis</span> <span class='ocrx_word' id='word_1_172' title='bbox 474 1092 563 1122; x_wconf 78' lang='lat' dir='ltr'>rebus,</span> <span class='ocrx_word' id='word_1_173' title='bbox 577 1100 644 1126; x_wconf 83' lang='lat' dir='ltr'>quas</span> <span class='ocrx_word' id='word_1_174' title='bbox 656 1093 779 1126; x_wconf 81' lang='lat' dir='ltr'>intercipi</span> <span class='ocrx_word' id='word_1_175' title='bbox 792 1091 973 1126; x_wconf 86' lang='lat' dir='ltr'>periculosum</span> <span class='ocrx_word' id='word_1_176' title='bbox 981 1099 1024 1117; x_wconf 90' lang='lat' dir='ltr'>es-</span> 
     </span>
    </p>
   </div>
   <div class='ocr_carea' id='block_1_6' title="bbox 233 1127 1055 1164">
    <p class='ocr_par' dir='ltr' id='par_1_6' title="bbox 233 1127 1055 1164">
     <span class='ocr_line' id='line_1_28' title="bbox 233 1127 1055 1164; baseline -0.001 -9"><span class='ocrx_word' id='word_1_177' title='bbox 233 1130 373 1156; x_wconf 78' lang='lat' dir='ltr'>set.[inen1</span> <span class='ocrx_word' id='word_1_178' title='bbox 387 1130 455 1155; x_wconf 90' lang='lat' dir='ltr'>inter</span> <span class='ocrx_word' id='word_1_179' title='bbox 467 1138 513 1155; x_wconf 83' lang='lat' dir='ltr'>nos</span> <span class='ocrx_word' id='word_1_180' title='bbox 525 1128 660 1155; x_wconf 82' lang='lat' dir='ltr'>scribendi</span> <span class='ocrx_word' id='word_1_181' title='bbox 674 1129 729 1155; x_wconf 79' lang='lat' dir='ltr'>fieri</span> <span class='ocrx_word' id='word_1_182' title='bbox 742 1134 848 1164; x_wconf 87' lang='lat' dir='ltr'>tempus</span> <span class='ocrx_word' id='word_1_183' title='bbox 859 1137 928 1155; x_wconf 84' lang='lat' dir='ltr'>esse.</span> <span class='ocrx_word' id='word_1_184' title='bbox 959 1127 1021 1157; x_wconf 82' lang='lat' dir='ltr'>Sed,</span> <span class='ocrx_word' id='word_1_185' title='bbox 1053 1130 1055 1138; x_wconf 78' lang='lat'><em>&#39;</em></span> 
     </span>
    </p>
   </div>
   <div class='ocr_carea' id='block_1_7' title="bbox 233 1165 1026 1345">
    <p class='ocr_par' dir='ltr' id='par_1_7' title="bbox 233 1165 1026 1345">
     <span class='ocr_line' id='line_1_29' title="bbox 233 1165 1024 1201; baseline 0 -9"><span class='ocrx_word' id='word_1_186' title='bbox 233 1175 317 1200; x_wconf 85' lang='lat' dir='ltr'>quum</span> <span class='ocrx_word' id='word_1_187' title='bbox 330 1166 362 1192; x_wconf 85' lang='lat' dir='ltr'>ad</span> <span class='ocrx_word' id='word_1_188' title='bbox 377 1174 418 1192; x_wconf 85' lang='lat' dir='ltr'>me</span> <span class='ocrx_word' id='word_1_189' title='bbox 430 1174 508 1201; x_wconf 82' lang='lat' dir='ltr'>saepe</span> <span class='ocrx_word' id='word_1_190' title='bbox 520 1175 577 1192; x_wconf 85' lang='lat' dir='ltr'>mea</span> <span class='ocrx_word' id='word_1_191' title='bbox 589 1165 676 1192; x_wconf 88' lang='lat' dir='ltr'>Tullia</span> <span class='ocrx_word' id='word_1_192' title='bbox 687 1166 795 1197; x_wconf 90' lang='lat' dir='ltr'>scribat,</span> <span class='ocrx_word' id='word_1_193' title='bbox 810 1175 898 1197; x_wconf 73' lang='lat' dir='ltr'>orans,</span> <span class='ocrx_word' id='word_1_194' title='bbox 912 1170 948 1196; x_wconf 82' lang='lat' dir='ltr'>ut,</span> <span class='ocrx_word' id='word_1_195' title='bbox 958 1165 1024 1200; x_wconf 84' lang='lat' dir='ltr'>quid</span> 
     </span>
     <span class='ocr_line' id='line_1_30' title="bbox 234 1203 1022 1238; baseline -0.001 -9"><span class='ocrx_word' id='word_1_196' title='bbox 234 1204 260 1229; x_wconf 93' lang='lat' dir='ltr'>in</span> <span class='ocrx_word' id='word_1_197' title='bbox 277 1204 402 1238; x_wconf 78' lang='lat' dir='ltr'>Hispania</span> <span class='ocrx_word' id='word_1_198' title='bbox 414 1208 535 1238; x_wconf 74' lang='lat' dir='ltr'>geratur,</span> <span class='ocrx_word' id='word_1_199' title='bbox 552 1208 718 1238; x_wconf 79' lang='lat' dir='ltr'>exspectem,</span> <span class='ocrx_word' id='word_1_200' title='bbox 735 1208 760 1230; x_wconf 91' lang='lat' dir='ltr'>et</span> <span class='ocrx_word' id='word_1_201' title='bbox 776 1212 883 1238; x_wconf 83' lang='lat' dir='ltr'>semper</span> <span class='ocrx_word' id='word_1_202' title='bbox 898 1203 1022 1233; x_wconf 80' lang='lat' dir='ltr'>ascribat,</span> 
     </span>
     <span class='ocr_line' id='line_1_31' title="bbox 234 1240 1025 1275; baseline 0 -9"><span class='ocrx_word' id='word_1_203' title='bbox 234 1240 305 1266; x_wconf 80' lang='lat' dir='ltr'>idem</span> <span class='ocrx_word' id='word_1_204' title='bbox 322 1240 408 1266; x_wconf 83' lang='lat' dir='ltr'>videri</span> <span class='ocrx_word' id='word_1_205' title='bbox 427 1240 485 1271; x_wconf 78' lang='lat' dir='ltr'>tibi.</span> <span class='ocrx_word' id='word_1_206' title='bbox 504 1240 585 1275; x_wconf 84' lang='lat' dir='ltr'>idque</span> <span class='ocrx_word' id='word_1_207' title='bbox 602 1241 660 1275; x_wconf 88' lang='lat' dir='ltr'>ipse</span> <span class='ocrx_word' id='word_1_208' title='bbox 675 1241 754 1266; x_wconf 88' lang='lat' dir='ltr'>etiam</span> <span class='ocrx_word' id='word_1_209' title='bbox 766 1249 799 1267; x_wconf 83' lang='lat' dir='ltr'>ex</span> <span class='ocrx_word' id='word_1_210' title='bbox 810 1241 863 1267; x_wconf 88' lang='lat' dir='ltr'>tuis</span> <span class='ocrx_word' id='word_1_211' title='bbox 876 1240 971 1267; x_wconf 89' lang='lat' dir='ltr'>litteris</span> <span class='ocrx_word' id='word_1_212' title='bbox 983 1241 1025 1266; x_wconf 89' lang='lat' dir='ltr'>in-</span> 
     </span>
     <span class='ocr_line' id='line_1_32' title="bbox 234 1277 1025 1312; baseline 0 -9"><span class='ocrx_word' id='word_1_213' title='bbox 234 1277 396 1308; x_wconf 79' lang='lat' dir='ltr'>tellexerim,</span> <span class='ocrx_word' id='word_1_214' title='bbox 411 1286 462 1304; x_wconf 93' lang='lat' dir='ltr'>non</span> <span class='ocrx_word' id='word_1_215' title='bbox 474 1283 538 1312; x_wconf 88' lang='lat' dir='ltr'>puto</span> <span class='ocrx_word' id='word_1_216' title='bbox 549 1286 608 1304; x_wconf 90' lang='lat' dir='ltr'>esse</span> <span class='ocrx_word' id='word_1_217' title='bbox 620 1277 752 1309; x_wconf 78' lang='lat' dir='ltr'>alienum,</span> <span class='ocrx_word' id='word_1_218' title='bbox 766 1286 807 1304; x_wconf 92' lang='lat' dir='ltr'>me</span> <span class='ocrx_word' id='word_1_219' title='bbox 819 1277 852 1304; x_wconf 91' lang='lat' dir='ltr'>ad</span> <span class='ocrx_word' id='word_1_220' title='bbox 867 1283 901 1308; x_wconf 87' lang='lat' dir='ltr'>te,</span> <span class='ocrx_word' id='word_1_221' title='bbox 914 1277 981 1312; x_wconf 86' lang='lat' dir='ltr'>quid</span> <span class='ocrx_word' id='word_1_222' title='bbox 992 1277 1025 1303; x_wconf 88' lang='lat' dir='ltr'>de</span> 
     </span>
     <span class='ocr_line' id='line_1_33' title="bbox 233 1315 1026 1345; baseline 0 -5"><span class='ocrx_word' id='word_1_223' title='bbox 233 1323 263 1341; x_wconf 87' lang='lat' dir='ltr'>ea</span> <span class='ocrx_word' id='word_1_224' title='bbox 274 1323 300 1340; x_wconf 89' lang='lat' dir='ltr'>re</span> <span class='ocrx_word' id='word_1_225' title='bbox 311 1315 434 1345; x_wconf 84' lang='lat' dir='ltr'>sentiam,</span> <span class='ocrx_word' id='word_1_226' title='bbox 448 1315 574 1341; x_wconf 89' lang='lat' dir='ltr'>scribere.</span> <span class='ocrx_word' id='word_1_227' title='bbox 596 1316 622 1341; x_wconf 78' lang='lat'>2.</span> <span class='ocrx_word' id='word_1_228' title='bbox 637 1315 786 1342; x_wconf 87' lang='lat' dir='ltr'>Consilium</span> <span class='ocrx_word' id='word_1_229' title='bbox 798 1315 871 1341; x_wconf 92' lang='lat' dir='ltr'>istud</span> <span class='ocrx_word' id='word_1_230' title='bbox 882 1320 945 1341; x_wconf 90' lang='lat' dir='ltr'>tunc</span> <span class='ocrx_word' id='word_1_231' title='bbox 956 1319 1026 1340; x_wconf 86' lang='lat' dir='ltr'>esset</span> 
     </span>
    </p>
   </div>
   <div class='ocr_carea' id='block_1_8' title="bbox 233 1351 1055 1386">
    <p class='ocr_par' dir='ltr' id='par_1_8' title="bbox 233 1351 1055 1386">
     <span class='ocr_line' id='line_1_34' title="bbox 233 1351 1055 1386; baseline 0 -9"><span class='ocrx_word' id='word_1_232' title='bbox 233 1351 366 1386; x_wconf 84' lang='lat' dir='ltr'>prudens,</span> <span class='ocrx_word' id='word_1_233' title='bbox 392 1356 420 1378; x_wconf 89' lang='lat' dir='ltr'>ut</span> <span class='ocrx_word' id='word_1_234' title='bbox 436 1352 503 1378; x_wconf 90' lang='lat' dir='ltr'>mihi</span> <span class='ocrx_word' id='word_1_235' title='bbox 519 1352 640 1383; x_wconf 90' lang='lat' dir='ltr'>videtur,</span> <span class='ocrx_word' id='word_1_236' title='bbox 657 1353 680 1378; x_wconf 92' lang='lat' dir='ltr'>si</span> <span class='ocrx_word' id='word_1_237' title='bbox 696 1358 799 1379; x_wconf 89' lang='lat' dir='ltr'>nostras</span> <span class='ocrx_word' id='word_1_238' title='bbox 810 1353 925 1378; x_wconf 87' lang='lat' dir='ltr'>rationes</span> <span class='ocrx_word' id='word_1_239' title='bbox 935 1351 968 1378; x_wconf 90' lang='lat' dir='ltr'>ad</span> <span class='ocrx_word' id='word_1_240' title='bbox 980 1352 1026 1378; x_wconf 80' lang='lat' dir='ltr'>Hi-</span> <span class='ocrx_word' id='word_1_241' title='bbox 1054 1356 1055 1363; x_wconf 68' lang='lat'>¹</span> 
     </span>
    </p>
   </div>
   <div class='ocr_carea' id='block_1_9' title="bbox 232 1389 1029 2242">
    <p class='ocr_par' dir='ltr' id='par_1_9' title="bbox 232 1389 1029 2242">
     <span class='ocr_line' id='line_1_35' title="bbox 233 1389 1026 1424; baseline 0.001 -10"><span class='ocrx_word' id='word_1_242' title='bbox 233 1389 403 1423; x_wconf 85' lang='lat' dir='ltr'>spaniensem</span> <span class='ocrx_word' id='word_1_243' title='bbox 415 1397 507 1416; x_wconf 91' lang='lat' dir='ltr'>casum</span> <span class='ocrx_word' id='word_1_244' title='bbox 515 1389 739 1416; x_wconf 85' lang='lat' dir='ltr'>accommodaturi</span> <span class='ocrx_word' id='word_1_245' title='bbox 746 1398 868 1416; x_wconf 88' lang='lat' dir='ltr'>essemus</span> <span class='ocrx_word' id='word_1_246' title='bbox 876 1399 882 1422; x_wconf 70' lang='grc' dir='ltr'><strong>ς</strong></span> <span class='ocrx_word' id='word_1_247' title='bbox 900 1389 971 1424; x_wconf 92' lang='lat' dir='ltr'>quod</span> <span class='ocrx_word' id='word_1_248' title='bbox 979 1390 1026 1415; x_wconf 79' lang='lat' dir='ltr'>lie-</span> 
     </span>
     <span class='ocr_line' id='line_1_36' title="bbox 234 1426 1025 1461; baseline 0.001 -9"><span class='ocrx_word' id='word_1_249' title='bbox 234 1427 255 1453; x_wconf 91' lang='lat' dir='ltr'>ri</span> <span class='ocrx_word' id='word_1_250' title='bbox 277 1426 367 1452; x_wconf 89' lang='lat' dir='ltr'>dicitis</span> <span class='ocrx_word' id='word_1_251' title='bbox 385 1431 516 1461; x_wconf 79' lang='lat' dir='ltr'>oportere.</span> <span class='ocrx_word' id='word_1_252' title='bbox 557 1427 671 1453; x_wconf 87' lang='lat' dir='ltr'>Necesse</span> <span class='ocrx_word' id='word_1_253' title='bbox 688 1427 825 1459; x_wconf 86' lang='lat' dir='ltr'>estenim,</span> <span class='ocrx_word' id='word_1_254' title='bbox 838 1432 897 1458; x_wconf 76' lang='lat' dir='ltr'>aut,</span> <span class='ocrx_word' id='word_1_255' title='bbox 914 1426 941 1452; x_wconf 93' lang='lat' dir='ltr'>id</span> <span class='ocrx_word' id='word_1_256' title='bbox 953 1426 1025 1461; x_wconf 88' lang='lat' dir='ltr'>quod</span> 
     </span>
     <span class='ocr_line' id='line_1_37' title="bbox 234 1463 1025 1499; baseline 0 -10"><span class='ocrx_word' id='word_1_257' title='bbox 234 1464 349 1490; x_wconf 84' lang='lat' dir='ltr'>maxime</span> <span class='ocrx_word' id='word_1_258' title='bbox 366 1464 461 1495; x_wconf 79' lang='lat' dir='ltr'>velim,</span> <span class='ocrx_word' id='word_1_259' title='bbox 479 1464 543 1499; x_wconf 90' lang='lat' dir='ltr'>pelli</span> <span class='ocrx_word' id='word_1_260' title='bbox 555 1465 636 1490; x_wconf 90' lang='lat' dir='ltr'>istum</span> <span class='ocrx_word' id='word_1_261' title='bbox 648 1464 681 1490; x_wconf 91' lang='lat' dir='ltr'>ab</span> <span class='ocrx_word' id='word_1_262' title='bbox 693 1465 834 1499; x_wconf 81' lang='lat' dir='ltr'>Hispania,</span> <span class='ocrx_word' id='word_1_263' title='bbox 862 1469 907 1490; x_wconf 91' lang='lat' dir='ltr'>aut</span> <span class='ocrx_word' id='word_1_264' title='bbox 918 1464 987 1490; x_wconf 86' lang='lat' dir='ltr'>trahi</span> <span class='ocrx_word' id='word_1_265' title='bbox 999 1463 1025 1489; x_wconf 91' lang='lat' dir='ltr'>id</span> 
     </span>
     <span class='ocr_line' id='line_1_38' title="bbox 234 1500 1027 1536; baseline 0.001 -10"><span class='ocrx_word' id='word_1_266' title='bbox 234 1500 349 1532; x_wconf 79' lang='lat' dir='ltr'>bellum,</span> <span class='ocrx_word' id='word_1_267' title='bbox 372 1505 417 1527; x_wconf 89' lang='lat' dir='ltr'>aut</span> <span class='ocrx_word' id='word_1_268' title='bbox 428 1502 518 1532; x_wconf 83' lang='lat' dir='ltr'>istum,</span> <span class='ocrx_word' id='word_1_269' title='bbox 532 1506 561 1528; x_wconf 90' lang='lat' dir='ltr'>ut</span> <span class='ocrx_word' id='word_1_270' title='bbox 571 1501 704 1528; x_wconf 85' lang='lat' dir='ltr'>confidere</span> <span class='ocrx_word' id='word_1_271' title='bbox 717 1500 1027 1536; x_wconf 69' lang='lat' dir='ltr'>videtur,appreliende-</span> 
     </span>
     <span class='ocr_line' id='line_1_39' title="bbox 234 1538 1026 1575; baseline 0 -11"><span class='ocrx_word' id='word_1_272' title='bbox 234 1547 261 1565; x_wconf 84' lang='lat' dir='ltr'>re</span> <span class='ocrx_word' id='word_1_273' title='bbox 276 1538 428 1573; x_wconf 80' lang='lat' dir='ltr'>Hispanias.</span> <span class='ocrx_word' id='word_1_274' title='bbox 469 1538 498 1565; x_wconf 90' lang='lat' dir='ltr'>Si</span> <span class='ocrx_word' id='word_1_275' title='bbox 510 1538 637 1573; x_wconf 85' lang='lat' dir='ltr'>pelletur;</span> <span class='ocrx_word' id='word_1_276' title='bbox 671 1547 753 1574; x_wconf 86' lang='lat' dir='ltr'>quam</span> <span class='ocrx_word' id='word_1_277' title='bbox 764 1544 870 1575; x_wconf 85' lang='lat' dir='ltr'>gratus,</span> <span class='ocrx_word' id='word_1_278' title='bbox 888 1543 934 1565; x_wconf 87' lang='lat' dir='ltr'>aut</span> <span class='ocrx_word' id='word_1_279' title='bbox 944 1547 1026 1574; x_wconf 85' lang='lat' dir='ltr'>quam</span> 
     </span>
     <span class='ocr_line' id='line_1_40' title="bbox 234 1575 1023 1611; baseline -0.001 -9"><span class='ocrx_word' id='word_1_280' title='bbox 234 1576 362 1602; x_wconf 87' lang='lat' dir='ltr'>honestus</span> <span class='ocrx_word' id='word_1_281' title='bbox 387 1581 443 1602; x_wconf 92' lang='lat' dir='ltr'>tum</span> <span class='ocrx_word' id='word_1_282' title='bbox 469 1577 518 1602; x_wconf 87' lang='lat' dir='ltr'>erit</span> <span class='ocrx_word' id='word_1_283' title='bbox 537 1576 571 1602; x_wconf 88' lang='lat' dir='ltr'>ad</span> <span class='ocrx_word' id='word_1_284' title='bbox 594 1576 750 1611; x_wconf 85' lang='lat' dir='ltr'>Pompeium</span> <span class='ocrx_word' id='word_1_285' title='bbox 771 1581 861 1603; x_wconf 89' lang='lat' dir='ltr'>noster</span> <span class='ocrx_word' id='word_1_286' title='bbox 882 1575 1023 1605; x_wconf 83' lang='lat' dir='ltr'>adventus,</span> 
     </span>
     <span class='ocr_line' id='line_1_41' title="bbox 233 1611 1027 1648; baseline -0.001 -9"><span class='ocrx_word' id='word_1_287' title='bbox 233 1621 318 1647; x_wconf 88' lang='lat' dir='ltr'>quum</span> <span class='ocrx_word' id='word_1_288' title='bbox 337 1614 427 1647; x_wconf 87' lang='lat' dir='ltr'>ipsum</span> <span class='ocrx_word' id='word_1_289' title='bbox 445 1612 589 1639; x_wconf 85' lang='lat' dir='ltr'>Curionem</span> <span class='ocrx_word' id='word_1_290' title='bbox 604 1613 636 1639; x_wconf 88' lang='lat' dir='ltr'>ad</span> <span class='ocrx_word' id='word_1_291' title='bbox 651 1622 713 1640; x_wconf 90' lang='lat' dir='ltr'>eum</span> <span class='ocrx_word' id='word_1_292' title='bbox 728 1614 903 1640; x_wconf 91' lang='lat' dir='ltr'>transiturum</span> <span class='ocrx_word' id='word_1_293' title='bbox 917 1611 1027 1648; x_wconf 69' lang='lat' dir='ltr'>putem?</span> 
     </span>
     <span class='ocr_line' id='line_1_42' title="bbox 233 1649 1028 1686; baseline -0.001 -10"><span class='ocrx_word' id='word_1_294' title='bbox 233 1650 281 1676; x_wconf 82' lang='lat' dir='ltr'>Sin</span> <span class='ocrx_word' id='word_1_295' title='bbox 293 1650 406 1676; x_wconf 86' lang='lat' dir='ltr'>trahitur</span> <span class='ocrx_word' id='word_1_296' title='bbox 418 1649 533 1683; x_wconf 88' lang='lat' dir='ltr'>bellum;</span> <span class='ocrx_word' id='word_1_297' title='bbox 556 1650 622 1685; x_wconf 90' lang='lat' dir='ltr'>quid</span> <span class='ocrx_word' id='word_1_298' title='bbox 634 1656 796 1685; x_wconf 81' lang='lat' dir='ltr'>exspectem,</span> <span class='ocrx_word' id='word_1_299' title='bbox 810 1656 856 1677; x_wconf 87' lang='lat' dir='ltr'>aut</span> <span class='ocrx_word' id='word_1_300' title='bbox 866 1659 948 1686; x_wconf 87' lang='lat' dir='ltr'>quam</span> <span class='ocrx_word' id='word_1_301' title='bbox 961 1649 1028 1676; x_wconf 81' lang='lat' dir='ltr'>diu‘?</span> 
     </span>
     <span class='ocr_line' id='line_1_43' title="bbox 232 1687 1025 1723; baseline 0 -10"><span class='ocrx_word' id='word_1_302' title='bbox 232 1687 412 1722; x_wconf 81' lang='lat' dir='ltr'>Relinquitur,</span> <span class='ocrx_word' id='word_1_303' title='bbox 426 1692 464 1718; x_wconf 85' lang='lat' dir='ltr'>ut,</span> <span class='ocrx_word' id='word_1_304' title='bbox 477 1688 501 1714; x_wconf 89' lang='lat' dir='ltr'>si</span> <span class='ocrx_word' id='word_1_305' title='bbox 512 1688 681 1714; x_wconf 86' lang='lat' dir='ltr'>vincimurin</span> <span class='ocrx_word' id='word_1_306' title='bbox 692 1688 829 1723; x_wconf 83' lang='lat' dir='ltr'>Hispania,</span> <span class='ocrx_word' id='word_1_307' title='bbox 843 1689 1025 1723; x_wconf 88' lang='lat' dir='ltr'>quiescamus.</span> 
     </span>
     <span class='ocr_line' id='line_1_44' title="bbox 233 1724 1028 1761; baseline 0.001 -11"><span class='ocrx_word' id='word_1_308' title='bbox 233 1724 262 1750; x_wconf 89' lang='lat' dir='ltr'>ld</span> <span class='ocrx_word' id='word_1_309' title='bbox 274 1733 323 1760; x_wconf 83' lang='lat' dir='ltr'>ego</span> <span class='ocrx_word' id='word_1_310' title='bbox 336 1730 425 1751; x_wconf 87' lang='lat' dir='ltr'>contra</span> <span class='ocrx_word' id='word_1_311' title='bbox 437 1730 513 1759; x_wconf 87' lang='lat' dir='ltr'>puto:</span> <span class='ocrx_word' id='word_1_312' title='bbox 539 1726 621 1752; x_wconf 89' lang='lat' dir='ltr'>istum</span> <span class='ocrx_word' id='word_1_313' title='bbox 633 1725 705 1751; x_wconf 92' lang='lat' dir='ltr'>enim</span> <span class='ocrx_word' id='word_1_314' title='bbox 716 1726 844 1752; x_wconf 91' lang='lat' dir='ltr'>victorem</span> <span class='ocrx_word' id='word_1_315' title='bbox 851 1725 938 1761; x_wconf 85' lang='lat' dir='ltr'>magis</span> <span class='ocrx_word' id='word_1_316' title='bbox 945 1725 1028 1751; x_wconf 90' lang='lat' dir='ltr'>relin-</span> 
     </span>
     <span class='ocr_line' id='line_1_45' title="bbox 234 1762 1024 1798; baseline 0.001 -11"><span class='ocrx_word' id='word_1_317' title='bbox 234 1762 373 1796; x_wconf 83' lang='lat' dir='ltr'>quendum</span> <span class='ocrx_word' id='word_1_318' title='bbox 385 1767 462 1796; x_wconf 88' lang='lat' dir='ltr'>puto,</span> <span class='ocrx_word' id='word_1_319' title='bbox 480 1771 562 1797; x_wconf 87' lang='lat' dir='ltr'>quam</span> <span class='ocrx_word' id='word_1_320' title='bbox 574 1763 676 1789; x_wconf 90' lang='lat' dir='ltr'>victum</span> <span class='ocrx_word' id='word_1_321' title='bbox 685 1783 691 1788; x_wconf 94' lang='lat'>.</span> <span class='ocrx_word' id='word_1_322' title='bbox 707 1767 733 1789; x_wconf 92' lang='lat' dir='ltr'>et</span> <span class='ocrx_word' id='word_1_323' title='bbox 747 1762 916 1789; x_wconf 88' lang='lat' dir='ltr'>dubitantem</span> <span class='ocrx_word' id='word_1_324' title='bbox 928 1763 1024 1798; x_wconf 74' lang='lat' dir='ltr'>magis,</span> 
     </span>
     <span class='ocr_line' id='line_1_46' title="bbox 233 1798 1027 1833; baseline 0.001 -9"><span class='ocrx_word' id='word_1_325' title='bbox 233 1808 315 1833; x_wconf 80' lang='lat' dir='ltr'>quam</span> <span class='ocrx_word' id='word_1_326' title='bbox 336 1798 461 1825; x_wconf 84' lang='lat' dir='ltr'>fidentem</span> <span class='ocrx_word' id='word_1_327' title='bbox 482 1800 540 1825; x_wconf 93' lang='lat' dir='ltr'>suis</span> <span class='ocrx_word' id='word_1_328' title='bbox 561 1799 652 1826; x_wconf 85' lang='lat' dir='ltr'>rebuS.</span> <span class='ocrx_word' id='word_1_329' title='bbox 692 1800 760 1826; x_wconf 84' lang='lat' dir='ltr'>Nam</span> <span class='ocrx_word' id='word_1_330' title='bbox 775 1799 885 1826; x_wconf 88' lang='lat' dir='ltr'>caedem</span> <span class='ocrx_word' id='word_1_331' title='bbox 896 1799 989 1830; x_wconf 81' lang='lat' dir='ltr'>video,</span> <span class='ocrx_word' id='word_1_332' title='bbox 1003 1799 1027 1825; x_wconf 89' lang='lat' dir='ltr'>si</span> 
     </span>
     <span class='ocr_line' id='line_1_47' title="bbox 234 1837 1028 1871; baseline 0 -9"><span class='ocrx_word' id='word_1_333' title='bbox 234 1837 338 1867; x_wconf 82' lang='lat' dir='ltr'>vicerit,</span> <span class='ocrx_word' id='word_1_334' title='bbox 363 1841 389 1862; x_wconf 95' lang='lat' dir='ltr'>et</span> <span class='ocrx_word' id='word_1_335' title='bbox 409 1837 540 1871; x_wconf 89' lang='lat' dir='ltr'>impetum</span> <span class='ocrx_word' id='word_1_336' title='bbox 556 1837 583 1862; x_wconf 93' lang='lat' dir='ltr'>in</span> <span class='ocrx_word' id='word_1_337' title='bbox 598 1837 764 1871; x_wconf 87' lang='lat' dir='ltr'>privatorum</span> <span class='ocrx_word' id='word_1_338' title='bbox 779 1837 922 1871; x_wconf 86' lang='lat' dir='ltr'>pecunias,</span> <span class='ocrx_word' id='word_1_339' title='bbox 941 1841 966 1862; x_wconf 88' lang='lat' dir='ltr'>et</span> <span class='ocrx_word' id='word_1_340' title='bbox 979 1845 1028 1862; x_wconf 83' lang='lat' dir='ltr'>ex-</span> 
     </span>
     <span class='ocr_line' id='line_1_48' title="bbox 234 1872 1027 1908; baseline 0.003 -10"><span class='ocrx_word' id='word_1_341' title='bbox 234 1872 325 1899; x_wconf 87' lang='lat' dir='ltr'>sulum</span> <span class='ocrx_word' id='word_1_342' title='bbox 344 1873 474 1904; x_wconf 86' lang='lat' dir='ltr'>reditum,</span> <span class='ocrx_word' id='word_1_343' title='bbox 491 1878 516 1900; x_wconf 89' lang='lat' dir='ltr'>et</span> <span class='ocrx_word' id='word_1_344' title='bbox 531 1873 635 1900; x_wconf 82' lang='lat' dir='ltr'>tabulas</span> <span class='ocrx_word' id='word_1_345' title='bbox 651 1882 747 1904; x_wconf 88' lang='lat' dir='ltr'>novas,</span> <span class='ocrx_word' id='word_1_346' title='bbox 767 1878 794 1900; x_wconf 91' lang='lat' dir='ltr'>et</span> <span class='ocrx_word' id='word_1_347' title='bbox 807 1874 1027 1908; x_wconf 89' lang='lat' dir='ltr'>turpissimorum</span> 
     </span>
     <span class='ocr_line' id='line_1_49' title="bbox 235 1910 1027 1945; baseline 0.001 -9"><span class='ocrx_word' id='word_1_348' title='bbox 235 1910 348 1936; x_wconf 85' lang='lat' dir='ltr'>honores</span> <span class='ocrx_word' id='word_1_349' title='bbox 368 1915 394 1937; x_wconf 89' lang='lat' dir='ltr'>et</span> <span class='ocrx_word' id='word_1_350' title='bbox 414 1919 526 1945; x_wconf 77' lang='lat' dir='ltr'>regnum</span> <span class='ocrx_word' id='word_1_351' title='bbox 546 1919 598 1937; x_wconf 90' lang='lat' dir='ltr'>non</span> <span class='ocrx_word' id='word_1_352' title='bbox 617 1910 696 1937; x_wconf 91' lang='lat' dir='ltr'>modo</span> <span class='ocrx_word' id='word_1_353' title='bbox 710 1911 830 1937; x_wconf 84' lang='lat' dir='ltr'>Romano</span> <span class='ocrx_word' id='word_1_354' title='bbox 845 1911 962 1941; x_wconf 86' lang='lat' dir='ltr'>homini,</span> <span class='ocrx_word' id='word_1_355' title='bbox 979 1911 1027 1937; x_wconf 87' lang='lat' dir='ltr'>sed</span> 
     </span>
     <span class='ocr_line' id='line_1_50' title="bbox 235 1947 1028 1982; baseline 0.001 -9"><span class='ocrx_word' id='word_1_356' title='bbox 235 1955 267 1973; x_wconf 89' lang='lat' dir='ltr'>ne</span> <span class='ocrx_word' id='word_1_357' title='bbox 278 1947 373 1973; x_wconf 83' lang='lat' dir='ltr'>Persae</span> <span class='ocrx_word' id='word_1_358' title='bbox 384 1947 494 1981; x_wconf 91' lang='lat' dir='ltr'>quidem</span> <span class='ocrx_word' id='word_1_359' title='bbox 505 1948 631 1982; x_wconf 90' lang='lat' dir='ltr'>cuiquam</span> <span class='ocrx_word' id='word_1_360' title='bbox 644 1947 791 1974; x_wconf 83' lang='lat' dir='ltr'>tolerabile.</span> <span class='ocrx_word' id='word_1_361' title='bbox 827 1949 852 1974; x_wconf 87' lang='lat'>3.</span> <span class='ocrx_word' id='word_1_362' title='bbox 868 1948 958 1974; x_wconf 89' lang='lat' dir='ltr'>Tacita</span> <span class='ocrx_word' id='word_1_363' title='bbox 968 1956 1028 1974; x_wconf 85' lang='lat' dir='ltr'>esse</span> 
     </span>
     <span class='ocr_line' id='line_1_51' title="bbox 234 1984 1027 2020; baseline 0.001 -10"><span class='ocrx_word' id='word_1_364' title='bbox 234 1985 330 2018; x_wconf 88' lang='lat' dir='ltr'>poterit</span> <span class='ocrx_word' id='word_1_365' title='bbox 351 1984 499 2020; x_wconf 83' lang='lat' dir='ltr'>indignitas</span> <span class='ocrx_word' id='word_1_366' title='bbox 520 1984 626 2011; x_wconf 79' lang='lat' dir='ltr'>nostra‘!</span> <span class='ocrx_word' id='word_1_367' title='bbox 655 1985 710 2019; x_wconf 89' lang='lat' dir='ltr'>pati</span> <span class='ocrx_word' id='word_1_368' title='bbox 730 1990 854 2020; x_wconf 88' lang='lat' dir='ltr'>poterunt</span> <span class='ocrx_word' id='word_1_369' title='bbox 875 1985 962 2016; x_wconf 79' lang='lat' dir='ltr'>oculi,</span> <span class='ocrx_word' id='word_1_370' title='bbox 985 1994 1027 2011; x_wconf 90' lang='lat' dir='ltr'>me</span> 
     </span>
     <span class='ocr_line' id='line_1_52' title="bbox 234 2021 1028 2057; baseline 0.001 -10"><span class='ocrx_word' id='word_1_371' title='bbox 234 2029 296 2047; x_wconf 89' lang='lat' dir='ltr'>cum</span> <span class='ocrx_word' id='word_1_372' title='bbox 312 2021 427 2048; x_wconf 82' lang='lat' dir='ltr'>Gabinio</span> <span class='ocrx_word' id='word_1_373' title='bbox 438 2022 597 2048; x_wconf 88' lang='lat' dir='ltr'>sententiam</span> <span class='ocrx_word' id='word_1_374' title='bbox 607 2021 714 2048; x_wconf 79' lang='lat' dir='ltr'>dicere‘?</span> <span class='ocrx_word' id='word_1_375' title='bbox 738 2027 763 2048; x_wconf 90' lang='lat' dir='ltr'>et</span> <span class='ocrx_word' id='word_1_376' title='bbox 773 2022 885 2057; x_wconf 87' lang='lat' dir='ltr'>quidem</span> <span class='ocrx_word' id='word_1_377' title='bbox 896 2022 974 2048; x_wconf 89' lang='lat' dir='ltr'>illum</span> <span class='ocrx_word' id='word_1_378' title='bbox 986 2031 1028 2049; x_wconf 87' lang='lat' dir='ltr'>ro-</span> 
     </span>
     <span class='ocr_line' id='line_1_53' title="bbox 234 2057 1028 2094; baseline 0 -10"><span class='ocrx_word' id='word_1_379' title='bbox 234 2059 291 2094; x_wconf 77' lang='lat' dir='ltr'>gari</span> <span class='ocrx_word' id='word_1_380' title='bbox 312 2057 406 2093; x_wconf 83' lang='lat' dir='ltr'>prius‘?</span> <span class='ocrx_word' id='word_1_381' title='bbox 435 2063 539 2093; x_wconf 81' lang='lat' dir='ltr'>praesto</span> <span class='ocrx_word' id='word_1_382' title='bbox 563 2067 621 2085; x_wconf 88' lang='lat' dir='ltr'>esse</span> <span class='ocrx_word' id='word_1_383' title='bbox 643 2059 769 2086; x_wconf 89' lang='lat' dir='ltr'>clientem</span> <span class='ocrx_word' id='word_1_384' title='bbox 788 2064 866 2086; x_wconf 89' lang='lat' dir='ltr'>tuum</span> <span class='ocrx_word' id='word_1_385' title='bbox 886 2059 1028 2086; x_wconf 67' lang='lat' dir='ltr'>Clodium?</span> 
     </span>
     <span class='ocr_line' id='line_1_54' title="bbox 233 2095 1029 2131; baseline 0.001 -9"><span class='ocrx_word' id='word_1_386' title='bbox 233 2096 317 2122; x_wconf 75' lang='lat' dir='ltr'>Cateii</span> <span class='ocrx_word' id='word_1_387' title='bbox 334 2095 519 2131; x_wconf 76' lang='lat' dir='ltr'>Plaguleium‘?</span> <span class='ocrx_word' id='word_1_388' title='bbox 547 2095 666 2122; x_wconf 80' lang='lat' dir='ltr'>ceteros‘?</span> <span class='ocrx_word' id='word_1_389' title='bbox 697 2095 750 2123; x_wconf 91' lang='lat' dir='ltr'>Sed</span> <span class='ocrx_word' id='word_1_390' title='bbox 765 2105 813 2123; x_wconf 91' lang='lat' dir='ltr'>cur</span> <span class='ocrx_word' id='word_1_391' title='bbox 831 2097 956 2123; x_wconf 90' lang='lat' dir='ltr'>inimicos</span> <span class='ocrx_word' id='word_1_392' title='bbox 973 2096 1029 2123; x_wconf 88' lang='lat' dir='ltr'>col-</span> 
     </span>
     <span class='ocr_line' id='line_1_55' title="bbox 236 2132 1029 2168; baseline 0.003 -10"><span class='ocrx_word' id='word_1_393' title='bbox 236 2132 307 2168; x_wconf 73' lang='lat' dir='ltr'>ligo‘?</span> <span class='ocrx_word' id='word_1_394' title='bbox 330 2134 377 2167; x_wconf 89' lang='lat' dir='ltr'>qui</span> <span class='ocrx_word' id='word_1_395' title='bbox 390 2142 462 2159; x_wconf 85' lang='lat' dir='ltr'>meos</span> <span class='ocrx_word' id='word_1_396' title='bbox 474 2134 652 2164; x_wconf 86' lang='lat' dir='ltr'>necessarios,</span> <span class='ocrx_word' id='word_1_397' title='bbox 665 2142 679 2159; x_wconf 91' lang='lat' dir='ltr'>a</span> <span class='ocrx_word' id='word_1_398' title='bbox 691 2142 733 2160; x_wconf 90' lang='lat' dir='ltr'>me</span> <span class='ocrx_word' id='word_1_399' title='bbox 744 2133 878 2164; x_wconf 84' lang='lat' dir='ltr'>defensos,</span> <span class='ocrx_word' id='word_1_400' title='bbox 892 2143 941 2160; x_wconf 90' lang='lat' dir='ltr'>nec</span> <span class='ocrx_word' id='word_1_401' title='bbox 952 2134 1029 2160; x_wconf 72' lang='lat' dir='ltr'>vide-</span> 
     </span>
     <span class='ocr_line' id='line_1_56' title="bbox 235 2170 1029 2199; baseline 0.001 -3"><span class='ocrx_word' id='word_1_402' title='bbox 235 2178 262 2196; x_wconf 90' lang='lat' dir='ltr'>re</span> <span class='ocrx_word' id='word_1_403' title='bbox 279 2170 306 2196; x_wconf 94' lang='lat' dir='ltr'>in</span> <span class='ocrx_word' id='word_1_404' title='bbox 322 2171 396 2196; x_wconf 90' lang='lat' dir='ltr'>curia</span> <span class='ocrx_word' id='word_1_405' title='bbox 407 2171 465 2196; x_wconf 87' lang='lat' dir='ltr'>sine</span> <span class='ocrx_word' id='word_1_406' title='bbox 477 2170 580 2199; x_wconf 76' lang='lat' dir='ltr'>dolore.</span> <span class='ocrx_word' id='word_1_407' title='bbox 603 2179 651 2197; x_wconf 92' lang='lat' dir='ltr'>nec</span> <span class='ocrx_word' id='word_1_408' title='bbox 662 2172 764 2197; x_wconf 89' lang='lat' dir='ltr'>versari</span> <span class='ocrx_word' id='word_1_409' title='bbox 777 2172 845 2197; x_wconf 90' lang='lat' dir='ltr'>inter</span> <span class='ocrx_word' id='word_1_410' title='bbox 855 2179 900 2197; x_wconf 89' lang='lat' dir='ltr'>eos</span> <span class='ocrx_word' id='word_1_411' title='bbox 911 2173 970 2197; x_wconf 90' lang='lat' dir='ltr'>sine</span> <span class='ocrx_word' id='word_1_412' title='bbox 981 2171 1029 2197; x_wconf 90' lang='lat' dir='ltr'>de-</span> 
     </span>
     <span class='ocr_line' id='line_1_57' title="bbox 234 2207 449 2242; baseline 0.005 -9"><span class='ocrx_word' id='word_1_413' title='bbox 234 2207 329 2234; x_wconf 85' lang='lat' dir='ltr'>decore</span> <span class='ocrx_word' id='word_1_414' title='bbox 349 2212 449 2242; x_wconf 88' lang='lat' dir='ltr'>potero.</span> 
     </span>
    </p>
   </div>
   <div class='ocr_carea' id='block_1_10' title="bbox 233 2281 1029 2685">
    <p class='ocr_par' dir='ltr' id='par_1_10' title="bbox 233 2281 1029 2685">
     <span class='ocr_line' id='line_1_58' title="bbox 234 2281 1029 2318; baseline 0.001 -10"><span class='ocrx_word' id='word_1_415' title='bbox 234 2283 307 2312; x_wconf 83' lang='lat' dir='ltr'>eius,</span> <span class='ocrx_word' id='word_1_416' title='bbox 329 2290 371 2308; x_wconf 89' lang='lat' dir='ltr'>me</span> <span class='ocrx_word' id='word_1_417' title='bbox 392 2281 433 2308; x_wconf 91' lang='lat' dir='ltr'>illi</span> <span class='ocrx_word' id='word_1_418' title='bbox 454 2282 528 2308; x_wconf 92' lang='lat' dir='ltr'>nullo</span> <span class='ocrx_word' id='word_1_419' title='bbox 539 2282 617 2309; x_wconf 90' lang='lat' dir='ltr'>modo</span> <span class='ocrx_word' id='word_1_420' title='bbox 627 2282 804 2313; x_wconf 80' lang='lat' dir='ltr'>satisfecisse,</span> <span class='ocrx_word' id='word_1_421' title='bbox 827 2283 899 2318; x_wconf 91' lang='lat' dir='ltr'>quod</span> <span class='ocrx_word' id='word_1_422' title='bbox 911 2284 939 2309; x_wconf 93' lang='lat' dir='ltr'>in</span> <span class='ocrx_word' id='word_1_423' title='bbox 949 2291 1029 2309; x_wconf 89' lang='lat' dir='ltr'>sena-</span> 
     </span>
     <span class='ocr_line' id='line_1_59' title="bbox 234 2320 1028 2354; baseline 0.001 -9"><span class='ocrx_word' id='word_1_424' title='bbox 234 2324 292 2345; x_wconf 89' lang='lat' dir='ltr'>tum</span> <span class='ocrx_word' id='word_1_425' title='bbox 313 2328 364 2346; x_wconf 88' lang='lat' dir='ltr'>non</span> <span class='ocrx_word' id='word_1_426' title='bbox 386 2320 532 2354; x_wconf 68' lang='lat' dir='ltr'>venerim3)</span> <span class='ocrx_word' id='word_1_427' title='bbox 555 2324 678 2346; x_wconf 85' lang='lat' dir='ltr'>tamenne</span> <span class='ocrx_word' id='word_1_428' title='bbox 701 2320 868 2351; x_wconf 90' lang='lat' dir='ltr'>dubitemus,</span> <span class='ocrx_word' id='word_1_429' title='bbox 890 2329 924 2346; x_wconf 89' lang='lat' dir='ltr'>an</span> <span class='ocrx_word' id='word_1_430' title='bbox 943 2321 969 2346; x_wconf 92' lang='lat' dir='ltr'>ei</span> <span class='ocrx_word' id='word_1_431' title='bbox 980 2329 1028 2347; x_wconf 87' lang='lat' dir='ltr'>nos</span> 
     </span>
     <span class='ocr_line' id='line_1_60' title="bbox 233 2357 1028 2392; baseline 0.003 -10"><span class='ocrx_word' id='word_1_432' title='bbox 233 2357 313 2383; x_wconf 88' lang='lat' dir='ltr'>etiam</span> <span class='ocrx_word' id='word_1_433' title='bbox 325 2365 386 2382; x_wconf 86' lang='lat' dir='ltr'>cum</span> <span class='ocrx_word' id='word_1_434' title='bbox 397 2357 516 2391; x_wconf 86' lang='lat' dir='ltr'>periculo</span> <span class='ocrx_word' id='word_1_435' title='bbox 528 2357 698 2383; x_wconf 87' lang='lat' dir='ltr'>venditemus</span> <span class='ocrx_word' id='word_1_436' title='bbox 706 2378 712 2388; x_wconf 88' lang='lat'>,</span> <span class='ocrx_word' id='word_1_437' title='bbox 725 2358 838 2392; x_wconf 90' lang='lat' dir='ltr'>quicum</span> <span class='ocrx_word' id='word_1_438' title='bbox 848 2358 984 2384; x_wconf 88' lang='lat' dir='ltr'>coniuncti</span> <span class='ocrx_word' id='word_1_439' title='bbox 995 2366 1028 2384; x_wconf 86' lang='lat' dir='ltr'>ne</span> 
     </span>
     <span class='ocr_line' id='line_1_61' title="bbox 233 2394 1028 2428; baseline 0.003 -9"><span class='ocrx_word' id='word_1_440' title='bbox 233 2402 296 2419; x_wconf 86' lang='lat' dir='ltr'>cum</span> <span class='ocrx_word' id='word_1_441' title='bbox 307 2394 425 2428; x_wconf 88' lang='lat' dir='ltr'>praemio</span> <span class='ocrx_word' id='word_1_442' title='bbox 436 2394 547 2428; x_wconf 92' lang='lat' dir='ltr'>quidem</span> <span class='ocrx_word' id='word_1_443' title='bbox 559 2394 696 2420; x_wconf 78' lang='lat' dir='ltr'>voluimus</span> <span class='ocrx_word' id='word_1_444' title='bbox 707 2394 784 2420; x_wconf 77' lang='lat' dir='ltr'>esse‘?</span> <span class='ocrx_word' id='word_1_445' title='bbox 820 2395 845 2421; x_wconf 77' lang='lat'>4.</span> <span class='ocrx_word' id='word_1_446' title='bbox 866 2394 967 2421; x_wconf 84' lang='lat' dir='ltr'>Deinde</span> <span class='ocrx_word' id='word_1_447' title='bbox 979 2395 1028 2421; x_wconf 90' lang='lat' dir='ltr'>hoc</span> 
     </span>
     <span class='ocr_line' id='line_1_62' title="bbox 235 2430 1029 2467; baseline 0.003 -11"><span class='ocrx_word' id='word_1_448' title='bbox 235 2430 310 2461; x_wconf 72' lang='lat' dir='ltr'>vide,</span> <span class='ocrx_word' id='word_1_449' title='bbox 328 2439 379 2457; x_wconf 92' lang='lat' dir='ltr'>non</span> <span class='ocrx_word' id='word_1_450' title='bbox 394 2439 453 2457; x_wconf 91' lang='lat' dir='ltr'>esse</span> <span class='ocrx_word' id='word_1_451' title='bbox 464 2431 596 2457; x_wconf 92' lang='lat' dir='ltr'>iudicium</span> <span class='ocrx_word' id='word_1_452' title='bbox 607 2431 640 2457; x_wconf 88' lang='lat' dir='ltr'>de</span> <span class='ocrx_word' id='word_1_453' title='bbox 651 2436 702 2458; x_wconf 91' lang='lat' dir='ltr'>tota</span> <span class='ocrx_word' id='word_1_454' title='bbox 713 2432 882 2458; x_wconf 86' lang='lat' dir='ltr'>contentione</span> <span class='ocrx_word' id='word_1_455' title='bbox 892 2433 920 2458; x_wconf 89' lang='lat' dir='ltr'>in</span> <span class='ocrx_word' id='word_1_456' title='bbox 931 2432 1029 2467; x_wconf 86' lang='lat' dir='ltr'>Hispa-</span> 
     </span>
     <span class='ocr_line' id='line_1_63' title="bbox 235 2467 1029 2503; baseline 0.004 -11"><span class='ocrx_word' id='word_1_457' title='bbox 235 2467 302 2493; x_wconf 91' lang='lat' dir='ltr'>niis:</span> <span class='ocrx_word' id='word_1_458' title='bbox 329 2468 382 2493; x_wconf 85' lang='lat' dir='ltr'>nisi</span> <span class='ocrx_word' id='word_1_459' title='bbox 394 2467 469 2499; x_wconf 82' lang='lat' dir='ltr'>forte,</span> <span class='ocrx_word' id='word_1_460' title='bbox 486 2469 520 2494; x_wconf 92' lang='lat' dir='ltr'>iis</span> <span class='ocrx_word' id='word_1_461' title='bbox 532 2469 649 2499; x_wconf 84' lang='lat' dir='ltr'>amissis,</span> <span class='ocrx_word' id='word_1_462' title='bbox 662 2477 735 2495; x_wconf 86' lang='lat' dir='ltr'>arma</span> <span class='ocrx_word' id='word_1_463' title='bbox 742 2469 900 2503; x_wconf 88' lang='lat' dir='ltr'>Pompeium</span> <span class='ocrx_word' id='word_1_464' title='bbox 907 2469 1029 2496; x_wconf 89' lang='lat' dir='ltr'>abiectu—</span> 
     </span>
     <span class='ocr_line' id='line_1_64' title="bbox 235 2505 1028 2539; baseline 0.004 -10"><span class='ocrx_word' id='word_1_465' title='bbox 235 2512 294 2529; x_wconf 87' lang='lat' dir='ltr'>rum</span> <span class='ocrx_word' id='word_1_466' title='bbox 316 2510 408 2539; x_wconf 80' lang='lat' dir='ltr'>putas·,</span> <span class='ocrx_word' id='word_1_467' title='bbox 440 2506 518 2532; x_wconf 87' lang='lat' dir='ltr'>cuius</span> <span class='ocrx_word' id='word_1_468' title='bbox 538 2514 617 2532; x_wconf 88' lang='lat' dir='ltr'>omne</span> <span class='ocrx_word' id='word_1_469' title='bbox 637 2505 781 2532; x_wconf 90' lang='lat' dir='ltr'>consilium</span> <span class='ocrx_word' id='word_1_470' title='bbox 801 2506 1028 2533; x_wconf 89' lang='lat' dir='ltr'>Themistocleum</span> 
     </span>
     <span class='ocr_line' id='line_1_65' title="bbox 236 2542 1029 2578; baseline 0.004 -12"><span class='ocrx_word' id='word_1_471' title='bbox 236 2545 285 2566; x_wconf 85' lang='lat' dir='ltr'>est.</span> <span class='ocrx_word' id='word_1_472' title='bbox 324 2542 468 2568; x_wconf 77' lang='lat' dir='ltr'>Existimat</span> <span class='ocrx_word' id='word_1_473' title='bbox 486 2543 568 2573; x_wconf 91' lang='lat' dir='ltr'>enim,</span> <span class='ocrx_word' id='word_1_474' title='bbox 592 2543 640 2578; x_wconf 91' lang='lat' dir='ltr'>qui</span> <span class='ocrx_word' id='word_1_475' title='bbox 654 2551 726 2568; x_wconf 86' lang='lat' dir='ltr'>mare</span> <span class='ocrx_word' id='word_1_476' title='bbox 737 2547 831 2573; x_wconf 86' lang='lat' dir='ltr'>teneat,</span> <span class='ocrx_word' id='word_1_477' title='bbox 845 2551 908 2569; x_wconf 91' lang='lat' dir='ltr'>eum</span> <span class='ocrx_word' id='word_1_478' title='bbox 919 2551 1029 2570; x_wconf 91' lang='lat' dir='ltr'>necesse</span> 
     </span>
     <span class='ocr_line' id='line_1_66' title="bbox 237 2580 1029 2615; baseline 0.006 -14"><span class='ocrx_word' id='word_1_479' title='bbox 237 2585 294 2602; x_wconf 88' lang='lat' dir='ltr'>esse</span> <span class='ocrx_word' id='word_1_480' title='bbox 306 2586 394 2603; x_wconf 89' lang='lat' dir='ltr'>rerum</span> <span class='ocrx_word' id='word_1_481' title='bbox 406 2580 494 2612; x_wconf 89' lang='lat' dir='ltr'>potiri.</span> <span class='ocrx_word' id='word_1_482' title='bbox 535 2580 635 2614; x_wconf 86' lang='lat' dir='ltr'>ltaque,</span> <span class='ocrx_word' id='word_1_483' title='bbox 660 2580 708 2614; x_wconf 90' lang='lat' dir='ltr'>qui</span> <span class='ocrx_word' id='word_1_484' title='bbox 720 2588 869 2614; x_wconf 81' lang='lat' dir='ltr'>numquam</span> <span class='ocrx_word' id='word_1_485' title='bbox 881 2580 908 2606; x_wconf 93' lang='lat' dir='ltr'>id</span> <span class='ocrx_word' id='word_1_486' title='bbox 922 2581 985 2615; x_wconf 83' lang='lat' dir='ltr'>egit,</span> <span class='ocrx_word' id='word_1_487' title='bbox 999 2585 1029 2606; x_wconf 89' lang='lat' dir='ltr'>ut</span> 
     </span>
     <span class='ocr_line' id='line_1_67' title="bbox 238 2613 1029 2651; baseline 0.006 -13"><span class='ocrx_word' id='word_1_488' title='bbox 238 2613 378 2648; x_wconf 85' lang='lat' dir='ltr'>Hispaniae</span> <span class='ocrx_word' id='word_1_489' title='bbox 390 2623 436 2648; x_wconf 87' lang='lat' dir='ltr'>per</span> <span class='ocrx_word' id='word_1_490' title='bbox 447 2624 474 2641; x_wconf 86' lang='lat' dir='ltr'>se</span> <span class='ocrx_word' id='word_1_491' title='bbox 487 2621 648 2647; x_wconf 83' lang='lat' dir='ltr'>tenerentur,</span> <span class='ocrx_word' id='word_1_492' title='bbox 662 2616 765 2643; x_wconf 89' lang='lat' dir='ltr'>navalis</span> <span class='ocrx_word' id='word_1_493' title='bbox 776 2618 1029 2651; x_wconf 87' lang='lat' dir='ltr'>apparatuseisem-</span> 
     </span>
     <span class='ocr_line' id='line_1_68' title="bbox 236 2647 629 2685; baseline 0.008 -9"><span class='ocrx_word' id='word_1_494' title='bbox 236 2659 285 2685; x_wconf 88' lang='lat' dir='ltr'>per</span> <span class='ocrx_word' id='word_1_495' title='bbox 295 2652 482 2685; x_wconf 88' lang='lat' dir='ltr'>antiquissima</span> <span class='ocrx_word' id='word_1_496' title='bbox 494 2661 557 2679; x_wconf 88' lang='lat' dir='ltr'>cura</span> <span class='ocrx_word' id='word_1_497' title='bbox 570 2647 629 2679; x_wconf 85' lang='lat' dir='ltr'>fuit.</span> 
     </span>
    </p>
   </div>
   <div class='ocr_carea' id='block_1_11' title="bbox 1040 215 1047 879">
    <p class='ocr_par' dir='ltr' id='par_1_11' title="bbox 1040 215 1047 879">
     <span class='ocr_line' id='line_1_69' title="bbox 1040 215 1047 879; baseline 0 0"><span class='ocrx_word' id='word_1_498' title='bbox 1040 215 1047 879; x_wconf 95' lang='lat' dir='ltr'> </span> 
     </span>
    </p>
   </div>
   <div class='ocr_carea' id='block_1_12' title="bbox 234 2206 1052 2280">
    <p class='ocr_par' dir='ltr' id='par_1_12' title="bbox 234 2206 1052 2280">
     <span class='ocr_line' id='line_1_70' title="bbox 489 2206 1052 2243; baseline 0 -9"><span class='ocrx_word' id='word_1_499' title='bbox 489 2207 580 2240; x_wconf 75' lang='lat' dir='ltr'>Quid?</span> <span class='ocrx_word' id='word_1_500' title='bbox 608 2208 632 2234; x_wconf 88' lang='lat' dir='ltr'>si</span> <span class='ocrx_word' id='word_1_501' title='bbox 647 2216 680 2234; x_wconf 88' lang='lat' dir='ltr'>ne</span> <span class='ocrx_word' id='word_1_502' title='bbox 692 2208 720 2234; x_wconf 91' lang='lat' dir='ltr'>id</span> <span class='ocrx_word' id='word_1_503' title='bbox 731 2208 843 2243; x_wconf 90' lang='lat' dir='ltr'>quidem</span> <span class='ocrx_word' id='word_1_504' title='bbox 854 2213 894 2234; x_wconf 90' lang='lat' dir='ltr'>est</span> <span class='ocrx_word' id='word_1_505' title='bbox 905 2208 1029 2243; x_wconf 86' lang='lat' dir='ltr'>explora-</span> <span class='ocrx_word' id='word_1_506' title='bbox 1050 2206 1052 2212; x_wconf 79' lang='grc'>’</span> 
     </span>
     <span class='ocr_line' id='line_1_71' title="bbox 234 2244 1052 2280; baseline 0.002 -10"><span class='ocrx_word' id='word_1_507' title='bbox 234 2249 301 2275; x_wconf 86' lang='lat' dir='ltr'>tum,</span> <span class='ocrx_word' id='word_1_508' title='bbox 315 2244 378 2275; x_wconf 86' lang='lat' dir='ltr'>fore,</span> <span class='ocrx_word' id='word_1_509' title='bbox 393 2249 422 2271; x_wconf 88' lang='lat' dir='ltr'>ut</span> <span class='ocrx_word' id='word_1_510' title='bbox 433 2245 500 2271; x_wconf 86' lang='lat' dir='ltr'>mihi</span> <span class='ocrx_word' id='word_1_511' title='bbox 514 2244 604 2277; x_wconf 86' lang='lat' dir='ltr'>liceat;</span> <span class='ocrx_word' id='word_1_512' title='bbox 627 2245 761 2280; x_wconf 85' lang='lat' dir='ltr'>(scribunt</span> <span class='ocrx_word' id='word_1_513' title='bbox 771 2246 843 2272; x_wconf 92' lang='lat' dir='ltr'>enim</span> <span class='ocrx_word' id='word_1_514' title='bbox 855 2245 888 2272; x_wconf 92' lang='lat' dir='ltr'>ad</span> <span class='ocrx_word' id='word_1_515' title='bbox 899 2254 941 2272; x_wconf 92' lang='lat' dir='ltr'>me</span> <span class='ocrx_word' id='word_1_516' title='bbox 948 2246 1028 2272; x_wconf 89' lang='lat' dir='ltr'>amici</span> <span class='ocrx_word' id='word_1_517' title='bbox 1050 2264 1052 2267; x_wconf 35' lang='grc' dir='ltr'>ψ</span> 
     </span>
    </p>
   </div>
   <div class='ocr_carea' id='block_1_13' title="bbox 1046 1059 1054 2666">
    <p class='ocr_par' dir='ltr' id='par_1_13' title="bbox 1046 1059 1054 2666">
     <span class='ocr_line' id='line_1_72' title="bbox 1046 1059 1054 2666; baseline 0 0"><span class='ocrx_word' id='word_1_518' title='bbox 1046 1059 1054 2666; x_wconf 95' lang='lat' dir='ltr'> </span> 
     </span>
    </p>
   </div>
   <div class='ocr_carea' id='block_1_14' title="bbox 941 127 1280 155">
    <p class='ocr_par' dir='ltr' id='par_1_14' title="bbox 941 127 1280 155">
     <span class='ocr_line' id='line_1_73' title="bbox 941 127 1280 155; baseline 0.003 -1"><span class='ocrx_word' id='word_1_519' title='bbox 941 128 971 154; x_wconf 84' lang='grc' dir='ltr'>Τ.</span> <span class='ocrx_word' id='word_1_520' title='bbox 1006 127 1280 155; x_wconf 76' lang='lat' dir='ltr'>ClCEllONlS</span> 
     </span>
    </p>
   </div>
   <div class='ocr_carea' id='block_1_15' title="bbox 1051 197 1868 1238">
    <p class='ocr_par' dir='ltr' id='par_1_15' title="bbox 1051 197 1868 1238">
     <span class='ocr_line' id='line_1_74' title="bbox 1071 197 1859 232; baseline 0.003 -9"><span class='ocrx_word' id='word_1_521' title='bbox 1071 198 1120 224; x_wconf 75' lang='lat' dir='ltr'>erit</span> <span class='ocrx_word' id='word_1_522' title='bbox 1144 203 1259 232; x_wconf 72' lang='lat' dir='ltr'>tempus.</span> <span class='ocrx_word' id='word_1_523' title='bbox 1282 199 1408 224; x_wconf 76' lang='lat' dir='ltr'>maximin</span> <span class='ocrx_word' id='word_1_524' title='bbox 1418 198 1565 228; x_wconf 57' lang='lat' dir='ltr'>clusinum.</span> <span class='ocrx_word' id='word_1_525' title='bbox 1586 204 1611 226; x_wconf 88' lang='lat' dir='ltr'>et</span> <span class='ocrx_word' id='word_1_526' title='bbox 1626 198 1659 225; x_wconf 83' lang='lat' dir='ltr'>ad</span> <span class='ocrx_word' id='word_1_527' title='bbox 1672 197 1773 225; x_wconf 72' lang='lat' dir='ltr'>ltaliam</span> <span class='ocrx_word' id='word_1_528' title='bbox 1784 207 1859 225; x_wconf 74' lang='lat' dir='ltr'>aoce-</span> 
     </span>
     <span class='ocr_line' id='line_1_75' title="bbox 1071 235 1860 270; baseline 0.003 -10"><span class='ocrx_word' id='word_1_529' title='bbox 1071 235 1128 265; x_wconf 77' lang='lat' dir='ltr'>det3</span> <span class='ocrx_word' id='word_1_530' title='bbox 1154 236 1179 261; x_wconf 88' lang='lat' dir='ltr'>in</span> <span class='ocrx_word' id='word_1_531' title='bbox 1191 243 1243 269; x_wconf 78' lang='lat' dir='ltr'>qua</span> <span class='ocrx_word' id='word_1_532' title='bbox 1256 244 1303 261; x_wconf 73' lang='lat' dir='ltr'>nos</span> <span class='ocrx_word' id='word_1_533' title='bbox 1315 236 1438 262; x_wconf 59' lang='lat' dir='ltr'>sedentes</span> <span class='ocrx_word' id='word_1_534' title='bbox 1447 236 1512 270; x_wconf 85' lang='lat' dir='ltr'>quid</span> <span class='ocrx_word' id='word_1_535' title='bbox 1524 236 1644 262; x_wconf 67' lang='lat' dir='ltr'>erimus?</span> <span class='ocrx_word' id='word_1_536' title='bbox 1682 245 1742 262; x_wconf 77' lang='lat' dir='ltr'>nam</span> <span class='ocrx_word' id='word_1_537' title='bbox 1758 235 1860 262; x_wconf 66' lang='lat' dir='ltr'>medios</span> 
     </span>
     <span class='ocr_line' id='line_1_76' title="bbox 1071 272 1861 306; baseline 0 -9"><span class='ocrx_word' id='word_1_538' title='bbox 1071 281 1129 297; x_wconf 64' lang='lat' dir='ltr'>exm-</span> <span class='ocrx_word' id='word_1_539' title='bbox 1142 272 1193 297; x_wconf 84' lang='lat' dir='ltr'>inm</span> <span class='ocrx_word' id='word_1_540' title='bbox 1206 281 1257 298; x_wconf 87' lang='lat' dir='ltr'>non</span> <span class='ocrx_word' id='word_1_541' title='bbox 1271 272 1370 298; x_wconf 79' lang='lat' dir='ltr'>licebit.</span> <span class='ocrx_word' id='word_1_542' title='bbox 1393 272 1531 298; x_wconf 57' lang='lat' dir='ltr'>titanibus</span> <span class='ocrx_word' id='word_1_543' title='bbox 1545 273 1750 299; x_wconf 61' lang='lat' dir='ltr'>adversabimur</span> <span class='ocrx_word' id='word_1_544' title='bbox 1762 272 1861 306; x_wconf 58' lang='lat' dir='ltr'>igitur?</span> 
     </span>
     <span class='ocr_line' id='line_1_77' title="bbox 1071 308 1860 345; baseline 0.003 -11"><span class='ocrx_word' id='word_1_545' title='bbox 1071 308 1147 340; x_wconf 74' lang='lat' dir='ltr'>Quod</span> <span class='ocrx_word' id='word_1_546' title='bbox 1160 309 1260 334; x_wconf 80' lang='lat' dir='ltr'>mulum</span> <span class='ocrx_word' id='word_1_547' title='bbox 1274 310 1379 335; x_wconf 67' lang='lat' dir='ltr'>maius?</span> <span class='ocrx_word' id='word_1_548' title='bbox 1402 309 1517 336; x_wconf 67' lang='lat' dir='ltr'>scilicet!</span> <span class='ocrx_word' id='word_1_549' title='bbox 1552 315 1653 336; x_wconf 72' lang='lat' dir='ltr'>tantum</span> <span class='ocrx_word' id='word_1_550' title='bbox 1664 310 1782 345; x_wconf 80' lang='lat' dir='ltr'>denique</span> <span class='ocrx_word' id='word_1_551' title='bbox 1794 310 1860 344; x_wconf 79' lang='lat' dir='ltr'>quid</span> 
     </span>
     <span class='ocr_line' id='line_1_78' title="bbox 1072 346 1862 381; baseline 0 -10"><span class='ocrx_word' id='word_1_552' title='bbox 1072 346 1196 380; x_wconf 67' lang='lat' dir='ltr'>turpius?</span> <span class='ocrx_word' id='word_1_553' title='bbox 1217 348 1265 376; x_wconf 74' lang='lat' dir='ltr'>An.</span> <span class='ocrx_word' id='word_1_554' title='bbox 1278 347 1324 381; x_wconf 83' lang='lat' dir='ltr'>qui</span> <span class='ocrx_word' id='word_1_555' title='bbox 1336 347 1412 372; x_wconf 75' lang='lat' dir='ltr'>eius·</span> <span class='ocrx_word' id='word_1_556' title='bbox 1424 346 1779 376; x_wconf 66' lang='lat' dir='ltr'>absentissoluatulincelus,</span> <span class='ocrx_word' id='word_1_557' title='bbox 1788 347 1862 372; x_wconf 71' lang='lat' dir='ltr'>eius-</span> 
     </span>
     <span class='ocr_line' id='line_1_79' title="bbox 1071 383 1861 419; baseline 0.003 -11"><span class='ocrx_word' id='word_1_558' title='bbox 1071 383 1132 408; x_wconf 86' lang='lat' dir='ltr'>dem</span> <span class='ocrx_word' id='word_1_559' title='bbox 1153 392 1214 408; x_wconf 78' lang='lat' dir='ltr'>cum</span> <span class='ocrx_word' id='word_1_560' title='bbox 1233 384 1357 418; x_wconf 88' lang='lat' dir='ltr'>l&#39;ompeio</span> <span class='ocrx_word' id='word_1_561' title='bbox 1376 388 1402 410; x_wconf 92' lang='lat' dir='ltr'>et</span> <span class='ocrx_word' id='word_1_562' title='bbox 1418 392 1480 409; x_wconf 89' lang='lat' dir='ltr'>cum</span> <span class='ocrx_word' id='word_1_563' title='bbox 1497 383 1609 418; x_wconf 72' lang='lat' dir='ltr'>reliquis</span> <span class='ocrx_word' id='word_1_564' title='bbox 1625 384 1793 419; x_wconf 69' lang='lat' dir='ltr'>principibu»-</span> <span class='ocrx_word' id='word_1_565' title='bbox 1809 392 1861 410; x_wconf 86' lang='lat' dir='ltr'>non</span> 
     </span>
     <span class='ocr_line' id='line_1_80' title="bbox 1073 419 1862 456; baseline 0.003 -11"><span class='ocrx_word' id='word_1_566' title='bbox 1073 419 1173 446; x_wconf 76' lang='lat' dir='ltr'>l&#39;eram‘?</span> <span class='ocrx_word' id='word_1_567' title='bbox 1182 421 1207 446; x_wconf 85' lang='lat'>5.</span> <span class='ocrx_word' id='word_1_568' title='bbox 1219 420 1294 452; x_wconf 83' lang='lat' dir='ltr'>Quod</span> <span class='ocrx_word' id='word_1_569' title='bbox 1308 421 1330 446; x_wconf 67' lang='lat' dir='ltr'>ni</span> <span class='ocrx_word' id='word_1_570' title='bbox 1344 421 1405 450; x_wconf 85' lang='lat' dir='ltr'>iam,</span> <span class='ocrx_word' id='word_1_571' title='bbox 1420 421 1502 447; x_wconf 74' lang='lat' dir='ltr'>misso</span> <span class='ocrx_word' id='word_1_572' title='bbox 1512 420 1609 451; x_wconf 76' lang='lat' dir='ltr'>officio,</span> <span class='ocrx_word' id='word_1_573' title='bbox 1623 421 1807 456; x_wconf 75' lang='lat' dir='ltr'>periculiratio</span> <span class='ocrx_word' id='word_1_574' title='bbox 1815 421 1862 446; x_wconf 74' lang='lat' dir='ltr'>ha-</span> 
     </span>
     <span class='ocr_line' id='line_1_81' title="bbox 1073 457 1859 492; baseline 0.003 -10"><span class='ocrx_word' id='word_1_575' title='bbox 1073 457 1158 483; x_wconf 83' lang='lat' dir='ltr'>benda</span> <span class='ocrx_word' id='word_1_576' title='bbox 1170 462 1219 486; x_wconf 70' lang='lat' dir='ltr'>est2</span> <span class='ocrx_word' id='word_1_577' title='bbox 1244 457 1343 483; x_wconf 77' lang='lat' dir='ltr'>abillis</span> <span class='ocrx_word' id='word_1_578' title='bbox 1354 462 1393 484; x_wconf 69' lang='lat' dir='ltr'>est</span> <span class='ocrx_word' id='word_1_579' title='bbox 1405 457 1563 492; x_wconf 85' lang='lat' dir='ltr'>periculum.</span> <span class='ocrx_word' id='word_1_580' title='bbox 1577 458 1599 484; x_wconf 75' lang='lat' dir='ltr'>si</span> <span class='ocrx_word' id='word_1_581' title='bbox 1611 466 1732 492; x_wconf 66' lang='lat' dir='ltr'>pomi-o:</span> <span class='ocrx_word' id='word_1_582' title='bbox 1757 458 1790 484; x_wconf 72' lang='lat' dir='ltr'>ab</span> <span class='ocrx_word' id='word_1_583' title='bbox 1803 458 1859 486; x_wconf 82' lang='lat' dir='ltr'>boc.</span> 
     </span>
     <span class='ocr_line' id='line_1_82' title="bbox 1072 494 1863 529; baseline 0.003 -10"><span class='ocrx_word' id='word_1_584' title='bbox 1072 495 1094 520; x_wconf 84' lang='lat' dir='ltr'>si</span> <span class='ocrx_word' id='word_1_585' title='bbox 1107 499 1176 520; x_wconf 87' lang='lat' dir='ltr'>recte</span> <span class='ocrx_word' id='word_1_586' title='bbox 1188 494 1287 520; x_wconf 83' lang='lat' dir='ltr'>fecero:</span> <span class='ocrx_word' id='word_1_587' title='bbox 1320 503 1368 520; x_wconf 88' lang='lat' dir='ltr'>nec</span> <span class='ocrx_word' id='word_1_588' title='bbox 1379 494 1464 520; x_wconf 90' lang='lat' dir='ltr'>ullum</span> <span class='ocrx_word' id='word_1_589' title='bbox 1478 496 1503 521; x_wconf 92' lang='lat' dir='ltr'>in</span> <span class='ocrx_word' id='word_1_590' title='bbox 1516 495 1559 521; x_wconf 74' lang='lat' dir='ltr'>bis</span> <span class='ocrx_word' id='word_1_591' title='bbox 1570 495 1647 521; x_wconf 81' lang='lat' dir='ltr'>malis</span> <span class='ocrx_word' id='word_1_592' title='bbox 1660 495 1803 521; x_wconf 72' lang='lat' dir='ltr'>consitium</span> <span class='ocrx_word' id='word_1_593' title='bbox 1816 503 1863 529; x_wconf 89' lang='lat' dir='ltr'>pe·</span> 
     </span>
     <span class='ocr_line' id='line_1_83' title="bbox 1073 531 1860 567; baseline 0.003 -10"><span class='ocrx_word' id='word_1_594' title='bbox 1073 531 1158 557; x_wconf 82' lang='lat' dir='ltr'>riculo</span> <span class='ocrx_word' id='word_1_595' title='bbox 1178 540 1293 558; x_wconf 85' lang='lat' dir='ltr'>vacuum</span> <span class='ocrx_word' id='word_1_596' title='bbox 1313 532 1429 559; x_wconf 89' lang='lat' dir='ltr'>inveniri</span> <span class='ocrx_word' id='word_1_597' title='bbox 1449 537 1548 567; x_wconf 79' lang='lat' dir='ltr'>potest:</span> <span class='ocrx_word' id='word_1_598' title='bbox 1571 537 1600 559; x_wconf 94' lang='lat' dir='ltr'>ut</span> <span class='ocrx_word' id='word_1_599' title='bbox 1615 541 1666 559; x_wconf 89' lang='lat' dir='ltr'>non</span> <span class='ocrx_word' id='word_1_600' title='bbox 1682 533 1717 559; x_wconf 72' lang='lat' dir='ltr'>nit</span> <span class='ocrx_word' id='word_1_601' title='bbox 1735 532 1860 561; x_wconf 80' lang='lat' dir='ltr'>dubium.</span> 
     </span>
     <span class='ocr_line' id='line_1_84' title="bbox 1072 569 1863 605; baseline 0.003 -11"><span class='ocrx_word' id='word_1_602' title='bbox 1072 569 1138 603; x_wconf 82' lang='lat' dir='ltr'>quin</span> <span class='ocrx_word' id='word_1_603' title='bbox 1151 570 1263 603; x_wconf 85' lang='lat' dir='ltr'>turpiter</span> <span class='ocrx_word' id='word_1_604' title='bbox 1275 569 1360 595; x_wconf 79' lang='lat' dir='ltr'>facere</span> <span class='ocrx_word' id='word_1_605' title='bbox 1370 578 1432 595; x_wconf 87' lang='lat' dir='ltr'>cum</span> <span class='ocrx_word' id='word_1_606' title='bbox 1444 569 1563 604; x_wconf 89' lang='lat' dir='ltr'>periculo</span> <span class='ocrx_word' id='word_1_607' title='bbox 1575 569 1724 605; x_wconf 76' lang='lat' dir='ltr'>fugiamus.</span> <span class='ocrx_word' id='word_1_608' title='bbox 1737 569 1808 604; x_wconf 85' lang='lat' dir='ltr'>quod</span> <span class='ocrx_word' id='word_1_609' title='bbox 1821 569 1863 596; x_wconf 83' lang='lat' dir='ltr'>tu-</span> 
     </span>
     <span class='ocr_line' id='line_1_85' title="bbox 1073 606 1864 641; baseline 0.003 -10"><span class='ocrx_word' id='word_1_610' title='bbox 1073 615 1198 641; x_wconf 74' lang='lat' dir='ltr'>geremus</span> <span class='ocrx_word' id='word_1_611' title='bbox 1209 607 1288 632; x_wconf 81' lang='lat' dir='ltr'>etiarn</span> <span class='ocrx_word' id='word_1_612' title='bbox 1300 615 1361 633; x_wconf 86' lang='lat' dir='ltr'>curn</span> <span class='ocrx_word' id='word_1_613' title='bbox 1373 606 1469 633; x_wconf 69' lang='lat' dir='ltr'>salute.</span> <span class='ocrx_word' id='word_1_614' title='bbox 1504 607 1560 633; x_wconf 84' lang='lat' dir='ltr'>Non</span> <span class='ocrx_word' id='word_1_615' title='bbox 1572 606 1654 633; x_wconf 79' lang='lat' dir='ltr'>simul</span> <span class='ocrx_word' id='word_1_616' title='bbox 1665 615 1726 633; x_wconf 89' lang='lat' dir='ltr'>cum</span> <span class='ocrx_word' id='word_1_617' title='bbox 1739 607 1864 641; x_wconf 75' lang='lat' dir='ltr'>Pompeio</span> 
     </span>
     <span class='ocr_line' id='line_1_86' title="bbox 1074 643 1864 679; baseline 0.001 -10"><span class='ocrx_word' id='word_1_618' title='bbox 1074 652 1145 669; x_wconf 83' lang='lat' dir='ltr'>mare</span> <span class='ocrx_word' id='word_1_619' title='bbox 1162 643 1365 670; x_wconf 67' lang='lat' dir='ltr'>transierimus?</span> <span class='ocrx_word' id='word_1_620' title='bbox 1381 644 1497 670; x_wconf 87' lang='lat' dir='ltr'>Omnino</span> <span class='ocrx_word' id='word_1_621' title='bbox 1513 653 1564 670; x_wconf 91' lang='lat' dir='ltr'>non</span> <span class='ocrx_word' id='word_1_622' title='bbox 1586 645 1732 679; x_wconf 73' lang='lat' dir='ltr'>potuimus.</span> <span class='ocrx_word' id='word_1_623' title='bbox 1772 644 1864 670; x_wconf 66' lang='lat' dir='ltr'>Exstat</span> 
     </span>
     <span class='ocr_line' id='line_1_87' title="bbox 1074 680 1862 716; baseline 0.001 -10"><span class='ocrx_word' id='word_1_624' title='bbox 1074 682 1139 707; x_wconf 82' lang='lat' dir='ltr'>ratio</span> <span class='ocrx_word' id='word_1_625' title='bbox 1150 680 1265 707; x_wconf 87' lang='lat' dir='ltr'>dierum.</span> <span class='ocrx_word' id='word_1_626' title='bbox 1306 681 1359 707; x_wconf 89' lang='lat' dir='ltr'>Sed</span> <span class='ocrx_word' id='word_1_627' title='bbox 1371 686 1457 708; x_wconf 89' lang='lat' dir='ltr'>tamen</span> <span class='ocrx_word' id='word_1_628' title='bbox 1469 681 1610 715; x_wconf 81' lang='lat' dir='ltr'>(fateamur</span> <span class='ocrx_word' id='word_1_629' title='bbox 1622 682 1708 711; x_wconf 87' lang='lat' dir='ltr'>enim.</span> <span class='ocrx_word' id='word_1_630' title='bbox 1725 680 1798 716; x_wconf 85' lang='lat' dir='ltr'>quod</span> <span class='ocrx_word' id='word_1_631' title='bbox 1808 686 1862 713; x_wconf 57' lang='lat' dir='ltr'>esu</span> 
     </span>
     <span class='ocr_line' id='line_1_88' title="bbox 1074 718 1864 753; baseline 0 -9"><span class='ocrx_word' id='word_1_632' title='bbox 1074 726 1106 744; x_wconf 90' lang='lat' dir='ltr'>ne</span> <span class='ocrx_word' id='word_1_633' title='bbox 1121 718 1268 744; x_wconf 78' lang='lat' dir='ltr'>condamus</span> <span class='ocrx_word' id='word_1_634' title='bbox 1282 718 1406 753; x_wconf 81' lang='lat' dir='ltr'>quidem¹</span> <span class='ocrx_word' id='word_1_635' title='bbox 1431 723 1459 745; x_wconf 93' lang='lat' dir='ltr'>ut</span> <span class='ocrx_word' id='word_1_636' title='bbox 1475 719 1645 753; x_wconf 74' lang='lat' dir='ltr'>possumus3)</span> <span class='ocrx_word' id='word_1_637' title='bbox 1665 718 1759 745; x_wconf 81' lang='lat' dir='ltr'>fefellit</span> <span class='ocrx_word' id='word_1_638' title='bbox 1776 726 1806 744; x_wconf 81' lang='lat' dir='ltr'>ea</span> <span class='ocrx_word' id='word_1_639' title='bbox 1823 725 1864 744; x_wconf 83' lang='lat' dir='ltr'>me</span> 
     </span>
     <span class='ocr_line' id='line_1_89' title="bbox 1075 755 1865 790; baseline -0.001 -9"><span class='ocrx_word' id='word_1_640' title='bbox 1075 764 1125 786; x_wconf 82' lang='lat' dir='ltr'>res,</span> <span class='ocrx_word' id='word_1_641' title='bbox 1137 764 1205 790; x_wconf 79' lang='lat' dir='ltr'>quae</span> <span class='ocrx_word' id='word_1_642' title='bbox 1218 755 1328 782; x_wconf 81' lang='lat' dir='ltr'>sortasse</span> <span class='ocrx_word' id='word_1_643' title='bbox 1339 764 1390 782; x_wconf 90' lang='lat' dir='ltr'>non</span> <span class='ocrx_word' id='word_1_644' title='bbox 1402 755 1509 788; x_wconf 85' lang='lat' dir='ltr'>debuit;</span> <span class='ocrx_word' id='word_1_645' title='bbox 1526 755 1573 782; x_wconf 79' lang='lat' dir='ltr'>sed</span> <span class='ocrx_word' id='word_1_646' title='bbox 1586 755 1692 782; x_wconf 76' lang='lat' dir='ltr'>fefellit:</span> <span class='ocrx_word' id='word_1_647' title='bbox 1710 764 1801 790; x_wconf 82' lang='lat' dir='ltr'>pacem</span> <span class='ocrx_word' id='word_1_648' title='bbox 1814 763 1865 790; x_wconf 93' lang='lat' dir='ltr'>pu-</span> 
     </span>
     <span class='ocr_line' id='line_1_90' title="bbox 1074 793 1862 828; baseline 0 -10"><span class='ocrx_word' id='word_1_649' title='bbox 1074 794 1127 819; x_wconf 82' lang='lat' dir='ltr'>tavi</span> <span class='ocrx_word' id='word_1_650' title='bbox 1145 793 1212 822; x_wconf 72' lang='lat' dir='ltr'>fort-2</span> <span class='ocrx_word' id='word_1_651' title='bbox 1230 802 1299 828; x_wconf 83' lang='lat' dir='ltr'>quae</span> <span class='ocrx_word' id='word_1_652' title='bbox 1315 794 1337 819; x_wconf 88' lang='lat' dir='ltr'>si</span> <span class='ocrx_word' id='word_1_653' title='bbox 1353 798 1436 823; x_wconf 81' lang='lat' dir='ltr'>esset.</span> <span class='ocrx_word' id='word_1_654' title='bbox 1453 794 1549 819; x_wconf 86' lang='lat' dir='ltr'>iratum</span> <span class='ocrx_word' id='word_1_655' title='bbox 1565 793 1632 819; x_wconf 89' lang='lat' dir='ltr'>mihi</span> <span class='ocrx_word' id='word_1_656' title='bbox 1644 794 1782 819; x_wconf 77' lang='lat' dir='ltr'>Caesarem</span> <span class='ocrx_word' id='word_1_657' title='bbox 1794 800 1862 821; x_wconf 75' lang='lat' dir='ltr'>esse.</span> 
     </span>
     <span class='ocr_line' id='line_1_91' title="bbox 1051 830 1864 865; baseline -0.001 -9"><span class='ocrx_word' id='word_1_658' title='bbox 1051 841 1053 848; x_wconf 66' lang='lat'><strong><em>⁴</em></strong></span> <span class='ocrx_word' id='word_1_659' title='bbox 1073 838 1158 865; x_wconf 89' lang='lat' dir='ltr'>quum</span> <span class='ocrx_word' id='word_1_660' title='bbox 1171 830 1240 856; x_wconf 86' lang='lat' dir='ltr'>idem</span> <span class='ocrx_word' id='word_1_661' title='bbox 1253 831 1356 857; x_wconf 86' lang='lat' dir='ltr'>amicus</span> <span class='ocrx_word' id='word_1_662' title='bbox 1367 835 1437 857; x_wconf 84' lang='lat' dir='ltr'>esset</span> <span class='ocrx_word' id='word_1_663' title='bbox 1448 831 1586 865; x_wconf 85' lang='lat' dir='ltr'>Pompeio,</span> <span class='ocrx_word' id='word_1_664' title='bbox 1601 830 1685 857; x_wconf 88' lang='lat' dir='ltr'>nolui.</span> <span class='ocrx_word' id='word_1_665' title='bbox 1725 830 1864 855; x_wconf 57' lang='lat' dir='ltr'>¹Senseriun</span> 
     </span>
     <span class='ocr_line' id='line_1_92' title="bbox 1051 867 1865 903; baseline -0.001 -10"><span class='ocrx_word' id='word_1_666' title='bbox 1051 875 1053 880; x_wconf 78' lang='lat'><strong><em>¹</em></strong></span> <span class='ocrx_word' id='word_1_667' title='bbox 1074 868 1160 897; x_wconf 82' lang='lat' dir='ltr'>enirn.</span> <span class='ocrx_word' id='word_1_668' title='bbox 1173 876 1254 903; x_wconf 88' lang='lat' dir='ltr'>quam</span> <span class='ocrx_word' id='word_1_669' title='bbox 1268 868 1350 894; x_wconf 90' lang='lat' dir='ltr'>iidem</span> <span class='ocrx_word' id='word_1_670' title='bbox 1361 873 1459 894; x_wconf 87' lang='lat' dir='ltr'>essent.</span> <span class='ocrx_word' id='word_1_671' title='bbox 1500 869 1553 894; x_wconf 90' lang='lat' dir='ltr'>lloc</span> <span class='ocrx_word' id='word_1_672' title='bbox 1565 876 1672 898; x_wconf 83' lang='lat' dir='ltr'>verens,</span> <span class='ocrx_word' id='word_1_673' title='bbox 1696 867 1721 893; x_wconf 91' lang='lat' dir='ltr'>in</span> <span class='ocrx_word' id='word_1_674' title='bbox 1735 867 1801 893; x_wconf 83' lang='lat' dir='ltr'>banc</span> <span class='ocrx_word' id='word_1_675' title='bbox 1813 872 1865 893; x_wconf 76' lang='lat' dir='ltr'>tar-</span> 
     </span>
     <span class='ocr_line' id='line_1_93' title="bbox 1074 904 1864 940; baseline -0.001 -10"><span class='ocrx_word' id='word_1_676' title='bbox 1074 904 1184 931; x_wconf 76' lang='lat' dir='ltr'>ditatem</span> <span class='ocrx_word' id='word_1_677' title='bbox 1201 905 1294 932; x_wconf 87' lang='lat' dir='ltr'>incidi.</span> <span class='ocrx_word' id='word_1_678' title='bbox 1334 905 1386 932; x_wconf 87' lang='lat' dir='ltr'>Sed</span> <span class='ocrx_word' id='word_1_679' title='bbox 1402 914 1530 940; x_wconf 82' lang='lat' dir='ltr'>assequor</span> <span class='ocrx_word' id='word_1_680' title='bbox 1539 906 1642 934; x_wconf 80' lang='lat' dir='ltr'>omnia.</span> <span class='ocrx_word' id='word_1_681' title='bbox 1659 905 1682 930; x_wconf 83' lang='lat' dir='ltr'>si</span> <span class='ocrx_word' id='word_1_682' title='bbox 1699 912 1823 939; x_wconf 87' lang='lat' dir='ltr'>propero:</span> <span class='ocrx_word' id='word_1_683' title='bbox 1841 905 1864 929; x_wconf 84' lang='lat' dir='ltr'>si</span> 
     </span>
     <span class='ocr_line' id='line_1_94' title="bbox 1052 941 1864 977; baseline -0.001 -10"><span class='ocrx_word' id='word_1_684' title='bbox 1052 954 1053 966; x_wconf 61' lang='grc' dir='ltr'>ι</span> <span class='ocrx_word' id='word_1_685' title='bbox 1074 947 1197 973; x_wconf 86' lang='lat' dir='ltr'>cunctor,</span> <span class='ocrx_word' id='word_1_686' title='bbox 1219 943 1320 969; x_wconf 87' lang='lat' dir='ltr'>amitto.</span> <span class='ocrx_word' id='word_1_687' title='bbox 1360 944 1386 969; x_wconf 83' lang='lat'>6.</span> <span class='ocrx_word' id='word_1_688' title='bbox 1407 943 1440 969; x_wconf 87' lang='lat' dir='ltr'>Et</span> <span class='ocrx_word' id='word_1_689' title='bbox 1455 947 1556 973; x_wconf 82' lang='lat' dir='ltr'>tamen.</span> <span class='ocrx_word' id='word_1_690' title='bbox 1579 943 1615 969; x_wconf 88' lang='lat' dir='ltr'>mi</span> <span class='ocrx_word' id='word_1_691' title='bbox 1632 942 1730 972; x_wconf 72' lang='lat' dir='ltr'>Attice.</span> <span class='ocrx_word' id='word_1_692' title='bbox 1752 941 1864 977; x_wconf 80' lang='lat' dir='ltr'>auguria</span> 
     </span>
     <span class='ocr_line' id='line_1_95' title="bbox 1075 978 1866 1015; baseline -0.001 -10"><span class='ocrx_word' id='word_1_693' title='bbox 1075 988 1182 1014; x_wconf 85' lang='lat' dir='ltr'>quoque</span> <span class='ocrx_word' id='word_1_694' title='bbox 1195 988 1236 1006; x_wconf 82' lang='lat' dir='ltr'>me</span> <span class='ocrx_word' id='word_1_695' title='bbox 1248 980 1359 1006; x_wconf 76' lang='lat' dir='ltr'>incitant</span> <span class='ocrx_word' id='word_1_696' title='bbox 1369 979 1485 1015; x_wconf 85' lang='lat' dir='ltr'>quadam</span> <span class='ocrx_word' id='word_1_697' title='bbox 1497 988 1544 1014; x_wconf 83' lang='lat' dir='ltr'>spe</span> <span class='ocrx_word' id='word_1_698' title='bbox 1556 988 1606 1006; x_wconf 93' lang='lat' dir='ltr'>non</span> <span class='ocrx_word' id='word_1_699' title='bbox 1618 979 1715 1008; x_wconf 82' lang='lat' dir='ltr'>dubia,</span> <span class='ocrx_word' id='word_1_700' title='bbox 1733 987 1784 1005; x_wconf 89' lang='lat' dir='ltr'>non</span> <span class='ocrx_word' id='word_1_701' title='bbox 1801 978 1866 1004; x_wconf 87' lang='lat' dir='ltr'>haec</span> 
     </span>
     <span class='ocr_line' id='line_1_96' title="bbox 1052 1014 1864 1052; baseline -0.001 -10"><span class='ocrx_word' id='word_1_702' title='bbox 1052 1014 1053 1043; x_wconf 61' lang='lat' dir='ltr'><strong>J</strong></span> <span class='ocrx_word' id='word_1_703' title='bbox 1075 1016 1181 1052; x_wconf 79' lang='lat' dir='ltr'>collegii</span> <span class='ocrx_word' id='word_1_704' title='bbox 1194 1018 1276 1043; x_wconf 86' lang='lat' dir='ltr'>nostri</span> <span class='ocrx_word' id='word_1_705' title='bbox 1287 1017 1321 1043; x_wconf 90' lang='lat' dir='ltr'>ab</span> <span class='ocrx_word' id='word_1_706' title='bbox 1332 1017 1432 1052; x_wconf 76' lang='lat' dir='ltr'>Appio.</span> <span class='ocrx_word' id='word_1_707' title='bbox 1448 1017 1495 1043; x_wconf 86' lang='lat' dir='ltr'>sed</span> <span class='ocrx_word' id='word_1_708' title='bbox 1507 1017 1552 1043; x_wconf 86' lang='lat' dir='ltr'>illa</span> <span class='ocrx_word' id='word_1_709' title='bbox 1564 1017 1680 1043; x_wconf 80' lang='lat' dir='ltr'>Platonis</span> <span class='ocrx_word' id='word_1_710' title='bbox 1689 1015 1723 1042; x_wconf 91' lang='lat' dir='ltr'>de</span> <span class='ocrx_word' id='word_1_711' title='bbox 1734 1016 1864 1051; x_wconf 74' lang='lat' dir='ltr'>tyrannis.</span> 
     </span>
     <span class='ocr_line' id='line_1_97' title="bbox 1076 1053 1865 1089; baseline -0.003 -9"><span class='ocrx_word' id='word_1_712' title='bbox 1076 1054 1156 1080; x_wconf 83' lang='lat' dir='ltr'>Nullo</span> <span class='ocrx_word' id='word_1_713' title='bbox 1166 1056 1238 1080; x_wconf 91' lang='lat' dir='ltr'>enim</span> <span class='ocrx_word' id='word_1_714' title='bbox 1250 1054 1328 1081; x_wconf 89' lang='lat' dir='ltr'>modo</span> <span class='ocrx_word' id='word_1_715' title='bbox 1339 1063 1417 1089; x_wconf 87' lang='lat' dir='ltr'>posse</span> <span class='ocrx_word' id='word_1_716' title='bbox 1430 1053 1865 1087; x_wconf 78' lang='lat' dir='ltr'>videostareistumdiutius,quin</span> 
     </span>
     <span class='ocr_line' id='line_1_98' title="bbox 1052 1090 1867 1127; baseline -0.002 -10"><span class='ocrx_word' id='word_1_717' title='bbox 1052 1110 1054 1121; x_wconf 61' lang='grc'>,</span> <span class='ocrx_word' id='word_1_718' title='bbox 1075 1092 1133 1126; x_wconf 89' lang='lat' dir='ltr'>ipse</span> <span class='ocrx_word' id='word_1_719' title='bbox 1145 1100 1192 1126; x_wconf 92' lang='lat' dir='ltr'>per</span> <span class='ocrx_word' id='word_1_720' title='bbox 1203 1093 1328 1122; x_wconf 84' lang='lat' dir='ltr'>se,etiam</span> <span class='ocrx_word' id='word_1_721' title='bbox 1341 1092 1531 1127; x_wconf 74' lang='lat' dir='ltr'>languentibus</span> <span class='ocrx_word' id='word_1_722' title='bbox 1543 1090 1771 1122; x_wconf 81' lang='lat' dir='ltr'>nobis.concidat;</span> <span class='ocrx_word' id='word_1_723' title='bbox 1785 1090 1867 1125; x_wconf 86' lang='lat' dir='ltr'>quip-</span> 
     </span>
     <span class='ocr_line' id='line_1_99' title="bbox 1075 1126 1866 1164; baseline -0.003 -10"><span class='ocrx_word' id='word_1_724' title='bbox 1075 1137 1108 1164; x_wconf 92' lang='lat' dir='ltr'>pe</span> <span class='ocrx_word' id='word_1_725' title='bbox 1119 1129 1167 1163; x_wconf 86' lang='lat' dir='ltr'>qui</span> <span class='ocrx_word' id='word_1_726' title='bbox 1179 1128 1385 1155; x_wconf 78' lang='lat' dir='ltr'>florentissimus</span> <span class='ocrx_word' id='word_1_727' title='bbox 1396 1137 1426 1155; x_wconf 86' lang='lat' dir='ltr'>ac</span> <span class='ocrx_word' id='word_1_728' title='bbox 1437 1137 1532 1158; x_wconf 79' lang='lat' dir='ltr'>novus.</span> <span class='ocrx_word' id='word_1_729' title='bbox 1547 1137 1586 1159; x_wconf 77' lang='lat' dir='ltr'>vr,</span> <span class='ocrx_word' id='word_1_730' title='bbox 1604 1136 1639 1153; x_wconf 68' lang='lat' dir='ltr'>vn</span> <span class='ocrx_word' id='word_1_731' title='bbox 1653 1127 1750 1154; x_wconf 85' lang='lat' dir='ltr'>diebus</span> <span class='ocrx_word' id='word_1_732' title='bbox 1762 1127 1814 1162; x_wconf 87' lang='lat' dir='ltr'>ipsi</span> <span class='ocrx_word' id='word_1_733' title='bbox 1827 1126 1866 1153; x_wconf 89' lang='lat' dir='ltr'>illi</span> 
     </span>
     <span class='ocr_line' id='line_1_100' title="bbox 1054 1164 1866 1201; baseline -0.002 -9"><span class='ocrx_word' id='word_1_734' title='bbox 1054 1174 1055 1195; x_wconf 60' lang='grc' dir='ltr'>ι</span> <span class='ocrx_word' id='word_1_735' title='bbox 1076 1166 1165 1201; x_wconf 81' lang='lat' dir='ltr'>egenti</span> <span class='ocrx_word' id='word_1_736' title='bbox 1175 1175 1204 1192; x_wconf 87' lang='lat' dir='ltr'>ac</span> <span class='ocrx_word' id='word_1_737' title='bbox 1216 1166 1335 1201; x_wconf 86' lang='lat' dir='ltr'>perditae</span> <span class='ocrx_word' id='word_1_738' title='bbox 1347 1165 1514 1193; x_wconf 86' lang='lat' dir='ltr'>multitudini</span> <span class='ocrx_word' id='word_1_739' title='bbox 1526 1166 1553 1192; x_wconf 91' lang='lat' dir='ltr'>in</span> <span class='ocrx_word' id='word_1_740' title='bbox 1562 1164 1866 1192; x_wconf 85' lang='lat' dir='ltr'>odiumacerbissimum</span> 
     </span>
     <span class='ocr_line' id='line_1_101' title="bbox 1054 1199 1868 1238; baseline -0.002 -9"><span class='ocrx_word' id='word_1_741' title='bbox 1054 1199 1055 1223; x_wconf 64' lang='lat' dir='ltr'>l</span> <span class='ocrx_word' id='word_1_742' title='bbox 1076 1204 1192 1235; x_wconf 53' lang='lat' dir='ltr'>venerit,</span> <span class='ocrx_word' id='word_1_743' title='bbox 1216 1204 1264 1238; x_wconf 87' lang='lat' dir='ltr'>qui</span> <span class='ocrx_word' id='word_1_744' title='bbox 1285 1203 1400 1230; x_wconf 90' lang='lat' dir='ltr'>duarum</span> <span class='ocrx_word' id='word_1_745' title='bbox 1421 1212 1511 1229; x_wconf 85' lang='lat' dir='ltr'>rerum</span> <span class='ocrx_word' id='word_1_746' title='bbox 1526 1201 1727 1229; x_wconf 83' lang='lat' dir='ltr'>simulationem</span> <span class='ocrx_word' id='word_1_747' title='bbox 1747 1207 1800 1228; x_wconf 82' lang='lat' dir='ltr'>tam</span> <span class='ocrx_word' id='word_1_748' title='bbox 1815 1202 1868 1227; x_wconf 89' lang='lat' dir='ltr'>cito</span> 
     </span>
    </p>
   </div>
   <div class='ocr_carea' id='block_1_16' title="bbox 1049 286 1055 1082">
    <p class='ocr_par' dir='ltr' id='par_1_16' title="bbox 1049 286 1055 1082">
     <span class='ocr_line' id='line_1_102' title="bbox 1049 286 1055 1082; baseline 0 0"><span class='ocrx_word' id='word_1_749' title='bbox 1049 286 1055 1082; x_wconf 95' lang='lat' dir='ltr'> </span> 
     </span>
    </p>
   </div>
   <div class='ocr_carea' id='block_1_17' title="bbox 1046 1239 1868 1304">
    <p class='ocr_par' dir='ltr' id='par_1_17' title="bbox 1046 1237 1868 1304">
     <span class='ocr_line' id='line_1_103' title="bbox 1046 1239 1868 1304; baseline -0.004 -37"><span class='ocrx_word' id='word_1_750' title='bbox 1046 1245 1055 1304; x_wconf 46' lang='lat' dir='ltr'>U</span> <span class='ocrx_word' id='word_1_751' title='bbox 1076 1241 1205 1271; x_wconf 85' lang='lat' dir='ltr'>amiserit.</span> <span class='ocrx_word' id='word_1_752' title='bbox 1218 1240 1435 1267; x_wconf 86' lang='lat' dir='ltr'>mansuetudinis</span> <span class='ocrx_word' id='word_1_753' title='bbox 1446 1241 1474 1266; x_wconf 91' lang='lat' dir='ltr'>in</span> <span class='ocrx_word' id='word_1_754' title='bbox 1488 1239 1602 1270; x_wconf 82' lang='lat' dir='ltr'>Metello,</span> <span class='ocrx_word' id='word_1_755' title='bbox 1615 1239 1772 1265; x_wconf 86' lang='lat' dir='ltr'>divitiarum</span> <span class='ocrx_word' id='word_1_756' title='bbox 1785 1239 1812 1264; x_wconf 90' lang='lat' dir='ltr'>in</span> <span class='ocrx_word' id='word_1_757' title='bbox 1823 1246 1868 1264; x_wconf 85' lang='lat' dir='ltr'>ae·</span> 
     </span>
     <span class='ocr_line' id='line_1_104' title="bbox 1076 1286 1156 1304; baseline 0 0"><span class='ocrx_word' id='word_1_758' title='bbox 1076 1286 1156 1304; x_wconf 79' lang='lat' dir='ltr'>rario.</span> 
     </span>
    </p>
   </div>
   <div class='ocr_carea' id='block_1_18' title="bbox 1054 1275 1872 2652">
    <p class='ocr_par' dir='ltr' id='par_1_18' title="bbox 1054 1275 1872 2652">
     <span class='ocr_line' id='line_1_105' title="bbox 1195 1275 1868 1313; baseline -0.004 -9"><span class='ocrx_word' id='word_1_759' title='bbox 1195 1278 1263 1309; x_wconf 88' lang='lat' dir='ltr'>Iam,</span> <span class='ocrx_word' id='word_1_760' title='bbox 1280 1278 1382 1313; x_wconf 88' lang='lat' dir='ltr'>quibus</span> <span class='ocrx_word' id='word_1_761' title='bbox 1392 1282 1482 1304; x_wconf 91' lang='lat' dir='ltr'>utatur</span> <span class='ocrx_word' id='word_1_762' title='bbox 1492 1276 1533 1303; x_wconf 88' lang='lat' dir='ltr'>vel</span> <span class='ocrx_word' id='word_1_763' title='bbox 1545 1277 1626 1303; x_wconf 83' lang='lat' dir='ltr'>sociis</span> <span class='ocrx_word' id='word_1_764' title='bbox 1637 1275 1679 1303; x_wconf 86' lang='lat' dir='ltr'>vel</span> <span class='ocrx_word' id='word_1_765' title='bbox 1690 1276 1831 1306; x_wconf 82' lang='lat' dir='ltr'>ministris.</span> <span class='ocrx_word' id='word_1_766' title='bbox 1843 1276 1868 1302; x_wconf 88' lang='lat' dir='ltr'>si</span> 
     </span>
     <span class='ocr_line' id='line_1_106' title="bbox 1077 1314 1868 1350; baseline -0.003 -9"><span class='ocrx_word' id='word_1_767' title='bbox 1077 1316 1096 1341; x_wconf 93' lang='lat' dir='ltr'>ii</span> <span class='ocrx_word' id='word_1_768' title='bbox 1112 1315 1277 1350; x_wconf 85' lang='lat' dir='ltr'>provincias,</span> <span class='ocrx_word' id='word_1_769' title='bbox 1293 1316 1316 1342; x_wconf 89' lang='lat' dir='ltr'>si</span> <span class='ocrx_word' id='word_1_770' title='bbox 1332 1314 1526 1350; x_wconf 85' lang='lat' dir='ltr'>rempublicam</span> <span class='ocrx_word' id='word_1_771' title='bbox 1541 1319 1646 1350; x_wconf 84' lang='lat' dir='ltr'>regent,</span> <span class='ocrx_word' id='word_1_772' title='bbox 1663 1322 1778 1348; x_wconf 86' lang='lat' dir='ltr'>quorum</span> <span class='ocrx_word' id='word_1_773' title='bbox 1791 1321 1868 1339; x_wconf 87' lang='lat' dir='ltr'>nemo</span> 
     </span>
     <span class='ocr_line' id='line_1_107' title="bbox 1054 1349 1867 1388; baseline -0.004 -9"><span class='ocrx_word' id='word_1_774' title='bbox 1054 1385 1055 1388; x_wconf 13' lang='grc' dir='ltr'><strong>Ἴ</strong></span> <span class='ocrx_word' id='word_1_775' title='bbox 1077 1352 1130 1379; x_wconf 83' lang='grc'><strong>(1110</strong></span> <span class='ocrx_word' id='word_1_776' title='bbox 1144 1361 1250 1379; x_wconf 86' lang='lat' dir='ltr'>menses</span> <span class='ocrx_word' id='word_1_777' title='bbox 1264 1353 1350 1387; x_wconf 91' lang='lat' dir='ltr'>potuit</span> <span class='ocrx_word' id='word_1_778' title='bbox 1361 1352 1552 1387; x_wconf 83' lang='lat' dir='ltr'>patrimonium</span> <span class='ocrx_word' id='word_1_779' title='bbox 1563 1360 1643 1378; x_wconf 89' lang='lat' dir='ltr'>suum</span> <span class='ocrx_word' id='word_1_780' title='bbox 1655 1349 1823 1386; x_wconf 76' lang='lat' dir='ltr'>gubernare?</span> <span class='ocrx_word' id='word_1_781' title='bbox 1841 1351 1867 1376; x_wconf 86' lang='lat'>7.</span> 
     </span>
     <span class='ocr_line' id='line_1_108' title="bbox 1054 1387 1870 1425; baseline -0.004 -9"><span class='ocrx_word' id='word_1_782' title='bbox 1054 1402 1056 1424; x_wconf 59' lang='lat' dir='ltr'><strong>g</strong></span> <span class='ocrx_word' id='word_1_783' title='bbox 1077 1391 1134 1416; x_wconf 88' lang='lat' dir='ltr'>Non</span> <span class='ocrx_word' id='word_1_784' title='bbox 1145 1395 1208 1416; x_wconf 86' lang='lat' dir='ltr'>sunt</span> <span class='ocrx_word' id='word_1_785' title='bbox 1218 1391 1308 1416; x_wconf 90' lang='lat' dir='ltr'>omnia</span> <span class='ocrx_word' id='word_1_786' title='bbox 1318 1389 1477 1425; x_wconf 81' lang='lat' dir='ltr'>colligenda,</span> <span class='ocrx_word' id='word_1_787' title='bbox 1486 1398 1554 1424; x_wconf 85' lang='lat' dir='ltr'>quae</span> <span class='ocrx_word' id='word_1_788' title='bbox 1561 1394 1588 1415; x_wconf 92' lang='lat' dir='ltr'>tu</span> <span class='ocrx_word' id='word_1_789' title='bbox 1599 1389 1754 1415; x_wconf 86' lang='lat' dir='ltr'>acutissime</span> <span class='ocrx_word' id='word_1_790' title='bbox 1765 1387 1870 1422; x_wconf 80' lang='lat' dir='ltr'>perspi-</span> 
     </span>
     <span class='ocr_line' id='line_1_109' title="bbox 1077 1424 1869 1462; baseline -0.005 -8"><span class='ocrx_word' id='word_1_791' title='bbox 1077 1428 1129 1454; x_wconf 91' lang='lat' dir='ltr'>cis:</span> <span class='ocrx_word' id='word_1_792' title='bbox 1143 1427 1191 1454; x_wconf 88' lang='lat' dir='ltr'>sed</span> <span class='ocrx_word' id='word_1_793' title='bbox 1202 1432 1290 1454; x_wconf 88' lang='lat' dir='ltr'>tamen</span> <span class='ocrx_word' id='word_1_794' title='bbox 1301 1436 1331 1454; x_wconf 88' lang='lat' dir='ltr'>ea</span> <span class='ocrx_word' id='word_1_795' title='bbox 1342 1435 1410 1462; x_wconf 89' lang='lat' dir='ltr'>pone</span> <span class='ocrx_word' id='word_1_796' title='bbox 1422 1432 1481 1453; x_wconf 86' lang='lat' dir='ltr'>ante</span> <span class='ocrx_word' id='word_1_797' title='bbox 1491 1426 1597 1453; x_wconf 89' lang='lat' dir='ltr'>oculos:</span> <span class='ocrx_word' id='word_1_798' title='bbox 1615 1427 1668 1452; x_wconf 90' lang='lat' dir='ltr'>iam</span> <span class='ocrx_word' id='word_1_799' title='bbox 1680 1425 1827 1460; x_wconf 73' lang='lat' dir='ltr'>intelliges,</span> <span class='ocrx_word' id='word_1_800' title='bbox 1841 1424 1869 1450; x_wconf 92' lang='lat' dir='ltr'>id</span> 
     </span>
     <span class='ocr_line' id='line_1_110' title="bbox 1078 1461 1870 1500; baseline -0.004 -9"><span class='ocrx_word' id='word_1_801' title='bbox 1078 1473 1190 1500; x_wconf 76' lang='lat' dir='ltr'>regnum</span> <span class='ocrx_word' id='word_1_802' title='bbox 1207 1465 1254 1491; x_wconf 81' lang='lat' dir='ltr'>vix</span> <span class='ocrx_word' id='word_1_803' title='bbox 1268 1470 1397 1491; x_wconf 89' lang='lat' dir='ltr'>semestre</span> <span class='ocrx_word' id='word_1_804' title='bbox 1411 1472 1470 1491; x_wconf 87' lang='lat' dir='ltr'>esse</span> <span class='ocrx_word' id='word_1_805' title='bbox 1482 1472 1571 1499; x_wconf 91' lang='lat' dir='ltr'>posse.</span> <span class='ocrx_word' id='word_1_806' title='bbox 1610 1462 1687 1495; x_wconf 90' lang='lat' dir='ltr'>Quod</span> <span class='ocrx_word' id='word_1_807' title='bbox 1702 1463 1726 1489; x_wconf 89' lang='lat' dir='ltr'>si</span> <span class='ocrx_word' id='word_1_808' title='bbox 1740 1470 1782 1488; x_wconf 90' lang='lat' dir='ltr'>me</span> <span class='ocrx_word' id='word_1_809' title='bbox 1793 1461 1870 1488; x_wconf 83' lang='lat' dir='ltr'>fefel-</span> 
     </span>
     <span class='ocr_line' id='line_1_111' title="bbox 1079 1500 1870 1534; baseline -0.004 -6"><span class='ocrx_word' id='word_1_810' title='bbox 1079 1502 1151 1533; x_wconf 88' lang='lat' dir='ltr'>lerit,</span> <span class='ocrx_word' id='word_1_811' title='bbox 1170 1501 1267 1533; x_wconf 83' lang='lat' dir='ltr'>feram,</span> <span class='ocrx_word' id='word_1_812' title='bbox 1285 1503 1355 1528; x_wconf 89' lang='lat' dir='ltr'>sicut</span> <span class='ocrx_word' id='word_1_813' title='bbox 1365 1501 1444 1528; x_wconf 90' lang='lat' dir='ltr'>multi</span> <span class='ocrx_word' id='word_1_814' title='bbox 1459 1501 1603 1528; x_wconf 84' lang='lat' dir='ltr'>clarissimi</span> <span class='ocrx_word' id='word_1_815' title='bbox 1614 1500 1736 1527; x_wconf 89' lang='lat' dir='ltr'>homines</span> <span class='ocrx_word' id='word_1_816' title='bbox 1748 1500 1775 1526; x_wconf 89' lang='lat' dir='ltr'>in</span> <span class='ocrx_word' id='word_1_817' title='bbox 1789 1507 1870 1534; x_wconf 85' lang='lat' dir='ltr'>repn-</span> 
     </span>
     <span class='ocr_line' id='line_1_112' title="bbox 1078 1535 1869 1571; baseline -0.005 -5"><span class='ocrx_word' id='word_1_818' title='bbox 1078 1539 1148 1566; x_wconf 89' lang='lat' dir='ltr'>blica</span> <span class='ocrx_word' id='word_1_819' title='bbox 1164 1539 1325 1566; x_wconf 86' lang='lat' dir='ltr'>excellentes</span> <span class='ocrx_word' id='word_1_820' title='bbox 1340 1539 1472 1566; x_wconf 89' lang='lat' dir='ltr'>tulerunt:</span> <span class='ocrx_word' id='word_1_821' title='bbox 1489 1539 1543 1565; x_wconf 92' lang='lat' dir='ltr'>nisi</span> <span class='ocrx_word' id='word_1_822' title='bbox 1559 1538 1624 1565; x_wconf 86' lang='lat' dir='ltr'>forte</span> <span class='ocrx_word' id='word_1_823' title='bbox 1640 1546 1682 1564; x_wconf 89' lang='lat' dir='ltr'>me</span> <span class='ocrx_word' id='word_1_824' title='bbox 1695 1535 1869 1571; x_wconf 79' lang='lat' dir='ltr'>Sardanapali</span> 
     </span>
     <span class='ocr_line' id='line_1_113' title="bbox 1078 1574 1871 1610; baseline -0.005 -7"><span class='ocrx_word' id='word_1_825' title='bbox 1078 1577 1166 1603; x_wconf 86' lang='lat' dir='ltr'>vicem</span> <span class='ocrx_word' id='word_1_826' title='bbox 1177 1577 1205 1603; x_wconf 91' lang='lat' dir='ltr'>in</span> <span class='ocrx_word' id='word_1_827' title='bbox 1215 1585 1265 1603; x_wconf 85' lang='lat' dir='ltr'>suo</span> <span class='ocrx_word' id='word_1_828' title='bbox 1277 1576 1374 1603; x_wconf 90' lang='lat' dir='ltr'>lectulo</span> <span class='ocrx_word' id='word_1_829' title='bbox 1385 1577 1452 1603; x_wconf 90' lang='lat' dir='ltr'>mori</span> <span class='ocrx_word' id='word_1_830' title='bbox 1464 1576 1543 1603; x_wconf 87' lang='lat' dir='ltr'>malle</span> <span class='ocrx_word' id='word_1_831' title='bbox 1554 1575 1701 1605; x_wconf 86' lang='lat' dir='ltr'>censueris,</span> <span class='ocrx_word' id='word_1_832' title='bbox 1709 1583 1790 1610; x_wconf 87' lang='lat' dir='ltr'>quam</span> <span class='ocrx_word' id='word_1_833' title='bbox 1796 1574 1871 1600; x_wconf 85' lang='lat' dir='ltr'>exsi—</span> 
     </span>
     <span class='ocr_line' id='line_1_114' title="bbox 1078 1610 1870 1649; baseline -0.005 -9"><span class='ocrx_word' id='word_1_834' title='bbox 1078 1613 1114 1640; x_wconf 91' lang='lat' dir='ltr'>lio</span> <span class='ocrx_word' id='word_1_835' title='bbox 1125 1613 1333 1641; x_wconf 88' lang='lat' dir='ltr'>Themistocleo:</span> <span class='ocrx_word' id='word_1_836' title='bbox 1351 1614 1399 1649; x_wconf 90' lang='lat' dir='ltr'>qui</span> <span class='ocrx_word' id='word_1_837' title='bbox 1413 1622 1499 1649; x_wconf 90' lang='lat' dir='ltr'>quum</span> <span class='ocrx_word' id='word_1_838' title='bbox 1515 1612 1624 1643; x_wconf 84' lang='lat' dir='ltr'>fuisset,</span> <span class='ocrx_word' id='word_1_839' title='bbox 1642 1617 1671 1638; x_wconf 91' lang='lat' dir='ltr'>ut</span> <span class='ocrx_word' id='word_1_840' title='bbox 1685 1613 1723 1638; x_wconf 88' lang='lat' dir='ltr'>ait</span> <span class='ocrx_word' id='word_1_841' title='bbox 1732 1610 1870 1646; x_wconf 75' lang='lat' dir='ltr'>Thucydi—</span> 
     </span>
     <span class='ocr_line' id='line_1_115' title="bbox 1078 1647 1870 1687; baseline -0.005 -10"><span class='ocrx_word' id='word_1_842' title='bbox 1078 1651 1140 1682; x_wconf 85' lang='lat' dir='ltr'>des,</span> <span class='ocrx_word' id='word_1_843' title='bbox 1157 1653 1208 1678; x_wconf 81' lang='grc' dir='ltr'>τῶν</span> <span class='ocrx_word' id='word_1_844' title='bbox 1220 1652 1267 1686; x_wconf 74' lang='grc' dir='ltr'>μὲν</span> <span class='ocrx_word' id='word_1_845' title='bbox 1282 1650 1421 1687; x_wconf 80' lang='grc' dir='ltr'><strong><em>παρόντων</em></strong></span> <span class='ocrx_word' id='word_1_846' title='bbox 1436 1650 1466 1677; x_wconf 78' lang='grc' dir='ltr'>δι’</span> <span class='ocrx_word' id='word_1_847' title='bbox 1483 1651 1617 1684; x_wconf 77' lang='grc' dir='ltr'><em>ἐλαχίστης</em></span> <span class='ocrx_word' id='word_1_848' title='bbox 1631 1648 1724 1684; x_wconf 77' lang='grc' dir='ltr'><strong><em>βουλῆς</em></strong></span> <span class='ocrx_word' id='word_1_849' title='bbox 1734 1647 1870 1684; x_wconf 71' lang='grc' dir='ltr'><em>κράτιστος</em></span> 
     </span>
     <span class='ocr_line' id='line_1_116' title="bbox 1077 1686 1871 1725; baseline -0.005 -10"><span class='ocrx_word' id='word_1_850' title='bbox 1077 1688 1287 1725; x_wconf 63' lang='lat' dir='ltr'>poiptwv‚rt51·dt&#39;</span> <span class='ocrx_word' id='word_1_851' title='bbox 1296 1687 1442 1723; x_wconf 72' lang='grc' dir='ltr'><strong><em>μελλόντων</em></strong></span> <span class='ocrx_word' id='word_1_852' title='bbox 1452 1687 1495 1714; x_wconf 75' lang='grc' dir='ltr'>ἐπὶ</span> <span class='ocrx_word' id='word_1_853' title='bbox 1505 1688 1628 1714; x_wconf 73' lang='grc' dir='ltr'>πλεῖστον</span> <span class='ocrx_word' id='word_1_854' title='bbox 1638 1688 1685 1713; x_wconf 80' lang='grc' dir='ltr'>τοῦ</span> <span class='ocrx_word' id='word_1_855' title='bbox 1694 1686 1871 1722; x_wconf 69' lang='grc' dir='ltr'><strong><em>γενησομένω</em></strong></span> 
     </span>
     <span class='ocr_line' id='line_1_117' title="bbox 1078 1723 1871 1762; baseline -0.006 -10"><span class='ocrx_word' id='word_1_856' title='bbox 1078 1725 1185 1762; x_wconf 76' lang='grc' dir='ltr'><strong><em>ἄριστος</em></strong></span> <span class='ocrx_word' id='word_1_857' title='bbox 1194 1724 1326 1759; x_wconf 77' lang='grc' dir='ltr'><em>εἰκαστής,</em></span> <span class='ocrx_word' id='word_1_858' title='bbox 1340 1729 1428 1752; x_wconf 89' lang='lat' dir='ltr'>tamen</span> <span class='ocrx_word' id='word_1_859' title='bbox 1440 1724 1535 1751; x_wconf 88' lang='lat' dir='ltr'>incidit</span> <span class='ocrx_word' id='word_1_860' title='bbox 1545 1724 1573 1750; x_wconf 87' lang='lat' dir='ltr'>in</span> <span class='ocrx_word' id='word_1_861' title='bbox 1584 1732 1629 1750; x_wconf 86' lang='lat' dir='ltr'>eos</span> <span class='ocrx_word' id='word_1_862' title='bbox 1639 1731 1718 1749; x_wconf 87' lang='lat' dir='ltr'>casus</span> <span class='ocrx_word' id='word_1_863' title='bbox 1726 1743 1732 1753; x_wconf 83' lang='grc'><strong>,</strong></span> <span class='ocrx_word' id='word_1_864' title='bbox 1749 1731 1817 1757; x_wconf 88' lang='lat' dir='ltr'>quos</span> <span class='ocrx_word' id='word_1_865' title='bbox 1827 1723 1871 1748; x_wconf 82' lang='lat' dir='ltr'>vi-</span> 
     </span>
     <span class='ocr_line' id='line_1_118' title="bbox 1078 1760 1872 1794; baseline -0.005 -5"><span class='ocrx_word' id='word_1_866' title='bbox 1078 1767 1172 1793; x_wconf 85' lang='lat' dir='ltr'>tasset,</span> <span class='ocrx_word' id='word_1_867' title='bbox 1194 1763 1218 1788; x_wconf 90' lang='lat' dir='ltr'>si</span> <span class='ocrx_word' id='word_1_868' title='bbox 1238 1771 1299 1789; x_wconf 87' lang='lat' dir='ltr'>eum</span> <span class='ocrx_word' id='word_1_869' title='bbox 1321 1761 1389 1789; x_wconf 87' lang='lat' dir='ltr'>nihil</span> <span class='ocrx_word' id='word_1_870' title='bbox 1406 1761 1555 1788; x_wconf 80' lang='lat' dir='ltr'>fefellisset.</span> <span class='ocrx_word' id='word_1_871' title='bbox 1594 1761 1652 1787; x_wconf 85' lang='lat' dir='ltr'>Etsi</span> <span class='ocrx_word' id='word_1_872' title='bbox 1671 1761 1694 1786; x_wconf 92' lang='lat' dir='ltr'>is</span> <span class='ocrx_word' id='word_1_873' title='bbox 1709 1765 1763 1786; x_wconf 87' lang='lat' dir='ltr'>erat</span> <span class='ocrx_word' id='word_1_874' title='bbox 1781 1760 1820 1794; x_wconf 87' lang='lat' dir='ltr'>(ut</span> <span class='ocrx_word' id='word_1_875' title='bbox 1834 1760 1872 1786; x_wconf 85' lang='lat' dir='ltr'>ait</span> 
     </span>
     <span class='ocr_line' id='line_1_119' title="bbox 1078 1796 1871 1835; baseline -0.005 -9"><span class='ocrx_word' id='word_1_876' title='bbox 1078 1799 1170 1835; x_wconf 84' lang='lat' dir='ltr'>idem),</span> <span class='ocrx_word' id='word_1_877' title='bbox 1192 1800 1240 1834; x_wconf 89' lang='lat' dir='ltr'>qui</span> <span class='ocrx_word' id='word_1_878' title='bbox 1258 1800 1287 1827; x_wconf 77' lang='grc' dir='ltr'>τὸ</span> <span class='ocrx_word' id='word_1_879' title='bbox 1306 1799 1411 1835; x_wconf 77' lang='grc' dir='ltr'><strong><em>ἄμεινον</em></strong></span> <span class='ocrx_word' id='word_1_880' title='bbox 1429 1799 1473 1825; x_wconf 81' lang='grc' dir='ltr'>καὶ</span> <span class='ocrx_word' id='word_1_881' title='bbox 1488 1798 1518 1826; x_wconf 82' lang='grc' dir='ltr'>τὸ</span> <span class='ocrx_word' id='word_1_882' title='bbox 1531 1800 1620 1834; x_wconf 78' lang='grc' dir='ltr'><em>χεῖρον</em></span> <span class='ocrx_word' id='word_1_883' title='bbox 1634 1800 1660 1824; x_wconf 82' lang='grc' dir='ltr'>ἐν</span> <span class='ocrx_word' id='word_1_884' title='bbox 1675 1799 1710 1832; x_wconf 79' lang='grc' dir='ltr'>τῷ</span> <span class='ocrx_word' id='word_1_885' title='bbox 1724 1796 1823 1831; x_wconf 69' lang='grc' dir='ltr'><strong><em>ἀφανεῖ</em></strong></span> <span class='ocrx_word' id='word_1_886' title='bbox 1835 1796 1871 1823; x_wconf 77' lang='grc' dir='ltr'>ἔτι</span> 
     </span>
     <span class='ocr_line' id='line_1_120' title="bbox 1078 1833 1871 1873; baseline -0.005 -10"><span class='ocrx_word' id='word_1_887' title='bbox 1078 1836 1201 1873; x_wconf 72' lang='grc' dir='ltr'><strong><em>προεώρα</em></strong></span> <span class='ocrx_word' id='word_1_888' title='bbox 1211 1836 1337 1871; x_wconf 78' lang='grc' dir='ltr'>μάλιστα,</span> <span class='ocrx_word' id='word_1_889' title='bbox 1349 1841 1437 1863; x_wconf 88' lang='lat' dir='ltr'>tamen</span> <span class='ocrx_word' id='word_1_890' title='bbox 1448 1844 1501 1863; x_wconf 89' lang='lat' dir='ltr'>non</span> <span class='ocrx_word' id='word_1_891' title='bbox 1512 1835 1594 1866; x_wconf 84' lang='lat' dir='ltr'>vidit,</span> <span class='ocrx_word' id='word_1_892' title='bbox 1607 1843 1656 1861; x_wconf 88' lang='lat' dir='ltr'>nec</span> <span class='ocrx_word' id='word_1_893' title='bbox 1666 1842 1720 1869; x_wconf 87' lang='lat' dir='ltr'>quo</span> <span class='ocrx_word' id='word_1_894' title='bbox 1731 1833 1810 1860; x_wconf 90' lang='lat' dir='ltr'>modo</span> <span class='ocrx_word' id='word_1_895' title='bbox 1821 1833 1871 1860; x_wconf 87' lang='lat' dir='ltr'>La-</span> 
     </span>
     <span class='ocr_line' id='line_1_121' title="bbox 1078 1871 1872 1908; baseline -0.005 -8"><span class='ocrx_word' id='word_1_896' title='bbox 1078 1874 1326 1906; x_wconf 84' lang='lat' dir='ltr'>cedaemoniorum,</span> <span class='ocrx_word' id='word_1_897' title='bbox 1344 1882 1393 1900; x_wconf 91' lang='lat' dir='ltr'>nec</span> <span class='ocrx_word' id='word_1_898' title='bbox 1407 1882 1461 1908; x_wconf 87' lang='lat' dir='ltr'>quo</span> <span class='ocrx_word' id='word_1_899' title='bbox 1475 1872 1554 1899; x_wconf 91' lang='lat' dir='ltr'>modo</span> <span class='ocrx_word' id='word_1_900' title='bbox 1564 1880 1674 1898; x_wconf 87' lang='lat' dir='ltr'>suorum</span> <span class='ocrx_word' id='word_1_901' title='bbox 1685 1871 1788 1897; x_wconf 85' lang='lat' dir='ltr'>civium</span> <span class='ocrx_word' id='word_1_902' title='bbox 1799 1871 1872 1897; x_wconf 85' lang='lat' dir='ltr'>invi-</span> 
     </span>
     <span class='ocr_line' id='line_1_122' title="bbox 1056 1907 1871 1947; baseline -0.005 -10"><span class='ocrx_word' id='word_1_903' title='bbox 1056 1911 1058 1938; x_wconf 62' lang='lat'>}</span> <span class='ocrx_word' id='word_1_904' title='bbox 1078 1911 1151 1937; x_wconf 88' lang='lat' dir='ltr'>diam</span> <span class='ocrx_word' id='word_1_905' title='bbox 1163 1911 1299 1947; x_wconf 79' lang='lat' dir='ltr'>effugeret,</span> <span class='ocrx_word' id='word_1_906' title='bbox 1313 1919 1361 1937; x_wconf 92' lang='lat' dir='ltr'>nec</span> <span class='ocrx_word' id='word_1_907' title='bbox 1372 1910 1438 1946; x_wconf 88' lang='lat' dir='ltr'>quid</span> <span class='ocrx_word' id='word_1_908' title='bbox 1449 1910 1590 1937; x_wconf 82' lang='lat' dir='ltr'>Artaxerxi</span> <span class='ocrx_word' id='word_1_909' title='bbox 1602 1908 1782 1943; x_wconf 88' lang='lat' dir='ltr'>polliceretur.</span> <span class='ocrx_word' id='word_1_910' title='bbox 1812 1907 1871 1934; x_wconf 89' lang='lat' dir='ltr'>Non</span> 
     </span>
     <span class='ocr_line' id='line_1_123' title="bbox 1079 1945 1871 1980; baseline -0.005 -5"><span class='ocrx_word' id='word_1_911' title='bbox 1079 1948 1175 1975; x_wconf 85' lang='lat' dir='ltr'>fuisset</span> <span class='ocrx_word' id='word_1_912' title='bbox 1186 1953 1211 1975; x_wconf 86' lang='lat' dir='ltr'>et</span> <span class='ocrx_word' id='word_1_913' title='bbox 1222 1948 1268 1975; x_wconf 83' lang='lat' dir='ltr'>illa</span> <span class='ocrx_word' id='word_1_914' title='bbox 1279 1957 1333 1975; x_wconf 80' lang='lat' dir='ltr'>nox</span> <span class='ocrx_word' id='word_1_915' title='bbox 1343 1953 1396 1975; x_wconf 90' lang='lat' dir='ltr'>tam</span> <span class='ocrx_word' id='word_1_916' title='bbox 1411 1947 1506 1974; x_wconf 86' lang='lat' dir='ltr'>acerba</span> <span class='ocrx_word' id='word_1_917' title='bbox 1516 1946 1654 1977; x_wconf 84' lang='lat' dir='ltr'>Africano,</span> <span class='ocrx_word' id='word_1_918' title='bbox 1671 1945 1871 1980; x_wconf 89' lang='lat' dir='ltr'>sapientissimo</span> 
     </span>
     <span class='ocr_line' id='line_1_124' title="bbox 1057 1982 1872 2016; baseline -0.006 -3"><span class='ocrx_word' id='word_1_919' title='bbox 1057 2007 1058 2014; x_wconf 67' lang='grc'>,</span> <span class='ocrx_word' id='word_1_920' title='bbox 1079 1986 1146 2016; x_wconf 80' lang='lat' dir='ltr'>viro.</span> <span class='ocrx_word' id='word_1_921' title='bbox 1165 1994 1218 2012; x_wconf 90' lang='lat' dir='ltr'>non</span> <span class='ocrx_word' id='word_1_922' title='bbox 1229 1991 1281 2012; x_wconf 84' lang='lat' dir='ltr'>tam</span> <span class='ocrx_word' id='word_1_923' title='bbox 1294 1985 1370 2012; x_wconf 85' lang='lat' dir='ltr'>dirus</span> <span class='ocrx_word' id='word_1_924' title='bbox 1382 1985 1427 2012; x_wconf 92' lang='lat' dir='ltr'>ille</span> <span class='ocrx_word' id='word_1_925' title='bbox 1438 1983 1632 2011; x_wconf 88' lang='lat' dir='ltr'>diesSullanus</span> <span class='ocrx_word' id='word_1_926' title='bbox 1642 1982 1818 2009; x_wconf 88' lang='lat' dir='ltr'>callidissimo</span> <span class='ocrx_word' id='word_1_927' title='bbox 1830 1982 1872 2008; x_wconf 84' lang='lat' dir='ltr'>vi-</span> 
     </span>
     <span class='ocr_line' id='line_1_125' title="bbox 1079 2019 1871 2057; baseline -0.005 -8"><span class='ocrx_word' id='word_1_928' title='bbox 1079 2031 1108 2050; x_wconf 91' lang='lat' dir='ltr'>ro</span> <span class='ocrx_word' id='word_1_929' title='bbox 1119 2023 1148 2050; x_wconf 94' lang='lat' dir='ltr'>C.</span> <span class='ocrx_word' id='word_1_930' title='bbox 1161 2023 1253 2054; x_wconf 84' lang='lat' dir='ltr'>Mario,</span> <span class='ocrx_word' id='word_1_931' title='bbox 1266 2023 1290 2049; x_wconf 92' lang='lat' dir='ltr'>si</span> <span class='ocrx_word' id='word_1_932' title='bbox 1302 2022 1370 2049; x_wconf 90' lang='lat' dir='ltr'>nibil</span> <span class='ocrx_word' id='word_1_933' title='bbox 1382 2027 1527 2057; x_wconf 86' lang='lat' dir='ltr'>utrumque</span> <span class='ocrx_word' id='word_1_934' title='bbox 1538 2029 1631 2048; x_wconf 88' lang='lat' dir='ltr'>eorum</span> <span class='ocrx_word' id='word_1_935' title='bbox 1642 2019 1791 2047; x_wconf 80' lang='lat' dir='ltr'>fefellisset.</span> <span class='ocrx_word' id='word_1_936' title='bbox 1817 2019 1871 2046; x_wconf 90' lang='lat' dir='ltr'>Nos</span> 
     </span>
     <span class='ocr_line' id='line_1_126' title="bbox 1080 2056 1867 2095; baseline -0.006 -8"><span class='ocrx_word' id='word_1_937' title='bbox 1080 2065 1168 2087; x_wconf 87' lang='lat' dir='ltr'>tamen</span> <span class='ocrx_word' id='word_1_938' title='bbox 1185 2060 1234 2086; x_wconf 88' lang='lat' dir='ltr'>boc</span> <span class='ocrx_word' id='word_1_939' title='bbox 1249 2059 1440 2087; x_wconf 79' lang='lat' dir='ltr'>confirmamus</span> <span class='ocrx_word' id='word_1_940' title='bbox 1456 2059 1502 2086; x_wconf 93' lang='lat' dir='ltr'>illo</span> <span class='ocrx_word' id='word_1_941' title='bbox 1517 2059 1642 2095; x_wconf 84' lang='lat' dir='ltr'>augurio,</span> <span class='ocrx_word' id='word_1_942' title='bbox 1665 2065 1719 2092; x_wconf 92' lang='lat' dir='ltr'>quo</span> <span class='ocrx_word' id='word_1_943' title='bbox 1733 2056 1867 2087; x_wconf 77' lang='lat' dir='ltr'>diximus;</span> 
     </span>
     <span class='ocr_line' id='line_1_127' title="bbox 1080 2094 1872 2128; baseline -0.006 -4"><span class='ocrx_word' id='word_1_944' title='bbox 1080 2106 1129 2124; x_wconf 88' lang='lat' dir='ltr'>nec</span> <span class='ocrx_word' id='word_1_945' title='bbox 1140 2106 1188 2124; x_wconf 92' lang='lat' dir='ltr'>nos</span> <span class='ocrx_word' id='word_1_946' title='bbox 1200 2097 1276 2128; x_wconf 85' lang='lat' dir='ltr'>fallit,</span> <span class='ocrx_word' id='word_1_947' title='bbox 1293 2105 1341 2124; x_wconf 91' lang='lat' dir='ltr'>nec</span> <span class='ocrx_word' id='word_1_948' title='bbox 1353 2097 1430 2123; x_wconf 89' lang='lat' dir='ltr'>aliter</span> <span class='ocrx_word' id='word_1_949' title='bbox 1440 2096 1552 2123; x_wconf 81' lang='lat' dir='ltr'>accidet.</span> <span class='ocrx_word' id='word_1_950' title='bbox 1592 2096 1617 2121; x_wconf 86' lang='lat'>8.</span> <span class='ocrx_word' id='word_1_951' title='bbox 1639 2094 1749 2121; x_wconf 88' lang='lat' dir='ltr'>Corruat</span> <span class='ocrx_word' id='word_1_952' title='bbox 1763 2094 1813 2120; x_wconf 86' lang='lat' dir='ltr'>iste</span> <span class='ocrx_word' id='word_1_953' title='bbox 1824 2101 1872 2119; x_wconf 86' lang='lat' dir='ltr'>ne-</span> 
     </span>
     <span class='ocr_line' id='line_1_128' title="bbox 1079 2130 1871 2169; baseline -0.006 -8"><span class='ocrx_word' id='word_1_954' title='bbox 1079 2143 1154 2161; x_wconf 89' lang='lat' dir='ltr'>cesse</span> <span class='ocrx_word' id='word_1_955' title='bbox 1165 2139 1205 2161; x_wconf 86' lang='lat' dir='ltr'>est</span> <span class='ocrx_word' id='word_1_956' title='bbox 1215 2139 1261 2161; x_wconf 90' lang='lat' dir='ltr'>aut</span> <span class='ocrx_word' id='word_1_957' title='bbox 1271 2143 1320 2169; x_wconf 90' lang='lat' dir='ltr'>per</span> <span class='ocrx_word' id='word_1_958' title='bbox 1329 2134 1496 2160; x_wconf 87' lang='lat' dir='ltr'>adversarios</span> <span class='ocrx_word' id='word_1_959' title='bbox 1507 2137 1553 2159; x_wconf 87' lang='lat' dir='ltr'>aut</span> <span class='ocrx_word' id='word_1_960' title='bbox 1564 2132 1621 2167; x_wconf 85' lang='lat' dir='ltr'>ipse</span> <span class='ocrx_word' id='word_1_961' title='bbox 1632 2139 1680 2166; x_wconf 84' lang='lat' dir='ltr'>per</span> <span class='ocrx_word' id='word_1_962' title='bbox 1690 2139 1732 2162; x_wconf 85' lang='lat' dir='ltr'>se,</span> <span class='ocrx_word' id='word_1_963' title='bbox 1749 2131 1797 2165; x_wconf 87' lang='lat' dir='ltr'>qui</span> <span class='ocrx_word' id='word_1_964' title='bbox 1808 2130 1871 2165; x_wconf 81' lang='lat' dir='ltr'>qui-</span> 
     </span>
     <span class='ocr_line' id='line_1_129' title="bbox 1079 2167 1871 2202; baseline -0.006 -4"><span class='ocrx_word' id='word_1_965' title='bbox 1079 2172 1141 2198; x_wconf 91' lang='lat' dir='ltr'>dem</span> <span class='ocrx_word' id='word_1_966' title='bbox 1157 2172 1212 2198; x_wconf 88' lang='lat' dir='ltr'>sibi</span> <span class='ocrx_word' id='word_1_967' title='bbox 1226 2177 1267 2198; x_wconf 88' lang='lat' dir='ltr'>est</span> <span class='ocrx_word' id='word_1_968' title='bbox 1281 2171 1452 2198; x_wconf 78' lang='lat' dir='ltr'>adversarius</span> <span class='ocrx_word' id='word_1_969' title='bbox 1467 2178 1539 2197; x_wconf 89' lang='lat' dir='ltr'>unus</span> <span class='ocrx_word' id='word_1_970' title='bbox 1553 2169 1711 2195; x_wconf 86' lang='lat' dir='ltr'>acerrimus.</span> <span class='ocrx_word' id='word_1_971' title='bbox 1750 2167 1780 2194; x_wconf 89' lang='lat' dir='ltr'>ld</span> <span class='ocrx_word' id='word_1_972' title='bbox 1792 2175 1871 2202; x_wconf 87' lang='lat' dir='ltr'>spero</span> 
     </span>
     <span class='ocr_line' id='line_1_130' title="bbox 1079 2203 1870 2243; baseline -0.006 -8"><span class='ocrx_word' id='word_1_973' title='bbox 1079 2209 1152 2235; x_wconf 79' lang='lat' dir='ltr'>vivis</span> <span class='ocrx_word' id='word_1_974' title='bbox 1163 2209 1241 2235; x_wconf 90' lang='lat' dir='ltr'>nobis</span> <span class='ocrx_word' id='word_1_975' title='bbox 1252 2208 1317 2235; x_wconf 91' lang='lat' dir='ltr'>fore.</span> <span class='ocrx_word' id='word_1_976' title='bbox 1357 2208 1527 2243; x_wconf 82' lang='lat' dir='ltr'>Quamquam</span> <span class='ocrx_word' id='word_1_977' title='bbox 1538 2212 1644 2241; x_wconf 89' lang='lat' dir='ltr'>tempus</span> <span class='ocrx_word' id='word_1_978' title='bbox 1654 2210 1708 2236; x_wconf 85' lang='lat' dir='ltr'>est,</span> <span class='ocrx_word' id='word_1_979' title='bbox 1720 2212 1768 2231; x_wconf 88' lang='lat' dir='ltr'>nos</span> <span class='ocrx_word' id='word_1_980' title='bbox 1780 2204 1814 2231; x_wconf 88' lang='lat' dir='ltr'>de</span> <span class='ocrx_word' id='word_1_981' title='bbox 1824 2203 1870 2230; x_wconf 85' lang='lat' dir='ltr'>illa</span> 
     </span>
     <span class='ocr_line' id='line_1_131' title="bbox 1079 2241 1870 2281; baseline -0.006 -8"><span class='ocrx_word' id='word_1_982' title='bbox 1079 2251 1208 2281; x_wconf 88' lang='lat' dir='ltr'>perpetua</span> <span class='ocrx_word' id='word_1_983' title='bbox 1219 2247 1287 2277; x_wconf 88' lang='lat' dir='ltr'>iam,</span> <span class='ocrx_word' id='word_1_984' title='bbox 1304 2254 1357 2272; x_wconf 91' lang='lat' dir='ltr'>non</span> <span class='ocrx_word' id='word_1_985' title='bbox 1373 2245 1406 2272; x_wconf 91' lang='lat' dir='ltr'>de</span> <span class='ocrx_word' id='word_1_986' title='bbox 1421 2245 1472 2272; x_wconf 84' lang='lat' dir='ltr'>hac</span> <span class='ocrx_word' id='word_1_987' title='bbox 1481 2245 1580 2280; x_wconf 81' lang='lat' dir='ltr'>exigua</span> <span class='ocrx_word' id='word_1_988' title='bbox 1591 2244 1645 2270; x_wconf 84' lang='lat' dir='ltr'>vita</span> <span class='ocrx_word' id='word_1_989' title='bbox 1655 2242 1781 2278; x_wconf 72' lang='lat' dir='ltr'>cogitare.</span> <span class='ocrx_word' id='word_1_990' title='bbox 1821 2241 1870 2268; x_wconf 88' lang='lat' dir='ltr'>Sin</span> 
     </span>
     <span class='ocr_line' id='line_1_132' title="bbox 1079 2278 1871 2318; baseline -0.006 -9"><span class='ocrx_word' id='word_1_991' title='bbox 1079 2283 1146 2318; x_wconf 92' lang='lat' dir='ltr'>quid</span> <span class='ocrx_word' id='word_1_992' title='bbox 1157 2283 1284 2310; x_wconf 87' lang='lat' dir='ltr'>acciderit</span> <span class='ocrx_word' id='word_1_993' title='bbox 1295 2284 1438 2313; x_wconf 86' lang='lat' dir='ltr'>maturius,</span> <span class='ocrx_word' id='word_1_994' title='bbox 1458 2281 1531 2309; x_wconf 91' lang='lat' dir='ltr'>haud</span> <span class='ocrx_word' id='word_1_995' title='bbox 1545 2289 1610 2308; x_wconf 89' lang='lat' dir='ltr'>sane</span> <span class='ocrx_word' id='word_1_996' title='bbox 1624 2288 1682 2307; x_wconf 85' lang='lat' dir='ltr'>mea</span> <span class='ocrx_word' id='word_1_997' title='bbox 1698 2278 1814 2305; x_wconf 91' lang='lat' dir='ltr'>multum</span> <span class='ocrx_word' id='word_1_998' title='bbox 1828 2279 1871 2305; x_wconf 88' lang='lat' dir='ltr'>in—</span> 
     </span>
     <span class='ocr_line' id='line_1_133' title="bbox 1079 2315 1871 2352; baseline -0.008 -5"><span class='ocrx_word' id='word_1_999' title='bbox 1079 2320 1209 2352; x_wconf 82' lang='lat' dir='ltr'>terfuerit,</span> <span class='ocrx_word' id='word_1_1000' title='bbox 1217 2326 1308 2347; x_wconf 87' lang='lat' dir='ltr'>utrum</span> <span class='ocrx_word' id='word_1_1001' title='bbox 1316 2320 1416 2347; x_wconf 79' lang='lat' dir='ltr'>factum</span> <span class='ocrx_word' id='word_1_1002' title='bbox 1426 2319 1543 2350; x_wconf 85' lang='lat' dir='ltr'>videam,</span> <span class='ocrx_word' id='word_1_1003' title='bbox 1554 2327 1588 2345; x_wconf 86' lang='lat' dir='ltr'>an</span> <span class='ocrx_word' id='word_1_1004' title='bbox 1598 2317 1719 2344; x_wconf 88' lang='lat' dir='ltr'>futurum</span> <span class='ocrx_word' id='word_1_1005' title='bbox 1729 2324 1788 2342; x_wconf 86' lang='lat' dir='ltr'>esse</span> <span class='ocrx_word' id='word_1_1006' title='bbox 1799 2315 1871 2342; x_wconf 92' lang='lat' dir='ltr'>mul-</span> 
     </span>
     <span class='ocr_line' id='line_1_134' title="bbox 1058 2354 1871 2392; baseline -0.006 -8"><span class='ocrx_word' id='word_1_1007' title='bbox 1058 2373 1060 2381; x_wconf 56' lang='lat'>&gt;</span> <span class='ocrx_word' id='word_1_1008' title='bbox 1079 2363 1105 2384; x_wconf 92' lang='lat' dir='ltr'>to</span> <span class='ocrx_word' id='word_1_1009' title='bbox 1116 2363 1176 2384; x_wconf 89' lang='lat' dir='ltr'>ante</span> <span class='ocrx_word' id='word_1_1010' title='bbox 1185 2357 1312 2384; x_wconf 86' lang='lat' dir='ltr'>viderim.</span> <span class='ocrx_word' id='word_1_1011' title='bbox 1331 2357 1405 2389; x_wconf 89' lang='lat' dir='ltr'>Quae</span> <span class='ocrx_word' id='word_1_1012' title='bbox 1415 2365 1502 2392; x_wconf 88' lang='lat' dir='ltr'>quum</span> <span class='ocrx_word' id='word_1_1013' title='bbox 1513 2357 1549 2383; x_wconf 83' lang='lat' dir='ltr'>ita</span> <span class='ocrx_word' id='word_1_1014' title='bbox 1557 2356 1620 2386; x_wconf 85' lang='lat' dir='ltr'>sint,</span> <span class='ocrx_word' id='word_1_1015' title='bbox 1633 2362 1686 2381; x_wconf 88' lang='lat' dir='ltr'>non</span> <span class='ocrx_word' id='word_1_1016' title='bbox 1696 2358 1737 2380; x_wconf 85' lang='lat' dir='ltr'>est</span> <span class='ocrx_word' id='word_1_1017' title='bbox 1746 2354 1871 2380; x_wconf 88' lang='lat' dir='ltr'>commit-</span> 
     </span>
     <span class='ocr_line' id='line_1_135' title="bbox 1058 2395 1871 2430; baseline -0.007 -8"><span class='ocrx_word' id='word_1_1018' title='bbox 1058 2413 1059 2418; x_wconf 65' lang='lat'>.</span> <span class='ocrx_word' id='word_1_1019' title='bbox 1080 2395 1191 2422; x_wconf 91' lang='lat' dir='ltr'>tendum</span> <span class='ocrx_word' id='word_1_1020' title='bbox 1199 2415 1205 2426; x_wconf 91' lang='grc'>,</span> <span class='ocrx_word' id='word_1_1021' title='bbox 1217 2400 1248 2421; x_wconf 92' lang='lat' dir='ltr'>ut</span> <span class='ocrx_word' id='word_1_1022' title='bbox 1258 2396 1293 2421; x_wconf 90' lang='lat' dir='ltr'>iis</span> <span class='ocrx_word' id='word_1_1023' title='bbox 1303 2403 1459 2430; x_wconf 84' lang='lat' dir='ltr'>pareamus,</span> <span class='ocrx_word' id='word_1_1024' title='bbox 1471 2402 1540 2429; x_wconf 87' lang='lat' dir='ltr'>quos</span> <span class='ocrx_word' id='word_1_1025' title='bbox 1549 2396 1638 2419; x_wconf 76' lang='lat' dir='ltr'>contra</span> <span class='ocrx_word' id='word_1_1026' title='bbox 1649 2398 1692 2417; x_wconf 81' lang='lat' dir='ltr'>me</span> <span class='ocrx_word' id='word_1_1027' title='bbox 1702 2395 1810 2417; x_wconf 83' lang='lat' dir='ltr'>senatus</span> <span class='ocrx_word' id='word_1_1028' title='bbox 1818 2411 1824 2421; x_wconf 88' lang='lat'>,</span> <span class='ocrx_word' id='word_1_1029' title='bbox 1837 2399 1871 2417; x_wconf 89' lang='lat' dir='ltr'>ne</span> 
     </span>
     <span class='ocr_line' id='line_1_136' title="bbox 1058 2427 1871 2467; baseline -0.007 -8"><span class='ocrx_word' id='word_1_1030' title='bbox 1058 2459 1059 2465; x_wconf 58' lang='grc'>,</span> <span class='ocrx_word' id='word_1_1031' title='bbox 1079 2432 1146 2467; x_wconf 90' lang='lat' dir='ltr'>quid</span> <span class='ocrx_word' id='word_1_1032' title='bbox 1157 2432 1311 2467; x_wconf 83' lang='lat' dir='ltr'>respublica</span> <span class='ocrx_word' id='word_1_1033' title='bbox 1322 2432 1477 2458; x_wconf 87' lang='lat' dir='ltr'>detrimenti</span> <span class='ocrx_word' id='word_1_1034' title='bbox 1487 2430 1630 2465; x_wconf 83' lang='lat' dir='ltr'>acciperet,</span> <span class='ocrx_word' id='word_1_1035' title='bbox 1645 2429 1769 2454; x_wconf 75' lang='lat' dir='ltr'>armavit.</span> <span class='ocrx_word' id='word_1_1036' title='bbox 1808 2427 1871 2454; x_wconf 88' lang='lat' dir='ltr'>Tibi</span> 
     </span>
     <span class='ocr_line' id='line_1_137' title="bbox 1058 2465 1870 2503; baseline -0.007 -7"><span class='ocrx_word' id='word_1_1037' title='bbox 1058 2472 1059 2503; x_wconf 56' lang='grc' dir='ltr'>ξ</span> <span class='ocrx_word' id='word_1_1038' title='bbox 1080 2475 1143 2496; x_wconf 90' lang='lat' dir='ltr'>sunt</span> <span class='ocrx_word' id='word_1_1039' title='bbox 1152 2470 1243 2496; x_wconf 90' lang='lat' dir='ltr'>omnia</span> <span class='ocrx_word' id='word_1_1040' title='bbox 1253 2468 1452 2501; x_wconf 84' lang='lat' dir='ltr'>commendata;</span> <span class='ocrx_word' id='word_1_1041' title='bbox 1467 2475 1535 2503; x_wconf 86' lang='lat' dir='ltr'>quae</span> <span class='ocrx_word' id='word_1_1042' title='bbox 1545 2465 1784 2493; x_wconf 87' lang='lat' dir='ltr'>commendationis</span> <span class='ocrx_word' id='word_1_1043' title='bbox 1795 2473 1870 2491; x_wconf 87' lang='lat' dir='ltr'>meae</span> 
     </span>
     <span class='ocr_line' id='line_1_138' title="bbox 1058 2501 1871 2541; baseline -0.009 -7"><span class='ocrx_word' id='word_1_1044' title='bbox 1058 2509 1059 2539; x_wconf 67' lang='grc' dir='ltr'>ἶ</span> <span class='ocrx_word' id='word_1_1045' title='bbox 1079 2515 1127 2541; x_wconf 91' lang='lat' dir='ltr'>pro</span> <span class='ocrx_word' id='word_1_1046' title='bbox 1142 2511 1187 2533; x_wconf 91' lang='lat' dir='ltr'>tuo</span> <span class='ocrx_word' id='word_1_1047' title='bbox 1203 2507 1231 2533; x_wconf 93' lang='lat' dir='ltr'>in</span> <span class='ocrx_word' id='word_1_1048' title='bbox 1246 2515 1294 2533; x_wconf 92' lang='lat' dir='ltr'>nos</span> <span class='ocrx_word' id='word_1_1049' title='bbox 1308 2514 1397 2533; x_wconf 87' lang='lat' dir='ltr'>amore</span> <span class='ocrx_word' id='word_1_1050' title='bbox 1413 2514 1465 2532; x_wconf 90' lang='lat' dir='ltr'>non</span> <span class='ocrx_word' id='word_1_1051' title='bbox 1481 2504 1612 2539; x_wconf 85' lang='lat' dir='ltr'>indigent.</span> <span class='ocrx_word' id='word_1_1052' title='bbox 1652 2502 1690 2528; x_wconf 81' lang='lat' dir='ltr'>Ne</span> <span class='ocrx_word' id='word_1_1053' title='bbox 1702 2501 1810 2528; x_wconf 86' lang='lat' dir='ltr'>hercule</span> <span class='ocrx_word' id='word_1_1054' title='bbox 1820 2509 1871 2537; x_wconf 79' lang='lat' dir='ltr'>ego</span> 
     </span>
     <span class='ocr_line' id='line_1_139' title="bbox 1058 2539 1870 2578; baseline -0.007 -7"><span class='ocrx_word' id='word_1_1055' title='bbox 1058 2542 1059 2560; x_wconf 62' lang='lat'>³</span> <span class='ocrx_word' id='word_1_1056' title='bbox 1079 2543 1191 2578; x_wconf 85' lang='lat' dir='ltr'>quidem</span> <span class='ocrx_word' id='word_1_1057' title='bbox 1202 2544 1319 2578; x_wconf 87' lang='lat' dir='ltr'>reperio,</span> <span class='ocrx_word' id='word_1_1058' title='bbox 1332 2543 1400 2578; x_wconf 89' lang='lat' dir='ltr'>quid</span> <span class='ocrx_word' id='word_1_1059' title='bbox 1410 2541 1537 2568; x_wconf 80' lang='lat' dir='ltr'>scribam.</span> <span class='ocrx_word' id='word_1_1060' title='bbox 1577 2539 1663 2566; x_wconf 87' lang='lat' dir='ltr'>Sedeo</span> <span class='ocrx_word' id='word_1_1061' title='bbox 1673 2540 1746 2565; x_wconf 90' lang='lat' dir='ltr'>enim</span> <span class='ocrx_word' id='word_1_1062' title='bbox 1757 2539 1870 2566; x_wconf 75' lang='grc' dir='ltr'><em>πλονδο-</em></span> 
     </span>
     <span class='ocr_line' id='line_1_140' title="bbox 1057 2576 1870 2614; baseline -0.007 -7"><span class='ocrx_word' id='word_1_1063' title='bbox 1057 2582 1059 2606; x_wconf 63' lang='grc'>1</span> <span class='ocrx_word' id='word_1_1064' title='bbox 1078 2583 1140 2607; x_wconf 81' lang='grc' dir='ltr'><em>κῶν.</em></span> <span class='ocrx_word' id='word_1_1065' title='bbox 1178 2581 1236 2607; x_wconf 88' lang='lat' dir='ltr'>Etsi</span> <span class='ocrx_word' id='word_1_1066' title='bbox 1247 2580 1316 2607; x_wconf 91' lang='lat' dir='ltr'>nihil</span> <span class='ocrx_word' id='word_1_1067' title='bbox 1327 2587 1457 2614; x_wconf 88' lang='lat' dir='ltr'>umquam</span> <span class='ocrx_word' id='word_1_1068' title='bbox 1467 2583 1521 2605; x_wconf 84' lang='lat' dir='ltr'>tam</span> <span class='ocrx_word' id='word_1_1069' title='bbox 1532 2576 1583 2603; x_wconf 84' lang='lat' dir='ltr'>fuit</span> <span class='ocrx_word' id='word_1_1070' title='bbox 1592 2576 1776 2607; x_wconf 81' lang='lat' dir='ltr'>scribendum,</span> <span class='ocrx_word' id='word_1_1071' title='bbox 1787 2584 1870 2611; x_wconf 87' lang='lat' dir='ltr'>quam</span> 
     </span>
     <span class='ocr_line' id='line_1_141' title="bbox 1057 2613 1870 2652; baseline -0.007 -8"><span class='ocrx_word' id='word_1_1072' title='bbox 1057 2644 1059 2652; x_wconf 63' lang='lat'>.</span> <span class='ocrx_word' id='word_1_1073' title='bbox 1079 2617 1148 2644; x_wconf 86' lang='lat' dir='ltr'>nihil</span> <span class='ocrx_word' id='word_1_1074' title='bbox 1163 2617 1232 2644; x_wconf 86' lang='lat' dir='ltr'>mihi</span> <span class='ocrx_word' id='word_1_1075' title='bbox 1247 2625 1376 2652; x_wconf 87' lang='lat' dir='ltr'>umquam</span> <span class='ocrx_word' id='word_1_1076' title='bbox 1393 2624 1427 2642; x_wconf 85' lang='lat' dir='ltr'>ex</span> <span class='ocrx_word' id='word_1_1077' title='bbox 1441 2615 1566 2650; x_wconf 85' lang='lat' dir='ltr'>plurimis</span> <span class='ocrx_word' id='word_1_1078' title='bbox 1581 2614 1636 2640; x_wconf 93' lang='lat' dir='ltr'>tuis</span> <span class='ocrx_word' id='word_1_1079' title='bbox 1656 2613 1870 2640; x_wconf 85' lang='lat' dir='ltr'>iucunditatibus</span> 
     </span>
    </p>
   </div>
   <div class='ocr_carea' id='block_1_19' title="bbox 1056 1621 1061 2411">
    <p class='ocr_par' dir='ltr' id='par_1_19' title="bbox 1056 1621 1061 2411">
     <span class='ocr_line' id='line_1_142' title="bbox 1056 1621 1061 2411; baseline 0 0"><span class='ocrx_word' id='word_1_1080' title='bbox 1056 1621 1061 2411; x_wconf 95' lang='lat' dir='ltr'> </span> 
     </span>
    </p>
   </div>
   <div class='ocr_carea' id='block_1_20' title="bbox 670 2650 1870 2690">
    <p class='ocr_par' dir='ltr' id='par_1_20' title="bbox 670 2650 1870 2690">
     <span class='ocr_line' id='line_1_143' title="bbox 670 2650 1870 2690; baseline -0.003 -11"><span class='ocrx_word' id='word_1_1081' title='bbox 670 2654 814 2689; x_wconf 81' lang='lat' dir='ltr'>Navigabit</span> <span class='ocrx_word' id='word_1_1082' title='bbox 826 2655 917 2690; x_wconf 81' lang='lat' dir='ltr'>igitur,</span> <span class='ocrx_word' id='word_1_1083' title='bbox 941 2662 1028 2689; x_wconf 90' lang='lat' dir='ltr'>quum</span> <span class='ocrx_word' id='word_1_1084' title='bbox 1049 2664 1059 2681; x_wconf 71' lang='grc' dir='ltr'><strong><em>κ</em></strong></span> <span class='ocrx_word' id='word_1_1085' title='bbox 1078 2655 1181 2690; x_wconf 82' lang='lat' dir='ltr'>gratius</span> <span class='ocrx_word' id='word_1_1086' title='bbox 1192 2654 1336 2684; x_wconf 86' lang='lat' dir='ltr'>accidisse,</span> <span class='ocrx_word' id='word_1_1087' title='bbox 1353 2661 1436 2688; x_wconf 88' lang='lat' dir='ltr'>quam</span> <span class='ocrx_word' id='word_1_1088' title='bbox 1450 2652 1523 2687; x_wconf 87' lang='lat' dir='ltr'>quod</span> <span class='ocrx_word' id='word_1_1089' title='bbox 1538 2659 1625 2678; x_wconf 82' lang='lat' dir='ltr'>meam</span> <span class='ocrx_word' id='word_1_1090' title='bbox 1637 2650 1752 2677; x_wconf 86' lang='lat' dir='ltr'>Tulliam</span> <span class='ocrx_word' id='word_1_1091' title='bbox 1763 2650 1870 2677; x_wconf 83' lang='lat' dir='ltr'>suavis-</span> 
     </span>
    </p>
   </div>
  </div>
 </body>
</html>
