1941 3052
784 160 817 184 M.
853 159 882 184 Τ.

242 163 290 188 555
709 161 746 185 tto.

240 231 368 258 iudicium
386 236 501 256 senatus,
545 229 647 255 ludices
663 237 747 263 quum
761 237 821 263 prae
834 237 862 254 se
875 228 971 254 ferrent
984 237 1030 262 pa-

240 269 345 303 lamque
354 267 600 302 loquerentur‚quid
613 271 700 291 essent
709 266 766 299 lege
774 266 890 300 l'apiade
898 266 920 291 M
927 266 1030 291 kirassa

241 306 402 331 Manu-runis
415 303 757 338 repetentibusiudicaturi5
771 303 930 332 Mamertini.
940 302 1030 336 publi-

237 352 266 367 ce
277 347 398 376 suscepta
411 350 513 370 caussa,
527 341 694 365 destiterunt.
718 339 793 365 Multi
807 340 832 365 in
844 340 977 365 civitatem
990 348 1030 365 re-

237 380 304 413 vvpti
324 388 355 404 ex
380 378 470 404 liberis
486 377 680 411 foederatisque
701 376 807 411 populis
827 382 890 403 sunt
911 377 1027 403 liberati.-
1052 372 1061 418 i

238 425 314 442 nemo
327 424 454 449 uinquam
469 419 508 440 est
519 414 552 439 de
563 414 669 440 civitate
680 419 829 444 accusatus,
843 414 914 448 quod
926 419 971 440 aut
984 423 1030 449 po-

237 454 317 487 pulus
335 452 434 478 fundus
451 451 534 477 lactus
551 460 600 477 non
613 456 690 481 esset.
706 456 751 477 aut
764 452 835 486 quod
849 451 953 477 foedere
963 452 1030 477 civi-

237 491 295 516 tatis
308 489 448 515 mutandae
461 489 502 514 ius
515 488 697 523 impediretur.
719 490 761 514 53.
775 489 885 515 Audebo
895 489 1029 515 etiamboc

236 526 401 555 contendere„
416 534 563 560 numquam
574 534 634 552 essa
644 525 860 556 condemnatum,
873 535 954 561 quem
967 535 1030 552 con-

235 569 315 590 staret
330 564 364 589 ab
380 564 535 597 imperatore
552 568 640 589 nostro
650 564 756 589 civitate
767 563 904 590 donatum.
927 563 1030 599 Cogno-

234 602 298 627 scite
315 609 385 627 nunc
402 600 493 635 populi
510 601 620 626 Romani
635 600 779 631 iudicium,
793 601 885 627 multis
897 601 977 627 rebus
989 602 1029 627 in—

236 638 391 673 terpositum
404 643 482 673 atque
494 638 520 664 in
533 638 767 664 maximis-caussis
779 639 874 673 reipsa
886 643 966 673 atque
978 647 1028 664 usu

234 676 445 710 vomprobamm.

234 714 280 747 Sp.
289 713 390 743 Cassio,
399 713 652 739 PostumoCominio
663 712 830 743 consulibus.
840 714 902 748 quis
910 712 1030 747 ignorat?

233 750 305 785 quod
329 750 438 785 quidem
461 758 545 784 nuper
566 751 592 776 in
613 749 736 776 columna
757 759 837 776 aenea
854 751 1028 777 meminimus

235 792 293 821 post
310 792 392 814 rostra
404 787 519 813 incisum
531 792 557 813 et
568 788 745 822 perscriptum
757 787 850 814 fuisse.
890 787 1028 820 Quomodo

234 825 316 860 igitur
328 825 356 851 L.
365 824 505 851 Cossinius
513 825 618 854 Tiburs,
628 830 700 859 pater
707 825 788 851 buius
799 825 1025 859 equitisllomani.
1058 856 1059 864 ἵ

233 862 327 896 optimi
337 867 415 897 atque
426 862 588 888 ornatissimi
601 862 660 891 viri.
673 862 798 889 damnato
808 863 838 888 T.
847 862 947 889 Caelio:
961 871 1028 897 quo-

235 900 312 926 modo
325 908 358 926 ex
373 899 465 925 eadem
481 899 587 925 civitate
599 900 628 925 T.
642 899 784 934 Coponius.
798 900 866 926 civis
878 900 940 926 item
953 908 1029 925 sum-

215 959 219 966 ,
233 945 275 962 ma
295 937 393 963 virtute
407 941 433 963 et
447 937 576 972 dignitate
588 937 706 972 (nepotes
717 937 746 963 T.
759 942 784 963 et
796 937 824 963 C.
838 936 970 972 Coponios
982 946 1029 963 no-

233 974 291 1010 stis)
306 974 430 1000 damnato
445 973 474 1001 C.
492 974 624 1005 Messene.
641 975 709 1000 civis
726 975 860 1001 Romanus
875 979 914 1001 est
926 974 1029 1001 factus?

233 1012 274 1037 54.
291 1012 330 1038 An
342 1011 432 1047 lingua
447 1015 472 1038 et
487 1011 595 1047 ingenio
609 1011 726 1046 patelieri
742 1011 831 1038 aditus
846 1011 878 1038 ad
893 1012 1027 1038 civitatem

234 1050 332 1083 potuit,
349 1057 429 1075 manu
445 1053 470 1075 et
485 1049 582 1075 virtute
599 1058 650 1075 non
662 1048 674 1061 *
689 1048 803 1084 poterit?
822 1058 890 1075 anne
905 1049 938 1076 de
951 1049 1027 1075 nobis

233 1086 336 1113 trahere
351 1086 434 1121 spolia
452 1085 591 1112 foederatis
605 1086 707 1117 licebat,
720 1086 754 1112 de
765 1086 888 1113 hostibus
901 1095 951 1113 non
965 1086 1028 1113 lice·
1057 1109 1058 1118 ,

233 1123 290 1149 bit‘?
309 1133 350 1154 an,
364 1123 436 1159 quod
447 1123 558 1158 adipisci
571 1128 690 1158 poterant
700 1123 857 1154 dicend0.id
869 1124 908 1150 eis
918 1124 1026 1159 assequi

233 1161 377 1195 pugnando
398 1169 448 1187 non
471 1161 578 1187 licebit?
598 1170 630 1187 an
647 1162 793 1188 accusatori
815 1161 928 1187 maiores
945 1162 1026 1188 nostri

232 1199 330 1225 maiora
343 1198 468 1233 praemia.
484 1207 565 1233 quam
577 1198 697 1225 bellatori
708 1207 767 1225 esse
779 1198 940 1225 voluerunt?

288 1236 384 1262 XXIV.
397 1235 473 1268 Quod
484 1236 506 1261 si
518 1236 689 1262 acerbissima
701 1235 758 1271 lege
765 1235 878 1262 Servilia
890 1236 1026 1271 principes

232 1274 291 1304 viri,
311 1271 359 1310 [ac]
372 1273 525 1309 gravissimi
537 1277 563 1299 et
573 1273 766 1307 sapientissimi
776 1274 863 1304 cives,
877 1274 943 1300 hanc
956 1273 1027 1299 Lati-

232 1312 281 1341 nis,
295 1311 323 1337 id
333 1315 385 1341 est,
401 1310 553 1341 foederatis.
572 1311 642 1337 viam
654 1310 687 1337 ad
698 1311 833 1337 civitatem
841 1311 936 1346 populi
949 1311 1025 1337 iussu

231 1352 319 1382 patere
336 1348 408 1382 passi
423 1353 499 1378 sunt.
528 1356 614 1383 neque
629 1348 656 1374 in
668 1347 710 1374 his
721 1352 762 1374 est
771 1348 821 1375 boc
830 1348 1025 1383 reprehensum

231 1385 331 1411 Licinia
347 1390 372 1412 et
384 1385 469 1411 Mucia
487 1384 558 1421 lege:
574 1394 660 1420 quum
672 1386 827 1420 praesertim
837 1394 924 1422 genus
935 1386 1025 1421 ipsum

230 1422 406 1449 accusationis
432 1427 457 1449 et
481 1430 576 1449 nomen
585 1443 591 1453 .
617 1422 750 1449 eiusmodi
769 1424 932 1458 praemium,
953 1422 1026 1458 quod

231 1468 308 1486 nemo
323 1460 431 1495 assequi
453 1464 543 1495 posset
554 1460 606 1486 nisi
618 1469 651 1486 ex
662 1461 790 1487 senatoris
804 1460 966 1491 calamitate.
980 1469 1026 1487 ne-

229 1505 282 1532 que
302 1498 416 1523 senatori
436 1505 522 1532 neque
541 1497 610 1524 bono
629 1498 756 1533 cuiquam
777 1499 859 1524 nimis
874 1497 1025 1524 iucundum

228 1543 288 1561 esse
299 1539 402 1569 posset:
416 1534 596 1561 dubitandum
609 1534 668 1566 fuit.
681 1535 758 1570 quin,
771 1544 826 1570 quo
836 1537 864 1562 in
875 1544 972 1571 genere
983 1536 1026 1562 iu-

228 1571 318 1598 dicum
341 1572 457 1607 praemia
473 1576 527 1598 rata
542 1576 640 1603 essent,
658 1573 685 1599 in
696 1572 899 1599 eodemiudicia
910 1573 1026 1608 impera-

229 1614 315 1635 torum
338 1608 475 1636 valerent?
499 1618 563 1636 num
584 1609 682 1636 fundos
703 1610 787 1646 igitur
806 1610 888 1636 factos
910 1610 1025 1645 populos

229 1647 336 1673 Latinos
347 1647 506 1673 arbitramur
517 1646 680 1673 autServilia
693 1647 750 1683 lege
761 1648 914 1679 autceteris¹
923 1647 1024 1682 quibus

228 1684 330 1710 Latinis
346 1684 502 1711 hominibus
517 1689 572 1710 erat
586 1685 752 1719 propositum
764 1684 853 1719 aliqua
867 1693 900 1711 ex
911 1693 938 1711 re
948 1693 1026 1719 prae·

229 1721 314 1747 mium
328 1720 463 1747 civitatis?
482 1723 524 1748 55.
546 1721 702 1757 Cognoscite
717 1730 788 1748 nunc
804 1721 935 1748 iudicium
947 1730 1025 1748 sena-

229 1763 281 1788 tus,
302 1758 374 1793 quod
394 1767 500 1793 semper
520 1763 560 1785 est
580 1758 681 1785 iudicio
701 1758 795 1794 populi
810 1759 1022 1794 comprobatum.

228 1795 307 1822 Sacra
319 1795 435 1827 Cereris,
448 1795 566 1827 iudices,
579 1804 685 1822 summa
697 1797 810 1823 maiores
822 1797 906 1823 nostri
917 1796 1025 1832 religio-

229 1841 261 1859 ne
275 1832 368 1859 confici
385 1833 599 1868 caerimoniaque
614 1833 770 1859 voluerunt:
792 1842 862 1868 quae
879 1842 964 1869 quum
981 1842 1024 1859 es-

228 1874 287 1896 sent
303 1874 440 1904 assumpta
455 1870 488 1896 de
500 1870 619 1901 Graecia,
633 1875 658 1896 et
673 1878 720 1905 per
735 1870 849 1897 Graecas
860 1879 967 1906 semper
976 1879 1025 1896 cu-

229 1911 282 1933 rata
298 1911 362 1933 sunt
376 1907 526 1933 sacerdotes
537 1912 561 1933 et
575 1907 674 1934 Graeca
685 1908 775 1934 omnia
786 1908 930 1934 nominata.
971 1908 1023 1934 Sed

227 1953 312 1979 quum
324 1944 407 1975 illam.
419 1953 488 1979 quae
495 1945 625 1971 Graecum
638 1944 706 1971 illud
713 1953 818 1971 sacrum
830 1949 988 1972 monstraret
998 1950 1025 1972 et

229 1981 332 2012 faceret,
346 1990 379 2008 ex
386 1981 494 2008 Graecia
506 1981 667 2017 deligerent:
683 1987 771 2008 tamen
779 1991 852 2009 sacra
864 1983 1023 2017 procivibus

227 2020 313 2045 civem
336 2018 421 2045 facere
437 2018 593 2050 voluerunt,
612 2024 641 2045 ut
657 2018 721 2046 deos
736 2019 901 2046 immortales
912 2021 1023 2046 scientia

228 2057 368 2091 peregrina
383 2060 408 2082 et
423 2060 544 2087 externa,
557 2061 645 2082 mente
656 2056 800 2083 domestica
811 2061 837 2083 et
847 2057 921 2084 civili
933 2066 1024 2092 preca-

228 2098 309 2120 retur.
344 2094 396 2120 Has
412 2093 561 2120 sacerdotes
573 2093 651 2120 video
661 2093 714 2120 fere
725 2099 771 2120 aut
781 2094 967 2129 Neapolitanas
978 2099 1024 2121 aut

228 2130 364 2157 Velienses
380 2130 478 2162 fuisse,
496 2130 689 2157 foederatarum
705 2132 763 2157 sine
777 2131 862 2158 dubio
872 2132 1021 2158 civitatum.

228 2168 302 2194 Mitto
313 2172 415 2194 vetera:
429 2168 549 2203 proxima
555 2168 624 2199 dico,
637 2183 673 2188 ·—
683 2169 884 2195 antecivitatem
891 2169 1024 2196 Veliensi-

228 2205 279 2231 bus
290 2205 387 2237 datam,
396 2205 430 2231 de
439 2210 549 2232 senatus
560 2205 725 2232 sententiae.
739 2205 875 2232 Valerium
886 2206 1020 2238 Flaccum,

227 2247 374 2277 praetorem
386 2242 529 2273 urbanum,
544 2244 700 2269 nominatim
713 2242 745 2269 ad
757 2243 888 2278 populum
903 2244 936 2270 de
943 2243 1024 2271 Calli—

228 2279 314 2314 phana
337 2279 469 2311 Veliense,
493 2285 522 2306 ut
542 2288 571 2306 ea
589 2281 657 2307 civis
677 2281 794 2307 Romana
810 2285 893 2312 esset.
914 2281 1020 2308 tulisse.

227 2317 296 2343 Num
317 2317 400 2353 igitur
414 2322 460 2343 aut
478 2317 574 2344 fundos
590 2317 671 2344 factos
687 2317 824 2344 Velienses
839 2323 885 2344 aut
899 2319 1023 2345 sacerdo—

227 2359 279 2380 tem
292 2354 364 2380 illam
376 2355 613 2381 civemRomanam
626 2354 719 2381 factam
732 2363 784 2382 non
795 2363 863 2386 esse.
871 2360 917 2382 aut
929 2355 1022 2382 foedus

226 2396 250 2417 et
262 2400 276 2417 a
287 2396 380 2418 senatu
392 2397 416 2418 et
426 2391 546 2426 apopulo
553 2393 669 2418 Romano
680 2391 807 2419 violatum
814 2392 1023 2419 arbitrabimur?

281 2428 366 2455 XXV.
384 2430 426 2455 56.
444 2429 573 2465 intelligo,
596 2429 707 2460 iudices.
725 2430 752 2456 in
763 2438 857 2456 caussa
870 2435 959 2465 aperta
970 2430 1022 2457 mi-

228 2465 352 2500 nimeque
372 2466 454 2492 dubia
477 2466 561 2492 multo
575 2471 601 2493 et
617 2466 703 2501 plura,
716 2471 742 2492 et
752 2475 766 2492 a
778 2466 903 2502 pluribus
914 2467 1022 2502 peritis-

227 2502 303 2527 simis
314 2511 372 2528 esse
384 2503 461 2533 dicta.
475 2512 555 2538 quam
568 2512 610 2529 res
621 2503 777 2538 postularet.
818 2504 871 2530 Sed
882 2504 909 2531 id
921 2504 1020 2531 factum

227 2543 275 2568 est.
293 2547 344 2565 non
356 2545 385 2566 ut
401 2540 477 2566 vobis
488 2549 543 2567 rem
554 2545 608 2566 tam
619 2541 789 2575 perspicuam
801 2541 914 2568 dicendo
925 2541 1021 2576 proba·

227 2583 327 2606 remus,
344 2585 437 2602 verum
454 2582 482 2603 ut
501 2578 622 2604 omnium
638 2577 839 2609 malevolorum,
853 2579 1018 2613 iniquorum,

228 2611 379 2638 invidorum
400 2613 502 2639 animos
523 2613 720 2650 frangeremus:
746 2623 815 2649 quos
836 2620 865 2641 ut
885 2620 1021 2642 accusator

228 2649 387 2680 incenderet.
409 2654 440 2676 ut
454 2650 538 2685 aliqui
552 2659 689 2678 sermones
703 2651 853 2682 hominum,
867 2652 962 2678 alienis
972 2652 1021 2679 bo-

228 2686 268 2712 nis
289 2687 473 2718 maerentium,
490 2688 570 2714 etiam
585 2688 619 2715 ad
635 2693 736 2716 vestras
746 2697 824 2715 aures
834 2693 1020 2724 permanarent

486 674 553 701 Cum
575 676 675 701 Latinis
690 676 817 702 omnibus
834 675 928 702 foedus
945 676 1027 702 ictum
1051 686 1052 693 ¹

1051 227 1055 258 l

1046 1507 1057 1636 J¹

918 158 1193 184 ‹thEttONtS
1226 158 1411 185 ΟΠΛΤΙΟ

1081 233 1106 254 et
1126 229 1152 254 in
1175 228 1273 254 iudicio
1294 229 1353 263 ipso
1373 229 1562 260 redundarent.
1581 230 1679 257 idcirco
1699 231 1743 257 itt·
1760 232 1786 257 in
1802 232 1874 258 omni

1083 270 1154 299 parte
1178 266 1304 291 orationis
1329 275 1394 292 auae
1409 272 1463 293 arte
1473 269 1577 302 aspergi
1592 268 1735 294 videbatis:
1759 273 1816 294 tum
1829 277 1875 303 po-

1081 303 1187 328 cuniam
1201 303 1229 329 L.
1242 303 1367 333 Cornelii,
1379 312 1447 338 quae
1458 313 1543 340 neque
1555 306 1685 331 invidiosa
1692 311 1877 340 cst.et,quan—

1083 344 1224 374 tacumque
1235 345 1284 370 est.
1293 341 1425 367 eiusmodi
1436 347 1484 371 est.
1493 347 1522 367 ut
1532 348 1684 369 conservata
1692 344 1785 377 magis.
1794 351 1875 377 quam

1081 382 1199 411 correpta
1215 386 1274 403 ease
1291 378 1424 404 videatur:
1448 384 1503 404 tum
1521 379 1664 408 luxuriam,
1681 389 1750 414 quae
1762 389 1812 406 non
1824 381 1876 406 cri-

1083 415 1152 440 mine
1164 414 1253 449 aliquo
1266 414 1394 442 libidinis.
1409 416 1454 441 sed
1466 417 1601 443 communi
1616 417 1756 443 maledicto
1768 417 1876 443 notaba-

1083 457 1137 483 tur;
1161 456 1217 477 tum
1234 452 1426 482 Tusculanum.
1444 453 1515 488 quod
1531 454 1562 485 Q.
1577 454 1673 480 Metelli
1686 454 1769 481 fuisse
1781 455 1875 480 memi—

1082 493 1163 519 nerat,
1186 493 1211 515 et
1228 489 1256 515 L.
1274 490 1371 520 Crassi,
1390 490 1516 517 Crassum
1532 492 1630 517 emisse
1645 491 1678 517 de
1695 491 1817 518 libertino
1829 493 1876 517 ho-

1082 527 1167 556 mine.
1191 526 1308 553 Soterico
1330 528 1434 558 Marcio.
1457 527 1490 554 ad
1512 528 1648 554 Metellum
1669 530 1822 563 pervenisse
1843 528 1876 554 de

1082 564 1192 590 Venonii
1216 564 1329 590 Vindicii
1346 565 1431 594 bonis.
1450 574 1501 591 non
1517 566 1636 593 tenebat:
1658 566 1739 592 simul
1751 566 1818 592 illud
1831 575 1877 592 ne-

1081 601 1189 631 sciebat.
1213 601 1380 635 praediorum
1398 602 1498 628 nullam
1515 611 1573 628 esse
1588 607 1708 638 gentem;
1734 603 1877 638 emptioni-

1082 639 1132 664 bus
1152 647 1180 664 ca
1201 638 1286 665 solere
1306 648 1384 674 saepe
1400 639 1432 665 ad
1444 640 1543 666 alienos
1556 640 1685 670 homines.
1702 648 1781 675 saepe
1792 640 1824 666 ad
1836 641 1877 666 in-

1082 677 1166 706 timos,
1190 685 1241 702 non
1260 676 1374 709 legibus.
1393 682 1527 711 tamquam
1545 678 1649 707 tutelas.
1665 678 1812 712 pervenire.
1834 678 1875 704 57.

1080 714 1220 739 Obiectum
1233 719 1271 739 est
1282 715 1370 744 etiam.
1379 715 1451 749 quod
1464 715 1490 740 in
1503 715 1601 740 tribum
1609 715 1808 741 Crustuminum
1816 723 1876 749 per-

1082 751 1196 777 venerit:
1219 751 1290 785 quod
1309 751 1351 777 hic
1361 757 1500 778 assecutus
1514 757 1554 778 est
1566 752 1632 787 tegis
1643 752 1676 778 de
1687 752 1787 778 ambitu
1801 761 1876 786 prae-

1058 814 1059 819 ,
1081 789 1142 818 mio.
1157 789 1247 814 minus
1259 788 1488 824 invidioso.quam
1500 790 1548 824 qui
1563 790 1650 825 legum
1664 790 1789 824 praemiis
1801 798 1876 824 prae-

1057 1055 1059 1066 ι

1058 1069 1059 1076 t

1057 1083 1059 1097 l

1057 1026 1059 1031 v
1082 1011 1150 1038 nelio
1165 1012 1295 1042 invident.
1314 1021 1364 1039 non
1377 1018 1417 1039 est
1427 1012 1618 1048 difficillimum
1632 1014 1762 1049 mitigare.

1081 826 1173 851 toriam
1185 826 1342 851 sententiam
1355 831 1379 852 et
1392 832 1553 861 praetextam
1565 832 1652 862 togam
1663 831 1874 861 consequuntur.

1080 863 1113 889 Et
1123 862 1230 897 adoptio
1239 863 1394 897 Theophani
1406 865 1501 899 agitata
1513 869 1567 890 est:
1591 872 1637 898 per
1647 873 1728 898 quam
1735 863 1875 890 Cornelius

1081 900 1147 926 nibil
1163 905 1211 930 est.
1226 906 1410 935 praeterquam
1425 901 1636 936 propinquorum
1648 910 1758 927 suorum
1771 900 1876 927 heredi-

1081 942 1146 964 tates
1157 942 1304 964 assecutus.

1135 974 1231 1001 XXVI.
1253 976 1422 1010 Quamquam
1437 976 1549 1001 istorum
1565 977 1676 1005 animos.
1690 976 1737 1010 qui
1749 976 1800 1010 ipsi
1812 975 1876 1002 Cor-

1803 1013 1875 1039 More

1080 1049 1220 1076 hominum
1244 1049 1375 1079 invident.
1400 1051 1427 1076 in
1442 1051 1574 1076 conviviis
1590 1051 1700 1080 rodunt,
1722 1051 1750 1076 in
1766 1049 1875 1076 circulis

1081 1086 1218 1113 vellicant:
1242 1096 1292 1113 non
1314 1087 1360 1114 illo
1380 1088 1502 1118 inimico,
1519 1087 1566 1114 sed
1583 1088 1632 1113 boc
1653 1087 1782 1113 maledico
1795 1086 1875 1113 dente
1915 1101 1919 1110 ι

1079 1129 1200 1159 carpunt.
1235 1126 1277 1151 58.
1294 1124 1346 1156 Qui
1358 1126 1451 1151 amicis
1463 1125 1492 1151 L.
1505 1125 1618 1151 Cornelii
1631 1130 1675 1150 aut
1688 1125 1789 1151 inimici
1800 1129 1872 1154 sunt.

1056 1168 1059 1176 *
1079 1166 1125 1188 aut
1145 1161 1274 1192 invident,
1295 1162 1399 1188 bisunt
1415 1162 1477 1188 huic
1493 1162 1578 1188 multo
1598 1162 1783 1188 vehementius
1794 1162 1875 1196 perti-

1056 1212 1058 1226 t

1079 1199 1226 1225 mescendi.
1267 1199 1333 1225 Nam
1350 1199 1412 1225 huic
1427 1199 1537 1234 quidem
1554 1200 1606 1234 ipsi
1620 1200 1683 1234 quis
1694 1204 1733 1225 est
1745 1207 1873 1233 umquam

1056 1249 1058 1265 κ
1078 1237 1205 1263 inventus
1220 1236 1366 1263 inimicus?
1386 1241 1431 1262 aut
1446 1237 1508 1271 quis
1519 1238 1576 1263 iure
1587 1245 1645 1263 esse
1657 1235 1760 1271 potuit?
1788 1236 1873 1268 Quem

1061 1274 1179 1305 ,bonum
1202 1282 1253 1301 non
1274 1273 1374 1300 coluit?
1397 1274 1476 1300 cuius
1494 1273 1614 1300 fortunae
1628 1273 1806 1309 dignitatique
1822 1282 1874 1299 non

1078 1310 1228 1337 concessit?
1257 1312 1384 1338 Versatus
1404 1311 1431 1337 in
1451 1312 1544 1338 intima
1565 1310 1742 1337 familiaritate
1758 1311 1874 1337 hominis

1055 1357 1058 1368 ὁ
1079 1349 1268 1384 potentissimi,
1291 1349 1318 1375 in
1339 1349 1466 1375 maximis
1481 1350 1578 1375 nostris
1594 1348 1671 1375 malis
1683 1353 1762 1383 atque
1772 1348 1876 1374 discor-

1054 1555 1057 1566 t

1054 1583 1056 1604 1

1078 1386 1130 1412 diis
1143 1387 1277 1412 neminem
1290 1395 1418 1421 umquam
1435 1386 1546 1412 alterius
1557 1387 1665 1412 rationis
1676 1394 1706 1412 ac
1716 1386 1808 1421 partis.
1821 1393 1873 1412 non

1079 1432 1114 1455 re.
1139 1432 1190 1450 non
1207 1423 1297 1454 verbo,
1316 1432 1367 1450 non
1379 1423 1455 1450 vultu
1467 1423 1584 1459 denique
1593 1423 1712 1450 offendit.
1754 1423 1815 1449 Fuit
1825 1422 1874 1448 hoc

1078 1461 1136 1487 sive
1156 1470 1246 1487 meum
1267 1461 1326 1487 sive
1347 1461 1509 1496 reipublicae
1525 1461 1621 1491 fatum,
1643 1466 1673 1486 ut
1687 1461 1714 1487 in
1731 1469 1772 1486 me
1788 1468 1873 1486 unum

1078 1498 1166 1525 omnis
1185 1498 1231 1524 illa
1247 1499 1385 1525 inclinatio
1403 1499 1587 1525 communium
1604 1503 1754 1532 temporum
1768 1498 1875 1524 incum-

1078 1536 1161 1562 beret.

1077 1574 1196 1608 strisque
1216 1573 1358 1600 discordiis
1370 1573 1523 1604 Cornelius,
1545 1573 1592 1599 sed
1603 1573 1675 1600 omni
1687 1572 1782 1603 officio,
1797 1571 1874 1598 lacri-

1078 1611 1138 1641 mis.
1161 1619 1249 1645 opera,
1272 1610 1451 1637 consolatione
1477 1619 1583 1640 omnes,
1603 1619 1644 1636 me
1659 1610 1780 1639 absente,
1800 1617 1873 1635 meos

1077 1648 1239 1674 sublevavit.
1275 1649 1316 1674 59.
1339 1647 1458 1680 Quorum
1473 1656 1522 1684 ego
1538 1648 1689 1674 testimonio
1703 1655 1733 1673 ac
1748 1646 1873 1681 precibus

1077 1693 1177 1711 munus
1185 1685 1234 1711 hoc
1244 1686 1369 1711 meritum
1377 1685 1479 1715 huicet‚
1498 1689 1551 1711 uta
1562 1684 1765 1719 principiodixi,
1773 1685 1872 1710 iustam

1077 1727 1102 1749 et
1115 1722 1232 1748 debitam
1248 1723 1360 1758 gratiam
1376 1722 1474 1748 refero:
1496 1730 1637 1756 speroque,
1652 1721 1762 1752 iudices,
1776 1726 1804 1747 ut
1815 1729 1870 1749 εοε.

1076 1759 1123 1794 qui
1140 1760 1274 1794 principes
1290 1759 1397 1785 suerunt
1411 1759 1608 1785 conservandae
1618 1758 1713 1784 salutis
1727 1764 1772 1784 aut
1782 1758 1873 1793 digni·
1902 1771 1907 1774 -

1076 1797 1138 1823 tatis
1154 1805 1237 1827 meae.
1255 1796 1369 1832 diligitis
1384 1801 1410 1822 et
1420 1805 1494 1822 caros
1511 1796 1623 1826 habetis.
1637 1796 1684 1825 sic,
1697 1804 1767 1830 quae
1778 1795 1811 1821 ab
1823 1796 1872 1821 hoc

1076 1843 1124 1869 pro
1144 1833 1268 1860 facultate
1280 1833 1372 1863 huius,
1386 1842 1433 1868 pro
1450 1833 1506 1860 loco
1521 1833 1586 1859 facta
1598 1838 1670 1863 sunt.
1687 1837 1714 1858 et
1727 1838 1801 1868 grata
1812 1841 1872 1859 esse

1077 1872 1153 1898 vobis
1173 1876 1199 1897 et
1210 1871 1328 1906 probata.
1370 1871 1427 1897 Non
1442 1871 1526 1906 igitur
1540 1879 1553 1897 a
1565 1871 1632 1899 suis.
1645 1879 1714 1905 quos
1725 1870 1814 1896 nullos
1825 1870 1872 1896 ha-

1075 1909 1128 1939 bet,
1142 1908 1189 1935 sed
1200 1917 1214 1934 a
1225 1916 1344 1938 suorum,
1354 1909 1401 1943 qui
1414 1913 1439 1934 et
1450 1908 1528 1934 multi
1539 1913 1565 1934 et
1576 1912 1695 1942 potentes
1706 1912 1778 1937 sunt.
1792 1915 1872 1942 urge-

1076 1951 1118 1972 tur
1129 1946 1261 1972 inimicis:
1279 1954 1346 1981 quos
1355 1945 1466 1980 quidem
1480 1945 1603 1971 hesterno
1613 1944 1656 1971 die
1667 1944 1716 1971 Cn.
1727 1944 1871 1979 Pompeius

1075 1983 1180 2018 copiosa
1191 1983 1308 2009 oratione
1319 1987 1345 2008 et
1354 1983 1429 2018 gravi
1451 1991 1553 2012 secum.
1565 1983 1587 2008 si
1600 1981 1706 2012 vellent.
1713 1982 1872 2008 contendere

1075 2020 1197 2051 iubebat,
1219 2020 1253 2046 ab
1278 2020 1328 2046 hoc
1342 2020 1438 2054 impari
1453 2020 1596 2046 certamine
1609 2024 1688 2054 atque
1699 2019 1799 2045 iniusta
1807 2027 1873 2045 oon·
1911 2027 1913 2029 ¹

1075 2059 1191 2084 tentione
1211 2057 1346 2084 avocabat.
1376 2057 1485 2083 XXVII.
1508 2059 1550 2083 60.
1566 2057 1599 2083 Et
1614 2060 1670 2082 erat
1685 2064 1769 2091 aequa
1781 2055 1832 2086 lex.
1845 2060 1872 2082 et

1075 2095 1161 2126 nobis,
1184 2095 1297 2126 iudices,
1314 2100 1394 2130 atque
1409 2094 1545 2125 omnibus,
1563 2094 1610 2129 qui
1623 2093 1720 2120 nostris
1731 2093 1871 2119 familiari-

1075 2133 1175 2159 tatibus
1186 2132 1369 2167 implicantur,
1383 2131 1555 2158 vehementer
1567 2131 1649 2161 utilis.
1663 2135 1693 2157 ut
1703 2135 1807 2157 nostras
1818 2130 1871 2156 ini·

1075 2170 1189 2196 micitias
1199 2170 1253 2204 ipsi
1268 2169 1336 2196 inter
1347 2178 1394 2195 nos
1404 2177 1539 2205 geramus.
1551 2169 1644 2195 amicis
1656 2172 1805 2194 nostrorum
1818 2167 1872 2193 ini-

1074 2208 1205 2233 micorum
1232 2211 1422 2241 temperemus.
1462 2206 1500 2232 Ac
1520 2206 1542 2232 si
1564 2214 1622 2232 mea
1642 2205 1784 2231 auctoritas
1803 2206 1870 2231 satis

1073 2244 1146 2279 apud
1161 2244 1222 2270 illos
1237 2245 1265 2270 in
1277 2243 1326 2270 hac
1337 2252 1364 2270 re
1375 2243 1502 2278 ponderis
1513 2243 1630 2273 haberet.
1643 2250 1729 2277 quum
1740 2250 1783 2268 me
1793 2250 1870 2277 prae-
1892 2255 1894 2258 ·

1073 2282 1165 2308 sertim
1181 2290 1270 2307 rerum
1286 2281 1411 2307 varietate
1425 2285 1506 2316 atque
1516 2289 1569 2306 usu
1579 2281 1638 2314 ipso
1649 2280 1701 2306 iam
1712 2279 1868 2314 perdoctum

1074 2318 1208 2345 viderent:
1230 2319 1311 2345 etiam
1326 2318 1360 2345 ab
1375 2318 1431 2344 illis
1441 2326 1486 2344 eos
1497 2317 1644 2344 maioribus
1653 2316 1795 2342 discordiis
1805 2324 1870 2342 avo-

1072 2364 1170 2382 carem.
1210 2356 1248 2382 lta
1267 2356 1340 2382 enim
1355 2355 1512 2382 contendere
1526 2354 1560 2380 de
1574 2353 1720 2388 republica,
1739 2358 1769 2380 ut
1782 2352 1810 2379 id
1820 2353 1870 2380 de—

1073 2393 1175 2424 fendas.
1183 2393 1256 2428 quod
1267 2401 1326 2419 esse
1337 2393 1470 2427 optimum
1480 2393 1588 2421 sentias,
1597 2395 1623 2417 et
1633 2389 1741 2417 sortium
1749 2390 1868 2417 virorum

1073 2435 1098 2456 et
1117 2439 1275 2466 magnorum
1291 2430 1432 2456 hominum
1447 2437 1554 2464 semper
1567 2428 1674 2463 putavi,
1701 2435 1789 2462 neque
1803 2427 1869 2453 huic
1890 2437 1895 2458 t

1072 2476 1202 2502 umquam
1214 2467 1307 2498 labori,
1319 2466 1416 2498 officio,
1428 2466 1534 2492 muneri
1545 2465 1630 2491 defui,
1670 2464 1724 2491 Sed
1733 2465 1868 2491 contentio

1071 2504 1175 2531 tamdiu
1191 2505 1299 2539 sapiens
1310 2508 1359 2535 est,
1371 2503 1502 2538 quamdiu
1513 2507 1558 2529 aut
1568 2502 1673 2537 proficit
1683 2501 1796 2537 aliquid.
1809 2505 1863 2532 aut,
1892 2507 1897 2529 ·,

1071 2542 1094 2568 si
1106 2550 1157 2568 non
1169 2542 1280 2577 prolicit,
1295 2550 1346 2568 non
1357 2541 1433 2568 obest
1445 2540 1555 2566 civitati.
1577 2541 1619 2566 ⁶⁴.
1631 2538 1773 2566 Voluimus
1781 2546 1867 2574 quae-

1071 2579 1142 2610 dam,
1154 2579 1350 2609 contendimus,
1366 2578 1469 2612 experti
1479 2585 1588 2603 sumus:
1609 2577 1716 2603 obtenta
1726 2584 1780 2602 nou
1789 2580 1869 2602 sunt..
1888 2595 1890 2599 ,

1070 2615 1192 2642 Dolorem
1211 2615 1266 2647 alii,
1283 2624 1332 2642 uos
1349 2615 1451 2641 luctum
1466 2622 1667 2649 maeroremque
1681 2613 1870 2647 suscepimus..
1895 2622 1898 2623 ⁷

1071 2653 1126 2679 Cur
1135 2661 1174 2684 ea,
1191 2661 1262 2688 quae
1272 2657 1375 2678 mutare
1386 2660 1438 2677 non
1449 2659 1604 2686 possumus,
1616 2649 1766 2677 mavellem
1777 2649 1865 2676 malu-

1071 2698 1141 2721 mus,
1154 2698 1236 2725 quam
1247 2688 1334 2716 tueri?
1352 2688 1527 2716 cenosa-em
1538 2692 1648 2715 senatus
1657 2692 1682 2714 et
1692 2695 1788 2723 genere
1798 2695 1866 2721 sup-
1895 2695 1897 2698 ·

1202 1537 1260 1562 Non
1271 1536 1350 1562 modo
1365 1544 1415 1562 non
1428 1536 1573 1562 exsultavit
1584 1536 1610 1562 in
1622 1536 1708 1562 ruinis
1719 1535 1816 1561 nostris
1827 1543 1875 1560 ve-
1906 1538 1908 1542 ’
