1941 3052
374 114 749 141 ACADEMICORUM
781 113 985 140 PRIORUM
1015 114 1096 140 LIB.
1128 114 1164 140 11.

102 186 130 213 id
145 185 287 213 honestum
302 184 419 212 velimus
434 185 537 212 dicere:
560 185 658 212 fontem
674 185 796 212 omnium
811 184 895 211 bono-
915 185 918 199 ¹

101 232 161 250 rum
177 224 204 249 in
219 231 328 257 corpore
344 231 416 255 esse;
440 222 508 249 hanc
524 231 657 253 normam,
679 222 746 248 hanc
762 222 892 258 regulam,

102 260 170 288 hanc
180 260 418 295 praescriptionem
429 268 488 286 esse
500 265 621 292 naturae:
640 269 654 286 a
665 268 718 294 qua
729 261 777 294 qui
788 260 895 285 aberra—

102 299 193 328 visset,
207 306 269 324 eum
281 306 439 331 numquam,
454 297 521 332 quid
533 298 560 323 in
572 297 626 323 vita
637 302 802 331 sequeretur,
818 296 896 322 habi-

101 339 201 362 turum.
245 335 300 361 ⁴4¹.
322 334 397 360 Nihil
409 335 491 370 igitur
502 343 544 360 me
556 335 665 368 putatis,
679 334 742 360 hacc
754 339 779 360 et
790 334 841 360 alia
853 334 894 360 in-
916 356 917 362 ,

101 371 279 399 numerabilia
300 380 386 406 quum
407 371 529 402 audiam,
553 370 672 397 moveri?
692 372 755 397 Tam
776 380 892 401 moveor,

100 418 181 444 quam
192 413 230 439 tu,
244 408 370 435 Luculle:
388 417 475 444 neque
490 418 532 435 me
544 410 634 435 minus
645 408 795 439 hominem,
813 417 893 443 quam

99 451 124 473 te
144 446 293 481 putaveris.
333 446 447 472 Tantum
468 446 591 476 interest,
613 446 685 481 quod
701 451 743 476 tu,
765 454 850 481 quum
866 454 894 471 es

99 488 263 514 commotus,
280 484 444 518 acquiescis,
461 483 613 513 assentiris,
631 483 776 518 approbas,
800 492 894 508 verum

98 520 295 552 illud‚certum,
309 521 543 555 comprehensum,
557 526 723 555 perceptum,
738 525 833 551 ratum,
851 520 896 546 fir-

99 567 189 589 mum,
207 558 291 584 fixum
307 558 362 590 vis,
381 557 468 593 deque
480 567 510 584 eo
521 558 595 584 nulla
607 558 708 584 ratione
720 566 807 592 neque
817 557 892 592 pelli,

99 604 187 630 neque
203 595 304 621 moveri
323 599 413 629 potes:
436 604 485 631 ego
502 595 571 621 nihil
593 594 726 621 eiusmodi
742 604 801 621 esse
822 594 895 621 arbi-

99 637 166 664 tror,
184 633 229 659 cui
244 633 268 658 si
283 640 410 658 assensus
424 633 490 663 sim,
509 641 560 658 non
577 633 707 658 assentiar
721 641 801 667 saepe
817 632 892 662 falso,

99 670 226 705 quoniam
248 678 310 696 vera
330 678 344 695 a
365 669 440 695 falsis
460 669 535 696 nullo
553 669 710 695 discrimine
726 674 892 704 separantur,

98 708 257 743 praesertim
268 715 353 742 quum
366 706 465 732 iudicia
477 707 527 733 ista
537 706 693 733 dialecticae
708 706 782 733 nulla
794 707 857 732 sint.

156 745 212 771 ⁴42.
234 744 318 771 Venio
331 745 403 770 enim
420 745 472 770 iam
489 744 522 769 ad
538 744 640 770 tertiam
657 748 760 778 partem
774 743 896 779 philoso—

99 781 190 817 phiae.
230 780 311 807 Aliud
328 781 460 807 iudicium
477 782 632 816 Protagorae
648 786 700 811 est,
718 782 766 816 qui
781 785 855 815 putet
867 780 894 806 id

99 820 198 854 cuique
214 827 309 845 verum
320 826 392 848 esse,
410 817 482 852 quod
493 819 593 852 cuique
604 818 739 844 videatur:
757 818 830 844 aliud
842 818 895 853 Cy-

98 857 280 886 renaicorum,
302 856 350 890 qui
371 860 474 889 praeter
495 856 674 889 permotiones
695 856 804 882 intimas
825 855 893 881 nihil

98 898 193 929 putant
202 901 261 919 esse
272 892 382 918 iudicii:
396 891 469 918 aliud
476 892 596 927 Epicuri,
610 894 657 927 qui
669 901 748 919 omne
761 893 894 919 indicium

98 932 126 957 in
142 930 269 956 sensibus
280 934 305 956 et
317 930 343 955 in
356 938 444 955 rerum
455 930 557 956 notitiis
569 934 594 956 et
608 930 635 956 in
648 930 783 964 voluptate
794 931 895 956 consti-

97 968 158 995 tuit.
198 966 272 993 Plato
296 971 385 993 autem
408 975 486 993 omne
507 967 639 993 iudicium
659 968 779 994 veritatis
795 968 895 994 verita-

99 1009 207 1040 temque
217 1004 305 1039 ipsam
319 1004 462 1030 abduotam
473 1004 506 1030 ab
517 1004 692 1039 opinionibus
704 1010 730 1032 et
741 1014 754 1031 a
766 1005 894 1031 sensibus

98 1042 266 1078 cogitationis
277 1042 364 1076 ipsius
375 1046 400 1068 et
410 1043 509 1068 mentis
520 1051 578 1068 esse
593 1042 688 1070 voluit.
732 1044 787 1069 ⁴43.
809 1043 895 1068 Num-

97 1079 165 1115 quid
187 1079 282 1106 horum
302 1079 396 1113 probat
419 1084 508 1106 noster
529 1080 695 1106 Antiochus?
715 1080 761 1106 Ille
778 1088 840 1106 vero
862 1088 894 1106 ne

98 1117 230 1143 maiorum
249 1116 359 1151 quidem
375 1125 497 1143 suorum.
537 1117 589 1143 Ubi
605 1118 677 1143 enim
696 1122 742 1144 aut
758 1117 895 1143 Xenocra-

98 1159 152 1181 tem
171 1154 310 1189 sequitur,
333 1154 411 1180 cuius
430 1153 493 1180 libri
513 1159 576 1181 sunt
595 1154 629 1180 dc
645 1156 746 1181 ratione
766 1154 895 1189 loquendi

98 1191 178 1218 multi
188 1196 214 1218 et
225 1190 341 1217 multum
354 1191 472 1225 probati:
491 1196 536 1217 aut
546 1192 636 1226 ipsum
648 1191 827 1221 Aristotelem,
841 1200 895 1226 quo

98 1228 216 1264 profecto
228 1228 296 1254 nihil
308 1233 347 1254 est
358 1229 472 1258 acutius,
487 1228 554 1254 nihil
566 1229 696 1264 politius?
710 1230 731 1256 Α
743 1230 895 1265 Chrysippo

97 1266 194 1301 pedem
207 1274 367 1300 numquam.
408 1265 510 1292 XLVII.
533 1266 585 1298 Qui
601 1275 664 1302 ergo
679 1267 831 1293 Academici
847 1275 895 1301 ap-

99 1302 250 1338 pellamur?
263 1311 296 1329 an
307 1302 445 1329 abutimur
455 1303 540 1338 gloria
553 1304 688 1330 nominis?
703 1309 748 1330 aut
762 1313 810 1330 cur
820 1304 895 1339 cogi-

98 1349 160 1367 mur
177 1349 222 1367 eos
237 1340 329 1375 sequi,
347 1340 394 1375 qui
412 1340 480 1366 inter
495 1349 523 1366 se
542 1340 693 1368 dissidenti>
714 1343 742 1368 ln
759 1341 808 1368 hoc
826 1342 892 1375 ipso,

97 1377 171 1413 quod
183 1378 210 1404 in
222 1376 362 1404 elementis
374 1377 508 1404 dialectici
519 1378 622 1409 docent,
636 1387 690 1413 quo
702 1378 780 1405 modo
792 1378 895 1405 iudica-

98 1424 126 1442 re
136 1419 263 1450 oporteat,
278 1423 370 1441 verum
383 1414 517 1441 falsumne
527 1416 570 1447 sit,
583 1416 606 1442 si
619 1416 685 1451 quid
698 1417 732 1443 ita
743 1425 895 1442 connexum

98 1457 152 1484 est,
166 1457 195 1479 ut
206 1452 269 1478 hoc:
288 1451 317 1478 Si
328 1451 387 1478 dies
402 1456 454 1483 est,
474 1452 556 1485 lucet:
580 1458 679 1488 quanta
695 1454 829 1480 contentio
840 1454 892 1480 est!

98 1489 183 1517 Aliter
197 1489 318 1520 Diodoro,
335 1488 533 1521 aliteeriloni,
547 1490 699 1526 Chrysippo
710 1491 786 1517 aliter
798 1491 893 1526 placet.

98 1526 188 1560 Quid?
198 1535 261 1553 cum
273 1526 410 1557 Cleanthe,
423 1526 529 1553 doctore
541 1536 599 1559 suo,
615 1536 696 1563 quam
710 1528 803 1555 multis
814 1529 895 1554 rebus

98 1564 269 1600 Chrysippus
284 1563 416 1591 dissidet?
430 1564 519 1596 Quid?
534 1564 587 1592 duo
603 1565 644 1592 vel
659 1566 797 1600 principes
808 1565 896 1592 Diale-

98 1603 238 1632 cticorum,
251 1601 390 1636 Antipater
400 1606 425 1628 et
434 1602 627 1633 Archidemus,
639 1604 835 1638 opiniosissimi
848 1603 896 1629 bo-

98 1639 194 1669 mines,
209 1647 296 1665 nonne
309 1638 402 1665 multis
414 1639 440 1665 in
453 1639 534 1665 rebus
545 1639 726 1667 dissentiunt?
753 1642 807 1667 itt.
825 1640 895 1672 Quid

99 1685 140 1703 me
152 1675 373 1712 igitur‚Luculle,
384 1676 410 1702 in
421 1676 553 1703 invidiam
565 1682 590 1704 et
602 1683 738 1712 tamquam
752 1679 778 1704 in
790 1678 897 1704 concio-

99 1722 159 1740 nem
172 1712 269 1740 vocas‘?
280 1713 313 1740 Et
323 1713 444 1748 quidem,
458 1719 487 1740 ut
496 1714 617 1741 seditiosi
630 1715 731 1741 tribuni
743 1715 838 1745 solent,
851 1724 896 1742 oc-

97 1750 172 1778 cludi
184 1750 307 1778 tabernas
319 1749 414 1777 iubes‘?
433 1750 491 1783 Quo
505 1760 578 1778 enim
593 1757 695 1787 spectat
710 1752 791 1784 illud,
809 1761 895 1787 quum

99 1788 211 1816 artificia
226 1787 283 1814 tolli
298 1788 420 1823 quereris
435 1797 450 1814 a
465 1789 557 1820 nobis,
576 1790 628 1816 nisi
644 1795 672 1816 ut
682 1790 794 1825 opifices
804 1790 896 1816 conci-

99 1824 205 1853 tentur?
215 1824 267 1858 Qui
279 1825 301 1851 si
315 1825 435 1860 undiquc
446 1834 539 1852 omnes
550 1828 733 1858 convenerint,
744 1827 820 1853 facile
832 1836 896 1853 con-

99 1868 138 1890 tra
154 1871 202 1889 vos
218 1862 411 1889 incitabuntur.
451 1863 614 1898 Expromam
631 1866 750 1899 primum
767 1865 811 1891 illa
824 1865 896 1890 invi·

99 1899 188 1930 diosa.
206 1899 279 1934 quod
290 1908 335 1926 eos
346 1908 454 1931 omnes,
467 1901 514 1935 qui
528 1901 554 1927 in
565 1902 693 1928 concione
704 1902 826 1932 stabunt,
848 1911 896 1928 ex-

98 1936 186 1968 sules,
200 1944 306 1967 servos,
320 1937 428 1963 insanos
440 1945 499 1963 esse
513 1937 623 1964 dicatis:
637 1938 735 1965 deinde
747 1939 780 1965 ad
793 1939 836 1965 illa
850 1948 896 1965 ve-

99 1973 181 2005 niam,
194 1982 265 2008 quae
276 1975 328 1999 iam
341 1982 393 2000 non
404 1973 437 2000 ad
449 1974 661 2006 multitudinem,
675 1975 722 2002 sed
733 1976 765 2002 ad
779 1981 896 2003 vosmet-

99 2012 187 2047 ipsos,
206 2011 253 2046 qui
265 2010 378 2042 adestis,
392 2011 535 2045 pertinent.
576 2013 660 2048 Negat
671 2013 743 2039 enim
756 2022 803 2039 vos
815 2014 893 2044 Zeno,

99 2053 179 2084 negat
199 2047 348 2074 Antiochus
368 2048 437 2074 scire
457 2048 618 2084 quidquam.
659 2050 716 2082 Quo
738 2050 835 2076 modo‘?
855 2052 896 2077 in-

98 2086 191 2121 quies:
206 2094 253 2111 nos
265 2085 337 2111 enim
350 2084 534 2117 defendimus,
548 2087 627 2113 etiam
640 2087 813 2122 insipientem
825 2087 897 2114 mul-

100 2128 125 2150 ta
139 2122 377 2158 comprehendere.
399 2137 436 2142 —
468 2124 524 2149 445.
546 2124 579 2150 At
594 2124 663 2150 scire
681 2125 784 2160 negatis
800 2133 896 2160 quem-

98 2169 180 2196 quam
193 2168 248 2186 rem
262 2159 354 2189 ullam,
369 2160 421 2186 nisi
433 2161 592 2194 sapientem.
620 2161 653 2188 Et
665 2162 713 2188 boc
726 2162 836 2197 quidem
849 2163 896 2188 Ze-

99 2206 133 2224 no
143 2202 222 2234 gestu
233 2197 400 2223 conficiebat.
426 2197 502 2228 Nam,
516 2206 602 2233 quum
614 2200 732 2225 extensis
744 2199 838 2235 digitis
849 2199 897 2225 ad-

99 2243 206 2262 versam
218 2243 328 2261 manum
339 2234 498 2265 ostenderat,
512 2238 623 2266 naisum,
637 2237 785 2271 inquiebat,
800 2237 896 2263 huius-

99 2271 173 2299 modi
184 2276 254 2298 est.«
293 2271 407 2302 Deinde,
425 2280 509 2306 quum
521 2272 642 2307 paullum
654 2273 753 2309 digitos
763 2274 896 2300 constrin-

100 2314 183 2340 xerat,
197 2317 332 2336 »assensus
345 2308 511 2336 huiusmodi.
520 2321 530 2335 ι(
557 2310 625 2337 Tum
636 2320 721 2346 quum
734 2311 811 2346 plane
822 2320 894 2338 com-

1199 113 1250 140 CA
1262 114 1290 140 P.
1319 115 1349 140 44
1369 129 1405 133 ——
1427 115 1467 140 48.
1692 115 1742 140 995

947 189 1079 219 presserat
1090 193 1267 220 pugnumque
1283 184 1391 217 fecerat;
1411 186 1651 218 comprehensionem
1668 183 1742 210 illam

947 231 1005 248 esse
1018 222 1137 248 dicebat:
1150 231 1218 257 quae
1231 231 1264 248 ex
1274 222 1454 248 similitudine
1466 222 1545 248 etiam
1558 229 1653 248 nomen
1660 222 1739 251 cirei,

946 259 1019 294 quod
1035 264 1094 285 ante
1106 268 1157 286 non
1170 259 1263 286 suerat.
1277 261 1420 294 κατάληψιν
1432 259 1570 293 imposuit.
1592 258 1682 290 Quum
1694 267 1743 285 au-

947 301 999 322 tem
1011 296 1113 322 laevam
1126 305 1235 323 manum
1247 296 1409 327 admoverat,
1418 296 1527 322 etillum
1537 304 1661 331 pugnum
1672 300 1741 322 arcte

947 334 1172 369 vehementerque
1193 339 1400 368 compresserat:
1426 336 1559 359 scientiam
1582 333 1662 360 talem
1683 341 1742 359 esse

946 370 1064 403 dicebat;
1079 372 1157 397 cuins
1169 376 1331 405 compotem,
1346 371 1398 397 nisi
1410 371 1571 405 sapientem,
1585 379 1643 396 esse
1655 371 1742 396 nemi-

947 417 1018 434 nem.
1059 408 1121 434 Sed.
1134 409 1181 443 qui
1193 409 1327 442 sapientes
1340 413 1385 434 aut
1396 409 1450 434 sint
1464 413 1508 434 aut
1520 407 1627 438 suerint,
1644 416 1676 434 ne
1688 408 1742 442 ipsi

946 445 1057 480 quidem
1079 445 1164 472 solent
1185 445 1283 472 dicere.
1324 446 1360 472 lta
1381 450 1409 471 tu
1426 454 1510 476 nunc,
1528 445 1634 475 Catule,
1654 445 1742 471 lucere

947 483 1048 508 nescis:
1067 491 1115 508 nec
1126 488 1167 513 tu,
1186 483 1323 513 Hortensi,
1343 484 1368 508 in
1381 488 1425 508 tua
1438 482 1501 508 villa
1513 491 1560 508 nos
1572 491 1641 508 esse.
1684 483 1740 508 ⁴46.

948 520 1017 545 Num
1030 521 1121 546 minus
1133 520 1197 546 haee
1210 520 1343 546 invidiose
1355 519 1499 546 dicuntur?
1510 525 1652 546 nectamen
1660 520 1741 545 nimis

947 557 1095 592 eleganter:
1111 557 1155 583 illa
1166 557 1306 583 subtilius.
1347 557 1409 587 Sed,
1423 566 1476 591 quo
1489 557 1567 583 modo
1578 561 1606 582 tu
1616 578 1621 587 ,
1637 557 1661 583 si
1673 556 1741 583 nihil

946 594 1138 629 comprehendi
1151 599 1253 628 posset,
1271 594 1382 620 artificia
1398 594 1537 620 concidere
1553 594 1676 624 dicebas,
1694 602 1742 620 ne-

947 640 999 666 que
1016 631 1083 657 mihi
1100 631 1196 661 dabas,
1214 631 1243 657 id
1258 631 1330 666 quod
1346 631 1484 666 probabile
1499 636 1581 661 esset,
1605 632 1669 657 satis
1685 640 1742 657 ma-

947 678 1027 704 gnam
1045 669 1099 694 vim
1117 669 1214 694 habere
1231 668 1263 694 ad
1279 674 1361 700 artes:
1385 669 1424 694 sic
1440 677 1488 704 ego
1500 677 1572 694 nunc
1584 668 1632 694 tibi
1645 668 1739 698 refero,

947 711 1029 732 artem
1041 706 1099 731 sine
1110 707 1220 732 scientia
1233 714 1292 731 esse
1303 714 1354 731 non
1368 714 1455 740 posse.
1495 706 1535 731 An
1548 710 1682 739 pateretur
1692 705 1742 732 hoc

946 744 1057 773 Zeuxis,
1079 748 1124 769 aut
1141 743 1263 770 Phidias.
1287 748 1332 769 aut
1348 742 1511 778 Polycletus,
1534 742 1602 768 nihil
1618 751 1646 768 se
1662 744 1739 773 scire,

946 789 1030 815 quum
1044 781 1070 806 in
1083 780 1126 805 his
1138 785 1207 806 esset
1219 785 1288 806 tanta
1300 779 1435 806 sollertia?
1455 779 1531 811 Quod
1543 780 1565 805 si
1578 788 1622 805 eos
1634 780 1742 806 docuis-

946 822 985 843 set
998 817 1106 851 aliquis,
1123 826 1204 852 quam
1217 818 1271 843 vim
1284 817 1382 843 habere
1394 817 1528 842 diceretur
1538 817 1658 847 scientia,
1670 817 1743 843 desi-

947 859 1039 880 nerent
1056 855 1148 880 irasci:
1168 863 1199 880 ne
1216 854 1293 880 nobis
1310 854 1421 889 quidem
1437 859 1638 885 succenserent,
1657 863 1742 888 quum

946 892 1106 918 didicissent
1118 891 1145 917 id
1157 891 1248 917 tollere
1260 900 1321 920 nos,
1338 891 1410 926 quod
1422 900 1557 926 nusquam
1569 895 1651 923 esset:
1670 891 1742 925 quod

947 934 1035 955 autem
1047 929 1112 955 satis
1124 934 1195 955 esset
1205 929 1287 963 ipsis,
1312 929 1474 963 relinquere.
1515 927 1600 960 Quam
1613 928 1743 954 rationem

947 967 1079 993 maiorum
1101 967 1180 992 etiam
1201 966 1356 1000 comprobat
1377 966 1531 1001 diligentia:
1554 966 1602 1000 qui
1624 966 1742 1000 primum

946 1005 1034 1030 iurare
1050 1013 1082 1030 ea:
1093 1007 1134 1030 sui
1144 1006 1225 1029 animi
1234 1006 1358 1029 sententia
1374 1011 1510 1038 quemque
1522 1002 1678 1035 voluerunt3
1696 1002 1743 1028 de-

947 1041 1009 1068 inde
1023 1042 1056 1067 ita
1068 1041 1161 1071 teneri,
1174 1043 1198 1067 si
1208 1043 1289 1067 sciens
1299 1042 1409 1074 falleret,
1423 1040 1495 1075 quod
1508 1041 1648 1066 inscientia
1660 1039 1743 1066 multa

947 1083 1099 1104 versaretur
1110 1079 1137 1104 in
1150 1079 1218 1104 vita:
1236 1082 1306 1107 tum,
1324 1078 1372 1113 qui
1388 1078 1572 1104 testimonium
1584 1077 1696 1107 diceret,
1715 1082 1745 1103 ut

946 1119 1074 1142 arbitrari
1089 1124 1116 1141 se
1129 1115 1242 1142 diceret.
1260 1116 1339 1142 etiam
1353 1115 1425 1150 quod
1441 1115 1498 1149 ipse
1511 1114 1638 1141 vidisset:
1661 1123 1744 1149 quae—

947 1162 1000 1188 que
1013 1154 1091 1179 iurati
1103 1153 1207 1179 iudices
1219 1153 1417 1188 cognovissent,
1431 1161 1471 1183 ea,
1484 1161 1536 1178 non
1548 1157 1586 1183 ut,
1595 1160 1653 1178 esse
1666 1151 1742 1181 sacta,

947 1190 994 1217 sed
1006 1195 1035 1217 ut
1046 1193 1128 1216 videri
1139 1191 1351 1225 pronuntiarent.

1002 1228 1117 1254 XLVIII.
1142 1229 1198 1254 447.
1221 1228 1333 1257 Verum‚
1350 1227 1478 1262 quoniam
1494 1235 1546 1253 non
1562 1226 1650 1252 solum
1665 1231 1744 1252 nauta

947 1266 1094 1301 significat,
1112 1265 1159 1291 sed
1174 1266 1254 1291 etiam
1267 1265 1402 1291 Favonius
1414 1265 1472 1298 ipse
1485 1265 1649 1293 insusurrat,
1668 1264 1745 1289 navi-

947 1303 1029 1339 gandi
1042 1303 1133 1334 nobis,
1152 1302 1277 1333 Luculle,
1296 1307 1402 1336 tempus
1413 1310 1485 1332 esse,
1503 1306 1527 1327 et
1539 1301 1667 1336 quoniam
1680 1301 1744 1327 satis

948 1340 1031 1366 multa
1048 1340 1120 1370 dixi,
1142 1345 1182 1366 est
1201 1339 1268 1365 mihi
1284 1339 1474 1374 perorandum.
1515 1338 1626 1364 Posthac
1644 1343 1742 1368 tamen,

947 1386 1032 1413 quum
1046 1377 1110 1403 haec
1121 1385 1292 1412 quaeremus,
1310 1378 1400 1411 potius
1411 1376 1444 1402 de
1456 1376 1674 1402 dissensionibus
1686 1380 1745 1401 tan-

947 1416 981 1442 tis
996 1423 1164 1441 summorum
1181 1415 1300 1441 virorum
1316 1414 1492 1440 disseramus.
1533 1413 1568 1439 De
1581 1413 1744 1439 obscuritate

948 1458 1070 1482 naturae,
1089 1452 1176 1487 deque
1188 1460 1275 1478 errore
1288 1455 1323 1478 tot
1335 1451 1572 1486 philosophorum,
1593 1450 1684 1485 quide
1696 1450 1745 1476 bo-

948 1491 990 1516 nis
1010 1490 1205 1524 contrariisque
1227 1489 1307 1515 rebus
1328 1493 1399 1515 tanto
1418 1496 1498 1523 opere
1518 1487 1681 1522 discrepant.
1704 1492 1742 1517 ut,

947 1536 1032 1562 quum
1045 1526 1106 1562 plus
1121 1536 1174 1553 uno
1188 1535 1280 1553 verum
1292 1534 1350 1552 csse
1363 1534 1414 1552 non
1427 1526 1523 1560 possit,
1539 1526 1623 1551 iacere
1635 1532 1745 1551 necesse

947 1565 982 1591 sit
1003 1569 1038 1591 tot
1055 1569 1107 1590 tam
1129 1563 1233 1591 nobiles
1253 1563 1425 1598 disciplinas,
1448 1571 1529 1598 quam
1551 1562 1583 1588 de
1605 1561 1744 1588 oculorum

947 1610 1133 1636 sensuumque
1149 1601 1314 1636 reliquorum
1332 1600 1493 1631 mendaciis,
1516 1604 1541 1626 et
1555 1599 1588 1625 de
1604 1600 1684 1625 sorite
1700 1604 1746 1626 aut

947 1639 1144 1674 pseudomenoz
1162 1647 1230 1674 quas
1246 1638 1339 1674 plagas
1352 1639 1403 1672 ipsi
1415 1643 1504 1664 contra
1516 1646 1544 1663 se
1557 1637 1639 1663 Stoici
1652 1642 1746 1663 texue-

949 1682 1019 1703 runt.
1057 1677 1113 1703 its.
1131 1676 1198 1702 Tum
1211 1676 1350 1705 Lucullus,
1363 1676 1420 1702 Non
1433 1674 1552 1705 moleste,
1567 1675 1664 1709 inquit,
1679 1673 1742 1705 fero,

948 1723 996 1740 nos
1010 1714 1074 1740 haec
1085 1713 1242 1740 contulisse.
1265 1713 1379 1747 Saepius
1391 1713 1462 1739 enim
1475 1711 1678 1747 congredientes
1686 1720 1742 1742 nos,

948 1756 972 1778 et
985 1751 1102 1777 maxime
1115 1751 1141 1777 in
1153 1750 1314 1777 Tusculanis
1327 1751 1433 1780 nostris,
1451 1751 1556 1784 siquae
1569 1749 1742 1779 videbuntur,

948 1789 1127 1823 requiremus.
1168 1788 1288 1822 Optime,
1313 1788 1434 1822 inquam.
1475 1787 1527 1813 Sed
1549 1786 1615 1821 quid
1634 1785 1745 1812 Catulus

948 1825 1044 1852 sentit?
1055 1825 1121 1860 quid
1135 1824 1309 1851 llortensius‘?
1319 1826 1386 1851 Tum
1395 1824 1514 1854 Catulus,
1524 1823 1632 1860 Egone?
1647 1824 1743 1858 inquit.

949 1863 987 1889 Ad
1009 1864 1091 1898 patris
1112 1862 1234 1889 revolvor
1256 1863 1429 1889 sententiam:
1455 1871 1536 1896 qnam
1562 1861 1674 1896 quidem
1700 1860 1745 1886 ille

948 1900 1128 1927 Carneadeam
1135 1909 1194 1926 esse
1205 1900 1320 1928 dicebat,
1332 1905 1358 1925 ut
1371 1900 1472 1934 percipi
1482 1898 1548 1925 nibil
1556 1904 1647 1933 putem
1655 1906 1742 1933 posse,

947 1946 1122 1964 assensurum
1134 1943 1221 1964 autem
1235 1946 1285 1963 non
1303 1942 1441 1972 percepto.
1460 1937 1486 1962 id
1501 1942 1553 1965 est,
1571 1937 1744 1970 opinaturum

947 1976 1097 2010 sapientem
1109 1976 1276 2002 existimem:
1290 1974 1337 2000 scd
1350 1975 1394 2005 ita,
1408 1979 1437 2000 ut
1449 1973 1579 2009 intelligat
1591 1981 1619 1999 sc
1629 1973 1743 2007 opinari,

947 2014 1068 2048 sciatque
1081 2013 1148 2039 nibil
1160 2021 1228 2043 esse,
1242 2012 1313 2047 quod
1325 2011 1517 2046 comprehendi
1529 2016 1553 2037 ct
1566 2011 1668 2045 percipi
1683 2018 1746 2044 pos·

948 2051 995 2082 sit,
1016 2058 1064 2084 per
1075 2051 1170 2085 ἐποχήν
1182 2049 1256 2075 illam
1267 2050 1389 2075 omnium
1402 2057 1491 2075 rerum
1503 2047 1691 2082 comprobans,
1706 2046 1744 2072 illi

949 2087 1024 2114 alteri
1036 2087 1196 2117 sentcntiae,
1216 2086 1283 2113 nibil
1295 2095 1368 2117 esse,
1382 2086 1453 2121 quod
1466 2086 1569 2120 percipi
1583 2085 1679 2119 possit,
1698 2092 1745 2109 vc-

950 2125 1088 2150 hemcntcr
1099 2125 1238 2150 assentior.
1256 2124 1354 2154 liabeo,
1365 2125 1485 2158 inquam,
1494 2123 1742 2149 sentcntiamtnam,

949 2170 997 2187 nec
1013 2169 1071 2187 eam
1088 2161 1233 2187 admodum
1250 2169 1386 2195 aspernor.
1427 2160 1478 2186 Sed
1495 2160 1544 2185 tibi
1559 2158 1625 2194 quid
1638 2157 1744 2184 tandem

950 2198 1065 2225 videtur.
1079 2197 1219 2224 llortensi‘?
1233 2198 1300 2223 Tum
1313 2197 1357 2223 ille
1370 2197 1470 2227 ridens,
1483 2196 1653 2222 Tollendum.
1694 2195 1745 2221 Tc—

949 2244 998 2262 nco
1022 2240 1059 2266 tc,
1084 2235 1204 2270 inquam.
1246 2235 1311 2260 Nam
1334 2235 1382 2260 ista
1399 2233 1557 2260 Academiae
1578 2238 1616 2258 cst
1638 2232 1744 2267 propria

949 2272 1089 2298 sententia.
1131 2273 1166 2299 lta
1185 2280 1307 2298 sermone
1323 2270 1456 2301 contecto,
1473 2270 1584 2297 Catulus
1601 2270 1742 2296 remansit.

950 2319 996 2336 nos
1011 2309 1044 2335 ad
1057 2309 1195 2336 naviculas
1207 2314 1310 2335 nostras
1321 2308 1523 2335 descendimus.

1466 2696 1510 2720 125
1526 2692 1536 2704 ‘
