1941 3052
349 135 673 162 El'lSTOLARUM
705 136 757 161 AD
786 135 992 162 ATTICUM
1024 135 1204 162 L113.xlv.

89 207 327 244 plausibus,tanta
338 206 713 241 approbationeinsimorum‘?
751 208 776 232 3.
794 207 880 237 Nune,
904 209 906 237 ζ

90 246 128 272 1111
142 245 240 274 Attice,
260 252 302 269 me
318 243 358 269 sac
371 249 399 269 ut
409 244 547 278 expedias.
589 244 688 278 Cupio,
706 252 791 279 quum
804 244 883 270 Bruto

90 286 178 309 nostro
200 281 299 307 affatim
319 280 510 312 satisfecerim,
528 290 669 307 excurrere
686 282 712 307 in
731 282 882 307 Graeciam.
905 280 906 306 J

89 319 179 355 Magni
194 320 304 345 interest
314 318 464 350 Ciceronis,
478 318 520 344 vel
533 327 591 345 mea
604 319 705 353 potius,
720 318 763 344 vel
778 319 885 344 meher-

90 356 149 382 cule
166 356 322 390 utriusque,
342 364 383 382 me
403 357 565 382 intervenire
581 356 705 382 discenti.
747 357 813 381 Nam
826 356 885 390 epi-

90 393 156 420 stola
167 393 308 423 Leonidae,
322 402 403 428 quam
416 393 448 419 ad
461 402 503 419 me
515 393 697 428 misisti,quid
705 393 793 423 habet,
802 401 885 428 quae-

90 440 128 461 so,
141 431 169 456 in
182 439 236 465 quo
246 439 343 466 magno
354 439 433 465 opere
446 430 592 457 laetemur‘?
602 430 885 465 Numquamillemihi
906 448 908 459 ,

90 468 155 494 satis
178 467 282 494 laudari
304 468 450 499 videbitur,
465 477 550 502 quum
563 469 598 494 ita
613 467 781 494 laudabitur:
816 468 886 499 Quo-
906 466 908 489 ἶ

91 508 163 531 modo
174 514 240 531 nunc
251 510 296 531 est.
329 506 386 531 Non
398 510 438 532 est
450 505 557 532 fidentis
569 505 618 531 hoc
630 506 823 531 testimonium.
838 504 885 530 sed

91 543 181 578 potius
197 543 327 569 timentis.
368 543 465 569 Herodi
482 548 571 569 autern
584 542 753 573 mandaram,
778 547 806 568 ut
817 542 886 568 mihi
907 544 908 569 l

90 580 155 606 κατὰ
176 581 249 615 μίτον
268 580 410 606 scriberet:
442 589 455 606 a
471 588 525 615 quo
543 580 631 606 adhuc
648 580 721 606 nulla
738 579 823 606 littera
835 584 885 605 est.

90 618 202 648 Vereor,
221 626 253 643 ne
266 617 334 643 nihil
345 618 483 649 habuerit,
501 617 574 652 quod
586 617 668 647 mihi,
689 626 774 652 quum
787 625 887 652 cogno—

91 663 208 685 scerem,
227 655 376 681 iucundum
395 659 499 689 putaret
515 654 579 681 fore.
621 656 645 681 4.
662 654 739 686 Quod
751 654 784 680 ad
795 654 887 680 Xeno-

92 701 153 718 nem
173 693 321 726 scripsisti,
340 692 418 718 valde
434 692 502 718 mihi
518 696 625 727 gratum
637 696 686 718 est.
728 691 801 717 Nihil
814 691 886 717 enim

91 729 185 755 deesse
197 729 327 760 Ciceroni,
345 738 431 764 quum
442 729 475 755 ad
486 729 617 760 officium,
634 734 690 755 tum
703 729 735 754 ad
747 729 888 755 existima-

92 768 192 793 tionem
203 775 290 793 meam
302 768 427 801 pertinet.
468 766 617 793 Flammam
630 766 794 792 Flaminium
806 766 887 792 audio

93 805 191 830 Romae
206 813 276 830 esse.
317 804 357 830 Ad
369 813 431 830 eum
443 804 554 838 scripsi,
572 812 613 829 me
625 803 675 830 tibi
687 803 828 829 mandasse
840 812 888 838 per

92 841 206 872 litteras,
225 846 254 868 ut
271 841 304 867 de
320 842 437 867 Montani
454 842 560 876 negotio
572 849 633 867 cum
644 849 675 867 eo
687 840 839 875 loquerere:
863 844 889 866 et

93 879 175 905 velim
190 887 268 905 cures
279 878 434 913 epistolam,
454 887 537 913 quam
552 878 585 904 ad
601 887 664 904 eum
681 879 758 909 misi,
772 878 889 904 redden-

91 916 163 947 dam,
177 916 280 950 etipse,
294 916 367 950 quod
377 916 518 942 commodo
530 920 574 942 tuo
582 916 634 946 siat,
644 924 744 942 cumeo
751 915 889 950 colloqua-

93 962 130 979 re.
170 954 250 984 Puto,
268 953 291 979 si
302 953 368 988 quid
381 954 408 979 in
421 953 530 979 homine
541 953 653 988 pudoris
665 957 717 984 est,
738 957 889 987 praestatu-

92 999 151 1017 rum
171 999 247 1021 eum,
266 999 299 1016 ne
315 999 362 1025 pro
374 999 402 1016 se
413 991 531 1025 quodam
544 991 622 1017 modo
633 990 811 1025 dependatur.
852 991 888 1016 De

92 1029 177 1055 Attica
193 1032 348 1063 pergratum
364 1028 432 1054 mihi
448 1028 550 1059 fecisti,
568 1028 640 1063 quod
656 1029 770 1060 curasti,
789 1032 818 1054 ut
828 1032 888 1054 ante

92 1066 188 1091 scirem
204 1070 273 1091 recte
285 1074 353 1097 esse,
370 1074 453 1100 quam
465 1074 517 1092 non
530 1065 600 1091 belle
612 1065 708 1092 fuisse.

145 1164 219 1185 XVII.
243 1166 274 1189 (In
283 1165 406 1188 Pompeiano,
415 1165 506 1184 Antania,
517 1164 619 1182 Dolabella
629 1171 675 1182 coss.
687 1166 742 1185 710.)

277 1213 445 1239 CICERO
474 1213 644 1240 ATTICO
673 1213 701 1240 S.

150 1260 172 1284 l.
188 1254 220 1284 In
232 1258 427 1293 Pompeianum
439 1259 502 1285 veni
514 1267 539 1285 v,
552 1259 641 1285 Nonas
653 1259 727 1291 Mai..
741 1268 826 1294 quum
833 1260 890 1294 pri·

92 1296 150 1327 die,
165 1300 194 1322 ut
204 1301 279 1322 antea
291 1296 324 1322 ad
336 1301 361 1322 te
372 1296 483 1331 scripsi,
497 1296 593 1322 Piliam
605 1297 632 1323 in
644 1296 764 1323 Cumano
776 1297 891 1323 colloca-

93 1334 205 1360 visscm.
228 1334 267 1359 lbi
284 1333 352 1359 mihi
364 1334 486 1360 caenanti
500 1333 600 1360 litterae
613 1339 672 1360 tuae
684 1339 747 1361 sunt
759 1334 888 1365 redditae,

93 1379 161 1406 quas
181 1370 294 1397 dederas
310 1371 443 1397 Demetrio
464 1371 560 1397 liberto
576 1371 646 1406 prid.
660 1371 730 1403 Kal.,
748 1373 774 1398 in
787 1372 890 1406 quibus

93 1407 178 1434 multa
189 1409 334 1443 sapienter,
346 1408 394 1434 sed
407 1413 494 1435 tamen
506 1408 579 1439 talia,
592 1409 823 1443 quemadmodum
835 1414 890 1436 tute

93 1445 246 1477 scribebas,
265 1451 294 1472 ut
308 1454 387 1472 omne
402 1445 548 1472 consilium
564 1445 707 1473 infortuna
719 1447 837 1482 positum
849 1447 891 1473 vi-

92 1482 210 1509 deretur.
251 1483 342 1518 Itaque
359 1483 401 1509 his
417 1483 450 1509 de
467 1483 548 1509 rebus
559 1492 593 1510 ex
604 1488 736 1519 tempore,
754 1488 779 1510 et
790 1492 889 1510 coram.

93 1522 118 1547 2.
127 1520 308 1547 DeButhrotio
319 1521 434 1556 negotio,
444 1521 546 1547 utinam
554 1521 891 1555 quidemAntoniumcon-

94 1558 214 1584 veniam!
243 1557 359 1584 multum
371 1557 488 1592 profecto
500 1558 648 1592 proficiam.
689 1559 742 1585 Sed
755 1568 806 1585 non
818 1559 891 1585 arbi-

93 1599 196 1622 trantur
216 1603 278 1621 eum
299 1604 313 1621 a
333 1595 424 1630 Capua
449 1595 661 1622 declinaturum:
693 1605 747 1631 quo
767 1596 888 1631 quidem,

93 1636 197 1664 metuo,
220 1641 252 1658 ne
272 1641 370 1667 magno
391 1632 556 1667 reipublicae
573 1633 643 1659 malo
658 1634 771 1660 venerit.
812 1633 890 1666 Quod

93 1670 166 1696 idem
181 1670 211 1696 L.
229 1670 336 1696 Caesari
353 1669 508 1701 videbatur,
526 1679 608 1705 quem
625 1670 712 1705 pridie
728 1671 840 1706 Neapoli
852 1671 892 1697 af-

94 1706 193 1734 fectum
208 1708 327 1743 graviter
342 1707 473 1734 videram.
514 1707 695 1739 Quamobrem
707 1708 758 1734 ista
769 1709 847 1735 nobis
858 1708 892 1735 ad

94 1745 155 1771 Kal.
173 1746 232 1771 lun.
250 1744 386 1771 tractanda
402 1749 428 1771 et
443 1744 607 1779 perficienda
623 1750 696 1772 sunt.
737 1746 789 1772 Sed
802 1746 893 1772 hacte-

94 1791 155 1808 nus,
196 1783 221 1808 3.
234 1781 266 1814 Q.
280 1782 352 1808 lilius
364 1781 397 1808 ad
409 1787 512 1817 patrem
524 1783 715 1809 acerbissimas
728 1782 828 1810 litteras
840 1784 893 1809 mi-

93 1820 141 1846 sit:
165 1828 234 1854 quae
246 1824 310 1846 sunt
320 1820 344 1846 ei
357 1819 485 1851 redditae,
498 1828 584 1855 quum
597 1821 768 1847 venissemus
780 1821 806 1847 in
814 1821 893 1847 Pom-

93 1857 235 1892 peianum:
259 1865 375 1892 quarum
387 1861 475 1884 tamen
482 1857 788 1893 e1·atcaput,Aq11illian1
797 1867 893 1885 nover-

93 1902 152 1921 cam
169 1903 220 1920 non
237 1902 295 1920 esse
312 1894 440 1921 laturum.
480 1894 532 1921 Sed
549 1895 598 1921 hoc
615 1895 752 1922 tolerabile
765 1895 889 1922 sortasse:

93 1930 162 1958 illud
175 1930 256 1957 vero‘?
276 1939 305 1957 se
316 1931 349 1957 ab
361 1932 473 1958 Caesare
484 1931 614 1958 habuisse
624 1933 724 1964 omnia,
739 1933 807 1960 nihil
819 1942 893 1968 apa-

94 1973 146 2000 tre,
165 1967 269 2003 reliqua
285 1977 392 2003 sperare
408 1969 442 1995 ab
458 1968 586 1995 Antonio!
613 1969 635 1996 O
650 1970 786 2004 perditum
803 1970 893 1997 homi-

95 2006 170 2032 neml
204 2005 256 2032 Sed
268 2005 384 2040 μελήσει.
425 2007 449 2032 4.
462 2006 502 2032 Ad
515 2007 625 2032 Brutum
638 2011 769 2039 nostrum,
783 2007 815 2034 ad
827 2008 893 2034 Cas-

95 2044 177 2074 sium,
191 2042 224 2068 ad
237 2042 399 2069 Dolabellam
412 2043 539 2078 epistolas
553 2044 662 2078 scripsi.
688 2044 788 2071 Earum
799 2053 893 2071 exem-

94 2080 138 2116 pla
151 2080 200 2107 tibi
214 2080 285 2111 misi,
300 2089 352 2106 non
365 2080 587 2112 utdeliberarem,
597 2080 890 2113 reddendaeneessent,

95 2118 184 2153 (plane
196 2118 268 2144 enim
281 2117 372 2144 iudico
382 2126 442 2144 esse
454 2117 627 2153 reddendas.)
638 2118 686 2144 sed
698 2119 770 2153 quod
782 2119 893 2146 nondu-

95 2155 161 2187 bito,
175 2155 242 2190 quin
254 2159 281 2181 tu
294 2155 365 2181 idem
378 2155 583 2181 existimaturus
594 2157 643 2182 sis.
655 2157 680 2182 5.
689 2156 809 2183 Ciceroni
823 2165 891 2188 meo,

95 2193 133 2219 mi
144 2192 244 2223 Attice,
262 2192 462 2227 suppeditabis,
477 2197 609 2227 quantum
626 2193 776 2225 videbitur,
795 2203 893 2229 meque

96 2230 146 2257 hoc
161 2230 212 2256 tibi
222 2238 291 2256 onus
303 2230 441 2264 imponere
453 2230 564 2264 patiere.
604 2229 678 2263 Quae
693 2231 782 2257 adhuc
794 2231 891 2263 fecisti,

96 2267 165 2294 mihi
180 2271 244 2294 sunt
259 2267 423 2303 gratissima.
454 2269 479 2294 6.
498 2267 610 2293 Librum
627 2276 717 2294 meum
730 2268 807 2295 illum
819 2268 895 2296 ἀνέκ-

96 2304 173 2332 δοτον
190 2305 325 2336 nondum,
343 2309 372 2332 ut
383 2304 472 2335 volui,
490 2304 634 2339 perpolivi.
675 2306 726 2332 lsta
739 2315 811 2337 vcro,
824 2315 894 2341 quae

96 2346 125 2369 tu
145 2342 252 2369 contexi
273 2343 329 2373 vis,
352 2341 428 2369 aliud
443 2341 579 2377 quoddam
595 2347 749 2376 separatum
766 2343 893 2370 volumen

96 2383 263 2414 exspectant.
303 2380 360 2415 Ego
375 2383 464 2406 autem
481 2379 583 2414 (credas
599 2379 668 2406 mihi
684 2379 776 2415 velim)
792 2381 894 2407 minore

95 2416 217 2452 periculo
228 2417 355 2444 existimo
365 2421 456 2444 contra
468 2416 528 2443 illas
541 2416 655 2443 nefarias
667 2422 764 2451 partes,
779 2418 842 2444 vivo
853 2422 894 2453 ty-

96 2462 189 2486 ranno,
203 2453 258 2481 dici
271 2455 402 2489 potuisse,
416 2463 497 2489 quam
511 2459 626 2480 mortuo.
649 2453 695 2480 llle
707 2455 789 2485 enim,
803 2455 894 2481 nescio

96 2499 151 2526 quo
171 2495 262 2526 pacto,
285 2491 387 2518 serebat
407 2501 449 2518 me
470 2491 582 2526 quidem
604 2491 777 2521 mirabiliter:
810 2500 892 2523 nunc,

96 2536 270 2564 quacumque
285 2538 334 2556 nos
349 2529 560 2560 commovimus,
574 2528 607 2555 ad
619 2529 741 2555 Caesaris
752 2537 803 2556 non
815 2529 894 2556 modo

97 2570 168 2597 acta,
191 2574 286 2593 verum
301 2567 382 2593 etiam
398 2567 513 2603 cogitata
529 2574 695 2593 revocamur.
736 2567 771 2592 De
792 2567 894 2593 Monta-

97 2611 144 2634 no,
162 2603 291 2638 quoniam
303 2603 423 2631 Flamma
435 2605 517 2636 venit,
535 2603 651 2631 videbis.
692 2604 758 2631 Puto
770 2612 826 2631 rem
837 2613 894 2631 mo-

98 2639 164 2667 liore
177 2640 233 2668 loco
243 2649 304 2668 esse
314 2641 423 2669 debere.

1237 135 1296 161 ΕΡ.
1322 136 1350 161 14
1371 150 1406 154 —
1433 136 1469 160 Π.
1680 136 1728 160 (1311

983 205 1008 224 Α,
1033 207 1081 225 (Ser,
1093 206 1110 224 in
1120 206 1241 229 Pompeiano,
1251 206 1449 225 Anioni-„Dotamen
1460 212 1505 223 ross.
1517 205 1574 227 710.)

987 246 1129 272 CICERO
1154 245 1409 272 DOLABELLAE
1440 244 1521 271 COS.
1548 243 1622 270 SUO
1647 243 1675 270 S.

993 285 1015 309 l.
1038 280 1100 309 Etsi
1117 288 1256 310 contentus
1272 291 1354 313 eram,
1372 283 1409 308 mi
1420 281 1565 312 Dolabella,
1579 287 1623 307 tua
1635 281 1728 316 gloria,

936 321 1055 355 satisque
1076 330 1110 347 ex
1125 330 1155 346 ea
1171 329 1297 356 magnam
1314 319 1441 346 laetitiam
1456 318 1676 353 voluptatemque
1688 326 1733 343 ca-

936 358 1058 392 piebam:
1094 363 1181 384 tamen
1199 367 1250 384 non
1265 366 1376 392 possum
1388 366 1440 383 non
1451 357 1580 387 confiteri,
1598 355 1732 382 cumulari

936 404 978 421 me
994 396 1112 421 maximo
1123 396 1231 431 gaudio,
1250 394 1322 430 quod
1337 394 1418 430 vulgo
1434 394 1575 420 hominum
1586 393 1679 428 opinio
1690 401 1733 418 so—

937 433 1009 458 cium
1022 441 1064 458 me
1081 433 1196 459 ascribat
1208 433 1261 458 tuis
1275 432 1412 458 laudibus.
1453 432 1595 457 Neminem
1607 430 1730 459 conveni,

936 470 1076 504 (convenio
1097 475 1185 496 autem
1202 469 1322 504 quotidie
1338 469 1483 504 plurimos:
1507 474 1570 494 sunt
1585 468 1657 494 enim
1674 476 1735 502 per-

938 507 1016 533 multi
1031 508 1127 541 optimi
1139 508 1200 537 viri,
1219 508 1266 541 qui
1279 506 1443 532 valetudinis
1454 514 1549 532 caussa
1561 506 1588 531 in
1601 506 1664 531 haec
1679 505 1733 531 loca

939 545 1059 570 veniant:
1092 550 1227 579 praeterea
1248 553 1282 570 ex
1296 544 1454 578 municipiis
1471 543 1624 578 frequentes
1642 551 1735 568 neces-

937 583 1002 607 sarii
1013 582 1065 607 mei
1074 582 1091 616 3)
1103 582 1170 617 quin
1181 590 1283 611 omnes,
1297 590 1383 615 quum
1398 586 1422 607 te
1434 581 1549 607 summis
1562 580 1689 606 laudibus
1702 579 1734 605 ad

938 619 1042 645 caelum
1063 619 1231 649 extulerunt,
1258 618 1326 644 mibi
1344 619 1471 644 continuo
1488 619 1619 644 maximas
1635 618 1735 653 gratias

938 661 1027 691 agant.
1060 657 1163 691 Negant
1174 657 1247 682 enirn
1258 664 1285 681 se
1297 656 1430 686 dubitare,
1447 656 1514 690 quin
1527 661 1563 682 tu.
1578 656 1646 680 meis
1658 664 1736 689 prae-

938 694 1024 728 ceptis
1039 698 1065 720 et
1080 694 1202 720 consiliis
1213 693 1416 727 obtemperans,
1435 693 1698 727 praestantissimum
1712 696 1735 717 te

938 732 1026 757 civem
1037 735 1063 757 et
1073 730 1239 766 singularem
1251 730 1390 756 consulem
1402 730 1540 764 praebeas.
1582 732 1607 756 2.
1629 728 1736 761 Quibus

939 777 988 803 ego
1012 777 1179 803 quamquam
1204 768 1346 794 verissime
1368 776 1478 801 possum
1501 766 1676 801 respondere.
1700 771 1733 796 te,

939 814 1007 840 quae
1024 805 1119 836 facias,
1142 810 1187 832 tuo
1203 805 1303 831 iudicio
1315 810 1339 830 et
1351 809 1395 831 tua
1407 809 1500 838 sponte
1514 804 1613 833 facere,
1631 812 1677 829 nec
1689 811 1732 829 cu-

940 843 1066 877 iusquam
1089 851 1167 877 egere
1188 842 1314 872 consilio,
1339 847 1426 868 tamen
1444 850 1531 876 neque
1550 841 1627 875 plane
1644 850 1737 866 assen-

939 881 998 910 tior,
1008 888 1039 906 ne
1052 881 1212 906 imminuam
1225 885 1298 905 tuam
1312 879 1428 908 laudem,
1439 880 1462 904 si
1473 879 1562 905 omnis
1574 887 1587 904 a
1599 878 1666 903 meis
1673 886 1737 903 con-

939 917 1010 943 siliis
1030 917 1147 952 profecta
1170 917 1306 948 videatur:
1344 925 1430 951 neque
1452 915 1530 942 valde
1552 924 1628 950 nego.
1671 915 1736 940 Sum

939 956 1012 981 enim
1033 954 1138 981 avidior
1154 955 1248 984 etiam,
1271 963 1353 988 quam
1369 954 1434 980 satis
1450 959 1502 983 est,
1520 953 1634 987 gloriae:
1658 957 1683 978 et
1699 958 1738 977 ta-

940 1001 1001 1018 men
1023 1001 1074 1018 non
1091 992 1210 1018 alienum
1225 996 1266 1018 est
1281 991 1411 1027 dignitate
1431 996 1488 1020 tua,
1510 990 1583 1025 quod
1600 991 1651 1024 ipsi
1668 990 1739 1024 Aga-

941 1030 1090 1060 memnoni,
1114 1038 1209 1065 regum
1228 1030 1299 1064 regi,
1322 1028 1372 1055 fuit
1393 1029 1551 1059 honestum,
1575 1028 1672 1053 habere
1689 1026 1738 1052 ali—

940 1076 1021 1102 quem
1045 1067 1073 1093 in
1094 1067 1216 1093 consiliis
1236 1066 1376 1101 capiendis
1398 1067 1546 1092 Nestorem.
1589 1065 1655 1090 Mihi
1677 1072 1739 1089 vero

940 1105 1102 1141 gloriosum,
1128 1109 1153 1131 te
1177 1105 1304 1130 iuvenem
1327 1103 1466 1130 consulem
1487 1102 1578 1129 ssorcre
1601 1102 1737 1131 laudibus,

941 1143 1019 1177 quasi
1031 1142 1173 1168 alumnum
1184 1141 1345 1176 disciplinae
1357 1149 1442 1167 meae.
1468 1142 1492 1166 3.
1509 1141 1538 1166 L.
1551 1140 1662 1175 quidem
1675 1139 1739 1165 Cae-

941 1189 997 1211 sar,
1024 1188 1110 1215 quum
1131 1179 1163 1205 ad
1185 1188 1247 1205 eum
1268 1184 1406 1214 aegrotum
1427 1178 1566 1212 Neapolim
1592 1178 1738 1205 venissem,

941 1226 1107 1252 quamquam
1127 1222 1183 1243 erat
1197 1225 1345 1251 oppressus
1362 1217 1442 1242 totius
1458 1216 1578 1250 corporis
1589 1214 1738 1241 doloribusv

942 1260 1029 1281 tamen
1046 1260 1119 1285 ante,
1142 1263 1225 1289 quam
1241 1263 1283 1280 me
1295 1254 1374 1288 plane
1385 1253 1525 1283 salutavit,
1544 1262 1576 1278 »o
1588 1253 1624 1278 mi
1637 1252 1738 1280 Cicero,

942 1293 1043 1327 inquit,
1066 1292 1185 1328 gratulor
1201 1292 1264 1322 tibi,
1281 1300 1366 1326 quum
1378 1295 1481 1317 tantum
1495 1289 1568 1315 vales
1580 1289 1651 1324 apud
1664 1288 1740 1315 Dola—

942 1330 1055 1360 bellam,
1071 1334 1203 1364 quantum
1220 1330 1243 1355 si
1255 1338 1304 1364 ego
1318 1328 1389 1363 apud
1402 1328 1500 1354 sororis
1513 1327 1598 1353 lilium
1613 1326 1738 1355 valerem,

943 1368 994 1394 iam
1007 1366 1075 1393 salvi
1087 1375 1146 1393 esse
1158 1375 1310 1401 possemus.
1349 1365 1500 1391 Dolabellae
1514 1374 1575 1390 vero
1588 1369 1632 1390 tuo
1644 1369 1668 1390 et
1679 1373 1741 1399 gra-

942 1405 1025 1436 tulor,
1046 1409 1071 1431 et
1086 1404 1186 1440 gratias
1202 1413 1265 1439 ago:
1291 1412 1372 1438 quem
1389 1402 1514 1438 quidem,
1533 1406 1591 1436 post
1608 1407 1632 1427 te
1643 1410 1740 1427 consu-

943 1442 1004 1473 lem,
1026 1442 1114 1468 solum
1135 1450 1247 1476 possum
1269 1449 1330 1467 vere
1351 1440 1491 1466 consulem
1511 1439 1630 1465 dicere«
1675 1439 1740 1464 Dein

943 1479 1026 1506 multa
1047 1479 1080 1505 de
1097 1479 1163 1505 facto
1179 1488 1208 1505 ac
1225 1478 1257 1505 de
1276 1487 1303 1504 re
1319 1483 1403 1513 gesta.
1444 1478 1513 1503 Tum
1531 1475 1598 1502 nihil
1617 1476 1741 1509 mag-'niti-

942 1517 1061 1547 ccntius,
1085 1516 1153 1542 nihil
1170 1516 1335 1551 praeclarius
1347 1520 1436 1541 actum
1448 1522 1588 1549 umquam,
1608 1513 1676 1539 nihil
1690 1514 1741 1539 rei-

943 1554 1068 1589 publicae
1079 1553 1239 1580 salutarius:
1260 1559 1340 1588 atque
1352 1553 1417 1579 haec
1428 1560 1481 1578 una
1493 1560 1546 1577 vox
1556 1551 1677 1577 omnium
1690 1556 1739 1576 est.

943 1594 967 1619 4.
980 1592 1001 1618 A
1013 1596 1037 1618 te
1049 1596 1138 1617 autem
1150 1596 1220 1625 pcto,
1234 1591 1272 1617 uti
1285 1599 1327 1616 me
1340 1590 1408 1616 hanc
1419 1590 1497 1624 quasi
1507 1587 1740 1614 salsamheredita-

944 1634 995 1656 teni
1015 1629 1117 1655 alienae
1133 1628 1234 1664 gloriae
1250 1629 1323 1654 sinas
1342 1636 1463 1658 cernere,
1487 1635 1583 1660 meqiu=
1599 1625 1690 1660 aliqua
1709 1634 1742 1650 ex

944 1671 1017 1701 parte
1038 1667 1064 1693 in
1085 1667 1237 1693 societatem
1255 1670 1360 1692 tuarum
1383 1664 1494 1690 laudum
1519 1664 1610 1690 venire
1630 1664 1740 1697 patiare.

943 1706 1127 1739 Quamquam,
1150 1704 1188 1730 mi
1205 1702 1353 1733 Dolabella,
1371 1702 1447 1737 (haec
1461 1702 1533 1727 enim
1547 1702 1648 1726 iocatus
1660 1701 1743 1733 sum,)

945 1742 1073 1768 libentius
1093 1750 1186 1767 omnes
1203 1750 1289 1771 meas,
1316 1741 1339 1766 si
1359 1739 1437 1765 modo
1456 1744 1519 1765 sunt
1534 1738 1640 1772 aliquae
1657 1746 1740 1766 meae,

945 1779 1038 1806 laudes
1054 1778 1086 1805 ad
1103 1784 1126 1805 tc
1139 1778 1341 1808 transfuderim,
1355 1786 1436 1812 quam
1449 1776 1568 1811 aliquam
1582 1781 1682 1810 partem
1695 1784 1742 1801 ex-

944 1817 1081 1843 hauserim
1098 1825 1132 1842 ex
1148 1817 1211 1842 tuis.
1253 1816 1319 1841 Nam
1334 1824 1418 1849 quum
1432 1819 1455 1840 te
1466 1822 1573 1848 semper
1585 1818 1688 1839 tantum
1700 1812 1743 1838 di-

945 1854 1071 1885 lexerim,
1094 1859 1225 1888 ‹piantum
1248 1858 1275 1880 tu
1299 1852 1447 1887 intelligere
1469 1851 1592 1886 potuisti;
1622 1856 1678 1876 tum
1701 1849 1743 1875 bis

945 1893 997 1918 tuis
1013 1891 1089 1918 sactis
1101 1892 1140 1917 sic
1153 1892 1280 1917 incensus
1292 1898 1362 1919 sum,
1372 1894 1400 1915 ut
1412 1889 1479 1915 nihil
1494 1896 1622 1922 umquam
1637 1888 1743 1913 inamo-

945 1938 971 1955 re
988 1929 1068 1955 suerit
1083 1929 1232 1955 ardentius.
1274 1927 1348 1954 Nihil
1361 1932 1400 1953 est
1411 1927 1492 1956 enim,
1507 1924 1673 1951 mihicrede.
1688 1925 1743 1950 vir-

945 1971 999 1993 tute
1023 1966 1180 1996 formosius,
1212 1965 1280 1992 nihil
1307 1964 1463 1999 pulchrius,
1492 1962 1559 1989 nihil
1585 1961 1741 1988 amabilius.

944 2005 968 2030 5.
983 2004 1095 2038 Semper
1106 2004 1209 2034 amavi,
1234 2003 1340 2032 utscis,
1360 2003 1394 2028 M.
1413 2002 1538 2030 Brutum,
1557 2005 1664 2035 propter
1684 2001 1743 2025 eius

944 2049 1082 2067 summum
1096 2041 1250 2076 ingenium,
1270 2040 1450 2066 suavissimos
1462 2047 1558 2067 mores,
1577 2037 1742 2071 singularem

945 2078 1104 2113 probitatem
1126 2083 1206 2112 atque
1226 2078 1417 2103 constantiam:
1452 2081 1539 2102 tamen
1557 2075 1648 2100 ldibus
1666 2075 1741 2099 Mart.

946 2121 1048 2142 tantum
1065 2116 1177 2141 accessit
1193 2115 1225 2141 ad
1242 2123 1373 2144 amorem,
1391 2119 1418 2140 ut
1436 2114 1547 2139 mirarer
1559 2112 1645 2138 lovum
1660 2111 1743 2137 suis-se.

945 2152 1062 2188 augendi
1090 2153 1116 2178 in
1137 2161 1182 2182 eo,
1209 2152 1282 2187 quod
1303 2151 1371 2177 mihi
1393 2150 1553 2185 iampridem
1573 2149 1741 2175 cumulatum

945 2191 1024 2216 etiam
1037 2189 1190 2216 videbatur.
1217 2190 1284 2221 Quis
1295 2193 1360 2218 erat,
1374 2189 1420 2222 qui
1434 2193 1538 2222 putaret
1550 2186 1582 2212 ad
1595 2195 1656 2212 cum
1669 2194 1743 2210 anw-

946 2236 1010 2258 rem,
1027 2235 1108 2261 quem
1120 2235 1182 2261 erga
1195 2231 1218 2252 te
1231 2226 1372 2255 habebam,
1392 2234 1469 2259 posse
1484 2223 1587 2258 aliquid
1600 2222 1744 2249 accedere?

946 2269 1048 2291 tautum
1064 2264 1186 2293 accessit.
1205 2268 1234 2289 ut
1245 2263 1312 2289 mihi
1325 2271 1396 2289 ruine
1407 2262 1525 2296 denique
1537 2270 1625 2287 amar<¹
1639 2260 1740 2287 videar.

945 2306 1020 2328 antea
1032 2301 1172 2327 dilexisse.
1188 2301 1309 2332 G.Quare
1320 2299 1386 2334 quid
1399 2304 1448 2327 cst,
1462 2298 1533 2333 qimd
1545 2307 1594 2333 ego
1607 2304 1629 2323 te
1643 2298 1740 2326 horter,

946 2343 974 2365 ut
988 2339 1113 2373 dignitati
1129 2343 1155 2364 ct
1169 2337 1270 2373 gloriae
1286 2336 1408 2363 servias?
1436 2344 1582 2371 proponam
1596 2335 1644 2361 tibi
1657 2334 1743 2360 claros

946 2377 1032 2407 viros,
1055 2375 1126 2410 quod
1146 2374 1231 2401 facere
1247 2374 1346 2403 solent,
1363 2374 1410 2408 qui
1423 2373 1580 2399 hortantur?
1607 2372 1742 2398 nominem

946 2413 1032 2439 habeo
1052 2413 1206 2442 clariorem,
1229 2421 1310 2447 quam
1330 2417 1353 2438 tc
1371 2412 1474 2445 ipsum:
1503 2415 1527 2436 te
1545 2410 1648 2435 imin-n·
1663 2418 1742 2443 011111»

946 2455 994 2480 tet,
1018 2455 1106 2476 tecum
1129 2451 1186 2484 ipse
1205 2455 1301 2475 certes.
1347 2449 1384 2474 Nc
1408 2448 1467 2474 licet
1483 2447 1594 2482 quidem
1612 2447 1660 2473 tibi
1678 2447 1740 2475 iam,

946 2488 1026 2514 tantis
1042 2487 1123 2513 rebus
1139 2487 1236 2523 gestis,
1255 2495 1306 2513 non
1323 2487 1361 2512 tui
1378 2485 1496 2511 similem
1507 2493 1576 2510 csse.
1617 2485 1642 2510 7.
1664 2483 1741 2515 Quod

945 2533 1030 2559 quum
1043 2525 1076 2551 ita
1089 2525 1132 2553 sit,
1148 2525 1260 2551 hortatio
1272 2529 1372 2550 nonest
1386 2523 1548 2549 neccssaria:
1565 2521 1742 2557 gratulatione

945 2563 1032 2597 magis
1049 2562 1179 2588 utendum
1195 2567 1244 2588 cst.
1285 2562 1402 2596 Contigit
1418 2561 1490 2586 enim
1507 2559 1566 2589 tibi,
1584 2559 1656 2594 quml
1669 2558 1741 2584 haud

944 2600 1000 2626 seio
1016 2607 1048 2625 an
1065 2600 1176 2629 nemini,
1195 2604 1223 2626 ut
1239 2607 1344 2625 summa
1356 2598 1485 2624 severitas
1497 2596 1742 2623 animadversionis

945 2645 997 2663 non
1010 2636 1088 2663 modo
1100 2646 1150 2663 non
1164 2636 1307 2667 invidiosa,
1323 2635 1370 2662 sed
1382 2635 1462 2661 etiam
1474 2633 1612 2670 popularis
1624 2638 1703 2661 esset,
1716 2638 1742 2659 et

944 2683 1030 2710 quum
1043 2674 1120 2701 bonis
1130 2674 1270 2703 omnibus,
1290 2679 1345 2700 tum
1359 2673 1451 2699 intimo
1462 2673 1561 2708 cuique
1575 2671 1737 2708 gratissima.
