1941 3052
329 84 656 111 EPISTOLARUM
686 84 739 110 AD
768 83 997 111 DIVERSOS
1028 84 1108 109 LIB.
1130 83 1162 109 V.
1193 83 1254 109 ΕΡ.
1277 84 1347 109 9-
1371 84 1409 109 12,

50 156 151 182 ficiam:
175 155 271 190 viginti
287 155 385 189 oppida
402 160 465 181 sunt
475 155 619 182 Dalmatiae
630 156 753 190 antiqua,
774 163 843 189 quae
865 158 866 167 ¹

701 193 769 218 Haec
791 193 842 218 nisi
865 211 866 214 η

49 194 106 228 ipsa
128 192 181 218 sibi
200 193 354 218 asciverunt
373 192 490 226 amplius
511 193 660 228 sexaginta.

48 230 137 257 omnia
149 238 283 265 expugno,
297 230 321 255 si
332 230 399 255 mihi
409 229 619 264 supplicationes
631 239 682 256 non
694 230 844 255 decernun-

48 272 104 297 tur,
124 267 201 302 longe
222 266 272 293 alia
288 266 440 293 conditione
457 276 506 303 ego
521 276 596 298 sum,
615 276 644 293 ac
660 267 741 293 ceteri
757 267 844 301 impe—

51 309 158 331 ratores.

97 374 114 393 X
138 374 157 392 b.
169 373 332 395 (Fragmentum
344 373 453 398 epistulae
463 377 513 399 post
523 373 657 398 superiorem
669 373 785 399 scriptae.)

124 401 185 440 Ego
205 409 266 439 post
282 404 493 439 supplicationes
512 405 580 431 mihi
597 404 716 431 decretas
739 406 766 431 in
782 404 843 430 Dal-

48 443 156 470 matiam
168 441 303 476 profectus
315 451 389 468 sum:
405 451 453 468 sex
464 442 563 477 oppida
575 443 601 468 vi
612 442 843 477 oppugnandoce-

47 481 85 515 pi.
99 479 147 493 *⁴¹*
172 479 261 506 Unum
278 479 335 510 hoc,
349 480 421 514 quod
433 484 488 506 erat
499 480 657 510 maximum,
670 484 764 513 quater
775 487 789 505 a
801 487 842 505 me

47 518 100 544 iam
121 521 240 551 captum.
280 516 410 548 Quattuor
425 517 497 543 enim
512 522 598 543 turres
610 521 635 542 et
646 521 771 551 quattuor
782 525 843 542 mu—

47 563 90 581 ros
109 555 178 589 cepi,
205 558 231 580 et
241 562 329 580 arcem
344 562 437 580 eorum
453 559 547 580 totam:
580 562 613 580 ex
627 562 679 588 qua
696 562 738 579 me
754 554 839 583 nives,

47 592 155 627 frigora,
178 591 279 617 imbres
294 591 479 617 detruserunt:
502 591 676 626 indigneque,
690 591 727 616 mi
739 590 840 621 Cicero,

46 629 178 664 oppidum
189 633 306 663 captum,
315 633 341 655 et
351 628 453 654 bellum
468 629 521 654 iam
532 628 682 654 confectum
690 627 842 662 relinquere

46 675 108 692 sum
128 670 245 692 coactus.
286 665 373 698 Quare
389 670 413 692 te
429 674 492 701 rogo
507 670 533 691 et
547 674 600 696 oro,
619 666 642 691 si
653 673 721 699 opus
737 665 795 695 erit,
809 665 841 690 ad

46 703 187 731 Caesarem
204 711 291 729 meam
307 711 430 728 caussam
447 711 518 738 agas,
537 711 634 737 meque
649 703 699 728 tibi
716 703 742 728 in
753 703 841 728 omnis

45 746 135 776 partes
146 739 346 766 defendendum
358 744 449 774 putes;
467 740 516 766 hoc
528 741 695 769 existimans,
705 740 841 765 neminem

46 783 71 804 te
82 779 121 804 tui
132 777 305 804 amantiorem
318 777 426 803 habere.
448 777 521 803 Vale.
543 777 843 804 DataNon.Decembri-

46 815 107 846 bus,
121 815 234 841 Narona.

100 885 140 905 XI.
161 885 178 905 A
186 885 204 905 R
212 885 238 905 G.
249 884 341 904 Vatinio
357 884 444 909 roganti
455 884 572 911 promittit,
584 883 632 904 eius
642 883 709 903 uxori
720 890 744 903 se
754 883 842 904 adfutu-

46 927 101 941 rum.
125 920 194 940 Addit
207 920 234 940 de
243 919 354 945 Dionysio
365 919 468 944 fugitivo,
480 922 501 939 et
511 919 537 939 de
547 926 586 946 spe
596 918 703 946 triumphi
714 918 841 939 Delmatici.

243 957 329 978 (Romae,
340 957 418 974 Caesare
429 956 463 975 lv.
474 963 511 973 cus.
522 964 536 973 s.
548 957 591 973 tull.
603 958 657 976 ΜΘ)

75 1001 110 1027 Μ.
126 1000 156 1026 Τ.
173 999 202 1026 C.
218 999 247 1026 S.
262 1000 292 1026 D.
308 999 337 1026 P.
356 999 533 1030 VATINIO,
556 999 812 1026 IMPERATORI.

104 1042 127 1067 t.
150 1036 232 1067 Grata
244 1040 294 1067 tibi
305 1049 364 1066 mea
375 1049 435 1066 esse
445 1040 532 1066 officia
545 1049 596 1066 non
608 1041 700 1066 miror.
722 1040 842 1077 Cognovi

46 1079 118 1105 enim
135 1082 159 1104 te
175 1078 359 1113 gratissimum
371 1078 506 1107 omnium:
540 1078 621 1113 idque
633 1087 782 1113 numquam
795 1079 843 1104 de-

46 1116 102 1142 stiti
122 1115 286 1150 praedicare.
327 1116 381 1141 Nec
400 1116 472 1141 enim
494 1120 521 1141 tu
544 1116 611 1142 mihi
629 1116 746 1142 habuisti
763 1116 842 1142 modo

46 1153 169 1188 gratiam,
183 1161 277 1179 verum
291 1153 371 1178 etiam
378 1152 593 1180 cumulatissime
600 1153 725 1180 retulisti.
741 1153 843 1186 Quam—

46 1190 139 1216 obrem
159 1189 273 1224 reliquis
293 1190 347 1216 tuis
368 1190 450 1216 rebus
470 1191 597 1217 omnibus
617 1191 675 1225 pari
694 1200 736 1217 me
752 1191 842 1217 studio

46 1236 108 1263 erga
125 1232 149 1254 te
165 1231 191 1253 et
206 1227 299 1253 eadem
316 1227 451 1254 voluntate
467 1237 621 1263 cognosces.
643 1230 667 1255 2.
683 1228 759 1260 Quod
774 1228 842 1254 mihi

48 1264 175 1290 feminam
192 1265 357 1299 primariam,
370 1265 534 1300 Pompeiam,
549 1274 659 1292 uxorem
672 1271 754 1297 tuam,
769 1274 843 1292 com-

47 1302 173 1332 mendas,
196 1310 257 1327 cum
279 1302 345 1327 Sura
367 1307 456 1329 nostro
476 1303 565 1329 statim
586 1304 639 1329 tuis
656 1303 750 1329 litteris
768 1303 842 1329 lectis

47 1339 152 1368 locutus
173 1348 244 1371 sum,
262 1345 291 1366 ut
306 1340 331 1366 ei
347 1341 414 1366 meis
430 1340 520 1366 verbis
533 1340 642 1371 diceret,
655 1345 693 1371 ut,
706 1340 842 1375 quidquid

47 1387 115 1413 opus
130 1382 209 1409 esset,
223 1377 290 1404 mibi
302 1377 485 1404 denuntiaret:
508 1386 550 1403 me
559 1378 736 1412 omnia,quae
748 1387 777 1403 ea
785 1377 843 1403 vel-

49 1415 92 1447 let,
110 1424 217 1442 summo
232 1414 322 1441 studio
333 1423 451 1449 curaque
463 1415 609 1443 facturum:
634 1415 722 1450 itaque
736 1415 840 1445 faciam,

48 1461 171 1488 eamque,
185 1453 208 1478 si
219 1461 287 1487 opus
298 1461 357 1478 esse
369 1452 514 1483 videbitur,
527 1453 586 1486 ipse
597 1453 766 1479 conveniam.
803 1453 841 1478 Tu

49 1495 137 1517 tamen
158 1490 183 1516 ei
205 1489 285 1516 velim
306 1489 419 1520 scribas,
442 1494 470 1516 ut
486 1489 587 1516 nullam
604 1498 669 1521 rem,
687 1499 773 1525 neque
789 1495 842 1516 tam

49 1536 183 1561 magnam,
197 1535 284 1562 neque
296 1531 348 1552 tam
360 1535 470 1561 parvam
482 1531 565 1562 putet,
574 1535 642 1562 quae
655 1528 721 1553 mihi
733 1532 778 1554 aut
789 1527 843 1553 dis-

49 1565 127 1591 licilis
148 1569 194 1590 aut
209 1572 303 1598 parum
321 1573 362 1590 me
378 1564 459 1599 digna
475 1564 607 1590 videatur.
648 1564 752 1595 Omnia,
773 1573 842 1599 quae

49 1603 74 1628 in
96 1602 149 1628 tuis
171 1601 251 1627 rebus
267 1610 353 1636 agam,
372 1607 397 1628 et
407 1610 458 1627 non
471 1601 601 1627 laboriosa
616 1602 684 1628 mihi
695 1607 720 1628 et
732 1603 841 1628 honesta

49 1639 222 1666 videbuntur.
245 1639 280 1664 De
291 1639 427 1674 Dionysio,
436 1640 458 1665 si
471 1647 512 1665 me
524 1640 729 1669 amasaeonfice:
746 1648 843 1674 quam-

48 1684 163 1711 cumque
175 1676 199 1702 ei
211 1676 291 1702 tidem
303 1676 418 1707 dederis,
436 1677 585 1711 praestabo.
627 1676 654 1702 Si
667 1686 730 1703 vero
742 1677 843 1712 impro-

49 1714 99 1740 bus
120 1713 208 1743 suerit,
227 1718 256 1739 ut
273 1717 326 1744 est,
349 1713 432 1739 duces
447 1722 509 1740 eum
525 1718 633 1748 captum
649 1715 676 1740 in
692 1715 840 1749 triumpho.

48 1751 175 1778 Dalmatis
186 1750 224 1776 dii
235 1750 304 1776 male
317 1749 422 1782 faciant,
439 1752 485 1786 qui
499 1751 547 1777 tibi
560 1751 665 1778 molesti
677 1756 750 1778 sunt.
777 1752 839 1782 Sed,

48 1793 77 1815 ut
87 1788 193 1819 scribis,
210 1787 286 1814 brevi
297 1789 437 1822 capientur
450 1793 475 1814 et
487 1788 660 1815 illustrabunt
672 1798 712 1815 res
725 1794 783 1815 tuas
794 1798 843 1823 ge-

48 1830 111 1852 stas.
152 1826 265 1860 Semper
275 1825 348 1851 enim
361 1825 445 1852 habiti
456 1830 519 1852 sunt
533 1825 664 1852 bellicosi.
708 1825 802 1862 [vates]

100 1903 152 1923 xn.
173 1902 191 1923 Δ
201 1902 255 1922 Ro.
280 1902 396 1922 Lucceium
415 1902 454 1923 bae
469 1903 565 1929 epistola
580 1903 701 1924 artificiose
711 1904 841 1931 conquesita,

47 1942 75 1961 et,
87 1941 111 1958 ut
130 1937 179 1964 ipse
197 1937 234 1962 (nd
246 1936 416 1964 Att.lv‚u.)nit,
427 1937 491 1957 valde
502 1937 559 1957 bella
569 1941 639 1962 romu,
650 1943 673 1958 ut
683 1939 709 1958 dr·
721 1940 785 1959 relius
797 1947 809 1959 a
819 1947 843 1959 se

46 1972 138 1994 consule
157 1972 226 1998 gentis
237 1974 258 1992 et
274 1972 301 1992 «le
315 1971 397 1992 exsilio
413 1972 529 1999 redituque
539 1974 707 1993 commeatui-iun
718 1979 840 2001 componat.

272 2008 399 2028 (Marcellino,
409 2009 498 2031 Philippu
509 2016 554 2026 cous.
566 2012 621 2030 (Νη)

173 2052 209 2079 Μ.
231 2051 261 2079 C.
283 2051 311 2079 S.
334 2053 364 2078 D.
387 2052 415 2078 L.
438 2052 608 2079 LUCCEIO
640 2053 671 2085 Q,
693 2053 721 2079 F.

105 2096 128 2121 4.
150 2089 250 2120 Coram
267 2102 309 2120 me
326 2098 413 2120 tecum
429 2093 522 2119 eadem
539 2093 603 2119 baec
617 2103 695 2127 agere
707 2104 786 2130 saepe
798 2105 842 2122 co-

48 2136 154 2159 nantem
174 2131 304 2157 deterruit
324 2130 410 2165 pudor
425 2131 536 2165 quidam
554 2128 838 2165 paenesubrusticus,

47 2177 115 2205 quae
128 2177 198 2195 nunc
209 2177 364 2203 expromam
377 2168 474 2193 absens
485 2167 623 2194 audacius
641 2169 757 2203 Epistola
769 2171 840 2196 enim

48 2215 98 2233 non
120 2206 264 2232 erubescit.
305 2205 391 2231 Ardeo
406 2205 552 2239 cupiditate
568 2206 729 2237 incredibili,
743 2216 840 2242 neque.

47 2246 78 2270 ut
96 2252 145 2279 ego
156 2243 283 2273 arbitror,
307 2242 540 2277 reprehendenda,
564 2251 659 2269 nomen
677 2249 704 2270 ut
721 2249 840 2270 nostrum

48 2281 155 2316 scriptis
167 2280 317 2307 illustretur
328 2284 353 2306 et
364 2279 515 2305 celebretur
527 2280 588 2306 tuis.
623 2281 699 2312 Quod
711 2282 760 2307 etsi
774 2282 840 2308 mibi

48 2326 126 2353 saepe
147 2317 267 2344 ostendis
283 2322 307 2344 tc
323 2326 382 2343 esse
399 2316 541 2347 facturum,
561 2321 646 2343 tamen
660 2318 782 2352 ignoscas
795 2328 842 2344 vc-

50 2353 96 2381 tim
111 2355 174 2381 huic
191 2354 353 2381 festinationi
366 2363 450 2380 meae.
491 2354 584 2380 Genus
595 2352 840 2390 enimscriptorum

49 2395 164 2424 tuorum,
186 2392 236 2419 etsi
251 2397 306 2418 erat
317 2400 424 2426 semper
439 2400 452 2417 a
465 2400 507 2417 me
519 2391 691 2418 vehementer
701 2397 842 2427 exspecta-

49 2432 115 2461 tum,
138 2433 225 2456 tamen
238 2430 302 2455 vicit
312 2429 466 2463 opinionem
479 2437 575 2459 meam,
589 2438 685 2463 meque
697 2430 730 2455 ita
743 2429 784 2455 vel
797 2439 841 2456 cc-

49 2466 89 2500 pit
108 2465 150 2492 vel
167 2466 294 2497 incendit,
317 2471 345 2492 ut
360 2475 485 2501 cuperem
498 2475 578 2500 quam
591 2466 729 2492 celerrime
741 2476 782 2492 res
794 2476 841 2493 no—

50 2506 116 2529 stras
127 2504 308 2530 monumentis
318 2503 499 2530 commendari
511 2504 574 2529 tuis.
612 2504 702 2538 Neque
714 2505 786 2530 enim
800 2513 841 2530 me

50 2539 136 2566 solum
156 2542 372 2567 commemoratio
387 2541 548 2576 posteritatis
560 2540 592 2566 ad
608 2549 683 2575 spem
696 2541 840 2575 quenulam

50 2576 255 2604 immortalitatis
276 2579 353 2613 rapit,
375 2578 423 2604 sed
439 2579 517 2604 etiam
535 2577 579 2603 illa
596 2577 739 2612 cupiditas,
758 2583 786 2604 ut
799 2578 840 2604 vel

51 2615 202 2642 auctoritate
223 2616 368 2642 testimonii
383 2616 435 2646 tui,
460 2615 501 2641 vel
513 2615 613 2641 iudicio
629 2615 839 2647 benevolentiam,

869 2385 870 2390 1
893 2365 978 2391 ἱΙθἿῑΙΟ
999 2357 1088 2382 animo
1099 2365 1161 2381 cuni
1179 2355 1256 2381 laude
1275 2360 1430 2382 moreretur.

1637 84 1686 110 695

895 154 937 182 vel
959 155 1090 181 suavitate
1106 155 1218 190 ingenii,
1238 154 1294 180 vivi
1304 153 1484 189 perfruamur.
1506 155 1531 180 2.
1544 154 1637 188 Neque
1648 159 1687 180 ta-

895 201 966 223 men,
989 192 1054 218 haec
1074 201 1159 227 quum
1175 191 1335 223 scribebam,
1356 200 1429 217 eram
1444 192 1560 222 nescius,
1579 192 1687 226 quantis

894 229 1023 256 oneribus
1043 238 1193 264 premerere
1208 233 1395 263 susceptarum
1406 237 1495 255 rerum
1508 233 1533 254 et
1543 229 1596 254 iam
1609 229 1687 255 insti-

894 272 1026 299 tutarum;
1058 266 1105 292 sed
1120 267 1184 301 quia
1199 266 1334 297 videbam,
1352 267 1439 292 Italici
1449 268 1508 292 belli
1518 271 1540 292 et
1555 268 1687 292 civilishi-

893 307 1000 330 storiam
1011 305 1063 330 iarn
1076 313 1089 329 a
1102 308 1125 330 te
1136 312 1220 338 paene
1231 312 1289 329 esse
1304 302 1461 338 perfectam:
1484 303 1686 329 dixerasautem

895 341 972 372 mihi,
996 345 1020 367 te
1036 340 1154 376 reliquas
1165 349 1206 367 res
1220 341 1316 366 ordiri:
1339 340 1432 366 deesse
1444 341 1512 366 mihi
1523 340 1606 371 nolui,
1620 341 1686 375 quin

894 384 918 405 te
935 378 1116 409 admonerem,
1134 382 1163 404 ut
1181 379 1320 413 cogitareS,
1333 379 1508 404 coniunctene
1520 377 1614 403 malles
1625 386 1686 403 cmn

894 415 1008 450 reliquis
1028 415 1109 441 rebus
1125 420 1213 441 nostra
1227 420 1376 446 contexere,
1394 424 1436 446 an,
1455 420 1483 441 ut
1498 415 1575 441 multi
1592 415 1687 442 Graeci

894 452 1028 484 fecerunt,
1060 452 1237 479 Callisthenes
1269 453 1393 478 Troicum
1417 452 1532 483 bellum,
1561 453 1687 478 Timaeus

893 490 999 525 Pyrrhi,
1012 489 1141 525 Polybius
1153 490 1687 524 Numantinum,(quiomnesaperpetuis

893 528 951 553 suis
973 527 1092 553 historiis
1113 536 1152 557 ea,
1176 536 1244 561 quae
1265 527 1331 558 dixi,
1346 527 1415 552 bella
1431 527 1644 562 separaverunt,)
1659 532 1686 553 tu

894 573 1002 599 quoque
1022 565 1085 591 item
1097 564 1205 590 civilem
1217 565 1426 590 coniurationem
1439 564 1472 590 ab
1485 564 1628 590 hostilibus
1640 573 1687 590 ex-

894 602 1031 636 ternisque
1052 601 1131 627 bellis
1155 603 1321 637 seiungeres.
1362 601 1495 636 Equidem
1516 602 1548 627 ad
1570 606 1685 627 nostram

894 639 1001 665 laudem
1013 648 1064 665 non
1076 638 1191 665 multum
1204 639 1282 665 video
1294 639 1434 671 interesse;
1458 639 1504 664 sed
1517 639 1549 664 ad
1562 648 1687 673 propera-

893 677 993 702 tionem
1014 685 1101 702 meam
1121 676 1252 710 quiddam
1268 677 1391 707 interest,
1408 685 1460 702 non
1477 681 1500 702 te
1521 681 1685 710 exspectare,

893 714 959 739 dum
974 713 1006 739 ad
1018 713 1105 739 locum
1117 714 1223 741 venias.
1246 722 1275 739 ac
1287 714 1376 739 statim
1387 722 1509 739 caussam
1522 713 1595 739 illam
1607 718 1686 739 totam

893 755 919 777 et
938 755 1045 785 tempus
1066 751 1193 784 arripere.
1232 750 1266 777 Et
1276 750 1367 781 simul,
1386 751 1408 776 si
1427 759 1480 776 uno
1493 751 1519 776 in
1531 755 1688 786 argumento

895 797 1002 823 unaque
1024 788 1050 814 in
1066 797 1188 823 persona,
1206 796 1282 814 mens
1296 792 1340 814 tua
1357 793 1408 814 tota
1421 788 1584 814 versabitur:
1608 796 1688 814 cerno

894 826 946 851 iam
968 826 1070 857 animo,
1093 830 1192 860 quanto
1212 826 1301 851 omnia
1323 825 1445 851 uberiora
1461 830 1540 860 atque
1556 826 1687 851 ornatiora

895 863 983 889 futura
995 863 1058 889 sint.
1099 863 1192 897 Neque
1204 867 1292 889 tamen
1307 863 1408 898 ignoro,
1422 871 1503 897 quam
1516 862 1688 896 impudenter

894 900 1004 932 faciam,
1027 901 1074 935 qui
1099 901 1218 935 primum
1238 900 1288 926 tibi
1309 905 1411 926 tantum
1430 900 1519 926 oneris
1539 900 1685 934 imponam,

892 938 989 973 (potest
1009 938 1081 964 enim
1101 938 1168 964 mihi
1189 937 1322 973 denegare
1342 938 1481 972 occupatio
1501 937 1571 971 tua‚)
1590 937 1687 963 deinde

893 976 983 1006 etiam,
997 980 1026 1001 ut
1036 984 1114 1001 ornes
1126 984 1194 1006 mea,
1207 974 1353 1010 postulem.
1389 974 1469 1007 Quid,
1483 975 1506 1000 si
1518 974 1562 1000 illa
1575 974 1624 1000 tibi
1636 983 1687 1001 non

894 1017 965 1039 tanto
980 1021 1059 1047 opere
1072 1013 1198 1039 videntur
1208 1012 1345 1039 ornanda‘?
1372 1014 1397 1039 3.
1411 1012 1463 1039 Sed
1475 1017 1572 1043 tamen,
1586 1012 1634 1047 qui
1645 1020 1688 1038 se-

893 1050 946 1077 mel
962 1050 1142 1078 verecundiae
1158 1050 1225 1076 fines
1240 1050 1382 1081 transierit,
1396 1059 1458 1076 eum
1469 1050 1537 1076 bene
1549 1054 1574 1075 et
1586 1050 1689 1075 naviter

892 1093 995 1124 oportet
1004 1097 1063 1114 esse
1075 1087 1270 1123 impudentem.
1293 1089 1383 1122 ltaque
1395 1092 1418 1114 te
1430 1087 1509 1122 plane
1521 1087 1601 1113 etiam
1613 1095 1685 1122 rogo,

893 1131 923 1153 ut
934 1131 959 1152 et
969 1135 1048 1153 ornes
1059 1134 1089 1152 ea
1105 1126 1292 1152 vehementius
1307 1126 1396 1156 etiam,
1410 1134 1492 1160 quam
1505 1124 1614 1150 sortasse
1626 1132 1689 1150 sen-

894 1164 937 1195 tis,
950 1164 1014 1190 etin
1026 1172 1056 1190 eo
1071 1163 1143 1199 leges
1155 1163 1280 1189 historiae
1292 1162 1413 1198 negligas
1424 1163 1591 1198 gratiamque
1603 1161 1685 1192 illam,

893 1201 926 1227 de
947 1210 1000 1236 qua
1021 1201 1183 1227 suavissime
1199 1200 1316 1235 quodam
1332 1200 1359 1226 in
1371 1200 1506 1234 prooemio
1517 1199 1659 1234 scripsisti,
1674 1207 1687 1224 a

893 1247 946 1273 qua
968 1243 991 1265 te
1011 1238 1080 1264 flecti
1102 1247 1153 1264 non
1170 1239 1256 1273 magis
1272 1238 1392 1272 potuisse
1407 1237 1587 1267 demonstras,
1606 1244 1686 1271 quam

895 1275 1034 1302 Herculem
1055 1275 1275 1310 Xenophontium
1297 1274 1374 1300 illum
1395 1283 1409 1300 a
1430 1274 1579 1308 voluptate,
1606 1274 1629 1299 si
1646 1281 1688 1299 me

894 1313 943 1339 tibi
958 1313 1146 1339 vehementius
1161 1312 1369 1343 commendabit,
1383 1320 1415 1337 ne
1426 1320 1577 1346 aspernere,
1590 1311 1688 1337 amori-

894 1359 946 1385 que
967 1355 1055 1376 nostro
1071 1349 1226 1384 plusculum
1243 1350 1332 1380 etiam,
1346 1358 1427 1384 quam
1439 1348 1565 1375 concedat
1577 1349 1685 1378 veritas,

895 1387 1018 1423 largiare.
1058 1387 1135 1419 Quod
1155 1388 1179 1413 si
1200 1392 1223 1413 te
1240 1387 1415 1418 adducemus,
1433 1391 1460 1412 ut
1477 1386 1526 1412 boc
1542 1386 1685 1420 suscipias,

895 1426 953 1456 erit,
977 1430 1005 1451 ut
1025 1425 1093 1451 mihi
1112 1424 1270 1459 persuadeo,
1289 1424 1412 1450 materies
1429 1424 1510 1458 digna
1528 1422 1652 1449 facultate
1663 1427 1688 1448 et

893 1463 969 1497 copia
991 1467 1045 1488 tua.
1078 1463 1102 1488 4.
1124 1462 1145 1488 Α
1157 1462 1290 1496 principio
1306 1462 1378 1487 enim
1394 1461 1586 1487 coniurationis
1601 1467 1688 1494 usque

893 1499 927 1525 ad
943 1499 1058 1526 reditum
1074 1504 1192 1525 nostrum
1206 1499 1313 1525 videtur
1321 1499 1388 1524 mibi
1404 1498 1539 1524 modicum
1551 1497 1687 1532 quoddam

893 1545 991 1571 corpus
1002 1537 1097 1563 confici
1108 1545 1200 1571 posse:
1224 1537 1250 1562 in
1262 1545 1316 1571 quo
1327 1541 1352 1562 et
1364 1536 1407 1562 illa
1415 1534 1687 1570 poterisuticivilium

893 1575 1132 1601 commutationum
1153 1574 1263 1600 scientia
1286 1573 1326 1599 vel
1349 1574 1374 1599 in
1395 1572 1563 1608 explicandis
1583 1572 1688 1598 caussis

894 1620 983 1638 rerum
996 1620 1125 1638 novarum
1138 1611 1593 1640 velinremediisincommodorum,
1602 1617 1687 1644 quum

894 1654 919 1676 et
939 1649 1120 1683 reprehendes
1136 1657 1174 1679 ea,
1192 1657 1261 1683 quac
1278 1648 1453 1683 vituperanda
1465 1647 1558 1678 duces,
1571 1652 1605 1678 et,
1619 1655 1687 1681 quae

894 1686 1051 1721 placebunt,
1075 1686 1242 1720 exponendis
1263 1686 1411 1712 rationibus
1431 1684 1634 1719 comprobabis,
1652 1688 1685 1710 ct.

893 1725 916 1750 si
930 1724 1050 1754 liberius,
1065 1728 1093 1749 ut
1104 1724 1248 1754 consuesti,
1261 1723 1394 1759 agendum
1407 1723 1524 1757 putabis,
1542 1721 1688 1748 multorum

893 1762 921 1787 in
933 1770 980 1787 nos
992 1761 1142 1795 perfidiam,
1156 1760 1278 1791 insidias,
1293 1760 1468 1795 proditionem
1482 1759 1595 1786 notabis.
1618 1758 1688 1785 Mut-

894 1803 947 1825 tam
968 1799 1047 1825 etiam
1068 1807 1147 1824 casus
1167 1799 1250 1824 nostri
1266 1798 1315 1824 tibi
1331 1798 1484 1824 varietatem
1504 1798 1529 1823 in
1546 1795 1688 1822 scribendo

893 1835 1119 1871 suppeditabunt,
1147 1835 1251 1870 plenam
1271 1835 1413 1861 cuiusdam
1435 1835 1593 1869 voluptatis,
1619 1842 1687 1868 quae

895 1874 1067 1900 vehementer
1078 1873 1182 1899 animos
1194 1873 1334 1899 hominum
1342 1873 1368 1898 in
1377 1872 1489 1908 legendo
1497 1877 1584 1898 tenere
1592 1871 1686 1906 possit.

894 1910 967 1937 Nihil
980 1915 1020 1937 est
1029 1911 1101 1937 enim
1114 1911 1202 1945 aptius
1214 1910 1247 1936 ad
1259 1909 1460 1936 delectationem
1474 1909 1588 1940 lectoris,
1606 1916 1686 1943 quam

895 1952 1044 1983 temporum
1057 1948 1198 1974 varietates
1206 1947 1378 1982 fortunaeque
1387 1947 1602 1974 vicissitudines:
1619 1954 1687 1980 quae

894 1986 943 2012 etsi
965 1985 1042 2011 nobis
1058 1985 1189 2020 optabiles
1206 1985 1230 2011 iu
1242 1985 1405 2019 experiendo
1417 1994 1467 2011 non
1481 1984 1596 2014 bierunt,
1611 1984 1637 2009 in
1651 1982 1688 2008 le-

893 2022 981 2057 gendo
998 2028 1084 2049 tamen
1096 2027 1173 2049 erunt
1184 2023 1326 2048 iucundae.
1368 2022 1451 2048 llabet
1466 2023 1537 2048 enim
1553 2020 1687 2056 praeteriti

893 2059 993 2086 doloris
1018 2068 1111 2086 secura
1133 2060 1278 2086 recordatio
1296 2059 1508 2086 delectationem.
1540 2060 1564 2085 5.
1586 2057 1688 2085 Ceteris

895 2106 966 2127 vero,
990 2097 1062 2123 nulla
1079 2096 1227 2131 perfunctis
1243 2097 1349 2131 propria
1366 2096 1495 2126 molestia,
1509 2105 1587 2122 casus
1598 2100 1686 2121 autem

893 2133 995 2160 alienos
1011 2135 1069 2160 siue
1086 2133 1140 2159 ullo
1151 2133 1241 2159 dolore
1254 2134 1430 2164 intuentibus,
1443 2135 1522 2160 etiam
1537 2134 1593 2167 ipsa
1606 2133 1688 2158 mise-

894 2171 1007 2196 ricordia
1028 2176 1067 2197 est
1088 2171 1214 2197 iucunda.
1255 2172 1339 2202 Quem
1357 2171 1428 2196 enim
1442 2176 1561 2196 nostrum
1574 2169 1618 2196 ille
1631 2177 1687 2195 mo-

894 2209 965 2234 riens
986 2208 1057 2242 apud
1071 2208 1229 2233 Mantineam
1243 2207 1442 2242 Epaminondas
1464 2217 1515 2234 non
1536 2216 1598 2233 cum
1619 2214 1687 2241 qua-

893 2245 954 2271 dam
967 2245 1136 2270 miseratione
1148 2244 1278 2270 delcetat?
1297 2245 1344 2279 qui
1360 2250 1415 2270 tum
1423 2245 1540 2279 denique
1547 2242 1686 2270 sibiavelli

894 2282 968 2308 iubet
988 2282 1138 2316 spiculum,
1162 2287 1334 2316 posteaquam
1355 2282 1378 2307 ei
1401 2283 1565 2316 percontanti
1584 2281 1686 2306 dictum

892 2324 942 2349 est,
955 2319 1080 2355 clypeum
1093 2328 1150 2345 esse
1162 2318 1282 2344 salvum:
1307 2323 1334 2344 ut
1344 2319 1423 2345 etiam
1437 2320 1462 2345 in
1471 2317 1687 2344 vulnerisdolore

1471 2356 1554 2381 Cuius
1565 2355 1686 2381 studium

894 2394 919 2419 in
943 2393 1054 2427 legendo
1079 2402 1129 2419 non
1150 2398 1267 2418 ereetum
1280 2393 1451 2418 'l‘bemistocli
1470 2392 1530 2427 suga
1544 2392 1686 2427 redituque

893 2430 1014 2456 tenetur‘?
1035 2431 1137 2456 Etenim
1159 2430 1223 2456 ordo
1240 2431 1296 2464 ipse
1308 2430 1445 2456 armalium
1458 2430 1627 2455 mediocriter
1639 2438 1686 2456 nos

893 2469 996 2497 retinet,
1014 2468 1091 2502 quasi
1104 2468 1302 2493 enumeratione
1318 2467 1454 2493 fastorum.
1497 2468 1527 2493 At
1543 2468 1593 2493 viri
1606 2476 1685 2502 saepe

892 2505 1050 2531 excellentis
1061 2505 1191 2539 ancipites
1204 2505 1324 2539 variique
1336 2513 1414 2530 casus
1427 2505 1685 2531 babentadmiratio-

893 2551 964 2572 nem,
977 2543 1213 2576 exspectatitmem,
1228 2541 1364 2572 laetitiam,
1379 2542 1537 2573 molestiam,
1550 2551 1636 2577 spem,
1651 2543 1684 2568 ti-

893 2588 1007 2606 morem:
1039 2580 1062 2605 si
1075 2588 1136 2605 vero
1151 2580 1223 2605 exitu
1237 2579 1346 2605 notabili
1358 2579 1568 2610 cmicluduntur,
1591 2579 1684 2614 exple-

894 2621 936 2643 tur
950 2617 1057 2643 animus
1073 2617 1266 2643 iucundissima
1281 2616 1400 2643 lectionis
1413 2616 1557 2652 voluptate.
1589 2619 1613 2643 6.
1627 2617 1685 2649 Quo
