1941 3052
233 168 280 193 52t
801 167 840 191 Π.
876 166 910 191 Μ.
941 166 970 191 Τ.

1002 166 1275 192 elul-:noxis

231 237 360 272 logatione
385 236 416 262 ad
438 237 485 262 boc
502 235 630 261 iudicium
647 240 672 261 et
687 244 747 261 cum
764 237 921 268 gravissima
939 240 1018 270 atque
1037 236 1047 255 '¹
1070 236 1114 261 ille
1124 236 1268 262 obtinebat.
1303 236 1417 262 Secutus
1428 241 1467 262 est
1478 245 1577 263 annus:
1600 244 1722 263 caussam
1733 237 1767 262 de
1778 246 1858 271 ρεσυ-

229 274 395 300 ornatissima
409 273 556 299 laudatione
569 272 707 298 miserunt.
741 273 835 298 Videor
847 273 912 298 milii
924 273 1017 299 iecisse
1037 292 1040 314 t

231 310 399 337 fundamenta
416 310 577 335 defensionis
589 318 676 335 meae:
699 317 767 344 quae
779 310 932 335 firmissima
944 314 1015 340 aunt,

229 348 250 373 si
273 349 393 373 nituntur
409 347 507 373 iudicio
517 354 638 372 suorum.
680 347 771 381 Neque
782 347 853 372 enim
866 346 942 372 vobis
953 347 1018 372 antis

229 385 408 410 ‹·omnien‹lata
426 384 506 409 huius
522 388 592 409 aetas
603 391 661 409 esse
672 388 770 418 fuisset,
783 384 806 409 si
818 392 870 410 non
882 383 960 409 modo
972 392 1018 418 pa·

230 422 304 450 renti,
323 421 366 446 tuli
380 421 443 450 viro,
463 429 554 446 verum
567 421 644 446 etiam
657 421 804 454 municipio
815 425 866 446 tom
880 421 976 447 illustri
989 430 1017 446 uc

230 464 279 483 tam
296 458 369 491 gravi
386 457 545 492 displiceret.
577 458 618 483 111.
637 459 661 483 6.
679 458 821 492 Equidem,
841 462 869 484 ut
880 457 911 483 ad
924 467 965 484 mc
977 467 1017 484 re-

230 500 322 524 vertar,
345 494 378 520 ab
396 495 437 520 bis
453 494 572 521 fontibus
589 494 700 529 profluxi
712 495 745 521 ad
757 495 896 521 hominum
909 494 1014 525 famam,

228 537 252 557 et
268 540 342 557 nicus
355 531 397 557 liic
413 531 524 558 forensis
537 531 609 558 labor
621 532 742 566 vitaeque
753 533 818 558 ratio
827 532 974 558 dimanavit
985 532 1017 558 ad

227 569 451 594 existimationem
477 569 616 595 hominum
638 569 728 604 paullo
749 569 827 595 latius
848 569 1017 596 commenda-

228 607 296 632 tione
309 614 337 631 ac
350 605 448 631 iudicio
459 614 587 632 meorum.

282 643 362 673 Nam,
385 643 456 678 qnod
476 643 608 669 obiectum
630 648 669 670 est
684 643 716 669 de
731 643 873 678 pudicitia,
891 641 1018 678 quodque

226 680 346 706 omnium
367 684 550 707 accusatorum
572 689 623 707 non
644 681 817 711 criminibus,
843 680 890 707 sed
907 681 1017 706 vocibus

227 717 429 752 maledictisque
443 717 604 744 celebratum
619 722 667 749 est,
682 718 707 744 id
719 726 867 753 numquam
883 721 933 744 tam
946 726 1018 744 acer-

227 754 259 780 be
279 754 343 781 feret
359 754 394 781 M.
411 754 526 785 Caelius.
544 759 574 781 ut
588 764 648 781 eum
666 756 797 789 poenitent
808 764 859 781 non
870 754 1016 781 deformem

226 800 284 818 esse
306 795 407 818 natum.
448 791 516 818 Sunt
531 792 628 818 etenim
645 793 694 818 ista
711 792 849 818 maledicta
862 792 1016 827 pervulgata

226 830 252 855 in
273 837 379 859 omnes,
402 837 516 864 quorum
538 829 564 855 in
579 829 754 856 adolescentia
776 829 858 856 forma
874 834 898 855 et
914 830 1017 864 specics

227 866 276 892 fuit
298 865 424 892 liberalis.
464 866 515 892 Sed
531 866 603 893 aliud
619 871 660 893 est
675 866 840 899 maledicere,
855 866 928 893 aliud
940 875 1019 893 accu-

225 911 292 929 sare.
315 903 454 929 Accusatio
464 904 564 930 crimen
576 903 716 934 desiderat,
731 913 785 931 rem
800 909 829 930 ut
839 904 956 934 definiat,
970 904 1018 930 lio·

211 941 325 969 ,minem
346 945 374 967 ut
390 945 468 971 notet¹
489 946 645 976 argumento
661 941 764 976 probet,
786 946 850 968 teste
868 941 1014 968 confirmet.

225 977 375 1004 Maledictio
394 982 482 1004 autem
499 977 565 1004 nihil
582 978 660 1005 habet
672 979 799 1013 propositi
812 983 913 1013 praeter
923 983 1016 1005 contu-

225 1014 346 1046 metium,
368 1023 436 1049 quae
451 1016 473 1041 si
491 1014 654 1050 petulantius
670 1017 789 1047 iactatur,
806 1016 970 1046 convicium.
993 1016 1016 1041 si

226 1051 346 1082 facetius.
365 1052 500 1078 urbanitas
512 1053 673 1079 nominatur.
698 1054 724 1079 7.
737 1053 822 1085 Quam
833 1053 943 1088 quidem
957 1061 1016 1088 par-

225 1093 277 1115 tem
300 1089 476 1116 accusationis
496 1089 641 1116 admiratus
656 1099 717 1117 sum
738 1095 763 1117 et
779 1090 888 1117 moleste
904 1090 952 1116 tuli
969 1098 1017 1124 po—

225 1127 360 1153 tissimum
375 1135 433 1153 esse
444 1127 562 1153 Atratino
574 1127 671 1154 datam.
712 1128 804 1163 Neque
814 1128 885 1154 enim
896 1127 1014 1158 decebat,

225 1171 312 1199 neque
323 1168 394 1190 aetas
405 1164 449 1190 illa
461 1164 612 1199 postulabat
623 1173 717 1199 neque,
726 1165 752 1191 id
764 1165 836 1200 quod
848 1164 1017 1191 animadver-

224 1205 278 1227 tere
289 1201 422 1235 poteratis,
436 1201 522 1236 pudor
532 1202 681 1236 patiebatur
696 1203 789 1236 optimi
800 1202 974 1228 adolescentis
989 1202 1015 1227 in

225 1237 270 1264 tali
291 1237 368 1264 illum
383 1239 500 1265 oratione
515 1240 623 1265 versari.
664 1239 765 1265 Vellem
781 1239 879 1274 aliquis
895 1248 927 1266 ex
939 1239 1015 1266 vobis

224 1275 419 1301 robustioribus
440 1276 511 1302 hunc
531 1276 707 1303 maledicendi
730 1276 816 1303 locum
837 1277 1013 1311 suscepisset3

223 1312 359 1347 aliquanto
375 1312 486 1339 liberius
501 1317 526 1339 et
540 1312 635 1339 fortius
651 1318 676 1340 et
691 1314 776 1349 magis
791 1322 864 1340 more
875 1318 964 1340 nostro
975 1322 1016 1340 re-

224 1349 371 1376 futaremus
401 1350 480 1376 istam
505 1349 680 1377 maledicendi
708 1350 850 1377 licentiam.
904 1351 1013 1381 Tecum,

223 1386 350 1417 Ati-atine,
367 1395 443 1422 agam
459 1386 554 1418 lenius,
573 1388 645 1422 quod
656 1392 682 1414 et
693 1388 778 1422 pudor
790 1393 852 1415 tuus
863 1388 1016 1415 moderatur

223 1424 334 1450 orationi
346 1432 427 1455 meae,
436 1428 462 1450 et
473 1433 563 1451 meum
574 1433 636 1461 erga
648 1430 672 1451 te
683 1430 874 1461 parentemque
885 1430 962 1452 tuum
968 1425 1016 1452 be-

223 1461 348 1488 neficium
364 1462 431 1488 tueri
446 1461 540 1488 debeo.
571 1463 596 1488 8.
608 1462 678 1489 lllud
690 1467 777 1489 tamen
789 1467 813 1489 te
824 1471 883 1489 esse
894 1462 1016 1490 admoni-

223 1503 280 1525 tum
292 1498 365 1525 volo:
383 1499 509 1533 primum,
523 1499 611 1534 qualis
623 1508 660 1531 eS,
675 1499 753 1526 talem
765 1504 790 1526 te
800 1500 1012 1528 esseexistimes.

223 1540 260 1567 ut,
282 1540 412 1570 quantum
428 1545 443 1562 a
459 1544 547 1563 rerum
562 1537 729 1571 turpitudine
745 1537 822 1568 abes,
843 1542 945 1564 tantum
961 1542 985 1564 te
1000 1546 1014 1563 a

222 1573 364 1599 verborum
386 1572 506 1600 libertate
521 1574 661 1610 seiungas;
685 1574 795 1605 deinde.
816 1579 846 1601 ut
861 1583 890 1601 ea
905 1575 933 1601 in
949 1574 1016 1601 alte-

222 1618 282 1636 rum
293 1618 325 1636 ne
336 1610 418 1641 dicas,
431 1619 500 1645 quae
510 1619 596 1645 quum
607 1611 656 1638 tibi
667 1611 734 1638 falso
745 1620 871 1646 responsa
882 1612 945 1643 sint,
953 1620 1015 1638 eru-

223 1647 327 1674 bescas.
367 1647 432 1680 Quis
448 1652 490 1674 est
504 1649 585 1679 enim,
602 1649 647 1675 cui
664 1649 706 1675 via
716 1649 766 1675 ista
778 1658 830 1675 non
842 1649 948 1684 pateat?
966 1650 1014 1684 qui

222 1685 267 1711 isti
278 1685 356 1711 aetati
366 1689 446 1720 atque
457 1686 536 1711 etiam
548 1685 672 1721 dignitati
683 1694 735 1712 non
751 1687 845 1720 possit,
857 1695 938 1720 quam
950 1686 1015 1712 velit

223 1721 380 1756 petulanter¹
403 1722 507 1748 etiamsi
530 1723 587 1749 sine
602 1722 657 1749 ulla
672 1723 835 1757 suspicione,
853 1728 878 1749 at
893 1732 946 1749 non
957 1724 1014 1749 sine

223 1763 380 1794 argumento
399 1759 575 1786 maledicere?
604 1759 658 1786 Sed
673 1760 786 1786 istarum
804 1760 920 1795 partium
935 1760 1014 1795 culpa
1034 1779 1037 1784 .

223 1800 263 1821 est
281 1804 383 1826 eorum,
399 1796 447 1831 qui
464 1801 488 1823 te
502 1805 580 1832 agere
594 1796 750 1829 voluerunt;
773 1796 831 1824 laus
841 1797 952 1832 pudoris
964 1798 1012 1827 tui.

222 1832 295 1868 quod
314 1841 343 1859 ea
358 1837 382 1859 te
396 1833 512 1860 invitum
523 1833 611 1860 dicere
622 1833 794 1866 videbamus;
816 1835 926 1870 ingenii,
942 1835 1013 1869 quod
1035 1852 1036 1855 =

221 1874 312 1896 ornate
322 1870 559 1905 doctequedixisti.
585 1871 629 1898 IV.
641 1873 666 1898 9.
679 1871 1013 1899 Verumadistamomnem
1035 1887 1036 1890 =

222 1907 364 1934 orationem
387 1907 476 1934 brevis
491 1912 531 1934 est
545 1908 674 1935 defensio.
714 1910 782 1936 Nam
795 1909 884 1945 quoad
895 1914 966 1936 aetas
977 1911 1012 1936 M.

222 1944 303 1971 Caelii
324 1944 386 1970 dare
401 1945 487 1979 potuit
501 1946 546 1972 isti
560 1946 708 1980 suspicioni
724 1946 821 1978 locum,
834 1947 1013 1982 suitprimum

222 1982 310 2016 ipsius
326 1981 434 2016 pudore,
453 1982 548 2009 deinde
559 1984 638 2009 etiam
650 1984 732 2018 patris
743 1983 882 2019 diligentia
893 1984 1015 2019 discipli-

222 2026 309 2054 naque
319 2019 431 2050 munita,
439 2019 496 2054 qui,
505 2024 535 2046 ut
545 2019 608 2046 huic
619 2020 723 2047 virilem
730 2025 817 2057 togam
824 2021 940 2048 deditv—
946 2022 1013 2049 nibil

221 2055 271 2082 hoc
286 2055 341 2082 loco
351 2055 383 2082 de
394 2065 437 2082 me
447 2058 561 2091 (tautum
572 2057 615 2088 sit,
628 2062 759 2092 quantuni
770 2067 818 2085 vos
827 2059 1010 2094 existimatis):

221 2092 271 2119 hoc
286 2092 381 2124 dicam,
400 2094 472 2120 hunc
486 2102 500 2120 a
516 2098 589 2129 patre
603 2095 729 2122 continuo
743 2095 776 2122 ad
791 2104 834 2122 me
851 2104 911 2122 esse
928 2096 1014 2123 dedu-

221 2135 309 2163 ctum;
321 2145 358 2151 —-
373 2139 450 2158 nemo
466 2131 537 2158 hunc
551 2132 587 2158 Μ.
604 2131 723 2158 Caelium
739 2133 766 2159 in
782 2132 828 2159 illo
843 2134 936 2160 aetatis
951 2133 1013 2160 flore

221 2167 298 2198 vidit,
315 2168 366 2194 nisi
381 2172 426 2194 aut
440 2176 502 2194 cum
513 2172 596 2203 patre.
609 2173 655 2195 aut
666 2178 770 2196 mecum
782 2174 828 2196 aut
838 2171 865 2196 in
876 2171 912 2197 M.
925 2171 1013 2198 Crassi

220 2205 370 2267 gastissima
389 2205 481 2237 domo,
506 2214 591 2241 quum
611 2207 713 2233 artibus
734 2207 932 2234 honestissimis
952 2216 1014 2235 eru-

239 2242 330 2268 iretur.

277 2281 317 2305 to.
339 2280 406 2306 Nam
421 2279 493 2314 quod
508 2280 637 2307 Catilinae
651 2280 817 2308 familiaritas
831 2281 933 2308 obiecta
948 2282 1013 2308 Cae-

222 2316 256 2342 lio
266 2321 315 2347 est,
330 2316 407 2352 longe
418 2317 450 2343 ab
462 2317 511 2344 ista
522 2318 676 2353 suspicione
687 2318 829 2345 abhorrere
839 2319 928 2345 debet.
959 2319 1013 2346 Hoc

220 2354 291 2379 enim
317 2353 483 2381 adolescente
503 2355 577 2381 scitis
597 2356 766 2382 consulatum
787 2364 892 2383 mecum
913 2356 1012 2391 petisse

221 2390 375 2417 Catilinam:
402 2391 436 2418 ad
450 2400 531 2426 quem
546 2392 570 2418 si
585 2394 696 2419 accessit
710 2397 756 2419 aut
773 2394 798 2419 si
809 2402 824 2419 a
834 2402 877 2420 me
886 2393 1012 2420 discessit

223 2435 359 2462 umquam,
371 2427 545 2464 (quamquam
556 2429 636 2456 multi
647 2430 710 2457 boni
721 2430 902 2457 adolescentes
912 2430 952 2457 illi
964 2430 1012 2457 ho—

221 2464 286 2490 mini
302 2473 417 2500 nequam
432 2470 512 2501 atque
521 2466 644 2501 improbo
653 2467 840 2502 studuerunt:)
850 2472 907 2494 tum
918 2468 1011 2494 existi-

222 2506 308 2527 metur
318 2501 422 2528 Caelius
435 2503 562 2530 Catilinae
573 2504 688 2530 nimium
702 2503 842 2530 familiaris
853 2504 946 2531 fuisse.
976 2505 1011 2531 At

221 2537 292 2562 enim
303 2543 393 2572 postea
404 2540 505 2566 scimus
516 2545 542 2566 et
552 2540 671 2567 vidimus
682 2549 741 2567 esse
753 2541 1012 2568 huncinilliusami—

221 2573 270 2614 cis.
310 2574 376 2606 Quis
388 2576 483 2611 negat?
502 2577 554 2603 Sed
565 2586 614 2613 ego
628 2577 696 2604 illud
707 2583 814 2612 tempus
825 2579 925 2609 aetatis,
937 2578 1010 2614 quod

221 2618 310 2644 ipsum
322 2619 370 2637 sua
381 2617 475 2646 sponte
485 2613 631 2645 infirmum.
640 2614 753 2642 aliorum
763 2615 1010 2642 lihidineiufestum

221 2651 269 2678 est,
282 2647 310 2674 id
321 2647 370 2674 hoc
381 2647 437 2675 loco
446 2649 568 2677 defendo.
591 2651 652 2678 Fuit
662 2652 787 2679 assiduus
798 2660 918 2679 mecum:
935 2661 1011 2687 prae-

221 2688 276 2710 tore
287 2693 330 2711 me
340 2693 391 2712 non
403 2691 512 2713 noverat
520 2687 671 2715 Catilinam.
711 2689 828 2716 Africam
839 2693 896 2716 tum
906 2694 1010 2725 praetor

1038 331 1039 338 l
1044 327 1047 338 t

1038 342 1039 354 l

1071 273 1121 298 niis
1143 273 1298 306 repetundis
1314 273 1426 299 Catilina
1439 273 1516 299 dixit.
1557 275 1659 300 Mecum
1673 280 1726 300 erat
1740 275 1795 301 liic:
1819 274 1859 300 illi

1070 319 1101 335 ne
1122 309 1265 336 advocatus
1281 310 1389 344 quidem
1407 311 1478 336 venit
1491 319 1627 345 umquam.
1668 312 1797 345 Deinceps
1810 310 1860 337 {uit

1069 355 1169 377 annus,
1191 356 1246 382 quo
1261 356 1310 381 ego
1325 346 1493 373 consulatum
1510 349 1605 382 petivi;
1628 349 1732 383 petebat
1747 348 1858 374 Catilina

1070 392 1184 409 mecum.
1226 385 1378 419 Numquam
1399 384 1432 410 ad
1453 384 1528 411 illum
1549 387 1671 416 accessit,
1694 394 1707 411 a
1724 393 1764 411 me
1781 394 1860 411 num-

1068 429 1148 455 quam
1172 422 1289 447 recessit.
1323 422 1351 447 V.
1372 423 1410 447 lt.
1427 421 1475 447 Tot
1495 422 1576 455 igitur
1596 431 1678 449 annos
1695 427 1814 448 versatus
1833 423 1858 448 in

1044 460 1046 468 ¹
1071 457 1126 484 foro
1147 459 1204 484 sine
1220 459 1387 493 suspicione.
1407 459 1465 485 sine
1482 459 1603 489 infamia,
1617 459 1719 485 studuit
1731 459 1859 485 Catilinae

1070 495 1165 521 iterum
1179 497 1287 530 petenti.
1313 496 1398 527 Quem
1411 504 1473 531 ergo
1483 496 1515 522 ad
1527 497 1606 522 linem
1621 501 1697 530 putas
1708 496 1860 522 custodien-

1069 532 1128 558 dam
1146 532 1219 559 illam
1234 537 1344 559 aetatem
1358 530 1459 559 tuisse‘?
1480 533 1561 559 Nobis
1577 533 1686 568 quidem
1697 534 1761 560 olim
1773 542 1859 560 annus

1070 574 1124 595 erat
1140 578 1209 596 unus
1225 570 1256 596 ad
1271 570 1450 596 cohibendum
1462 570 1600 596 brachium
1614 575 1671 605 toga
1683 572 1857 597 constitutus.

1069 612 1095 633 et
1111 612 1139 633 ut
1155 608 1341 633 exercitatione
1363 607 1478 642 ludoque
1493 609 1634 642 campestri
1650 608 1758 634 tunicati
1775 613 1860 634 utere-

1069 653 1142 674 mur;
1165 644 1310 679 eademque
1331 650 1393 673 erat.
1411 645 1434 671 si
1450 645 1538 671 statim
1553 645 1646 671 mereri
1659 644 1791 679 stipendia
1801 653 1860 671 coe-

1069 690 1204 716 peramus,
1215 683 1358 708 castrensis
1371 683 1435 708 ratio
1445 690 1475 707 ac
1487 682 1618 708 militaris.
1659 683 1714 714 Qua
1727 683 1753 708 in
1766 687 1858 711 aetate.

1069 719 1120 745 nisi
1141 719 1187 753 qui
1209 728 1237 744 se
1253 719 1310 753 ipso
1326 727 1374 745 sua
1388 720 1516 754 gravitate
1531 724 1557 745 et
1571 720 1725 745 castimonia
1740 724 1859 754 etquum

1068 756 1209 790 disciplina
1221 756 1376 786 domestica,
1385 761 1441 782 tum
1453 757 1531 782 etiam
1547 756 1658 782 naturali
1669 756 1784 791 quodam
1792 756 1861 782 bono

1068 792 1229 823 defenderat,
1238 802 1347 829 quoquo
1358 793 1436 820 modo
1446 802 1459 819 a
1467 793 1764 823 suiscustoditusesset,
1773 799 1858 819 tamen

1069 829 1204 856 infamiam
1218 839 1306 856 veram
1318 830 1432 867 effugere
1444 840 1494 857 non
1507 836 1616 865 poterat.
1656 831 1706 856 Sed
1716 831 1763 866 qui
1775 832 1858 865 prima

1069 867 1113 894 illa
1135 868 1208 894 initia
1225 869 1315 894 aetatis
1328 869 1427 903 integra
1443 873 1522 903 atque
1534 868 1657 895 inviolata
1670 868 1857 902 praestitisset:

1069 904 1101 930 de
1118 905 1176 931 eius
1193 904 1261 931 fama
1277 914 1306 931 ac
1322 905 1458 939 pudicitia,
1475 914 1559 940 quum
1573 906 1594 931 is
1607 906 1657 931 iam
1669 914 1698 931 sc
1709 905 1860 931 corrobora-

1069 942 1153 968 visset
1171 951 1201 968 ac
1217 943 1257 968 vir
1271 943 1339 968 inter
1355 943 1425 969 viros
1439 948 1517 973 esset.
1535 951 1612 968 nemo
1628 942 1793 977 loquebatur.
1818 944 1858 968 13.

1069 978 1179 1005 Studuit
1199 979 1336 1009 Catilinae,
1358 988 1443 1014 quum
1464 980 1515 1006 iam
1534 979 1634 1014 aliquot
1650 988 1732 1006 annos
1747 984 1818 1006 esset
1833 980 1858 1005 in

1068 1015 1133 1047 foro,
1147 1016 1265 1043 Caelius:
1287 1022 1313 1043 et
1324 1017 1401 1043 multi
1414 1017 1462 1043 hoc
1474 1017 1543 1043 idem
1556 1025 1588 1043 ex
1599 1017 1670 1043 omni
1683 1017 1860 1051 ordineatque

1069 1061 1101 1079 ex
1112 1054 1183 1079 omni
1195 1058 1276 1080 aetate
1288 1054 1416 1080 fecerunt.
1457 1054 1553 1080 Habuit
1567 1055 1637 1080 enim
1651 1053 1703 1082 ille.
1713 1054 1791 1080 sicuti
1804 1062 1860 1080 me-

1068 1090 1180 1117 minisse
1202 1099 1248 1117 vos
1268 1092 1388 1122 arbitror,
1407 1091 1537 1125 permulta
1550 1091 1736 1121 maximarum.
1751 1099 1801 1117 non
1813 1099 1860 1117 ex-

1068 1136 1158 1162 pressa
1169 1129 1255 1163 signa,
1268 1128 1315 1154 sed
1327 1128 1482 1154 adumbrata
1496 1129 1634 1154 virtutum.
1675 1128 1801 1155 Utebatur
1813 1127 1860 1154 ho-

1068 1165 1187 1191 minibus
1202 1165 1332 1200 improbis
1350 1165 1456 1192 multis:
1479 1171 1503 1192 et
1513 1166 1623 1200 quidem
1636 1166 1743 1200 optimis
1754 1174 1783 1191 se
1795 1166 1860 1191 viris

1067 1202 1188 1228 deditum
1200 1211 1259 1228 esse
1269 1202 1420 1229 simulabat.
1460 1203 1540 1229 Erant
1549 1203 1620 1237 apud
1631 1203 1708 1229 illum
1720 1202 1859 1229 illecebrae

1069 1239 1211 1266 libidinum
1223 1239 1335 1266 multae:
1357 1244 1431 1266 erant
1442 1241 1520 1266 etiam
1533 1240 1679 1266 industriae
1689 1239 1799 1275 quidam
1811 1240 1860 1266 sti-

1068 1276 1134 1303 muli
1149 1285 1177 1303 ac
1190 1276 1295 1303 laboris.
1318 1276 1476 1312 flagrabant
1487 1277 1676 1303 vitialibidinis
1688 1276 1856 1312 apudillum:

1068 1314 1193 1349 vigebant
1207 1315 1286 1340 etiam
1302 1314 1390 1340 studia
1406 1315 1443 1341 rei
1458 1314 1593 1341 militaris.
1632 1315 1724 1349 Neque
1740 1321 1788 1350 ego
1799 1322 1860 1340 um-

1066 1360 1148 1386 quam
1164 1351 1248 1378 fuisse
1265 1351 1315 1378 tale
1331 1356 1478 1378 monstrum
1489 1352 1517 1378 in
1530 1352 1606 1378 terris
1622 1351 1708 1378 ullum
1720 1357 1792 1386 puto,
1806 1356 1858 1378 tam

1067 1397 1099 1415 ex
1110 1389 1248 1415 contrariis
1259 1389 1428 1424 diversisque
1439 1390 1508 1415 inter
1517 1397 1545 1415 se
1556 1389 1739 1425 pugnantibus
1751 1394 1859 1415 naturae

1067 1425 1165 1452 studiis
1176 1426 1424 1462 cupiditatibusque
1434 1425 1586 1453 conflatum.
1612 1426 1654 1452 V1.
1677 1427 1716 1452 13.
1729 1425 1795 1458 Quis
1804 1426 1860 1452 cla-

1067 1463 1182 1490 rioribus
1203 1464 1268 1490 viris
1281 1463 1399 1499 quodam
1415 1467 1531 1499 tempore
1546 1462 1707 1490 iucundior?
1724 1464 1787 1498 quis
1803 1468 1859 1489 tur-

1067 1500 1188 1535 pioribus
1208 1499 1392 1527 coniunctior?
1411 1500 1477 1533 Quis
1496 1501 1564 1527 civis
1585 1500 1725 1527 meliorum
1742 1501 1858 1536 partium

1066 1537 1227 1573 aliquando?
1245 1538 1307 1573 quis
1323 1538 1428 1564 taetrior
1444 1538 1527 1565 hostis
1542 1538 1606 1564 huic
1616 1536 1735 1564 civitati?
1753 1537 1820 1570 Quis
1831 1538 1858 1564 in

1067 1574 1436 1610 voluptatibusinquinatior?
1454 1576 1516 1610 quis
1528 1573 1860 1610 inlaboribuspatientior?

1065 1613 1128 1647 quis
1144 1613 1171 1639 in
1182 1612 1322 1647 rapacitate
1333 1611 1453 1639 avarior?
1471 1613 1534 1648 quis
1544 1613 1572 1639 in
1584 1612 1723 1648 largitione
1733 1611 1859 1638 effusior?

1065 1649 1112 1676 llla
1133 1657 1208 1681 vero,
1230 1649 1346 1680 iudices,
1364 1650 1392 1676 in
1408 1649 1454 1676 illo
1468 1650 1576 1676 homine
1591 1649 1723 1676 mirabilia
1739 1649 1856 1680 fuerunt.

1065 1686 1288 1721 comprehendere
1304 1686 1402 1713 multos
1418 1687 1544 1717 amicitia,
1562 1687 1630 1713 tueri
1641 1686 1782 1721 obsequio.
1795 1695 1857 1713 cum

1065 1723 1190 1750 omnibus
1205 1723 1414 1754 communicare.
1427 1723 1499 1758 quod
1511 1723 1632 1753 babebat.
1645 1725 1745 1750 servire
1757 1728 1858 1759 tempo-

1065 1760 1140 1787 ribus
1150 1769 1261 1787 suorum
1271 1761 1392 1787 omnium
1399 1761 1520 1795 pecunia,
1527 1761 1620 1796 gratia,
1630 1760 1717 1787 labore
1727 1762 1855 1795 corporis,

1065 1797 1164 1824 scelere
1174 1798 1263 1828 etiam,
1277 1798 1299 1824 si
1310 1806 1378 1832 opus
1390 1802 1468 1829 esset,
1481 1802 1507 1824 et
1517 1797 1640 1830 audacia;
1663 1806 1767 1824 versare
1779 1807 1855 1824 suam

1066 1839 1187 1861 naturam
1207 1839 1233 1861 et
1248 1843 1338 1870 regere
1353 1834 1386 1861 ad
1402 1840 1508 1870 tempus
1524 1840 1603 1870 atque
1617 1835 1670 1862 buc
1683 1839 1709 1861 et
1724 1835 1789 1862 illuc
1804 1840 1858 1862 tor-

1064 1880 1146 1907 quere
1161 1876 1187 1898 et
1201 1871 1317 1898 flectere:
1338 1880 1399 1898 cum
1411 1873 1533 1899 tristibus
1543 1881 1649 1903 severe,
1661 1881 1723 1899 cum
1736 1873 1857 1899 remissis

1066 1909 1195 1941 iucunde,
1212 1918 1274 1936 cum
1291 1909 1403 1937 senibus
1414 1910 1538 1946 graviter,
1551 1918 1613 1936 cum
1624 1910 1763 1936 iuventute
1773 1910 1858 1936 oomi-

1066 1953 1117 1979 ter,
1135 1957 1197 1974 cum
1214 1947 1369 1974 facinorosis
1383 1948 1516 1979 audacter,
1533 1955 1595 1974 cum
1612 1946 1764 1974 libidinosis
1776 1947 1842 1974 luxu

1066 1985 1133 2012 riose
1145 1986 1245 2012 vivere.
1279 1986 1318 2011 ⁴4.
1333 1985 1387 2011 Hac
1396 1985 1442 2011 ille
1453 1989 1506 2012 tam
1517 1985 1589 2011 varia
1600 1984 1799 2019 multiplicique
1809 1993 1855 2011 na-

1065 2027 1122 2049 tura
1149 2031 1234 2058 quum
1249 2030 1341 2049 omnes
1356 2022 1483 2048 omnibus
1493 2031 1527 2049 ex
1537 2022 1613 2049 terris
1624 2021 1745 2048 homines
1757 2022 1857 2056 impro-

1065 2060 1112 2086 bos
1132 2059 1301 2094 audacesque
1320 2059 1469 2095 collegerat.
1492 2064 1549 2086 tum
1564 2059 1644 2085 etiam
1659 2058 1758 2085 multos
1775 2058 1856 2085 fortes

1065 2098 1136 2124 viros
1151 2101 1177 2124 et
1190 2097 1274 2123 bonos
1289 2097 1378 2131 specie
1391 2096 1507 2131 quadam
1519 2097 1625 2123 virtutis
1636 2095 1807 2122 assimulatae
1817 2101 1856 2122 t&

1065 2135 1152 2161 nebat.
1193 2135 1286 2168 Neque
1297 2142 1426 2168 umquam
1437 2142 1471 2160 ex
1481 2133 1528 2160 illo
1537 2133 1645 2160 delendi
1656 2133 1738 2160 huius
1749 2133 1855 2168 imperii

1064 2176 1117 2198 tam
1127 2170 1323 2198 consceleratus
1333 2171 1450 2205 impetus
1461 2171 1615 2201 exstitisset,
1623 2171 1675 2197 nisi
1686 2170 1854 2197 totvitiorum

1064 2213 1134 2235 tanta
1145 2208 1298 2235 immanitas
1309 2208 1473 2243 quibusdam
1483 2207 1619 2234 facilitatis
1629 2212 1655 2234 et
1660 2207 1802 2242 patientiae
1813 2215 1855 2234 ra-

1063 2246 1170 2272 dicibus
1190 2246 1327 2272 niteretur⁴
1366 2244 1454 2277 Quare
1473 2245 1524 2271 ista
1538 2244 1666 2276 conditio.
1683 2243 1799 2276 iudices,
1812 2252 1856 2271 re-

1064 2287 1185 2317 spuatur,
1203 2291 1252 2309 nec
1267 2282 1396 2309 Catilinae
1415 2282 1602 2309 familiaritatis
1621 2282 1721 2308 crimen
1738 2281 1852 2308 haereat.

1062 2320 1112 2346 Est
1129 2321 1201 2346 enim
1217 2328 1359 2346 commune
1373 2328 1434 2346 cum
1449 2319 1556 2351 multis,
1572 2324 1673 2345 etcum
1687 2318 1853 2353 quibusdam

1062 2358 1142 2384 etiam
1153 2357 1240 2383 honis.
1262 2357 1304 2383 Me
1314 2357 1414 2391 ipsum,
1428 2365 1480 2388 me,
1492 2357 1611 2391 inquam,
1624 2355 1758 2390 quondam
1770 2364 1854 2390 paene

1062 2394 1108 2421 ille
1126 2394 1244 2429 decepit,
1266 2402 1352 2429 quum
1372 2398 1398 2420 et
1417 2394 1485 2420 civis
1505 2393 1571 2420 mihi
1591 2392 1692 2423 bonus.
1713 2397 1738 2418 et
1758 2393 1853 2427 optimi

1061 2432 1194 2467 cuiusque
1209 2431 1338 2466 cupidus,
1357 2435 1382 2457 et
1392 2430 1487 2457 firmus
1497 2431 1600 2456 amicus
1609 2438 1639 2456 ac
1651 2429 1737 2456 fidelis
1748 2429 1854 2456 videi-e-

1062 2473 1118 2495 tur:
1139 2469 1217 2495 cuius
1232 2476 1281 2503 ego
1296 2467 1410 2494 facinora
1424 2467 1511 2494 oculis
1522 2467 1606 2501 prius.
1619 2475 1700 2501 quam
1715 2466 1850 2501 opinione,

1062 2506 1186 2532 manibus
1197 2510 1268 2536 anto,
1277 2513 1358 2539 quam
1369 2505 1520 2539 suspicione
1531 2503 1708 2538 deprehendi:
1730 2503 1813 2530 huius
1824 2504 1851 2530 in

1061 2543 1166 2579 magnis
1176 2543 1289 2569 catervis
1299 2542 1444 2568 amicorum
1454 2541 1478 2567 si
1490 2540 1541 2567 fuit
1550 2541 1631 2567 etiam
1642 2540 1756 2572 Caelius,
1765 2541 1851 2576 magis

1061 2584 1114 2611 est,
1132 2584 1162 2607 ut
1175 2580 1234 2614 ipse
1249 2578 1359 2605 moleste
1373 2578 1439 2604 ferat
1452 2586 1553 2604 errasse
1567 2586 1610 2608 se,
1627 2578 1707 2604 sicuti
1717 2586 1851 2604 nonnum-

1060 2625 1142 2652 quam
1156 2618 1184 2644 in
1199 2616 1293 2643 eodem
1308 2615 1414 2642 homine
1428 2623 1471 2641 me
1485 2623 1593 2650 quoque
1610 2615 1706 2641 erroris
1720 2615 1774 2641 mei
1786 2622 1852 2650 poe·

1061 2655 1135 2684 nitet,
1147 2662 1229 2689 quam
1240 2657 1270 2679 ut
1279 2653 1359 2679 istius
1368 2652 1500 2678 amicitiae
1509 2653 1610 2679 crimen
1621 2651 1783 2679 reformidet.

1115 2691 1171 2718 vu.
1189 2692 1230 2717 ⁴5.
1242 2690 1334 2725 Itaque
1344 2698 1359 2716 a
1370 2688 1518 2717 maledictis
1529 2689 1674 2725 pudicitiae
1684 2688 1718 2716 ad
1727 2689 1851 2716 coniura-
