1941 3052
1052 399 1091 424 29.

839 473 1303 504 ORATlOPlllMA

1046 569 1097 588 DE

479 643 848 693 LEGE

962 643 1000 692 A
1076 644 1109 692 G

1191 643 1665 693 RARlA

983 761 1151 781 CONTRA

623 832 655 870 P.
697 833 1402 880 SERV1L1UMRULLUM,TR.
1443 833 1517 871 PL.

803 925 850 954 IN
886 924 1094 955 SENATU
1135 925 1337 955 ιιΑΒιΤΛ.

515 1074 779 1101 FRAGMENTA.

305 1126 327 1151 4.
343 1125 480 1157 Praedam,
497 1126 647 1156 manubias.
664 1127 818 1157 sectionem,
833 1131 917 1153 castra
928 1126 1045 1161 denique

247 1162 295 1188 Cn.
319 1163 452 1197 Pompeii,
478 1163 586 1189 sedente
610 1164 782 1198 imperatore,
805 1173 825 1190 x
848 1165 898 1191 viri
919 1164 1043 1191 vendent.

248 1200 327 1232 (Gell.
344 1200 375 1226 N.
390 1202 418 1226 A.
434 1200 511 1229 XIII,
527 1202 582 1228 Ἡ.)

303 1239 327 1263 2.
349 1238 469 1264 imberba
485 1239 632 1264 iuventute.
651 1239 764 1272 (Charis.
783 1240 804 1270 4,
821 1239 1043 1272 7t.ed.1’u1sch.)

303 1277 327 1301 3.
344 1275 456 1301 Veniet·
450 1284 476 1311 νῦ
468 1276 533 1301 itur
546 1277 597 1302 sub
613 1285 740 1310 praecone
752 1281 802 1302 tota
815 1276 953 1311 Propontis
965 1281 1045 1311 atque

247 1312 449 1346 Hellespontus:
460 1296 612 1339 Daddicetur
625 1314 776 1339 communis
791 1322 834 1340 ora
850 1314 991 1349 Lyciorum
1006 1318 1046 1340 at-

245 1358 299 1384 que
313 1349 442 1376 Cilicum:
463 1350 507 1385 My
509 1351 547 1376 sia
566 1355 592 1376 et
606 1351 721 1387 Phrygia
739 1351 802 1377 item
817 1352 963 1378 conditioni
980 1351 1046 1387 legi-

246 1395 299 1422 que
312 1387 452 1421 parebunt
470 1388 611 1421 (Aquilae.
626 1389 700 1421 4311.
716 1389 773 1414 487.
785 1391 825 1414 ecl.
833 1389 932 1415 Iluhnk.
960 1390 1046 1415 Ruhn-

245 1427 318 1450 kenio
330 1427 501 1458 sraymentum
512 1434 561 1451 non
574 1426 721 1452 Tullianum
734 1428 843 1457 1idetur,
860 1431 928 1453 recte
941 1431 1046 1453 coutra-

245 1465 343 1488 <licente
358 1462 463 1489 Orellio.
505 1463 667 1496 Quamquam
681 1472 733 1489 esse
746 1465 793 1490 hoc
806 1466 934 1490 orationis
950 1473 1006 1497 αφ·-
1022 1464 1044 1489 1.

244 1502 348 1526 normisi
370 1509 404 1526 ex
425 1508 454 1526 eo
476 1503 626 1529 coniicitur,
655 1503 719 1534 quia
737 1504 889 1534 proximum
914 1506 951 1528 est
976 1502 1047 1535 apud

245 1539 365 1571 Aquilam
379 1539 434 1564 loco
447 1540 574 1564 orationis
587 1541 711 1572 agrariae
725 1539 760 1570 ΙΙ,
777 1536 833 1572 34.)

524 1633 621 1660 Desunt
632 1635 771 1667 permulta.

301 1679 322 1704 1.
339 1679 363 1704 4.
385 1673 464 1710 Quae
479 1688 520 1705 res
535 1684 624 1714 aperte
639 1679 791 1714 petebatur,
812 1687 841 1705 ea
858 1687 930 1705 nunc
943 1678 1046 1706 occulte

243 1715 379 1742 cuniculis
402 1722 583 1752 oppugnatur.
624 1717 717 1743 Dicent
737 1717 808 1743 enim
833 1716 993 1747 decemviri,
1018 1716 1045 1743 id

244 1753 318 1788 quod
337 1758 362 1779 et
379 1753 479 1780 dicitur
497 1763 510 1780 a
530 1754 636 1785 multis,
657 1759 683 1780 et
702 1763 781 1789 saepe
794 1753 896 1780 dictum
912 1758 965 1786 est;
986 1759 1046 1789 post

244 1790 352 1817 eosdem
364 1791 498 1822 consules,
515 1792 586 1827 regis
597 1791 743 1818 Alexandri
759 1796 917 1818 testamento
932 1800 1044 1827 regnum

245 1828 313 1854 illud
328 1828 421 1863 populi
436 1829 547 1855 Romani
562 1838 620 1855 esse
634 1829 744 1855 sactum.
774 1829 876 1855 Dabitis
891 1829 974 1864 igitur
984 1829 1046 1855 Ale-

245 1865 383 1892 xandriam
398 1866 466 1892 clam
479 1867 632 1901 petentibus
643 1867 685 1898 iis,
701 1867 803 1902 quibus
815 1867 984 1901 apertissime
994 1875 1046 1901 pu-

244 1903 389 1939 gnantibus
414 1903 568 1931 restitistis?
593 1905 674 1935 Haec,
704 1912 752 1939 per
777 1904 841 1931 deos
864 1903 1042 1930 immortales!

244 1945 336 1967 utrum
351 1949 409 1967 esse
424 1941 500 1968 vobis
514 1941 625 1968 consilia
639 1942 781 1972 siccorum,
798 1951 831 1968 an
846 1941 1043 1968 vinolentorum

244 1978 362 2009 somnia,
383 1983 408 2005 et
423 1983 513 2005 utrum
528 1979 641 2015 cogitata
661 1980 827 2014 sapientum,
848 1988 880 2005 an
899 1984 986 2014 optata
1001 1979 1045 2006 su-

244 2016 375 2042 riosorum
393 2016 538 2043 videntur?
569 2019 594 2044 2.
614 2017 708 2043 Videte
726 2026 797 2043 nunc
811 2017 933 2052 proximo
947 2017 1041 2051 capite,

243 2057 273 2080 ut
286 2054 411 2088 impurus
425 2054 517 2081 helluo
531 2055 619 2081 turbet
633 2054 843 2089 rempublicam,
865 2059 894 2080 ut
907 2063 921 2080 a
937 2055 1045 2080 maiori-

244 2091 295 2117 bus
315 2091 412 2117 nostris
431 2093 616 2126 possessiones
635 2091 740 2118 relictas
758 2092 896 2127 disperdat
914 2096 939 2118 et
961 2091 1044 2118 dissi-

244 2133 300 2163 pet:
322 2133 351 2155 ut
369 2129 405 2155 sit
423 2138 475 2156 non
494 2130 585 2156 minus
603 2130 631 2157 in
651 2129 745 2165 populi
759 2130 870 2156 Romani
885 2129 1045 2164 patrimonio

244 2174 335 2201 nepos,
351 2174 434 2201 quam
446 2167 474 2193 in
489 2176 548 2194 suo.
588 2167 735 2194 Proscribit
748 2167 776 2194 in
790 2175 839 2193 sua
855 2166 913 2203 lege
927 2167 1044 2202 vectiga—

244 2203 292 2235 lia,
312 2212 381 2238 quae
394 2204 541 2231 decemviri
555 2204 685 2236 vendant,
707 2205 756 2232 hoc
769 2209 823 2236 est,
840 2204 983 2240 proscribit
997 2213 1045 2230 au—

242 2241 357 2267 ctionem
372 2241 543 2284 publicorum
558 2243 699 2269 bonorum.
740 2243 826 2278 Agros
841 2242 894 2268 emi
908 2241 979 2273 vult,
996 2241 1043 2276 qui

242 2277 412 2305 dividantur:
433 2280 538 2315 quaerit
553 2280 705 2315 pecuniam.
739 2279 870 2307 Videlicet
883 2279 1045 2315 excogitabit

242 2315 345 2351 aliquid
364 2320 444 2351 atque
466 2317 565 2344 afferet
606 2318 674 2344 Nam
698 2317 885 2352 superioribus
908 2316 1044 2359 capitibus

242 2353 358 2388 dignitas
373 2354 466 2389 populi
477 2355 589 2382 Romani
604 2355 768 2382 violabatur:
784 2363 881 2381 nomen
895 2354 1002 2389 imperii
1016 2355 1044 2380 in

241 2399 385 2418 commune
398 2391 490 2419 odium
504 2393 577 2419 orbis
591 2397 675 2419 terrae
688 2392 846 2419 vocabatur:
870 2392 951 2418 urbes
966 2400 1044 2426 paca-

243 2433 292 2459 tae,
308 2429 366 2464 agri
376 2429 518 2461 sociorum,
532 2439 626 2466 regum
638 2434 724 2456 status
735 2429 895 2456 decemviris
907 2429 1044 2455 donaban-

242 2469 298 2492 tur:
324 2475 397 2493 nunc
411 2475 551 2501 praesens,
567 2472 650 2498 certa,
668 2467 781 2502 pecunia
795 2471 944 2496 numerata.
959 2475 1044 2501 quae-

242 2502 319 2529 ritui·
360 2505 385 2530 3.
405 2504 547 2539 Exspecto,
563 2505 630 2540 quid
644 2505 770 2531 tribunus
785 2504 872 2539 plebis
887 2503 1003 2539 vigilans
1017 2508 1043 2530 et

241 2544 337 2566 acutus
363 2542 505 2577 excogitet.
546 2543 659 2573 Veneat
692 2542 794 2577 inquit.
828 2541 897 2567 silva
923 2541 1040 2568 Scantia.

242 2576 335 2603 Utrum
351 2578 458 2605 tandem
473 2579 541 2606 hanc
555 2579 669 2606 silvam'
663 2588 690 2606 in
700 2579 800 2605 relictis
810 2578 1039 2614 possessionibus,

241 2622 274 2640 an
289 2614 316 2640 in
330 2623 472 2643 censorum
486 2618 596 2652 pascuis
610 2615 758 2643 invenisti?
780 2616 808 2643 Si
822 2616 890 2658 quid
903 2620 952 2647 est,
969 2615 1042 2651 quod

241 2651 387 2687 indagaris
403 2653 550 2685 inveneris
566 2663 600 2681 ex
614 2654 732 2681 tenebris
746 2653 858 2684 erueris,
874 2661 1041 2688 quamquam

241 2689 367 2724 iniquum
378 2695 426 2721 est,
442 2699 571 2718 consume
581 2700 654 2722 sane,
669 2691 798 2726 quoniam
808 2690 980 2717 commodum
990 2695 1039 2721 est,

241 2727 369 2760 quoniam
387 2727 498 2762 quidem
518 2733 546 2756 tu
565 2729 693 2755 attulisti:
713 2727 810 2754 silvam
829 2737 892 2754 vero
911 2732 939 2754 tu
958 2727 1041 2753 Scan-

1097 1078 1161 1103 tiam
1176 1076 1288 1108 vendas.
1310 1077 1387 1103 nobis
1405 1076 1563 1103 consulibus
1577 1081 1656 1112 atque
1670 1077 1720 1104 hoc
1734 1076 1847 1104 senatu?
1864 1082 1892 1104 tu

1097 1114 1184 1141 ullum
1199 1114 1310 1150 vectigal
1325 1113 1457 1150 attingas?
1480 1119 1507 1140 tu
1527 1115 1626 1150 populo
1641 1115 1758 1142 Romano
1771 1115 1892 1142 subsidia

1097 1151 1174 1182 belli.
1196 1156 1223 1178 tu
1238 1157 1391 1178 ornamenta
1406 1153 1479 1187 pacis
1493 1152 1609 1186 eripias?
1628 1153 1696 1179 Tum
1712 1162 1774 1179 vero
1788 1153 1837 1179 hoc
1852 1162 1893 1179 mc

1097 1189 1248 1215 inertiorem
1263 1188 1400 1215 consulem
1416 1189 1548 1219 iudicabo.
1564 1198 1645 1224 quam
1661 1190 1721 1216 illos
1733 1190 1893 1216 fortissimos

1098 1227 1178 1258 viros=
1195 1226 1242 1261 qui
1257 1226 1328 1261 apud
1344 1227 1457 1253 maiores
1472 1232 1574 1253 nostros
1589 1227 1710 1254 fuerunt:
1727 1227 1809 1263 quod.
1825 1237 1894 1263 quae

1098 1264 1250 1300 vectigalia.
1280 1263 1334 1290 illis
1356 1263 1529 1295 consulibus,
1558 1264 1657 1299 populo
1680 1265 1797 1292 Romano
1820 1270 1893 1301 parti

1097 1307 1174 1333 sunt,
1194 1310 1223 1327 ea
1243 1310 1285 1328 me
1299 1301 1410 1328 consule
1425 1310 1457 1328 ne
1472 1302 1578 1328 retineri
1592 1301 1703 1337 quidem
1718 1303 1837 1337 potuisse
1852 1304 1894 1329 iu-

1097 1339 1268 1366 dicabuntur.
1303 1339 1334 1366 11.
1351 1340 1375 1365 4.
1391 1339 1488 1365 Vendit
1503 1339 1591 1365 ltaliae
1605 1341 1791 1374 possessiones
1804 1348 1837 1367 ex
1852 1349 1894 1367 or-

1096 1376 1159 1403 dine
1173 1385 1276 1403 omnes.
1317 1376 1386 1403 Sane
1400 1381 1440 1402 est
1458 1377 1484 1403 in
1503 1385 1534 1403 eo
1552 1376 1682 1413 diligens:
1703 1377 1804 1404 nullam
1822 1378 1893 1404 enim

1098 1415 1291 1450 praetermittit.
1325 1414 1499 1449 Persequitur
1517 1414 1544 1441 in
1558 1414 1658 1441 tabulis
1671 1415 1800 1442 censoriis
1814 1420 1894 1442 totam

1098 1452 1231 1478 Siciliam:
1253 1451 1359 1478 nullum
1374 1451 1540 1483 aedilicium,
1562 1451 1650 1479 nullos
1664 1461 1741 1488 agros
1755 1452 1893 1488 relinquit.

1097 1489 1219 1516 Audistis
1233 1490 1382 1516 auctionem
1398 1489 1490 1524 populi
1505 1490 1615 1516 Romani
1630 1490 1805 1525 proscriptam
1819 1499 1834 1517 a
1848 1491 1896 1517 tri-

1098 1528 1171 1554 buno
1185 1527 1286 1562 plebis,
1302 1528 1474 1554 constitutam
1489 1528 1516 1554 in
1531 1536 1650 1554 mensem
1665 1528 1833 1554 Ianuarium:
1857 1533 1892 1558 et.

1097 1564 1184 1595 credo.
1202 1574 1253 1591 non
1268 1564 1407 1595 dubitatis.
1423 1565 1490 1600 quin
1505 1564 1604 1592 idcirco
1619 1566 1683 1592 haec
1695 1566 1789 1592 aerarii
1800 1574 1894 1592 caussa

1098 1611 1150 1629 non
1166 1601 1335 1629 vendiderint
1348 1602 1381 1633 ii,
1401 1603 1449 1637 qui
1467 1603 1549 1628 armis
1566 1607 1592 1629 et
1611 1603 1709 1629 virtute
1723 1607 1892 1638 pepererunt.

1098 1644 1128 1667 ut
1141 1644 1219 1670 esset.
1235 1639 1309 1674 quod
1324 1648 1371 1666 nos
1387 1638 1535 1675 largitionis
1549 1648 1643 1666 caussa
1658 1641 1846 1667 venderemus.

1152 1679 1177 1704 5.
1193 1677 1285 1704 Videte
1297 1685 1377 1707 nunc.
1392 1677 1480 1712 quoad
1492 1677 1583 1704 fecerit
1595 1678 1653 1708 iter.
1669 1678 1796 1713 apertiu5‚
1813 1686 1893 1713 quam

1097 1719 1183 1741 antea.
1224 1715 1291 1741 Nam
1317 1715 1455 1749 superiore
1478 1720 1552 1750 parte
1575 1714 1644 1750 legis
1665 1715 1894 1750 quemadmodum

1097 1752 1254 1787 Pompeium
1273 1757 1475 1788 oppugnarent,
1499 1761 1513 1778 a
1533 1761 1575 1778 me
1593 1752 1702 1779 indicati
1720 1757 1797 1779 sunt:
1823 1761 1895 1779 nunc

1097 1790 1149 1816 iam
1163 1798 1192 1816 se
1207 1790 1259 1825 ipsi
1274 1789 1441 1816 indicabunt.
1472 1789 1568 1816 Iubent
1582 1791 1671 1816 venire
1685 1799 1763 1826 agros
1776 1789 1896 1817 Attalen-

1096 1828 1168 1854 sium
1183 1832 1262 1862 atque
1276 1826 1498 1863 Olympenorum.
1527 1828 1580 1854 llos
1594 1827 1694 1862 populo
1707 1828 1824 1855 Romano
1834 1827 1896 1855 Ser-

1097 1865 1165 1896 vilii,
1182 1864 1323 1891 fortissimi
1338 1865 1398 1895 viri.
1415 1865 1524 1891 victoria
1538 1865 1671 1891 adiunxit.
1703 1865 1804 1892 Deinde
1817 1873 1894 1902 agros

1095 1904 1124 1929 in
1135 1902 1288 1929 Macedonia
1302 1903 1400 1938 regios.
1415 1903 1463 1937 qui
1479 1903 1574 1937 partim
1585 1903 1615 1928 T.
1628 1902 1781 1934 Flaminini,
1798 1903 1893 1938 partim

1096 1941 1126 1966 L.
1139 1939 1235 1970 Paulli.
1252 1941 1299 1975 qui
1311 1940 1409 1966 Persen
1421 1940 1494 1971 vicit.
1510 1940 1610 1966 w'rtute
1624 1941 1692 1975 parti
1705 1944 1783 1967 sunt:
1797 1939 1895 1967 deinde

1095 1986 1191 2014 agrum
1206 1978 1338 2012 optimum
1352 1982 1378 2004 et
1392 1977 1638 2004 fructuosissimum
1652 1977 1830 2008 Corinthium,
1846 1978 1893 2013 qui

1096 2015 1125 2042 L.
1142 2015 1266 2041 Mummii
1285 2015 1400 2049 imperio
1417 2023 1447 2041 ac
1460 2014 1586 2041 felicitate
1599 2015 1633 2042 ad
1647 2014 1786 2051 vectigalia
1800 2015 1894 2050 populi

1095 2053 1207 2079 Romani
1223 2052 1365 2079 adiunctus
1379 2057 1432 2078 est:
1457 2058 1517 2087 post
1531 2057 1620 2079 autem
1635 2061 1711 2089 agros
1725 2053 1753 2079 in
1767 2052 1894 2087 Hispania

1096 2090 1169 2125 apud
1181 2089 1372 2125 Karthaginem
1382 2098 1488 2121 novam,
1500 2089 1616 2116 duorum
1627 2090 1785 2125 Scipionum
1796 2090 1894 2116 eximia

1096 2129 1194 2154 virtute
1209 2136 1363 2162 possessos:
1379 2132 1437 2153 tum
1452 2136 1515 2154 vero
1527 2128 1614 2162 ipsam
1627 2132 1744 2154 veterem
1754 2125 1894 2163 Karthagi-

1097 2174 1157 2192 nem
1173 2165 1307 2196 vendunt,
1327 2173 1409 2200 quam
1423 2165 1454 2191 P.
1468 2164 1611 2191 Africanus
1630 2165 1756 2191 nudatam
1775 2164 1851 2191 tectis
1864 2172 1895 2190 ac

1096 2203 1253 2233 moenibus,
1269 2203 1328 2228 sive
1342 2202 1375 2228 ad
1389 2202 1531 2228 notandam
1546 2202 1810 2238 Karthaginiensium
1824 2200 1895 2228 cala—

1096 2240 1216 2266 mitatem
1231 2240 1288 2266 sive
1303 2239 1336 2266 ad
1351 2239 1544 2266 testificandam
1563 2244 1680 2266 nostram
1699 2239 1838 2266 victoriam
1856 2239 1895 2265 si-

1096 2286 1128 2304 ve
1143 2277 1175 2304 ad
1189 2277 1305 2304 oblatam
1320 2277 1438 2312 aliquam
1457 2276 1628 2312 religionem,
1649 2277 1682 2303 ad
1696 2281 1832 2304 aeternam
1845 2275 1894 2303 ho—

1096 2315 1201 2341 minum
1216 2315 1371 2341 memoriam
1385 2315 1559 2341 consecravit.
1585 2316 1609 2340 6.
1625 2314 1673 2341 His
1685 2313 1842 2350 insignibus
1854 2319 1895 2340 at-

1095 2361 1148 2388 que
1167 2351 1262 2379 infulis
1281 2352 1388 2394 imperii
1407 2351 1538 2383 venditis,
1560 2351 1662 2386 quibus
1679 2357 1798 2378 ornatam
1816 2351 1894 2378 vobis

1095 2390 1210 2416 maiores
1224 2390 1307 2416 vestri
1321 2389 1515 2424 rempublicam
1536 2389 1716 2420 tradiderunt
1736 2388 1832 2415 iubent
1848 2397 1894 2415 eos

1095 2436 1172 2463 agros
1191 2428 1296 2459 venire,
1319 2435 1388 2462 quos
1406 2435 1453 2453 rex
1469 2425 1638 2453 Mithridates
1656 2427 1684 2453 in
1701 2425 1892 2462 Paphlagonia.

1094 2465 1178 2491 Ponto
1196 2463 1417 2500 Cappadociaque
1435 2463 1594 2498 possederit.
1628 2465 1699 2490 Num
1716 2463 1830 2490 obscure
1852 2463 1894 2489 vi-

1095 2502 1193 2529 dentur
1216 2510 1299 2537 prope
1322 2501 1396 2528 hasta
1415 2501 1553 2536 praeconis
1570 2501 1695 2528 insectari
1709 2500 1758 2528 Cn.
1773 2501 1893 2536 Pompeii

1093 2540 1255 2571 exercitum,
1279 2539 1328 2574 qui
1350 2539 1442 2565 venire
1465 2538 1576 2564 iubeant
1593 2547 1638 2565 eos
1656 2539 1731 2574 ipsos
1748 2546 1839 2574 agros.
1863 2537 1891 2564 in

1092 2577 1195 2612 quibus
1213 2576 1259 2603 ille
1277 2577 1356 2603 etiam
1370 2584 1443 2602 nunc
1456 2575 1559 2602 bellum
1572 2581 1647 2612 gerat
1659 2581 1739 2611 atque
1753 2574 1893 2601 versetur?

1147 2615 1190 2641 111.
1206 2615 1231 2640 7.
1251 2614 1306 2641 Hoc
1318 2622 1382 2640 vero
1394 2613 1549 2639 cuiusmodi
1562 2618 1614 2645 est.
1629 2613 1703 2649 quod
1716 2613 1776 2639 eius
1789 2612 1892 2638 auctio-

1092 2652 1144 2682 nis.
1159 2660 1242 2686 quam
1255 2651 1433 2680 constituunt.
1450 2650 1538 2677 locum
1551 2651 1606 2677 sibi
1620 2650 1727 2677 nullum
1740 2648 1892 2676 definiunt?

1092 2690 1160 2715 Nam
1175 2688 1343 2719 decemviris,
1360 2687 1462 2723 quibus
1476 2688 1504 2714 in
1519 2687 1583 2715 locis
1597 2689 1666 2723 ipsis
1677 2688 1808 2717 videatur.
1825 2695 1891 2713 ven-

1091 2726 1173 2752 dendi
1188 2730 1304 2760 potestas
1318 2725 1376 2761 lege
1389 2725 1564 2760 permittitur.
1596 2725 1758 2753 Censoribus
1772 2724 1890 2759 vectiga-
