<?xml version="1.0" encoding="UTF-8"?>
<!DOCTYPE html PUBLIC "-//W3C//DTD XHTML 1.0 Transitional//EN"
    "http://www.w3.org/TR/xhtml1/DTD/xhtml1-transitional.dtd">
<html xmlns="http://www.w3.org/1999/xhtml" xml:lang="en" lang="en">
 <head>
  <title>
</title>
<meta http-equiv="Content-Type" content="text/html;charset=utf-8" />
  <meta name='ocr-system' content='tesseract 3.04.00' />
  <meta name='ocr-capabilities' content='ocr_page ocr_carea ocr_par ocr_line ocrx_word'/>
</head>
<body>
  <div class='ocr_page' id='page_1' title='image "./operaomniaunovol00ciceuoft_0176.png"; bbox 0 0 1941 3052; ppageno 0'>
   <div class='ocr_carea' id='block_1_1' title="bbox 214 149 1004 288">
    <p class='ocr_par' dir='ltr' id='par_1_1' title="bbox 214 149 1004 288">
     <span class='ocr_line' id='line_1_1' title="bbox 216 149 894 174; baseline 0.001 -2"><span class='ocrx_word' id='word_1_1' title='bbox 216 149 262 173; x_wconf 67' lang='lat'><strong>0532</strong></span> <span class='ocrx_word' id='word_1_2' title='bbox 787 150 824 174; x_wconf 68' lang='grc'><strong>40,</strong></span> <span class='ocrx_word' id='word_1_3' title='bbox 861 149 894 174; x_wconf 82' lang='grc' dir='ltr'><strong>Μ.</strong></span> 
     </span>
     <span class='ocr_line' id='line_1_2' title="bbox 270 217 1004 250; baseline 0.001 -7"><span class='ocrx_word' id='word_1_4' title='bbox 270 217 348 243; x_wconf 70' lang='lat' dir='ltr'><strong>tht.</strong></span> <span class='ocrx_word' id='word_1_5' title='bbox 364 219 422 244; x_wconf 63' lang='lat'><strong>2²0.</strong></span> <span class='ocrx_word' id='word_1_6' title='bbox 439 218 465 243; x_wconf 87' lang='lat' dir='ltr'><strong>In</strong></span> <span class='ocrx_word' id='word_1_7' title='bbox 481 217 573 244; x_wconf 84' lang='lat' dir='ltr'><strong>eodem</strong></span> <span class='ocrx_word' id='word_1_8' title='bbox 588 218 668 250; x_wconf 59' lang='lat' dir='ltr'><strong>igitur</strong></span> <span class='ocrx_word' id='word_1_9' title='bbox 683 226 793 243; x_wconf 82' lang='lat' dir='ltr'><strong>nurnero</strong></span> <span class='ocrx_word' id='word_1_10' title='bbox 803 218 923 243; x_wconf 67' lang='lat' dir='ltr'><strong>eiusdem</strong></span> <span class='ocrx_word' id='word_1_11' title='bbox 934 222 1004 244; x_wconf 75' lang='lat' dir='ltr'><strong>aetn-</strong></span> 
     </span>
     <span class='ocr_line' id='line_1_3' title="bbox 214 254 1003 288; baseline 0.001 -8"><span class='ocrx_word' id='word_1_12' title='bbox 214 260 247 280; x_wconf 81' lang='lat' dir='ltr'><strong>tu·</strong></span> <span class='ocrx_word' id='word_1_13' title='bbox 261 254 290 280; x_wconf 83' lang='lat' dir='ltr'><strong>C.</strong></span> <span class='ocrx_word' id='word_1_14' title='bbox 306 254 390 280; x_wconf 78' lang='lat' dir='ltr'><strong>Carbo</strong></span> <span class='ocrx_word' id='word_1_15' title='bbox 403 254 460 283; x_wconf 79' lang='lat' dir='ltr'><strong>fuit.</strong></span> <span class='ocrx_word' id='word_1_16' title='bbox 475 254 547 280; x_wconf 70' lang='lat' dir='ltr'><strong>illius</strong></span> <span class='ocrx_word' id='word_1_17' title='bbox 561 254 772 288; x_wconf 61' lang='lat' dir='ltr'><strong>eloquentissimi</strong></span> <span class='ocrx_word' id='word_1_18' title='bbox 789 255 837 280; x_wconf 90' lang='lat' dir='ltr'><strong>viri</strong></span> <span class='ocrx_word' id='word_1_19' title='bbox 854 254 938 284; x_wconf 77' lang='lat' dir='ltr'><strong>lilius.</strong></span> <span class='ocrx_word' id='word_1_20' title='bbox 953 262 1003 281; x_wconf 90' lang='lat' dir='ltr'><strong>non</strong></span> 
     </span>
    </p>
   </div>
   <div class='ocr_carea' id='block_1_2' title="bbox 214 291 1002 320">
    <p class='ocr_par' dir='ltr' id='par_1_2' title="bbox 214 291 1002 320">
     <span class='ocr_line' id='line_1_4' title="bbox 214 291 1002 320; baseline 0.003 -5"><span class='ocrx_word' id='word_1_21' title='bbox 214 292 277 317; x_wconf 61' lang='lat' dir='ltr'><strong>satin</strong></span> <span class='ocrx_word' id='word_1_22' title='bbox 296 296 389 317; x_wconf 68' lang='lat' dir='ltr'><strong>ncutun</strong></span> <span class='ocrx_word' id='word_1_23' title='bbox 403 296 501 320; x_wconf 65' lang='lat' dir='ltr'><strong>orator,</strong></span> <span class='ocrx_word' id='word_1_24' title='bbox 523 291 569 317; x_wconf 68' lang='lat' dir='ltr'><strong>ned</strong></span> <span class='ocrx_word' id='word_1_25' title='bbox 585 296 670 316; x_wconf 82' lang='lat' dir='ltr'><strong>tamen</strong></span> <span class='ocrx_word' id='word_1_26' title='bbox 685 296 771 316; x_wconf 85' lang='lat' dir='ltr'><strong>orator</strong></span> <span class='ocrx_word' id='word_1_27' title='bbox 785 296 940 317; x_wconf 75' lang='lat' dir='ltr'><strong>numeratus</strong></span> <span class='ocrx_word' id='word_1_28' title='bbox 953 296 1002 318; x_wconf 72' lang='lat' dir='ltr'><strong>eat.</strong></span> 
     </span>
    </p>
   </div>
   <div class='ocr_carea' id='block_1_3' title="bbox 215 327 1027 362">
    <p class='ocr_par' dir='ltr' id='par_1_3' title="bbox 215 327 1027 362">
     <span class='ocr_line' id='line_1_5' title="bbox 215 327 1027 362; baseline 0.001 -8"><span class='ocrx_word' id='word_1_29' title='bbox 215 329 275 354; x_wconf 71' lang='lat' dir='ltr'><strong>Erat</strong></span> <span class='ocrx_word' id='word_1_30' title='bbox 289 329 314 354; x_wconf 90' lang='lat' dir='ltr'><strong>in</strong></span> <span class='ocrx_word' id='word_1_31' title='bbox 328 329 414 354; x_wconf 66' lang='lat' dir='ltr'><strong>verbis</strong></span> <span class='ocrx_word' id='word_1_32' title='bbox 424 329 539 362; x_wconf 60' lang='lat' dir='ltr'><strong>gravitas</strong></span> <span class='ocrx_word' id='word_1_33' title='bbox 550 333 574 353; x_wconf 86' lang='lat' dir='ltr'><strong>et</strong></span> <span class='ocrx_word' id='word_1_34' title='bbox 587 328 662 353; x_wconf 71' lang='lat' dir='ltr'><strong>sac-ilo</strong></span> <span class='ocrx_word' id='word_1_35' title='bbox 673 327 776 353; x_wconf 78' lang='lat' dir='ltr'><strong>dicebat</strong></span> <span class='ocrx_word' id='word_1_36' title='bbox 787 333 812 354; x_wconf 84' lang='lat' dir='ltr'><strong>et</strong></span> <span class='ocrx_word' id='word_1_37' title='bbox 823 329 1004 355; x_wconf 75' lang='lat' dir='ltr'><strong>auctoritatem</strong></span> <span class='ocrx_word' id='word_1_38' title='bbox 1026 334 1027 348; x_wconf 50' lang='grc' dir='ltr'><strong>ἴ</strong></span> 
     </span>
    </p>
   </div>
   <div class='ocr_carea' id='block_1_4' title="bbox 216 365 1002 437">
    <p class='ocr_par' dir='ltr' id='par_1_4' title="bbox 216 365 1002 437">
     <span class='ocr_line' id='line_1_6' title="bbox 216 365 1002 399; baseline 0.001 -9"><span class='ocrx_word' id='word_1_39' title='bbox 216 365 360 391; x_wconf 75' lang='lat' dir='ltr'><strong>naturalem</strong></span> <span class='ocrx_word' id='word_1_40' title='bbox 389 365 531 399; x_wconf 78' lang='lat' dir='ltr'><strong>qummlam</strong></span> <span class='ocrx_word' id='word_1_41' title='bbox 564 365 676 390; x_wconf 73' lang='lat' dir='ltr'><strong>natu-bat</strong></span> <span class='ocrx_word' id='word_1_42' title='bbox 706 365 797 390; x_wconf 84' lang='lat' dir='ltr'><strong>oratio.</strong></span> <span class='ocrx_word' id='word_1_43' title='bbox 839 365 946 391; x_wconf 77' lang='lat' dir='ltr'>Acutior</span> <span class='ocrx_word' id='word_1_44' title='bbox 970 365 1002 398; x_wconf 89' lang='lat' dir='ltr'><strong>Q.</strong></span> 
     </span>
     <span class='ocr_line' id='line_1_7' title="bbox 216 401 1002 437; baseline 0.001 -10"><span class='ocrx_word' id='word_1_45' title='bbox 216 403 308 428; x_wconf 60' lang='lat' dir='ltr'><strong>varius</strong></span> <span class='ocrx_word' id='word_1_46' title='bbox 321 403 399 428; x_wconf 73' lang='lat' dir='ltr'><strong>rebus</strong></span> <span class='ocrx_word' id='word_1_47' title='bbox 411 401 576 428; x_wconf 74' lang='lat' dir='ltr'><strong>inveniendis</strong></span> <span class='ocrx_word' id='word_1_48' title='bbox 589 411 635 427; x_wconf 73' lang='lat' dir='ltr'><strong>nec</strong></span> <span class='ocrx_word' id='word_1_49' title='bbox 647 402 736 427; x_wconf 75' lang='lat' dir='ltr'><strong>minus</strong></span> <span class='ocrx_word' id='word_1_50' title='bbox 749 402 836 428; x_wconf 82' lang='lat' dir='ltr'><strong>verbis</strong></span> <span class='ocrx_word' id='word_1_51' title='bbox 847 402 1002 437; x_wconf 49' lang='lat' dir='ltr'><strong>expeditum</strong></span> 
     </span>
    </p>
   </div>
   <div class='ocr_carea' id='block_1_5' title="bbox 215 438 1027 474">
    <p class='ocr_par' dir='ltr' id='par_1_5' title="bbox 215 438 1027 474">
     <span class='ocr_line' id='line_1_8' title="bbox 215 438 1027 474; baseline 0.002 -10"><span class='ocrx_word' id='word_1_52' title='bbox 215 439 289 465; x_wconf 65' lang='lat' dir='ltr'><strong>sortis</strong></span> <span class='ocrx_word' id='word_1_53' title='bbox 309 448 369 464; x_wconf 78' lang='lat' dir='ltr'><strong>vcro</strong></span> <span class='ocrx_word' id='word_1_54' title='bbox 383 444 454 464; x_wconf 76' lang='lat' dir='ltr'><strong>actor</strong></span> <span class='ocrx_word' id='word_1_55' title='bbox 467 443 492 464; x_wconf 83' lang='lat' dir='ltr'><strong>et</strong></span> <span class='ocrx_word' id='word_1_56' title='bbox 507 438 649 464; x_wconf 79' lang='lat' dir='ltr'><strong>vehemens</strong></span> <span class='ocrx_word' id='word_1_57' title='bbox 663 443 688 464; x_wconf 88' lang='lat' dir='ltr'><strong>ct</strong></span> <span class='ocrx_word' id='word_1_58' title='bbox 704 439 792 464; x_wconf 82' lang='lat' dir='ltr'><strong>verbis</strong></span> <span class='ocrx_word' id='word_1_59' title='bbox 807 447 854 465; x_wconf 88' lang='lat' dir='ltr'><strong>ncc</strong></span> <span class='ocrx_word' id='word_1_60' title='bbox 868 440 945 474; x_wconf 78' lang='lat' dir='ltr'><strong>inops</strong></span> <span class='ocrx_word' id='word_1_61' title='bbox 957 448 1004 466; x_wconf 83' lang='lat' dir='ltr'><strong>nec</strong></span> <span class='ocrx_word' id='word_1_62' title='bbox 1026 453 1027 462; x_wconf 45' lang='grc' dir='ltr'>π</span> 
     </span>
    </p>
   </div>
   <div class='ocr_carea' id='block_1_6' title="bbox 213 475 1004 732">
    <p class='ocr_par' dir='ltr' id='par_1_6' title="bbox 213 475 1004 732">
     <span class='ocr_line' id='line_1_9' title="bbox 215 475 1002 510; baseline 0.003 -9"><span class='ocrx_word' id='word_1_63' title='bbox 215 477 332 502; x_wconf 66' lang='lat' dir='ltr'><strong>abiectus</strong></span> <span class='ocrx_word' id='word_1_64' title='bbox 351 480 375 501; x_wconf 77' lang='lat' dir='ltr'><strong>et</strong></span> <span class='ocrx_word' id='word_1_65' title='bbox 389 485 469 510; x_wconf 80' lang='lat' dir='ltr'><strong>quem</strong></span> <span class='ocrx_word' id='word_1_66' title='bbox 486 475 562 509; x_wconf 82' lang='lat' dir='ltr'><strong>plane</strong></span> <span class='ocrx_word' id='word_1_67' title='bbox 576 480 703 501; x_wconf 83' lang='lat' dir='ltr'><strong>oratorem</strong></span> <span class='ocrx_word' id='word_1_68' title='bbox 718 476 805 502; x_wconf 82' lang='lat' dir='ltr'><strong>(licere</strong></span> <span class='ocrx_word' id='word_1_69' title='bbox 819 476 940 507; x_wconf 77' lang='lat' dir='ltr'><strong>auderes,</strong></span> <span class='ocrx_word' id='word_1_70' title='bbox 954 477 1002 503; x_wconf 90' lang='lat' dir='ltr'><strong>Cn.</strong></span> 
     </span>
     <span class='ocr_line' id='line_1_10' title="bbox 216 513 1001 547; baseline 0.001 -8"><span class='ocrx_word' id='word_1_71' title='bbox 216 513 374 547; x_wconf 71' lang='lat' dir='ltr'><strong>Pomponius</strong></span> <span class='ocrx_word' id='word_1_72' title='bbox 391 513 517 538; x_wconf 76' lang='lat' dir='ltr'><strong>lateribus</strong></span> <span class='ocrx_word' id='word_1_73' title='bbox 532 521 663 547; x_wconf 67' lang='lat' dir='ltr'><strong>pugnans,</strong></span> <span class='ocrx_word' id='word_1_74' title='bbox 681 513 792 539; x_wconf 77' lang='lat' dir='ltr'><strong>incitans</strong></span> <span class='ocrx_word' id='word_1_75' title='bbox 807 514 918 544; x_wconf 75' lang='lat' dir='ltr'><strong>animos,</strong></span> <span class='ocrx_word' id='word_1_76' title='bbox 935 522 1001 545; x_wconf 76' lang='lat' dir='ltr'><strong>acer,</strong></span> 
     </span>
     <span class='ocr_line' id='line_1_11' title="bbox 214 550 1002 579; baseline 0.003 -4"><span class='ocrx_word' id='word_1_77' title='bbox 214 551 337 579; x_wconf 69' lang='lat' dir='ltr'><strong>acerbus,</strong></span> <span class='ocrx_word' id='word_1_78' title='bbox 358 550 525 575; x_wconf 69' lang='lat' dir='ltr'><strong>criminosus,</strong></span> <span class='ocrx_word' id='word_1_79' title='bbox 559 551 617 576; x_wconf 70' lang='lat'><strong>222.</strong></span> <span class='ocrx_word' id='word_1_80' title='bbox 639 550 752 576; x_wconf 85' lang='lat' dir='ltr'><strong>Multum</strong></span> <span class='ocrx_word' id='word_1_81' title='bbox 767 550 799 576; x_wconf 83' lang='lat' dir='ltr'><strong>ab</strong></span> <span class='ocrx_word' id='word_1_82' title='bbox 815 551 856 576; x_wconf 76' lang='lat' dir='ltr'><strong>his</strong></span> <span class='ocrx_word' id='word_1_83' title='bbox 870 551 959 577; x_wconf 85' lang='lat' dir='ltr'><strong>aberat</strong></span> <span class='ocrx_word' id='word_1_84' title='bbox 973 551 1002 577; x_wconf 94' lang='lat' dir='ltr'><strong>L.</strong></span> 
     </span>
     <span class='ocr_line' id='line_1_12' title="bbox 216 587 1004 623; baseline 0.003 -11"><span class='ocrx_word' id='word_1_85' title='bbox 216 588 319 616; x_wconf 73' lang='lat' dir='ltr'><strong>Fulius,</strong></span> <span class='ocrx_word' id='word_1_86' title='bbox 340 591 426 612; x_wconf 85' lang='lat' dir='ltr'><strong>tamen</strong></span> <span class='ocrx_word' id='word_1_87' title='bbox 441 595 473 613; x_wconf 78' lang='lat' dir='ltr'><strong>ex</strong></span> <span class='ocrx_word' id='word_1_88' title='bbox 487 587 653 613; x_wconf 70' lang='lat' dir='ltr'><strong>accusatione</strong></span> <span class='ocrx_word' id='word_1_89' title='bbox 674 588 705 613; x_wconf 88' lang='grc' dir='ltr'><strong>Μ’</strong></span> <span class='ocrx_word' id='word_1_90' title='bbox 725 588 835 622; x_wconf 73' lang='lat' dir='ltr'><strong>Aquillii</strong></span> <span class='ocrx_word' id='word_1_91' title='bbox 850 588 1004 623; x_wconf 70' lang='lat' dir='ltr'><strong>diligentiae</strong></span> 
     </span>
     <span class='ocr_line' id='line_1_13' title="bbox 216 625 1003 659; baseline 0.003 -10"><span class='ocrx_word' id='word_1_92' title='bbox 216 625 330 650; x_wconf 75' lang='lat' dir='ltr'><strong>fructum</strong></span> <span class='ocrx_word' id='word_1_93' title='bbox 348 628 462 658; x_wconf 77' lang='lat' dir='ltr'><strong>ceperat.</strong></span> <span class='ocrx_word' id='word_1_94' title='bbox 503 625 568 650; x_wconf 87' lang='lat' dir='ltr'><strong>Nam</strong></span> <span class='ocrx_word' id='word_1_95' title='bbox 589 625 622 650; x_wconf 80' lang='lat' dir='ltr'><strong>M.</strong></span> <span class='ocrx_word' id='word_1_96' title='bbox 640 625 767 655; x_wconf 77' lang='lat' dir='ltr'>Drusum,</span> <span class='ocrx_word' id='word_1_97' title='bbox 785 630 861 651; x_wconf 88' lang='lat' dir='ltr'><strong>tuum</strong></span> <span class='ocrx_word' id='word_1_98' title='bbox 877 634 1003 659; x_wconf 68' lang='lat' dir='ltr'><strong>magnum</strong></span> 
     </span>
     <span class='ocr_line' id='line_1_14' title="bbox 213 660 1004 697; baseline 0.003 -11"><span class='ocrx_word' id='word_1_99' title='bbox 213 660 386 691; x_wconf 78' lang='lat' dir='ltr'><strong>avunculum,</strong></span> <span class='ocrx_word' id='word_1_100' title='bbox 403 670 510 695; x_wconf 66' lang='lat' dir='ltr'><strong>gravem</strong></span> <span class='ocrx_word' id='word_1_101' title='bbox 525 666 662 691; x_wconf 80' lang='lat' dir='ltr'><strong>oratorem.</strong></span> <span class='ocrx_word' id='word_1_102' title='bbox 679 662 712 688; x_wconf 87' lang='lat' dir='ltr'><strong>ita</strong></span> <span class='ocrx_word' id='word_1_103' title='bbox 727 662 865 688; x_wconf 84' lang='lat' dir='ltr'><strong>dumtaxat</strong></span> <span class='ocrx_word' id='word_1_104' title='bbox 875 671 958 697; x_wconf 85' lang='lat' dir='ltr'><strong>quum</strong></span> <span class='ocrx_word' id='word_1_105' title='bbox 971 663 1004 689; x_wconf 84' lang='lat' dir='ltr'><strong>‹le</strong></span> 
     </span>
     <span class='ocr_line' id='line_1_15' title="bbox 214 698 1001 732; baseline 0.004 -9"><span class='ocrx_word' id='word_1_106' title='bbox 214 698 347 732; x_wconf 67' lang='lat' dir='ltr'><strong>republica</strong></span> <span class='ocrx_word' id='word_1_107' title='bbox 362 698 473 731; x_wconf 63' lang='grc' dir='ltr'><strong>(Περι-οἱς</strong></span> <span class='ocrx_word' id='word_1_108' title='bbox 497 699 526 725; x_wconf 89' lang='lat' dir='ltr'><strong>L.</strong></span> <span class='ocrx_word' id='word_1_109' title='bbox 542 704 629 725; x_wconf 85' lang='lat' dir='ltr'><strong>autem</strong></span> <span class='ocrx_word' id='word_1_110' title='bbox 643 699 783 725; x_wconf 74' lang='lat' dir='ltr'>Lucullum</span> <span class='ocrx_word' id='word_1_111' title='bbox 795 701 872 726; x_wconf 84' lang='lat' dir='ltr'><strong>etiam</strong></span> <span class='ocrx_word' id='word_1_112' title='bbox 884 705 1001 731; x_wconf 79' lang='lat' dir='ltr'><strong>acutum.</strong></span> 
     </span>
    </p>
   </div>
   <div class='ocr_carea' id='block_1_7' title="bbox 214 736 1033 772">
    <p class='ocr_par' dir='ltr' id='par_1_7' title="bbox 214 736 1033 772">
     <span class='ocr_line' id='line_1_16' title="bbox 214 736 1033 772; baseline 0.004 -12"><span class='ocrx_word' id='word_1_113' title='bbox 214 740 368 770; x_wconf 83' lang='lat' dir='ltr'><strong>patremque</strong></span> <span class='ocrx_word' id='word_1_114' title='bbox 388 740 476 766; x_wconf 85' lang='lat' dir='ltr'><strong>tuum,</strong></span> <span class='ocrx_word' id='word_1_115' title='bbox 497 736 588 766; x_wconf 73' lang='lat' dir='ltr'><strong>Brute.</strong></span> <span class='ocrx_word' id='word_1_116' title='bbox 610 737 675 762; x_wconf 86' lang='lat' dir='ltr'><strong>iuris</strong></span> <span class='ocrx_word' id='word_1_117' title='bbox 695 745 803 772; x_wconf 80' lang='lat' dir='ltr'><strong>quoque</strong></span> <span class='ocrx_word' id='word_1_118' title='bbox 821 741 847 763; x_wconf 88' lang='lat' dir='ltr'><strong>et</strong></span> <span class='ocrx_word' id='word_1_119' title='bbox 865 737 964 771; x_wconf 86' lang='lat' dir='ltr'><strong>publici</strong></span> <span class='ocrx_word' id='word_1_120' title='bbox 979 742 1005 763; x_wconf 78' lang='lat' dir='ltr'><strong>et</strong></span> <span class='ocrx_word' id='word_1_121' title='bbox 1026 763 1033 769; x_wconf 36' lang='grc' dir='ltr'>Η</span> 
     </span>
    </p>
   </div>
   <div class='ocr_carea' id='block_1_8' title="bbox 1023 218 1030 754">
    <p class='ocr_par' dir='ltr' id='par_1_8' title="bbox 1023 218 1030 754">
     <span class='ocr_line' id='line_1_17' title="bbox 1023 218 1030 754; baseline 0 0"><span class='ocrx_word' id='word_1_122' title='bbox 1023 218 1030 754; x_wconf 95' lang='lat' dir='ltr'><strong> </strong></span> 
     </span>
    </p>
   </div>
   <div class='ocr_carea' id='block_1_9' title="bbox 1030 224 1036 759">
    <p class='ocr_par' dir='ltr' id='par_1_9' title="bbox 1030 224 1036 759">
     <span class='ocr_line' id='line_1_18' title="bbox 1030 224 1036 759; baseline 0 0"><span class='ocrx_word' id='word_1_123' title='bbox 1030 224 1036 759; x_wconf 95' lang='lat' dir='ltr'><strong> </strong></span> 
     </span>
    </p>
   </div>
   <div class='ocr_carea' id='block_1_10' title="bbox 214 773 1033 808">
    <p class='ocr_par' dir='ltr' id='par_1_10' title="bbox 214 773 1033 808">
     <span class='ocr_line' id='line_1_19' title="bbox 214 773 1033 808; baseline 0.002 -10"><span class='ocrx_word' id='word_1_124' title='bbox 214 773 308 806; x_wconf 86' lang='lat' dir='ltr'><strong>privati</strong></span> <span class='ocrx_word' id='word_1_125' title='bbox 327 782 389 799; x_wconf 85' lang='lat' dir='ltr'><strong>sane</strong></span> <span class='ocrx_word' id='word_1_126' title='bbox 413 774 540 808; x_wconf 88' lang='lat' dir='ltr'><strong>peritum;</strong></span> <span class='ocrx_word' id='word_1_127' title='bbox 569 774 603 799; x_wconf 81' lang='lat' dir='ltr'><strong>M.</strong></span> <span class='ocrx_word' id='word_1_128' title='bbox 628 774 784 804; x_wconf 79' lang='lat' dir='ltr'><strong>Lucullum.</strong></span> <span class='ocrx_word' id='word_1_129' title='bbox 805 775 839 800; x_wconf 81' lang='lat' dir='ltr'><strong>M.</strong></span> <span class='ocrx_word' id='word_1_130' title='bbox 864 775 1002 801; x_wconf 85' lang='lat' dir='ltr'><strong>Octavium</strong></span> <span class='ocrx_word' id='word_1_131' title='bbox 1026 781 1033 801; x_wconf 64' lang='lat'><strong>,¹</strong></span> 
     </span>
    </p>
   </div>
   <div class='ocr_carea' id='block_1_11' title="bbox 212 810 1004 956">
    <p class='ocr_par' dir='ltr' id='par_1_11' title="bbox 212 810 1004 956">
     <span class='ocr_line' id='line_1_20' title="bbox 213 810 321 840; baseline 0.009 -6"><span class='ocrx_word' id='word_1_132' title='bbox 213 811 260 836; x_wconf 69' lang='lat' dir='ltr'><strong>(In.</strong></span> <span class='ocrx_word' id='word_1_133' title='bbox 278 810 321 840; x_wconf 68' lang='lat' dir='ltr'><strong>F..</strong></span> 
     </span>
     <span class='ocr_line' id='line_1_21' title="bbox 215 847 1004 884; baseline 0.004 -12"><span class='ocrx_word' id='word_1_134' title='bbox 215 847 298 882; x_wconf 67' lang='lat' dir='ltr'><strong>legem</strong></span> <span class='ocrx_word' id='word_1_135' title='bbox 322 847 505 882; x_wconf 86' lang='lat' dir='ltr'><strong>Semproniam</strong></span> <span class='ocrx_word' id='word_1_136' title='bbox 527 847 724 874; x_wconf 73' lang='lat' dir='ltr'><strong>frumentariam</strong></span> <span class='ocrx_word' id='word_1_137' title='bbox 746 849 836 883; x_wconf 89' lang='lat' dir='ltr'><strong>populi</strong></span> <span class='ocrx_word' id='word_1_138' title='bbox 859 848 1004 884; x_wconf 79' lang='lat' dir='ltr'><strong>frequentis</strong></span> 
     </span>
     <span class='ocr_line' id='line_1_22' title="bbox 212 884 1004 920; baseline 0.003 -10"><span class='ocrx_word' id='word_1_139' title='bbox 212 884 345 919; x_wconf 68' lang='lat' dir='ltr'><strong>suffragiis</strong></span> <span class='ocrx_word' id='word_1_140' title='bbox 364 885 543 920; x_wconf 75' lang='lat' dir='ltr'><strong>abrogaverit:</strong></span> <span class='ocrx_word' id='word_1_141' title='bbox 561 886 609 911; x_wconf 90' lang='lat' dir='ltr'><strong>Cn.</strong></span> <span class='ocrx_word' id='word_1_142' title='bbox 629 886 768 912; x_wconf 77' lang='lat' dir='ltr'><strong>Octavium</strong></span> <span class='ocrx_word' id='word_1_143' title='bbox 789 887 822 912; x_wconf 75' lang='lat' dir='ltr'><strong>M.</strong></span> <span class='ocrx_word' id='word_1_144' title='bbox 845 887 887 914; x_wconf 76' lang='lat' dir='ltr'><strong>F..</strong></span> <span class='ocrx_word' id='word_1_145' title='bbox 908 887 942 912; x_wconf 83' lang='lat' dir='ltr'><strong>M.</strong></span> <span class='ocrx_word' id='word_1_146' title='bbox 956 887 1004 912; x_wconf 84' lang='lat' dir='ltr'><strong>Ca-</strong></span> 
     </span>
     <span class='ocr_line' id='line_1_23' title="bbox 213 922 1004 956; baseline 0.003 -9"><span class='ocrx_word' id='word_1_147' title='bbox 213 926 299 948; x_wconf 89' lang='lat' dir='ltr'><strong>tonem</strong></span> <span class='ocrx_word' id='word_1_148' title='bbox 324 926 438 956; x_wconf 79' lang='lat' dir='ltr'><strong>patrem,</strong></span> <span class='ocrx_word' id='word_1_149' title='bbox 462 922 492 954; x_wconf 90' lang='lat' dir='ltr'><strong>Q.</strong></span> <span class='ocrx_word' id='word_1_150' title='bbox 509 923 586 948; x_wconf 86' lang='lat' dir='ltr'><strong>etiam</strong></span> <span class='ocrx_word' id='word_1_151' title='bbox 602 923 724 949; x_wconf 77' lang='lat' dir='ltr'><strong>Catulum</strong></span> <span class='ocrx_word' id='word_1_152' title='bbox 740 923 824 949; x_wconf 81' lang='lat' dir='ltr'><strong>lilium</strong></span> <span class='ocrx_word' id='word_1_153' title='bbox 840 924 1004 949; x_wconf 82' lang='lat' dir='ltr'><strong>abducamus</strong></span> 
     </span>
    </p>
   </div>
   <div class='ocr_carea' id='block_1_12' title="bbox 337 811 1027 850">
    <p class='ocr_par' dir='ltr' id='par_1_12' title="bbox 337 811 1027 850">
     <span class='ocr_line' id='line_1_24' title="bbox 337 811 1027 850; baseline 0.003 -14"><span class='ocrx_word' id='word_1_154' title='bbox 337 811 383 845; x_wconf 88' lang='lat' dir='ltr'><strong>qui</strong></span> <span class='ocrx_word' id='word_1_155' title='bbox 399 815 500 836; x_wconf 83' lang='lat' dir='ltr'><strong>tantum</strong></span> <span class='ocrx_word' id='word_1_156' title='bbox 515 812 667 837; x_wconf 85' lang='lat' dir='ltr'><strong>auctoritate</strong></span> <span class='ocrx_word' id='word_1_157' title='bbox 681 811 847 846; x_wconf 80' lang='lat' dir='ltr'><strong>dicendoque</strong></span> <span class='ocrx_word' id='word_1_158' title='bbox 863 812 958 842; x_wconf 77' lang='lat' dir='ltr'><strong>valuit,</strong></span> <span class='ocrx_word' id='word_1_159' title='bbox 975 817 1004 838; x_wconf 89' lang='lat' dir='ltr'><strong>ut</strong></span> <span class='ocrx_word' id='word_1_160' title='bbox 1026 846 1027 850; x_wconf 15' lang='grc' dir='ltr'><strong>Ἰ</strong></span> 
     </span>
    </p>
   </div>
   <div class='ocr_carea' id='block_1_13' title="bbox 930 147 1270 175">
    <p class='ocr_par' dir='ltr' id='par_1_13' title="bbox 930 147 1270 175">
     <span class='ocr_line' id='line_1_25' title="bbox 930 147 1270 175; baseline -0.003 -1"><span class='ocrx_word' id='word_1_161' title='bbox 930 149 959 174; x_wconf 86' lang='grc' dir='ltr'><strong>Τ,</strong></span> <span class='ocrx_word' id='word_1_162' title='bbox 995 147 1270 175; x_wconf 76' lang='lat' dir='ltr'><strong>CICERONIS</strong></span> 
     </span>
    </p>
   </div>
   <div class='ocr_carea' id='block_1_14' title="bbox 1056 217 1846 660">
    <p class='ocr_par' dir='ltr' id='par_1_14' title="bbox 1056 217 1845 513">
     <span class='ocr_line' id='line_1_26' title="bbox 1056 217 1844 254; baseline 0.004 -10"><span class='ocrx_word' id='word_1_163' title='bbox 1056 223 1111 244; x_wconf 89' lang='lat' dir='ltr'><strong>tum</strong></span> <span class='ocrx_word' id='word_1_164' title='bbox 1131 218 1209 244; x_wconf 72' lang='lat' dir='ltr'><strong>etiam</strong></span> <span class='ocrx_word' id='word_1_165' title='bbox 1229 217 1336 252; x_wconf 71' lang='lat' dir='ltr'><strong>ineptiis</strong></span> <span class='ocrx_word' id='word_1_166' title='bbox 1350 217 1524 245; x_wconf 68' lang='lat' dir='ltr'><strong>claudicabat.</strong></span> <span class='ocrx_word' id='word_1_167' title='bbox 1558 218 1605 245; x_wconf 75' lang='lat' dir='ltr'><strong>uic</strong></span> <span class='ocrx_word' id='word_1_168' title='bbox 1619 220 1783 254; x_wconf 70' lang='lat' dir='ltr'><strong>temporibus</strong></span> <span class='ocrx_word' id='word_1_169' title='bbox 1798 219 1844 247; x_wconf 84' lang='lat' dir='ltr'><strong>no-</strong></span> 
     </span>
     <span class='ocr_line' id='line_1_27' title="bbox 1056 254 1842 292; baseline 0.005 -12"><span class='ocrx_word' id='word_1_170' title='bbox 1056 255 1108 281; x_wconf 86' lang='lat' dir='ltr'><strong>ruit</strong></span> <span class='ocrx_word' id='word_1_171' title='bbox 1131 255 1171 284; x_wconf 70' lang='lat' dir='ltr'><strong>iis.</strong></span> <span class='ocrx_word' id='word_1_172' title='bbox 1196 254 1298 289; x_wconf 76' lang='lat' dir='ltr'><strong>quibus</strong></span> <span class='ocrx_word' id='word_1_173' title='bbox 1322 255 1389 280; x_wconf 85' lang='lat' dir='ltr'><strong>inter</strong></span> <span class='ocrx_word' id='word_1_174' title='bbox 1412 254 1598 288; x_wconf 73' lang='lat' dir='ltr'><strong>profectionem</strong></span> <span class='ocrx_word' id='word_1_175' title='bbox 1621 256 1789 292; x_wconf 73' lang='lat' dir='ltr'><strong>reditumque</strong></span> <span class='ocrx_word' id='word_1_176' title='bbox 1813 258 1842 284; x_wconf 90' lang='lat' dir='ltr'><strong>L.</strong></span> 
     </span>
     <span class='ocr_line' id='line_1_28' title="bbox 1056 290 1841 328; baseline 0.005 -12"><span class='ocrx_word' id='word_1_177' title='bbox 1056 291 1146 317; x_wconf 79' lang='lat' dir='ltr'><strong>Sullae</strong></span> <span class='ocrx_word' id='word_1_178' title='bbox 1159 292 1217 317; x_wconf 73' lang='lat' dir='ltr'><strong>eine</strong></span> <span class='ocrx_word' id='word_1_179' title='bbox 1232 292 1288 317; x_wconf 83' lang='lat' dir='ltr'><strong>iure</strong></span> <span class='ocrx_word' id='word_1_180' title='bbox 1303 290 1351 317; x_wconf 84' lang='lat' dir='ltr'><strong>luit</strong></span> <span class='ocrx_word' id='word_1_181' title='bbox 1365 296 1389 317; x_wconf 84' lang='lat' dir='ltr'><strong>et</strong></span> <span class='ocrx_word' id='word_1_182' title='bbox 1403 293 1460 318; x_wconf 71' lang='lat' dir='ltr'><strong>sinc</strong></span> <span class='ocrx_word' id='word_1_183' title='bbox 1475 292 1528 318; x_wconf 73' lang='lat' dir='ltr'><strong>ulla</strong></span> <span class='ocrx_word' id='word_1_184' title='bbox 1542 292 1671 328; x_wconf 72' lang='lat' dir='ltr'><strong>dignitato</strong></span> <span class='ocrx_word' id='word_1_185' title='bbox 1682 294 1841 328; x_wconf 68' lang='lat' dir='ltr'><strong>respublica.</strong></span> 
     </span>
     <span class='ocr_line' id='line_1_29' title="bbox 1057 329 1845 363; baseline 0.004 -9"><span class='ocrx_word' id='word_1_186' title='bbox 1057 329 1108 354; x_wconf 79' lang='lat' dir='ltr'><strong>Iloc</strong></span> <span class='ocrx_word' id='word_1_187' title='bbox 1122 333 1210 354; x_wconf 78' lang='lat' dir='ltr'><strong>autem</strong></span> <span class='ocrx_word' id='word_1_188' title='bbox 1225 329 1303 354; x_wconf 74' lang='lat' dir='ltr'><strong>etiam</strong></span> <span class='ocrx_word' id='word_1_189' title='bbox 1318 337 1359 354; x_wconf 77' lang='lat' dir='ltr'><strong>ma</strong></span> <span class='ocrx_word' id='word_1_190' title='bbox 1381 329 1403 353; x_wconf 71' lang='lat' dir='ltr'><strong>&#39;fl</strong></span> <span class='ocrx_word' id='word_1_191' title='bbox 1417 329 1584 363; x_wconf 78' lang='lat' dir='ltr'><strong>probabatur.</strong></span> <span class='ocrx_word' id='word_1_192' title='bbox 1613 329 1665 356; x_wconf 86' lang='lat' dir='ltr'><strong>uod</strong></span> <span class='ocrx_word' id='word_1_193' title='bbox 1679 336 1733 357; x_wconf 76' lang='lat' dir='ltr'><strong>erut</strong></span> <span class='ocrx_word' id='word_1_194' title='bbox 1742 331 1776 357; x_wconf 69' lang='lat' dir='ltr'><strong>ab</strong></span> <span class='ocrx_word' id='word_1_195' title='bbox 1786 340 1845 358; x_wconf 76' lang='lat' dir='ltr'><strong>on-</strong></span> 
     </span>
     <span class='ocr_line' id='line_1_30' title="bbox 1056 337 1845 402; baseline 0.005 -12"><span class='ocrx_word' id='word_1_196' title='bbox 1056 365 1158 391; x_wconf 71' lang='lat' dir='ltr'><strong>toribus</strong></span> <span class='ocrx_word' id='word_1_197' title='bbox 1176 365 1307 400; x_wconf 72' lang='lat' dir='ltr'><strong>quaedem</strong></span> <span class='ocrx_word' id='word_1_198' title='bbox 1323 365 1349 391; x_wconf 88' lang='lat' dir='ltr'><strong>in</strong></span> <span class='ocrx_word' id='word_1_199' title='bbox 1361 337 1419 391; x_wconf 49' lang='lat' dir='ltr'><strong>{iro</strong></span> <span class='ocrx_word' id='word_1_200' title='bbox 1432 365 1556 393; x_wconf 69' lang='lat' dir='ltr'><strong>solitudo.</strong></span> <span class='ocrx_word' id='word_1_201' title='bbox 1612 367 1728 402; x_wconf 76' lang='lat' dir='ltr'><strong>ulpiciun</strong></span> <span class='ocrx_word' id='word_1_202' title='bbox 1742 368 1845 394; x_wconf 77' lang='lat' dir='ltr'><strong>occide·</strong></span> 
     </span>
     <span class='ocr_line' id='line_1_31' title="bbox 1056 402 1845 440; baseline 0.004 -12"><span class='ocrx_word' id='word_1_203' title='bbox 1056 407 1102 432; x_wconf 76' lang='lat' dir='ltr'><strong>rat.</strong></span> <span class='ocrx_word' id='word_1_204' title='bbox 1119 403 1191 428; x_wconf 74' lang='lat' dir='ltr'><strong>Cotta</strong></span> <span class='ocrx_word' id='word_1_205' title='bbox 1206 402 1295 428; x_wconf 80' lang='lat' dir='ltr'><strong>aberat</strong></span> <span class='ocrx_word' id='word_1_206' title='bbox 1308 406 1334 428; x_wconf 87' lang='lat' dir='ltr'><strong>et</strong></span> <span class='ocrx_word' id='word_1_207' title='bbox 1346 402 1439 433; x_wconf 78' lang='lat' dir='ltr'><strong>Curio3</strong></span> <span class='ocrx_word' id='word_1_208' title='bbox 1467 404 1574 430; x_wconf 76' lang='lat' dir='ltr'><strong>vivebat</strong></span> <span class='ocrx_word' id='word_1_209' title='bbox 1595 413 1610 430; x_wconf 84' lang='lat' dir='ltr'><strong>e</strong></span> <span class='ocrx_word' id='word_1_210' title='bbox 1633 404 1743 439; x_wconf 76' lang='lat' dir='ltr'><strong>reliquis</strong></span> <span class='ocrx_word' id='word_1_211' title='bbox 1759 411 1845 440; x_wconf 77' lang='lat' dir='ltr'><strong>patm-</strong></span> 
     </span>
     <span class='ocr_line' id='line_1_32' title="bbox 1056 440 1845 477; baseline 0.004 -11"><span class='ocrx_word' id='word_1_212' title='bbox 1056 440 1097 466; x_wconf 83' lang='lat' dir='ltr'><strong>nis</strong></span> <span class='ocrx_word' id='word_1_213' title='bbox 1116 440 1174 465; x_wconf 76' lang='lat' dir='ltr'><strong>eius</strong></span> <span class='ocrx_word' id='word_1_214' title='bbox 1192 440 1283 465; x_wconf 74' lang='lat' dir='ltr'><strong>aetatis</strong></span> <span class='ocrx_word' id='word_1_215' title='bbox 1298 448 1376 465; x_wconf 89' lang='lat' dir='ltr'><strong>nemo</strong></span> <span class='ocrx_word' id='word_1_216' title='bbox 1390 445 1491 474; x_wconf 77' lang='lat' dir='ltr'><strong>praeter</strong></span> <span class='ocrx_word' id='word_1_217' title='bbox 1504 440 1649 467; x_wconf 80' lang='lat' dir='ltr'><strong>Carbonem</strong></span> <span class='ocrx_word' id='word_1_218' title='bbox 1663 446 1688 467; x_wconf 85' lang='lat' dir='ltr'><strong>et</strong></span> <span class='ocrx_word' id='word_1_219' title='bbox 1703 442 1845 477; x_wconf 83' lang='lat' dir='ltr'><strong>Pomponi-</strong></span> 
     </span>
     <span class='ocr_line' id='line_1_33' title="bbox 1056 477 1668 513; baseline 0.005 -11"><span class='ocrx_word' id='word_1_220' title='bbox 1056 485 1115 503; x_wconf 82' lang='lat' dir='ltr'><strong>um:</strong></span> <span class='ocrx_word' id='word_1_221' title='bbox 1137 485 1252 511; x_wconf 89' lang='lat' dir='ltr'><strong>quorum</strong></span> <span class='ocrx_word' id='word_1_222' title='bbox 1269 481 1413 512; x_wconf 79' lang='lat' dir='ltr'><strong>utrumque</strong></span> <span class='ocrx_word' id='word_1_223' title='bbox 1428 477 1503 503; x_wconf 81' lang='lat' dir='ltr'><strong>facile</strong></span> <span class='ocrx_word' id='word_1_224' title='bbox 1517 478 1668 513; x_wconf 75' lang='lat' dir='ltr'><strong>superabat.</strong></span> 
     </span>
    </p>

    <p class='ocr_par' dir='ltr' id='par_1_15' title="bbox 1056 513 1846 660">
     <span class='ocr_line' id='line_1_34' title="bbox 1111 513 1845 550; baseline 0.004 -10"><span class='ocrx_word' id='word_1_225' title='bbox 1111 514 1200 540; x_wconf 82' lang='lat' dir='ltr'><strong>LXIV.</strong></span> <span class='ocrx_word' id='word_1_226' title='bbox 1212 516 1270 540; x_wconf 74' lang='lat'><strong>228.</strong></span> <span class='ocrx_word' id='word_1_227' title='bbox 1287 513 1420 540; x_wconf 75' lang='lat' dir='ltr'><strong>interioris</strong></span> <span class='ocrx_word' id='word_1_228' title='bbox 1433 519 1522 540; x_wconf 81' lang='lat' dir='ltr'><strong>autern</strong></span> <span class='ocrx_word' id='word_1_229' title='bbox 1536 516 1628 541; x_wconf 72' lang='lat' dir='ltr'><strong>aetatis</strong></span> <span class='ocrx_word' id='word_1_230' title='bbox 1641 520 1695 542; x_wconf 78' lang='lat' dir='ltr'><strong>ent</strong></span> <span class='ocrx_word' id='word_1_231' title='bbox 1706 517 1845 550; x_wconf 67' lang='lat' dir='ltr'><strong>proximus</strong></span> 
     </span>
     <span class='ocr_line' id='line_1_35' title="bbox 1056 551 1846 586; baseline 0.004 -9"><span class='ocrx_word' id='word_1_232' title='bbox 1056 551 1084 577; x_wconf 92' lang='lat' dir='ltr'><strong>L.</strong></span> <span class='ocrx_word' id='word_1_233' title='bbox 1101 551 1222 581; x_wconf 79' lang='lat' dir='ltr'><strong>Sisenna,</strong></span> <span class='ocrx_word' id='word_1_234' title='bbox 1237 551 1331 577; x_wconf 81' lang='lat' dir='ltr'><strong>doctus</strong></span> <span class='ocrx_word' id='word_1_235' title='bbox 1347 552 1387 577; x_wconf 89' lang='lat' dir='ltr'><strong>vir</strong></span> <span class='ocrx_word' id='word_1_236' title='bbox 1400 556 1425 577; x_wconf 91' lang='lat' dir='ltr'><strong>et</strong></span> <span class='ocrx_word' id='word_1_237' title='bbox 1438 551 1535 578; x_wconf 77' lang='lat' dir='ltr'><strong>studiis</strong></span> <span class='ocrx_word' id='word_1_238' title='bbox 1547 553 1656 586; x_wconf 74' lang='lat' dir='ltr'><strong>optimis</strong></span> <span class='ocrx_word' id='word_1_239' title='bbox 1670 553 1786 583; x_wconf 72' lang='lat' dir='ltr'><strong>deditus.</strong></span> <span class='ocrx_word' id='word_1_240' title='bbox 1799 553 1846 580; x_wconf 83' lang='lat' dir='ltr'><strong>he·</strong></span> 
     </span>
     <span class='ocr_line' id='line_1_36' title="bbox 1056 588 1846 624; baseline 0.004 -11"><span class='ocrx_word' id='word_1_241' title='bbox 1056 597 1087 614; x_wconf 86' lang='lat' dir='ltr'><strong>ne</strong></span> <span class='ocrx_word' id='word_1_242' title='bbox 1102 588 1192 614; x_wconf 77' lang='lat' dir='ltr'><strong>Latine</strong></span> <span class='ocrx_word' id='word_1_243' title='bbox 1207 588 1327 623; x_wconf 79' lang='lat' dir='ltr'><strong>loquens.</strong></span> <span class='ocrx_word' id='word_1_244' title='bbox 1343 597 1443 621; x_wconf 62' lang='lat' dir='ltr'><strong>gnarus</strong></span> <span class='ocrx_word' id='word_1_245' title='bbox 1458 588 1627 624; x_wconf 82' lang='lat' dir='ltr'><strong>reipublicae.</strong></span> <span class='ocrx_word' id='word_1_246' title='bbox 1643 599 1693 616; x_wconf 91' lang='lat' dir='ltr'><strong>non</strong></span> <span class='ocrx_word' id='word_1_247' title='bbox 1707 590 1765 616; x_wconf 74' lang='lat' dir='ltr'><strong>nine</strong></span> <span class='ocrx_word' id='word_1_248' title='bbox 1777 590 1846 616; x_wconf 71' lang='lat' dir='ltr'><strong>Inoo—</strong></span> 
     </span>
     <span class='ocr_line' id='line_1_37' title="bbox 1056 625 1844 660; baseline 0.004 -9"><span class='ocrx_word' id='word_1_249' title='bbox 1056 626 1112 657; x_wconf 79' lang='lat' dir='ltr'><strong>tiis3</strong></span> <span class='ocrx_word' id='word_1_250' title='bbox 1144 625 1190 652; x_wconf 79' lang='lat' dir='ltr'><strong>scd</strong></span> <span class='ocrx_word' id='word_1_251' title='bbox 1214 634 1300 660; x_wconf 80' lang='lat' dir='ltr'><strong>neque</strong></span> <span class='ocrx_word' id='word_1_252' title='bbox 1324 625 1420 652; x_wconf 80' lang='lat' dir='ltr'><strong>laboris</strong></span> <span class='ocrx_word' id='word_1_253' title='bbox 1440 626 1526 655; x_wconf 86' lang='lat' dir='ltr'><strong>multi.</strong></span> <span class='ocrx_word' id='word_1_254' title='bbox 1544 635 1591 652; x_wconf 84' lang='lat' dir='ltr'><strong>nec</strong></span> <span class='ocrx_word' id='word_1_255' title='bbox 1604 628 1668 652; x_wconf 73' lang='lat' dir='ltr'><strong>eatis</strong></span> <span class='ocrx_word' id='word_1_256' title='bbox 1683 632 1803 653; x_wconf 71' lang='lat' dir='ltr'><strong>versatus</strong></span> <span class='ocrx_word' id='word_1_257' title='bbox 1817 628 1844 655; x_wconf 91' lang='lat' dir='ltr'><strong>in</strong></span> 
     </span>
    </p>
   </div>
   <div class='ocr_carea' id='block_1_15' title="bbox 1054 663 1844 698">
    <p class='ocr_par' dir='ltr' id='par_1_16' title="bbox 1054 663 1844 698">
     <span class='ocr_line' id='line_1_38' title="bbox 1054 663 1844 698; baseline 0.004 -10"><span class='ocrx_word' id='word_1_258' title='bbox 1054 663 1171 695; x_wconf 76' lang='lat' dir='ltr'><strong>caussis3</strong></span> <span class='ocrx_word' id='word_1_259' title='bbox 1200 663 1407 698; x_wconf 78' lang='lat' dir='ltr'><strong>interiectusque</strong></span> <span class='ocrx_word' id='word_1_260' title='bbox 1426 664 1493 689; x_wconf 79' lang='lat' dir='ltr'><strong>inter</strong></span> <span class='ocrx_word' id='word_1_261' title='bbox 1510 663 1577 689; x_wconf 79' lang='lat' dir='ltr'><strong>duas</strong></span> <span class='ocrx_word' id='word_1_262' title='bbox 1599 669 1696 690; x_wconf 78' lang='lat' dir='ltr'><strong>aetates</strong></span> <span class='ocrx_word' id='word_1_263' title='bbox 1715 664 1844 691; x_wconf 70' lang='lat' dir='ltr'><strong>Hortensii</strong></span> 
     </span>
    </p>
   </div>
   <div class='ocr_carea' id='block_1_16' title="bbox 1032 699 1844 736">
    <p class='ocr_par' dir='ltr' id='par_1_17' title="bbox 1032 699 1844 736">
     <span class='ocr_line' id='line_1_39' title="bbox 1032 699 1844 736; baseline 0.002 -10"><span class='ocrx_word' id='word_1_264' title='bbox 1032 714 1033 722; x_wconf 41' lang='grc' dir='ltr'><strong>κ</strong></span> <span class='ocrx_word' id='word_1_265' title='bbox 1055 704 1079 726; x_wconf 88' lang='lat' dir='ltr'><strong>et</strong></span> <span class='ocrx_word' id='word_1_266' title='bbox 1098 699 1221 735; x_wconf 81' lang='lat' dir='ltr'><strong>Sulpicii,</strong></span> <span class='ocrx_word' id='word_1_267' title='bbox 1242 709 1289 726; x_wconf 81' lang='lat' dir='ltr'><strong>nec</strong></span> <span class='ocrx_word' id='word_1_268' title='bbox 1308 702 1433 726; x_wconf 85' lang='lat' dir='ltr'><strong>maiorem</strong></span> <span class='ocrx_word' id='word_1_269' title='bbox 1450 701 1577 736; x_wconf 81' lang='lat' dir='ltr'><strong>consequi</strong></span> <span class='ocrx_word' id='word_1_270' title='bbox 1598 706 1696 736; x_wconf 86' lang='lat' dir='ltr'><strong>poterat</strong></span> <span class='ocrx_word' id='word_1_271' title='bbox 1711 706 1736 727; x_wconf 84' lang='lat' dir='ltr'><strong>et</strong></span> <span class='ocrx_word' id='word_1_272' title='bbox 1750 702 1844 728; x_wconf 80' lang='lat' dir='ltr'><strong>minori</strong></span> 
     </span>
    </p>
   </div>
   <div class='ocr_carea' id='block_1_17' title="bbox 1055 737 1845 885">
    <p class='ocr_par' dir='ltr' id='par_1_18' title="bbox 1055 737 1845 885">
     <span class='ocr_line' id='line_1_40' title="bbox 1056 737 1845 765; baseline 0.003 -2"><span class='ocrx_word' id='word_1_273' title='bbox 1056 746 1163 764; x_wconf 80' lang='lat' dir='ltr'><strong>necesse</strong></span> <span class='ocrx_word' id='word_1_274' title='bbox 1177 742 1231 763; x_wconf 81' lang='lat' dir='ltr'><strong>erat</strong></span> <span class='ocrx_word' id='word_1_275' title='bbox 1244 737 1346 763; x_wconf 83' lang='lat' dir='ltr'><strong>cedere.</strong></span> <span class='ocrx_word' id='word_1_276' title='bbox 1364 738 1449 764; x_wconf 82' lang='lat' dir='ltr'><strong>liuius</strong></span> <span class='ocrx_word' id='word_1_277' title='bbox 1463 739 1550 764; x_wconf 75' lang='lat' dir='ltr'><strong>omnis</strong></span> <span class='ocrx_word' id='word_1_278' title='bbox 1565 738 1675 764; x_wconf 79' lang='lat' dir='ltr'><strong>facultas</strong></span> <span class='ocrx_word' id='word_1_279' title='bbox 1689 747 1723 765; x_wconf 81' lang='lat' dir='ltr'><strong>ex</strong></span> <span class='ocrx_word' id='word_1_280' title='bbox 1737 739 1845 765; x_wconf 73' lang='lat' dir='ltr'><strong>historin</strong></span> 
     </span>
     <span class='ocr_line' id='line_1_41' title="bbox 1055 775 1845 810; baseline 0.003 -10"><span class='ocrx_word' id='word_1_281' title='bbox 1055 775 1141 809; x_wconf 87' lang='lat' dir='ltr'><strong>ipsius</strong></span> <span class='ocrx_word' id='word_1_282' title='bbox 1156 775 1269 809; x_wconf 77' lang='lat' dir='ltr'><strong>perspici</strong></span> <span class='ocrx_word' id='word_1_283' title='bbox 1287 779 1383 809; x_wconf 83' lang='lat' dir='ltr'><strong>potest:</strong></span> <span class='ocrx_word' id='word_1_284' title='bbox 1410 784 1479 810; x_wconf 80' lang='lat' dir='ltr'><strong>quae</strong></span> <span class='ocrx_word' id='word_1_285' title='bbox 1492 784 1577 810; x_wconf 90' lang='lat' dir='ltr'><strong>quum</strong></span> <span class='ocrx_word' id='word_1_286' title='bbox 1593 775 1669 802; x_wconf 80' lang='lat' dir='ltr'><strong>facile</strong></span> <span class='ocrx_word' id='word_1_287' title='bbox 1682 784 1775 802; x_wconf 75' lang='lat' dir='ltr'><strong>omnes</strong></span> <span class='ocrx_word' id='word_1_288' title='bbox 1785 777 1845 803; x_wconf 84' lang='lat' dir='ltr'><strong>vin-</strong></span> 
     </span>
     <span class='ocr_line' id='line_1_42' title="bbox 1055 812 1844 848; baseline 0.003 -11"><span class='ocrx_word' id='word_1_289' title='bbox 1055 816 1095 838; x_wconf 84' lang='lat' dir='ltr'><strong>cat</strong></span> <span class='ocrx_word' id='word_1_290' title='bbox 1113 812 1273 847; x_wconf 81' lang='lat' dir='ltr'><strong>superiores,</strong></span> <span class='ocrx_word' id='word_1_291' title='bbox 1295 817 1350 838; x_wconf 88' lang='lat' dir='ltr'><strong>tum</strong></span> <span class='ocrx_word' id='word_1_292' title='bbox 1370 812 1468 838; x_wconf 87' lang='lat' dir='ltr'><strong>indicat</strong></span> <span class='ocrx_word' id='word_1_293' title='bbox 1487 817 1582 843; x_wconf 71' lang='lat' dir='ltr'><strong>tamen,</strong></span> <span class='ocrx_word' id='word_1_294' title='bbox 1603 818 1733 848; x_wconf 87' lang='lat' dir='ltr'><strong>quantum</strong></span> <span class='ocrx_word' id='word_1_295' title='bbox 1748 814 1844 840; x_wconf 73' lang='lat' dir='ltr'><strong>absita</strong></span> 
     </span>
     <span class='ocr_line' id='line_1_43' title="bbox 1055 849 1845 885; baseline 0.001 -10"><span class='ocrx_word' id='word_1_296' title='bbox 1055 858 1170 878; x_wconf 85' lang='lat' dir='ltr'><strong>summo.</strong></span> <span class='ocrx_word' id='word_1_297' title='bbox 1191 857 1326 884; x_wconf 86' lang='lat' dir='ltr'><strong>quamque</strong></span> <span class='ocrx_word' id='word_1_298' title='bbox 1344 858 1430 884; x_wconf 74' lang='lat' dir='ltr'><strong>genus</strong></span> <span class='ocrx_word' id='word_1_299' title='bbox 1449 849 1497 875; x_wconf 93' lang='lat' dir='ltr'><strong>hoc</strong></span> <span class='ocrx_word' id='word_1_300' title='bbox 1511 851 1663 885; x_wconf 69' lang='lat' dir='ltr'><strong>scriptionis</strong></span> <span class='ocrx_word' id='word_1_301' title='bbox 1679 850 1795 877; x_wconf 84' lang='lat' dir='ltr'><strong>nondum</strong></span> <span class='ocrx_word' id='word_1_302' title='bbox 1810 851 1845 877; x_wconf 76' lang='lat' dir='ltr'><strong>sit</strong></span> 
     </span>
    </p>
   </div>
   <div class='ocr_carea' id='block_1_18' title="bbox 1032 886 1844 919">
    <p class='ocr_par' dir='ltr' id='par_1_19' title="bbox 1032 886 1844 919">
     <span class='ocr_line' id='line_1_44' title="bbox 1032 886 1844 919; baseline 0.004 -8"><span class='ocrx_word' id='word_1_303' title='bbox 1032 900 1034 903; x_wconf 92' lang='lat'><em>-</em></span> <span class='ocrx_word' id='word_1_304' title='bbox 1056 887 1120 912; x_wconf 80' lang='lat' dir='ltr'><strong>satis</strong></span> <span class='ocrx_word' id='word_1_305' title='bbox 1143 887 1243 912; x_wconf 80' lang='lat' dir='ltr'><strong>Latinis</strong></span> <span class='ocrx_word' id='word_1_306' title='bbox 1267 886 1360 912; x_wconf 83' lang='lat' dir='ltr'><strong>litteris</strong></span> <span class='ocrx_word' id='word_1_307' title='bbox 1379 886 1551 913; x_wconf 84' lang='lat' dir='ltr'><strong>illustratum.</strong></span> <span class='ocrx_word' id='word_1_308' title='bbox 1586 888 1650 913; x_wconf 81' lang='lat' dir='ltr'><strong>Nam</strong></span> <span class='ocrx_word' id='word_1_309' title='bbox 1665 888 1696 919; x_wconf 80' lang='lat' dir='ltr'><strong>Q.</strong></span> <span class='ocrx_word' id='word_1_310' title='bbox 1713 888 1844 915; x_wconf 77' lang='lat' dir='ltr'><strong>Hortensii</strong></span> 
     </span>
    </p>
   </div>
   <div class='ocr_carea' id='block_1_19' title="bbox 213 959 1027 995">
    <p class='ocr_par' dir='ltr' id='par_1_20' title="bbox 213 959 1027 995">
     <span class='ocr_line' id='line_1_45' title="bbox 213 959 1027 995; baseline 0.002 -11"><span class='ocrx_word' id='word_1_311' title='bbox 213 967 246 985; x_wconf 77' lang='lat' dir='ltr'><strong>ex</strong></span> <span class='ocrx_word' id='word_1_312' title='bbox 257 959 325 989; x_wconf 88' lang='lat' dir='ltr'><strong>acie,</strong></span> <span class='ocrx_word' id='word_1_313' title='bbox 346 959 422 985; x_wconf 89' lang='lat' dir='ltr'><strong>idest</strong></span> <span class='ocrx_word' id='word_1_314' title='bbox 440 968 453 985; x_wconf 90' lang='lat' dir='ltr'><strong>a</strong></span> <span class='ocrx_word' id='word_1_315' title='bbox 465 959 579 990; x_wconf 68' lang='lat' dir='ltr'><strong>iudiciis,</strong></span> <span class='ocrx_word' id='word_1_316' title='bbox 596 965 621 986; x_wconf 82' lang='lat' dir='ltr'><strong>ct</strong></span> <span class='ocrx_word' id='word_1_317' title='bbox 636 961 661 986; x_wconf 92' lang='lat' dir='ltr'><strong>in</strong></span> <span class='ocrx_word' id='word_1_318' title='bbox 677 961 815 994; x_wconf 77' lang='lat' dir='ltr'><strong>praesidii.·.</strong></span> <span class='ocrx_word' id='word_1_319' title='bbox 831 961 1001 995; x_wconf 77' lang='lat' dir='ltr'><strong>reipublicae,</strong></span> <span class='ocrx_word' id='word_1_320' title='bbox 1026 982 1027 991; x_wconf 63' lang='grc'>,</span> 
     </span>
    </p>
   </div>
   <div class='ocr_carea' id='block_1_20' title="bbox 193 995 1004 1219">
    <p class='ocr_par' dir='ltr' id='par_1_21' title="bbox 193 995 1004 1219">
     <span class='ocr_line' id='line_1_46' title="bbox 213 995 1002 1031; baseline 0.004 -10"><span class='ocrx_word' id='word_1_321' title='bbox 213 997 255 1022; x_wconf 89' lang='lat' dir='ltr'><strong>cui</strong></span> <span class='ocrx_word' id='word_1_322' title='bbox 268 995 343 1022; x_wconf 83' lang='lat' dir='ltr'><strong>facile</strong></span> <span class='ocrx_word' id='word_1_323' title='bbox 353 996 503 1022; x_wconf 74' lang='lat' dir='ltr'><strong>satisfacere</strong></span> <span class='ocrx_word' id='word_1_324' title='bbox 516 998 626 1031; x_wconf 78' lang='lat' dir='ltr'><strong>possint.</strong></span> <span class='ocrx_word' id='word_1_325' title='bbox 640 997 810 1024; x_wconf 70' lang='lat' dir='ltr'><strong>collocemus.</strong></span> <span class='ocrx_word' id='word_1_326' title='bbox 833 1000 890 1024; x_wconf 66' lang='lat'><strong>5223.</strong></span> <span class='ocrx_word' id='word_1_327' title='bbox 904 998 1002 1024; x_wconf 83' lang='lat' dir='ltr'><strong>Eodem</strong></span> 
     </span>
     <span class='ocr_line' id='line_1_47' title="bbox 212 1033 1002 1070; baseline 0.003 -11"><span class='ocrx_word' id='word_1_328' title='bbox 212 1033 243 1065; x_wconf 97' lang='lat' dir='ltr'><strong>Q.</strong></span> <span class='ocrx_word' id='word_1_329' title='bbox 269 1033 427 1068; x_wconf 82' lang='lat' dir='ltr'><strong>Caepionem</strong></span> <span class='ocrx_word' id='word_1_330' title='bbox 451 1034 583 1065; x_wconf 75' lang='lat' dir='ltr'><strong>referrem.</strong></span> <span class='ocrx_word' id='word_1_331' title='bbox 609 1035 659 1061; x_wconf 86' lang='lat' dir='ltr'><strong>nisi</strong></span> <span class='ocrx_word' id='word_1_332' title='bbox 685 1036 764 1061; x_wconf 87' lang='lat' dir='ltr'><strong>nimis</strong></span> <span class='ocrx_word' id='word_1_333' title='bbox 782 1036 899 1070; x_wconf 80' lang='lat' dir='ltr'><strong>equestri</strong></span> <span class='ocrx_word' id='word_1_334' title='bbox 917 1036 1002 1061; x_wconf 87' lang='lat' dir='ltr'><strong>ordini</strong></span> 
     </span>
     <span class='ocr_line' id='line_1_48' title="bbox 193 1070 1002 1104; baseline 0.004 -8"><span class='ocrx_word' id='word_1_335' title='bbox 193 1084 198 1091; x_wconf 90' lang='lat'><strong>·</strong></span> <span class='ocrx_word' id='word_1_336' title='bbox 213 1070 319 1096; x_wconf 88' lang='lat' dir='ltr'><strong>deditus</strong></span> <span class='ocrx_word' id='word_1_337' title='bbox 346 1079 360 1097; x_wconf 83' lang='lat' dir='ltr'><strong>a</strong></span> <span class='ocrx_word' id='word_1_338' title='bbox 386 1076 478 1097; x_wconf 79' lang='lat' dir='ltr'><strong>senatu</strong></span> <span class='ocrx_word' id='word_1_339' title='bbox 506 1071 670 1098; x_wconf 83' lang='lat' dir='ltr'><strong>dissedisset.</strong></span> <span class='ocrx_word' id='word_1_340' title='bbox 702 1073 750 1099; x_wconf 87' lang='lat' dir='ltr'><strong>Cn.</strong></span> <span class='ocrx_word' id='word_1_341' title='bbox 779 1072 938 1104; x_wconf 81' lang='lat' dir='ltr'><strong>Carbonem,</strong></span> <span class='ocrx_word' id='word_1_342' title='bbox 967 1073 1002 1099; x_wconf 80' lang='lat' dir='ltr'><strong>M.</strong></span> 
     </span>
     <span class='ocr_line' id='line_1_49' title="bbox 214 1108 1004 1145; baseline 0.004 -12"><span class='ocrx_word' id='word_1_343' title='bbox 214 1108 326 1134; x_wconf 83' lang='lat' dir='ltr'><strong>Marium</strong></span> <span class='ocrx_word' id='word_1_344' title='bbox 351 1112 377 1134; x_wconf 89' lang='lat' dir='ltr'><strong>et</strong></span> <span class='ocrx_word' id='word_1_345' title='bbox 395 1116 428 1134; x_wconf 83' lang='lat' dir='ltr'><strong>ex</strong></span> <span class='ocrx_word' id='word_1_346' title='bbox 445 1108 538 1135; x_wconf 86' lang='lat' dir='ltr'><strong>eodem</strong></span> <span class='ocrx_word' id='word_1_347' title='bbox 556 1118 652 1145; x_wconf 81' lang='lat' dir='ltr'><strong>genere</strong></span> <span class='ocrx_word' id='word_1_348' title='bbox 670 1109 821 1144; x_wconf 78' lang='lat' dir='ltr'><strong>complures</strong></span> <span class='ocrx_word' id='word_1_349' title='bbox 839 1111 949 1136; x_wconf 89' lang='lat' dir='ltr'><strong>minime</strong></span> <span class='ocrx_word' id='word_1_350' title='bbox 963 1110 1004 1136; x_wconf 89' lang='lat' dir='ltr'><strong>di-</strong></span> 
     </span>
     <span class='ocr_line' id='line_1_50' title="bbox 212 1145 1004 1183; baseline 0.004 -13"><span class='ocrx_word' id='word_1_351' title='bbox 212 1153 278 1180; x_wconf 72' lang='lat' dir='ltr'><strong>gnos</strong></span> <span class='ocrx_word' id='word_1_352' title='bbox 297 1145 424 1181; x_wconf 81' lang='lat' dir='ltr'><strong>elegantis</strong></span> <span class='ocrx_word' id='word_1_353' title='bbox 443 1151 589 1172; x_wconf 87' lang='lat' dir='ltr'><strong>conventus</strong></span> <span class='ocrx_word' id='word_1_354' title='bbox 608 1147 718 1173; x_wconf 88' lang='lat' dir='ltr'><strong>auribus</strong></span> <span class='ocrx_word' id='word_1_355' title='bbox 737 1148 889 1182; x_wconf 86' lang='lat' dir='ltr'><strong>aptissimos</strong></span> <span class='ocrx_word' id='word_1_356' title='bbox 905 1156 1004 1183; x_wconf 81' lang='lat' dir='ltr'><strong>cogno-</strong></span> 
     </span>
     <span class='ocr_line' id='line_1_51' title="bbox 214 1182 1004 1219; baseline 0.004 -12"><span class='ocrx_word' id='word_1_357' title='bbox 214 1183 238 1208; x_wconf 88' lang='lat' dir='ltr'><strong>vi</strong></span> <span class='ocrx_word' id='word_1_358' title='bbox 254 1182 414 1209; x_wconf 80' lang='lat' dir='ltr'><strong>turbulentis</strong></span> <span class='ocrx_word' id='word_1_359' title='bbox 428 1184 610 1210; x_wconf 79' lang='lat' dir='ltr'><strong>concionibus.</strong></span> <span class='ocrx_word' id='word_1_360' title='bbox 643 1183 702 1216; x_wconf 88' lang='lat' dir='ltr'><strong>Quo</strong></span> <span class='ocrx_word' id='word_1_361' title='bbox 715 1185 742 1210; x_wconf 93' lang='lat' dir='ltr'><strong>in</strong></span> <span class='ocrx_word' id='word_1_362' title='bbox 756 1193 854 1219; x_wconf 76' lang='lat' dir='ltr'><strong>genere</strong></span> <span class='ocrx_word' id='word_1_363' title='bbox 867 1186 906 1218; x_wconf 91' lang='lat' dir='ltr'><strong>(ut</strong></span> <span class='ocrx_word' id='word_1_364' title='bbox 920 1185 946 1210; x_wconf 92' lang='lat' dir='ltr'><strong>in</strong></span> <span class='ocrx_word' id='word_1_365' title='bbox 962 1185 1004 1210; x_wconf 85' lang='lat' dir='ltr'><strong>his</strong></span> 
     </span>
    </p>
   </div>
   <div class='ocr_carea' id='block_1_21' title="bbox 213 1219 1033 1256">
    <p class='ocr_par' dir='ltr' id='par_1_22' title="bbox 213 1219 1033 1256">
     <span class='ocr_line' id='line_1_52' title="bbox 213 1219 1033 1256; baseline 0.001 -11"><span class='ocrx_word' id='word_1_366' title='bbox 213 1219 365 1253; x_wconf 80' lang='lat' dir='ltr'><strong>perturbem</strong></span> <span class='ocrx_word' id='word_1_367' title='bbox 396 1224 511 1246; x_wconf 86' lang='lat' dir='ltr'><strong>aetatum</strong></span> <span class='ocrx_word' id='word_1_368' title='bbox 537 1220 667 1256; x_wconf 85' lang='lat' dir='ltr'><strong>ordinem)</strong></span> <span class='ocrx_word' id='word_1_369' title='bbox 694 1230 779 1256; x_wconf 84' lang='lat' dir='ltr'><strong>nuper</strong></span> <span class='ocrx_word' id='word_1_370' title='bbox 805 1222 833 1248; x_wconf 90' lang='lat' dir='ltr'><strong>L.</strong></span> <span class='ocrx_word' id='word_1_371' title='bbox 862 1222 1002 1254; x_wconf 78' lang='lat' dir='ltr'><strong>Quinctius</strong></span> <span class='ocrx_word' id='word_1_372' title='bbox 1025 1227 1033 1246; x_wconf 62' lang='grc' dir='ltr'><strong>ξ’</strong></span> 
     </span>
    </p>
   </div>
   <div class='ocr_carea' id='block_1_22' title="bbox 212 1256 1004 1331">
    <p class='ocr_par' dir='ltr' id='par_1_23' title="bbox 212 1256 1004 1331">
     <span class='ocr_line' id='line_1_53' title="bbox 213 1256 1002 1294; baseline 0.004 -12"><span class='ocrx_word' id='word_1_373' title='bbox 213 1256 275 1288; x_wconf 66' lang='lat' dir='ltr'><strong>fuit3</strong></span> <span class='ocrx_word' id='word_1_374' title='bbox 306 1257 390 1291; x_wconf 79' lang='lat' dir='ltr'><strong>aptior</strong></span> <span class='ocrx_word' id='word_1_375' title='bbox 412 1258 490 1283; x_wconf 88' lang='lat' dir='ltr'><strong>etiam</strong></span> <span class='ocrx_word' id='word_1_376' title='bbox 514 1258 652 1284; x_wconf 81' lang='lat' dir='ltr'><strong>Palicanus</strong></span> <span class='ocrx_word' id='word_1_377' title='bbox 675 1259 784 1285; x_wconf 87' lang='lat' dir='ltr'><strong>auribus</strong></span> <span class='ocrx_word' id='word_1_378' title='bbox 809 1259 1002 1294; x_wconf 88' lang='lat' dir='ltr'><strong>imperitorum.</strong></span> 
     </span>
     <span class='ocr_line' id='line_1_54' title="bbox 212 1294 1004 1331; baseline 0.004 -12"><span class='ocrx_word' id='word_1_379' title='bbox 212 1295 270 1320; x_wconf 54' lang='lat'><strong>⁹224.</strong></span> <span class='ocrx_word' id='word_1_380' title='bbox 290 1294 335 1324; x_wconf 78' lang='lat' dir='ltr'><strong>Et.</strong></span> <span class='ocrx_word' id='word_1_381' title='bbox 352 1295 477 1329; x_wconf 88' lang='lat' dir='ltr'><strong>quoniam</strong></span> <span class='ocrx_word' id='word_1_382' title='bbox 493 1295 572 1321; x_wconf 86' lang='lat' dir='ltr'><strong>huius</strong></span> <span class='ocrx_word' id='word_1_383' title='bbox 587 1297 692 1331; x_wconf 74' lang='lat' dir='ltr'><strong>generis</strong></span> <span class='ocrx_word' id='word_1_384' title='bbox 707 1295 773 1322; x_wconf 81' lang='lat' dir='ltr'><strong>sacta</strong></span> <span class='ocrx_word' id='word_1_385' title='bbox 788 1297 886 1322; x_wconf 86' lang='lat' dir='ltr'><strong>mentio</strong></span> <span class='ocrx_word' id='word_1_386' title='bbox 899 1301 947 1327; x_wconf 71' lang='lat' dir='ltr'><strong>est.</strong></span> <span class='ocrx_word' id='word_1_387' title='bbox 961 1305 1004 1322; x_wconf 87' lang='lat' dir='ltr'><strong>se—</strong></span> 
     </span>
    </p>
   </div>
   <div class='ocr_carea' id='block_1_23' title="bbox 1054 923 1846 1294">
    <p class='ocr_par' dir='ltr' id='par_1_24' title="bbox 1054 923 1846 1294">
     <span class='ocr_line' id='line_1_55' title="bbox 1055 923 1841 959; baseline 0.003 -10"><span class='ocrx_word' id='word_1_388' title='bbox 1055 923 1199 950; x_wconf 86' lang='lat' dir='ltr'><strong>admodum</strong></span> <span class='ocrx_word' id='word_1_389' title='bbox 1214 923 1388 950; x_wconf 84' lang='lat' dir='ltr'><strong>adolescentis</strong></span> <span class='ocrx_word' id='word_1_390' title='bbox 1402 924 1549 959; x_wconf 71' lang='lat' dir='ltr'><strong>ingenium,</strong></span> <span class='ocrx_word' id='word_1_391' title='bbox 1559 929 1588 950; x_wconf 91' lang='lat' dir='ltr'><strong>ut</strong></span> <span class='ocrx_word' id='word_1_392' title='bbox 1601 925 1710 951; x_wconf 76' lang='lat' dir='ltr'><strong>Phidiae</strong></span> <span class='ocrx_word' id='word_1_393' title='bbox 1724 926 1841 959; x_wconf 78' lang='lat' dir='ltr'><strong>signum.</strong></span> 
     </span>
     <span class='ocr_line' id='line_1_56' title="bbox 1055 960 1845 995; baseline 0.003 -9"><span class='ocrx_word' id='word_1_394' title='bbox 1055 960 1136 987; x_wconf 82' lang='lat' dir='ltr'><strong>simul</strong></span> <span class='ocrx_word' id='word_1_395' title='bbox 1155 965 1292 995; x_wconf 85' lang='lat' dir='ltr'><strong>aspectum</strong></span> <span class='ocrx_word' id='word_1_396' title='bbox 1306 965 1331 986; x_wconf 89' lang='lat' dir='ltr'><strong>et</strong></span> <span class='ocrx_word' id='word_1_397' title='bbox 1345 961 1485 995; x_wconf 88' lang='lat' dir='ltr'><strong>probatum</strong></span> <span class='ocrx_word' id='word_1_398' title='bbox 1499 966 1547 987; x_wconf 85' lang='lat' dir='ltr'><strong>est.</strong></span> <span class='ocrx_word' id='word_1_399' title='bbox 1578 963 1636 988; x_wconf 71' lang='lat'><strong>229.</strong></span> <span class='ocrx_word' id='word_1_400' title='bbox 1661 962 1694 991; x_wconf 79' lang='lat' dir='ltr'><strong>Is.</strong></span> <span class='ocrx_word' id='word_1_401' title='bbox 1709 962 1737 988; x_wconf 89' lang='lat' dir='ltr'><strong>L.</strong></span> <span class='ocrx_word' id='word_1_402' title='bbox 1750 964 1845 988; x_wconf 76' lang='lat' dir='ltr'><strong>Crasso</strong></span> 
     </span>
     <span class='ocr_line' id='line_1_57' title="bbox 1055 997 1844 1034; baseline 0.001 -10"><span class='ocrx_word' id='word_1_403' title='bbox 1055 998 1086 1030; x_wconf 89' lang='lat' dir='ltr'><strong>Q.</strong></span> <span class='ocrx_word' id='word_1_404' title='bbox 1102 997 1227 1024; x_wconf 83' lang='lat' dir='ltr'><strong>Scaevola</strong></span> <span class='ocrx_word' id='word_1_405' title='bbox 1241 997 1407 1029; x_wconf 79' lang='lat' dir='ltr'><strong>consulibus,</strong></span> <span class='ocrx_word' id='word_1_406' title='bbox 1425 999 1541 1033; x_wconf 85' lang='lat' dir='ltr'><strong>primum</strong></span> <span class='ocrx_word' id='word_1_407' title='bbox 1552 999 1578 1025; x_wconf 90' lang='lat' dir='ltr'><strong>in</strong></span> <span class='ocrx_word' id='word_1_408' title='bbox 1590 998 1645 1025; x_wconf 86' lang='lat' dir='ltr'><strong>foro</strong></span> <span class='ocrx_word' id='word_1_409' title='bbox 1654 998 1730 1029; x_wconf 80' lang='lat' dir='ltr'><strong>dixit.</strong></span> <span class='ocrx_word' id='word_1_410' title='bbox 1739 1004 1764 1025; x_wconf 88' lang='lat' dir='ltr'><strong>et</strong></span> <span class='ocrx_word' id='word_1_411' title='bbox 1773 999 1844 1034; x_wconf 78' lang='lat' dir='ltr'><strong>apud</strong></span> 
     </span>
     <span class='ocr_line' id='line_1_58' title="bbox 1056 1035 1845 1071; baseline 0.003 -10"><span class='ocrx_word' id='word_1_412' title='bbox 1056 1035 1103 1061; x_wconf 89' lang='lat' dir='ltr'><strong>hos</strong></span> <span class='ocrx_word' id='word_1_413' title='bbox 1122 1036 1194 1070; x_wconf 87' lang='lat' dir='ltr'><strong>ipsos</strong></span> <span class='ocrx_word' id='word_1_414' title='bbox 1213 1035 1322 1070; x_wconf 87' lang='lat' dir='ltr'><strong>quidem</strong></span> <span class='ocrx_word' id='word_1_415' title='bbox 1341 1035 1473 1065; x_wconf 73' lang='lat' dir='ltr'><strong>consules,</strong></span> <span class='ocrx_word' id='word_1_416' title='bbox 1489 1041 1515 1062; x_wconf 86' lang='lat' dir='ltr'><strong>et</strong></span> <span class='ocrx_word' id='word_1_417' title='bbox 1529 1044 1614 1071; x_wconf 91' lang='lat' dir='ltr'><strong>quum</strong></span> <span class='ocrx_word' id='word_1_418' title='bbox 1628 1044 1728 1067; x_wconf 72' lang='lat' dir='ltr'><strong>eorum,</strong></span> <span class='ocrx_word' id='word_1_419' title='bbox 1745 1037 1791 1071; x_wconf 88' lang='lat' dir='ltr'><strong>qui</strong></span> <span class='ocrx_word' id='word_1_420' title='bbox 1806 1036 1845 1063; x_wconf 79' lang='lat' dir='ltr'><strong>af-</strong></span> 
     </span>
     <span class='ocr_line' id='line_1_59' title="bbox 1056 1072 1846 1108; baseline 0.003 -10"><span class='ocrx_word' id='word_1_421' title='bbox 1056 1072 1171 1102; x_wconf 74' lang='lat' dir='ltr'><strong>fuerunt.</strong></span> <span class='ocrx_word' id='word_1_422' title='bbox 1193 1077 1249 1098; x_wconf 88' lang='lat' dir='ltr'><strong>tum</strong></span> <span class='ocrx_word' id='word_1_423' title='bbox 1268 1073 1388 1107; x_wconf 90' lang='lat' dir='ltr'><strong>ipsorum</strong></span> <span class='ocrx_word' id='word_1_424' title='bbox 1406 1072 1556 1104; x_wconf 83' lang='lat' dir='ltr'><strong>consulum,</strong></span> <span class='ocrx_word' id='word_1_425' title='bbox 1577 1073 1623 1108; x_wconf 89' lang='lat' dir='ltr'><strong>qui</strong></span> <span class='ocrx_word' id='word_1_426' title='bbox 1640 1082 1734 1100; x_wconf 83' lang='lat' dir='ltr'><strong>omnes</strong></span> <span class='ocrx_word' id='word_1_427' title='bbox 1747 1073 1846 1100; x_wconf 82' lang='lat' dir='ltr'><strong>intelli-</strong></span> 
     </span>
     <span class='ocr_line' id='line_1_60' title="bbox 1054 1109 1845 1146; baseline 0.001 -10"><span class='ocrx_word' id='word_1_428' title='bbox 1054 1110 1142 1145; x_wconf 79' lang='lat' dir='ltr'><strong>genua</strong></span> <span class='ocrx_word' id='word_1_429' title='bbox 1157 1110 1299 1141; x_wconf 78' lang='lat' dir='ltr'><strong>anteibant.</strong></span> <span class='ocrx_word' id='word_1_430' title='bbox 1316 1109 1415 1136; x_wconf 89' lang='lat' dir='ltr'><strong>iudicio</strong></span> <span class='ocrx_word' id='word_1_431' title='bbox 1428 1110 1551 1136; x_wconf 81' lang='lat' dir='ltr'><strong>discessit</strong></span> <span class='ocrx_word' id='word_1_432' title='bbox 1566 1111 1702 1146; x_wconf 82' lang='lat' dir='ltr'><strong>probatus.</strong></span> <span class='ocrx_word' id='word_1_433' title='bbox 1729 1110 1845 1137; x_wconf 76' lang='lat' dir='ltr'><strong>Undevi-</strong></span> 
     </span>
     <span class='ocr_line' id='line_1_61' title="bbox 1055 1148 1845 1182; baseline 0.001 -9"><span class='ocrx_word' id='word_1_434' title='bbox 1055 1148 1121 1182; x_wconf 72' lang='lat' dir='ltr'><strong>ginti</strong></span> <span class='ocrx_word' id='word_1_435' title='bbox 1140 1155 1222 1173; x_wconf 81' lang='lat' dir='ltr'><strong>annos</strong></span> <span class='ocrx_word' id='word_1_436' title='bbox 1237 1151 1315 1173; x_wconf 85' lang='lat' dir='ltr'><strong>natus</strong></span> <span class='ocrx_word' id='word_1_437' title='bbox 1329 1151 1383 1173; x_wconf 90' lang='lat' dir='ltr'><strong>erat</strong></span> <span class='ocrx_word' id='word_1_438' title='bbox 1397 1155 1428 1173; x_wconf 87' lang='lat' dir='ltr'><strong>eo</strong></span> <span class='ocrx_word' id='word_1_439' title='bbox 1439 1152 1565 1182; x_wconf 82' lang='lat' dir='ltr'><strong>tempore.</strong></span> <span class='ocrx_word' id='word_1_440' title='bbox 1581 1148 1845 1174; x_wconf 82' lang='lat' dir='ltr'><strong>EstautemL.Paul-</strong></span> 
     </span>
     <span class='ocr_line' id='line_1_62' title="bbox 1057 1183 1841 1220; baseline 0.001 -10"><span class='ocrx_word' id='word_1_441' title='bbox 1057 1185 1089 1215; x_wconf 74' lang='lat' dir='ltr'><strong>lo,</strong></span> <span class='ocrx_word' id='word_1_442' title='bbox 1106 1185 1135 1211; x_wconf 91' lang='lat' dir='ltr'><strong>C.</strong></span> <span class='ocrx_word' id='word_1_443' title='bbox 1152 1183 1275 1210; x_wconf 82' lang='lat' dir='ltr'><strong>Marcello</strong></span> <span class='ocrx_word' id='word_1_444' title='bbox 1284 1184 1441 1210; x_wconf 88' lang='lat' dir='ltr'><strong>consulibus</strong></span> <span class='ocrx_word' id='word_1_445' title='bbox 1452 1189 1587 1217; x_wconf 80' lang='lat' dir='ltr'><strong>mortuus;</strong></span> <span class='ocrx_word' id='word_1_446' title='bbox 1603 1193 1636 1212; x_wconf 86' lang='lat' dir='ltr'><strong>ex</strong></span> <span class='ocrx_word' id='word_1_447' title='bbox 1645 1193 1699 1220; x_wconf 90' lang='lat' dir='ltr'><strong>quo</strong></span> <span class='ocrx_word' id='word_1_448' title='bbox 1709 1185 1841 1214; x_wconf 87' lang='lat' dir='ltr'><strong>videmus.</strong></span> 
     </span>
     <span class='ocr_line' id='line_1_63' title="bbox 1055 1222 1844 1258; baseline 0.001 -11"><span class='ocrx_word' id='word_1_449' title='bbox 1055 1230 1116 1248; x_wconf 89' lang='lat' dir='ltr'><strong>eum</strong></span> <span class='ocrx_word' id='word_1_450' title='bbox 1135 1222 1162 1247; x_wconf 93' lang='lat' dir='ltr'><strong>in</strong></span> <span class='ocrx_word' id='word_1_451' title='bbox 1181 1226 1350 1256; x_wconf 87' lang='lat' dir='ltr'><strong>patronorum</strong></span> <span class='ocrx_word' id='word_1_452' title='bbox 1369 1230 1480 1248; x_wconf 89' lang='lat' dir='ltr'><strong>numero</strong></span> <span class='ocrx_word' id='word_1_453' title='bbox 1497 1231 1579 1249; x_wconf 86' lang='lat' dir='ltr'><strong>annos</strong></span> <span class='ocrx_word' id='word_1_454' title='bbox 1597 1228 1722 1257; x_wconf 85' lang='lat' dir='ltr'><strong>quattuor</strong></span> <span class='ocrx_word' id='word_1_455' title='bbox 1739 1227 1765 1249; x_wconf 87' lang='lat' dir='ltr'><strong>et</strong></span> <span class='ocrx_word' id='word_1_456' title='bbox 1777 1231 1844 1258; x_wconf 85' lang='lat' dir='ltr'><strong>qua—</strong></span> 
     </span>
     <span class='ocr_line' id='line_1_64' title="bbox 1054 1258 1845 1294; baseline 0.001 -9"><span class='ocrx_word' id='word_1_457' title='bbox 1054 1258 1175 1294; x_wconf 71' lang='lat' dir='ltr'><strong>draginta</strong></span> <span class='ocrx_word' id='word_1_458' title='bbox 1190 1258 1283 1285; x_wconf 81' lang='lat' dir='ltr'><strong>fuisse.</strong></span> <span class='ocrx_word' id='word_1_459' title='bbox 1309 1259 1363 1285; x_wconf 86' lang='lat' dir='ltr'><strong>Iloc</strong></span> <span class='ocrx_word' id='word_1_460' title='bbox 1376 1259 1409 1285; x_wconf 90' lang='lat' dir='ltr'><strong>de</strong></span> <span class='ocrx_word' id='word_1_461' title='bbox 1422 1264 1522 1285; x_wconf 87' lang='lat' dir='ltr'><strong>oratore</strong></span> <span class='ocrx_word' id='word_1_462' title='bbox 1536 1259 1626 1294; x_wconf 88' lang='lat' dir='ltr'><strong>paullo</strong></span> <span class='ocrx_word' id='word_1_463' title='bbox 1640 1264 1699 1294; x_wconf 87' lang='lat' dir='ltr'><strong>post</strong></span> <span class='ocrx_word' id='word_1_464' title='bbox 1713 1259 1788 1294; x_wconf 89' lang='lat' dir='ltr'><strong>plura</strong></span> <span class='ocrx_word' id='word_1_465' title='bbox 1802 1259 1845 1286; x_wconf 86' lang='lat' dir='ltr'><strong>di-</strong></span> 
     </span>
    </p>
   </div>
   <div class='ocr_carea' id='block_1_24' title="bbox 1032 1295 1845 1331">
    <p class='ocr_par' dir='ltr' id='par_1_25' title="bbox 1032 1295 1845 1331">
     <span class='ocr_line' id='line_1_65' title="bbox 1032 1295 1845 1331; baseline 0.001 -9"><span class='ocrx_word' id='word_1_466' title='bbox 1032 1307 1033 1311; x_wconf 52' lang='lat'><em>*</em></span> <span class='ocrx_word' id='word_1_467' title='bbox 1054 1304 1158 1327; x_wconf 75' lang='lat' dir='ltr'><strong>cemus3</strong></span> <span class='ocrx_word' id='word_1_468' title='bbox 1182 1296 1231 1322; x_wconf 91' lang='lat' dir='ltr'><strong>hoc</strong></span> <span class='ocrx_word' id='word_1_469' title='bbox 1249 1300 1337 1322; x_wconf 89' lang='lat' dir='ltr'><strong>autem</strong></span> <span class='ocrx_word' id='word_1_470' title='bbox 1353 1295 1408 1323; x_wconf 88' lang='lat' dir='ltr'><strong>loco</strong></span> <span class='ocrx_word' id='word_1_471' title='bbox 1422 1296 1557 1323; x_wconf 84' lang='lat' dir='ltr'><strong>voluimus</strong></span> <span class='ocrx_word' id='word_1_472' title='bbox 1571 1297 1598 1323; x_wconf 90' lang='lat' dir='ltr'><strong>in</strong></span> <span class='ocrx_word' id='word_1_473' title='bbox 1612 1297 1746 1331; x_wconf 79' lang='lat' dir='ltr'><strong>disparem</strong></span> <span class='ocrx_word' id='word_1_474' title='bbox 1759 1301 1845 1323; x_wconf 83' lang='lat' dir='ltr'><strong>orato-</strong></span> 
     </span>
    </p>
   </div>
   <div class='ocr_carea' id='block_1_25' title="bbox 212 1331 1845 1407">
    <p class='ocr_par' dir='ltr' id='par_1_26' title="bbox 212 1331 1845 1407">
     <span class='ocr_line' id='line_1_66' title="bbox 212 1331 1033 1368; baseline 0.005 -12"><span class='ocrx_word' id='word_1_475' title='bbox 212 1331 367 1357; x_wconf 82' lang='lat' dir='ltr'><strong>ditiosorum</strong></span> <span class='ocrx_word' id='word_1_476' title='bbox 393 1332 513 1358; x_wconf 91' lang='lat' dir='ltr'><strong>omnium</strong></span> <span class='ocrx_word' id='word_1_477' title='bbox 540 1337 599 1367; x_wconf 84' lang='lat' dir='ltr'><strong>post</strong></span> <span class='ocrx_word' id='word_1_478' title='bbox 630 1333 762 1360; x_wconf 83' lang='lat' dir='ltr'><strong>Gracchos</strong></span> <span class='ocrx_word' id='word_1_479' title='bbox 794 1334 822 1359; x_wconf 87' lang='lat' dir='ltr'><strong>L.</strong></span> <span class='ocrx_word' id='word_1_480' title='bbox 854 1333 1003 1368; x_wconf 77' lang='lat' dir='ltr'><strong>Appuleius</strong></span> <span class='ocrx_word' id='word_1_481' title='bbox 1032 1334 1033 1360; x_wconf 63' lang='lat' dir='ltr'>i</span> 
     </span>
     <span class='ocr_line' id='line_1_67' title="bbox 1025 1370 1845 1407; baseline 0 -9"><span class='ocrx_word' id='word_1_482' title='bbox 1025 1387 1033 1398; x_wconf 50' lang='grc' dir='ltr'>μ</span> <span class='ocrx_word' id='word_1_483' title='bbox 1055 1370 1106 1397; x_wconf 87' lang='lat' dir='ltr'><strong>bus</strong></span> <span class='ocrx_word' id='word_1_484' title='bbox 1124 1371 1269 1396; x_wconf 84' lang='lat' dir='ltr'><strong>usuvenire</strong></span> <span class='ocrx_word' id='word_1_485' title='bbox 1292 1378 1399 1396; x_wconf 87' lang='lat' dir='ltr'><strong>necesse</strong></span> <span class='ocrx_word' id='word_1_486' title='bbox 1422 1370 1481 1400; x_wconf 78' lang='lat' dir='ltr'><strong>fuit,</strong></span> <span class='ocrx_word' id='word_1_487' title='bbox 1507 1371 1608 1406; x_wconf 88' lang='lat' dir='ltr'><strong>quibus</strong></span> <span class='ocrx_word' id='word_1_488' title='bbox 1630 1371 1720 1406; x_wconf 91' lang='lat' dir='ltr'><strong>paullo</strong></span> <span class='ocrx_word' id='word_1_489' title='bbox 1743 1370 1845 1407; x_wconf 84' lang='lat' dir='ltr'><strong>longior</strong></span> 
     </span>
    </p>
   </div>
   <div class='ocr_carea' id='block_1_26' title="bbox 211 1368 1004 1589">
    <p class='ocr_par' dir='ltr' id='par_1_27' title="bbox 211 1368 1004 1589">
     <span class='ocr_line' id='line_1_68' title="bbox 211 1368 1004 1406; baseline 0.003 -12"><span class='ocrx_word' id='word_1_490' title='bbox 211 1368 370 1394; x_wconf 78' lang='lat' dir='ltr'><strong>Saturninus</strong></span> <span class='ocrx_word' id='word_1_491' title='bbox 388 1368 624 1403; x_wconf 86' lang='lat' dir='ltr'><strong>eloquentissimus</strong></span> <span class='ocrx_word' id='word_1_492' title='bbox 643 1371 718 1396; x_wconf 86' lang='lat' dir='ltr'><strong>visus</strong></span> <span class='ocrx_word' id='word_1_493' title='bbox 737 1375 789 1401; x_wconf 72' lang='lat' dir='ltr'><strong>est.</strong></span> <span class='ocrx_word' id='word_1_494' title='bbox 811 1371 896 1406; x_wconf 76' lang='lat' dir='ltr'><strong>magis</strong></span> <span class='ocrx_word' id='word_1_495' title='bbox 915 1371 1004 1405; x_wconf 88' lang='lat' dir='ltr'><strong>specie</strong></span> 
     </span>
     <span class='ocr_line' id='line_1_69' title="bbox 212 1408 1000 1442; baseline 0.005 -12"><span class='ocrx_word' id='word_1_496' title='bbox 212 1410 298 1431; x_wconf 87' lang='lat' dir='ltr'><strong>tamen</strong></span> <span class='ocrx_word' id='word_1_497' title='bbox 317 1410 342 1432; x_wconf 89' lang='lat' dir='ltr'><strong>et</strong></span> <span class='ocrx_word' id='word_1_498' title='bbox 362 1410 434 1432; x_wconf 89' lang='lat' dir='ltr'><strong>motu</strong></span> <span class='ocrx_word' id='word_1_499' title='bbox 452 1411 532 1441; x_wconf 86' lang='lat' dir='ltr'><strong>atque</strong></span> <span class='ocrx_word' id='word_1_500' title='bbox 552 1408 610 1441; x_wconf 88' lang='lat' dir='ltr'><strong>ipso</strong></span> <span class='ocrx_word' id='word_1_501' title='bbox 624 1408 722 1433; x_wconf 87' lang='lat' dir='ltr'><strong>amictu</strong></span> <span class='ocrx_word' id='word_1_502' title='bbox 736 1408 856 1442; x_wconf 86' lang='lat' dir='ltr'><strong>capiebat</strong></span> <span class='ocrx_word' id='word_1_503' title='bbox 871 1408 1000 1439; x_wconf 80' lang='lat' dir='ltr'><strong>homines,</strong></span> 
     </span>
     <span class='ocr_line' id='line_1_70' title="bbox 211 1443 1002 1480; baseline 0.004 -12"><span class='ocrx_word' id='word_1_504' title='bbox 211 1451 292 1477; x_wconf 87' lang='lat' dir='ltr'><strong>quam</strong></span> <span class='ocrx_word' id='word_1_505' title='bbox 311 1447 356 1469; x_wconf 88' lang='lat' dir='ltr'><strong>aut</strong></span> <span class='ocrx_word' id='word_1_506' title='bbox 373 1443 478 1469; x_wconf 90' lang='lat' dir='ltr'><strong>dicendi</strong></span> <span class='ocrx_word' id='word_1_507' title='bbox 493 1444 567 1479; x_wconf 91' lang='lat' dir='ltr'><strong>copia</strong></span> <span class='ocrx_word' id='word_1_508' title='bbox 582 1449 627 1470; x_wconf 91' lang='lat' dir='ltr'><strong>aut</strong></span> <span class='ocrx_word' id='word_1_509' title='bbox 640 1444 821 1471; x_wconf 82' lang='lat' dir='ltr'><strong>mediocritate</strong></span> <span class='ocrx_word' id='word_1_510' title='bbox 835 1445 1002 1480; x_wconf 78' lang='lat' dir='ltr'><strong>prudentiae.</strong></span> 
     </span>
     <span class='ocr_line' id='line_1_71' title="bbox 213 1480 1002 1516; baseline 0.005 -11"><span class='ocrx_word' id='word_1_511' title='bbox 213 1480 300 1514; x_wconf 81' lang='lat' dir='ltr'><strong>Longe</strong></span> <span class='ocrx_word' id='word_1_512' title='bbox 322 1484 410 1506; x_wconf 89' lang='lat' dir='ltr'><strong>autem</strong></span> <span class='ocrx_word' id='word_1_513' title='bbox 429 1485 488 1515; x_wconf 87' lang='lat' dir='ltr'><strong>post</strong></span> <span class='ocrx_word' id='word_1_514' title='bbox 507 1485 580 1507; x_wconf 86' lang='lat' dir='ltr'><strong>natos</strong></span> <span class='ocrx_word' id='word_1_515' title='bbox 599 1481 720 1508; x_wconf 86' lang='lat' dir='ltr'><strong>homines</strong></span> <span class='ocrx_word' id='word_1_516' title='bbox 738 1482 954 1516; x_wconf 85' lang='lat' dir='ltr'><strong>improbissimus</strong></span> <span class='ocrx_word' id='word_1_517' title='bbox 973 1482 1002 1509; x_wconf 95' lang='lat' dir='ltr'><strong>C.</strong></span> 
     </span>
     <span class='ocr_line' id='line_1_72' title="bbox 211 1517 1004 1553; baseline 0.005 -11"><span class='ocrx_word' id='word_1_518' title='bbox 211 1517 342 1543; x_wconf 83' lang='lat' dir='ltr'><strong>Servilius</strong></span> <span class='ocrx_word' id='word_1_519' title='bbox 369 1517 488 1549; x_wconf 84' lang='lat' dir='ltr'><strong>Glaucia,</strong></span> <span class='ocrx_word' id='word_1_520' title='bbox 517 1518 564 1544; x_wconf 88' lang='lat' dir='ltr'><strong>sed</strong></span> <span class='ocrx_word' id='word_1_521' title='bbox 589 1523 731 1553; x_wconf 88' lang='lat' dir='ltr'><strong>peracutus</strong></span> <span class='ocrx_word' id='word_1_522' title='bbox 758 1524 783 1545; x_wconf 91' lang='lat' dir='ltr'><strong>et</strong></span> <span class='ocrx_word' id='word_1_523' title='bbox 805 1519 919 1546; x_wconf 84' lang='lat' dir='ltr'><strong>callidus</strong></span> <span class='ocrx_word' id='word_1_524' title='bbox 941 1528 1004 1546; x_wconf 90' lang='lat' dir='ltr'><strong>cum</strong></span> 
     </span>
     <span class='ocr_line' id='line_1_73' title="bbox 211 1554 1004 1589; baseline 0.004 -9"><span class='ocrx_word' id='word_1_525' title='bbox 211 1554 360 1589; x_wconf 86' lang='lat' dir='ltr'><strong>primisque</strong></span> <span class='ocrx_word' id='word_1_526' title='bbox 382 1554 523 1581; x_wconf 90' lang='lat' dir='ltr'><strong>ridiculus.</strong></span> <span class='ocrx_word' id='word_1_527' title='bbox 557 1556 581 1582; x_wconf 91' lang='lat' dir='ltr'><strong>1s</strong></span> <span class='ocrx_word' id='word_1_528' title='bbox 605 1564 638 1582; x_wconf 86' lang='lat' dir='ltr'><strong>ex</strong></span> <span class='ocrx_word' id='word_1_529' title='bbox 661 1557 776 1582; x_wconf 88' lang='lat' dir='ltr'><strong>summis</strong></span> <span class='ocrx_word' id='word_1_530' title='bbox 798 1561 823 1583; x_wconf 87' lang='lat' dir='ltr'><strong>et</strong></span> <span class='ocrx_word' id='word_1_531' title='bbox 841 1556 961 1583; x_wconf 86' lang='lat' dir='ltr'><strong>fortunae</strong></span> <span class='ocrx_word' id='word_1_532' title='bbox 979 1561 1004 1583; x_wconf 88' lang='lat' dir='ltr'><strong>et</strong></span> 
     </span>
    </p>
   </div>
   <div class='ocr_carea' id='block_1_27' title="bbox 211 1591 1026 1740">
    <p class='ocr_par' dir='ltr' id='par_1_28' title="bbox 211 1591 1026 1740">
     <span class='ocr_line' id='line_1_74' title="bbox 211 1591 1026 1630; baseline 0.005 -13"><span class='ocrx_word' id='word_1_533' title='bbox 211 1591 280 1617; x_wconf 87' lang='lat' dir='ltr'><strong>vitae</strong></span> <span class='ocrx_word' id='word_1_534' title='bbox 298 1591 422 1618; x_wconf 87' lang='lat' dir='ltr'><strong>sordibus</strong></span> <span class='ocrx_word' id='word_1_535' title='bbox 441 1592 469 1618; x_wconf 91' lang='lat' dir='ltr'><strong>in</strong></span> <span class='ocrx_word' id='word_1_536' title='bbox 487 1597 608 1627; x_wconf 84' lang='lat' dir='ltr'><strong>praetura</strong></span> <span class='ocrx_word' id='word_1_537' title='bbox 622 1593 714 1620; x_wconf 91' lang='lat' dir='ltr'><strong>consul</strong></span> <span class='ocrx_word' id='word_1_538' title='bbox 730 1593 816 1620; x_wconf 86' lang='lat' dir='ltr'><strong>factus</strong></span> <span class='ocrx_word' id='word_1_539' title='bbox 829 1598 908 1625; x_wconf 79' lang='lat' dir='ltr'><strong>esset,</strong></span> <span class='ocrx_word' id='word_1_540' title='bbox 924 1595 947 1620; x_wconf 92' lang='lat' dir='ltr'><strong>si</strong></span> <span class='ocrx_word' id='word_1_541' title='bbox 962 1603 1004 1620; x_wconf 88' lang='lat' dir='ltr'><strong>ra-</strong></span> <span class='ocrx_word' id='word_1_542' title='bbox 1024 1603 1026 1630; x_wconf 66' lang='grc' dir='ltr'>ζ</span> 
     </span>
     <span class='ocr_line' id='line_1_75' title="bbox 898 1632 1026 1657; baseline 0 0"><span class='ocrx_word' id='word_1_543' title='bbox 898 1632 964 1657; x_wconf 91' lang='lat' dir='ltr'><strong>Nam</strong></span> <span class='ocrx_word' id='word_1_544' title='bbox 979 1635 1004 1657; x_wconf 85' lang='lat' dir='ltr'><strong>et</strong></span> <span class='ocrx_word' id='word_1_545' title='bbox 1025 1647 1026 1653; x_wconf 65' lang='lat'><strong>.</strong></span> 
     </span>
     <span class='ocr_line' id='line_1_76' title="bbox 211 1666 1026 1703; baseline 0.004 -12"><span class='ocrx_word' id='word_1_546' title='bbox 211 1666 315 1700; x_wconf 87' lang='lat' dir='ltr'><strong>plebem</strong></span> <span class='ocrx_word' id='word_1_547' title='bbox 335 1666 439 1693; x_wconf 87' lang='lat' dir='ltr'><strong>tenebat</strong></span> <span class='ocrx_word' id='word_1_548' title='bbox 452 1671 478 1693; x_wconf 87' lang='lat' dir='ltr'><strong>et</strong></span> <span class='ocrx_word' id='word_1_549' title='bbox 495 1672 646 1702; x_wconf 88' lang='lat' dir='ltr'><strong>equestrem</strong></span> <span class='ocrx_word' id='word_1_550' title='bbox 661 1667 780 1694; x_wconf 90' lang='lat' dir='ltr'><strong>ordinem</strong></span> <span class='ocrx_word' id='word_1_551' title='bbox 795 1668 923 1694; x_wconf 82' lang='lat' dir='ltr'><strong>beneficio</strong></span> <span class='ocrx_word' id='word_1_552' title='bbox 937 1668 1004 1703; x_wconf 79' lang='lat' dir='ltr'><strong>legis</strong></span> <span class='ocrx_word' id='word_1_553' title='bbox 1025 1681 1026 1684; x_wconf 65' lang='lat'><em>=</em></span> 
     </span>
     <span class='ocr_line' id='line_1_77' title="bbox 770 1705 1026 1740; baseline 0 -9"><span class='ocrx_word' id='word_1_554' title='bbox 770 1713 824 1740; x_wconf 92' lang='lat' dir='ltr'><strong>quo</strong></span> <span class='ocrx_word' id='word_1_555' title='bbox 843 1705 1003 1731; x_wconf 86' lang='lat' dir='ltr'><strong>Saturninus</strong></span> <span class='ocrx_word' id='word_1_556' title='bbox 1024 1717 1026 1723; x_wconf 94' lang='lat'><em>·</em></span> 
     </span>
    </p>
   </div>
   <div class='ocr_carea' id='block_1_28' title="bbox 210 1629 857 1657">
    <p class='ocr_par' dir='ltr' id='par_1_29' title="bbox 210 1629 857 1657">
     <span class='ocr_line' id='line_1_78' title="bbox 210 1629 857 1657; baseline 0.005 -3"><span class='ocrx_word' id='word_1_557' title='bbox 210 1630 309 1655; x_wconf 86' lang='lat' dir='ltr'><strong>tionem</strong></span> <span class='ocrx_word' id='word_1_558' title='bbox 327 1629 386 1655; x_wconf 88' lang='lat' dir='ltr'><strong>eius</strong></span> <span class='ocrx_word' id='word_1_559' title='bbox 404 1629 495 1656; x_wconf 91' lang='lat' dir='ltr'><strong>haberi</strong></span> <span class='ocrx_word' id='word_1_560' title='bbox 516 1629 592 1656; x_wconf 87' lang='lat' dir='ltr'><strong>licere</strong></span> <span class='ocrx_word' id='word_1_561' title='bbox 611 1631 758 1657; x_wconf 84' lang='lat' dir='ltr'><strong>iudicatum</strong></span> <span class='ocrx_word' id='word_1_562' title='bbox 777 1635 857 1657; x_wconf 86' lang='lat' dir='ltr'><strong>esset.</strong></span> 
     </span>
    </p>
   </div>
   <div class='ocr_carea' id='block_1_29' title="bbox 210 1703 1003 1777">
    <p class='ocr_par' dir='ltr' id='par_1_30' title="bbox 210 1703 1003 1777">
     <span class='ocr_line' id='line_1_79' title="bbox 210 1703 750 1738; baseline 0.004 -9"><span class='ocrx_word' id='word_1_563' title='bbox 210 1703 374 1729; x_wconf 83' lang='lat' dir='ltr'><strong>devinxerat.</strong></span> <span class='ocrx_word' id='word_1_564' title='bbox 415 1704 439 1729; x_wconf 92' lang='lat' dir='ltr'><strong>Is</strong></span> <span class='ocrx_word' id='word_1_565' title='bbox 461 1709 565 1738; x_wconf 86' lang='lat' dir='ltr'><strong>praetor</strong></span> <span class='ocrx_word' id='word_1_566' title='bbox 583 1705 675 1731; x_wconf 88' lang='lat' dir='ltr'><strong>eodem</strong></span> <span class='ocrx_word' id='word_1_567' title='bbox 694 1705 750 1735; x_wconf 86' lang='lat' dir='ltr'><strong>die,</strong></span> 
     </span>
     <span class='ocr_line' id='line_1_80' title="bbox 210 1740 1003 1777; baseline 0.003 -11"><span class='ocrx_word' id='word_1_568' title='bbox 210 1740 335 1766; x_wconf 86' lang='lat' dir='ltr'><strong>tribunus</strong></span> <span class='ocrx_word' id='word_1_569' title='bbox 353 1740 454 1774; x_wconf 88' lang='lat' dir='ltr'><strong>plebis,</strong></span> <span class='ocrx_word' id='word_1_570' title='bbox 470 1741 552 1768; x_wconf 81' lang='lat' dir='ltr'><strong>Mario</strong></span> <span class='ocrx_word' id='word_1_571' title='bbox 565 1746 590 1768; x_wconf 87' lang='lat' dir='ltr'><strong>et</strong></span> <span class='ocrx_word' id='word_1_572' title='bbox 604 1741 697 1768; x_wconf 89' lang='lat' dir='ltr'><strong>Flacco</strong></span> <span class='ocrx_word' id='word_1_573' title='bbox 709 1742 879 1773; x_wconf 81' lang='lat' dir='ltr'><strong>consulibus,</strong></span> <span class='ocrx_word' id='word_1_574' title='bbox 896 1742 1003 1777; x_wconf 88' lang='lat' dir='ltr'><strong>publice</strong></span> 
     </span>
    </p>
   </div>
   <div class='ocr_carea' id='block_1_30' title="bbox 209 1777 1026 2000">
    <p class='ocr_par' dir='ltr' id='par_1_31' title="bbox 209 1777 1026 2000">
     <span class='ocr_line' id='line_1_81' title="bbox 210 1777 1025 1815; baseline 0.004 -12"><span class='ocrx_word' id='word_1_575' title='bbox 210 1782 250 1803; x_wconf 90' lang='lat' dir='ltr'><strong>est</strong></span> <span class='ocrx_word' id='word_1_576' title='bbox 263 1777 432 1810; x_wconf 48' lang='lat' dir='ltr'><strong>interfectum</strong></span> <span class='ocrx_word' id='word_1_577' title='bbox 454 1778 534 1805; x_wconf 91' lang='lat' dir='ltr'><strong>homo</strong></span> <span class='ocrx_word' id='word_1_578' title='bbox 547 1779 703 1805; x_wconf 86' lang='lat' dir='ltr'><strong>simillimus</strong></span> <span class='ocrx_word' id='word_1_579' title='bbox 717 1779 887 1806; x_wconf 80' lang='lat' dir='ltr'><strong>Atheniensis</strong></span> <span class='ocrx_word' id='word_1_580' title='bbox 902 1780 1004 1815; x_wconf 80' lang='lat' dir='ltr'><strong>Hyper·</strong></span> <span class='ocrx_word' id='word_1_581' title='bbox 1024 1789 1025 1793; x_wconf 59' lang='lat'>¹</span> 
     </span>
     <span class='ocr_line' id='line_1_82' title="bbox 210 1813 1026 1855; baseline 0.004 -15"><span class='ocrx_word' id='word_1_582' title='bbox 210 1813 273 1845; x_wconf 87' lang='lat' dir='ltr'><strong>boli,</strong></span> <span class='ocrx_word' id='word_1_583' title='bbox 289 1815 367 1840; x_wconf 90' lang='lat' dir='ltr'><strong>cuius</strong></span> <span class='ocrx_word' id='word_1_584' title='bbox 376 1815 571 1849; x_wconf 86' lang='lat' dir='ltr'><strong>improbitatem</strong></span> <span class='ocrx_word' id='word_1_585' title='bbox 583 1821 684 1842; x_wconf 80' lang='lat' dir='ltr'><strong>veteres</strong></span> <span class='ocrx_word' id='word_1_586' title='bbox 696 1817 842 1843; x_wconf 82' lang='lat' dir='ltr'><strong>Atticorum</strong></span> <span class='ocrx_word' id='word_1_587' title='bbox 853 1816 1003 1843; x_wconf 84' lang='lat' dir='ltr'><strong>comoediae</strong></span> <span class='ocrx_word' id='word_1_588' title='bbox 1024 1829 1026 1855; x_wconf 49' lang='grc' dir='ltr'><strong><em>ς</em></strong></span> 
     </span>
     <span class='ocr_line' id='line_1_83' title="bbox 210 1852 1025 1889; baseline 0.004 -12"><span class='ocrx_word' id='word_1_589' title='bbox 210 1855 377 1878; x_wconf 86' lang='lat' dir='ltr'><strong>notaverunt.</strong></span> <span class='ocrx_word' id='word_1_590' title='bbox 403 1854 461 1878; x_wconf 65' lang='lat'><strong>225.</strong></span> <span class='ocrx_word' id='word_1_591' title='bbox 477 1852 549 1885; x_wconf 88' lang='lat' dir='ltr'><strong>Quos</strong></span> <span class='ocrx_word' id='word_1_592' title='bbox 563 1853 625 1879; x_wconf 76' lang='lat' dir='ltr'><strong>Sex.</strong></span> <span class='ocrx_word' id='word_1_593' title='bbox 642 1854 727 1880; x_wconf 87' lang='lat' dir='ltr'><strong>Titius</strong></span> <span class='ocrx_word' id='word_1_594' title='bbox 741 1858 910 1882; x_wconf 83' lang='lat' dir='ltr'><strong>consecutus.</strong></span> <span class='ocrx_word' id='word_1_595' title='bbox 924 1854 1002 1880; x_wconf 92' lang='lat' dir='ltr'><strong>homo</strong></span> <span class='ocrx_word' id='word_1_596' title='bbox 1024 1867 1025 1889; x_wconf 67' lang='lat'>3</span> 
     </span>
     <span class='ocr_line' id='line_1_84' title="bbox 211 1888 1025 1924; baseline 0.001 -10"><span class='ocrx_word' id='word_1_597' title='bbox 211 1888 308 1924; x_wconf 80' lang='lat' dir='ltr'><strong>loquax</strong></span> <span class='ocrx_word' id='word_1_598' title='bbox 321 1897 385 1915; x_wconf 84' lang='lat' dir='ltr'><strong>sane</strong></span> <span class='ocrx_word' id='word_1_599' title='bbox 399 1894 424 1915; x_wconf 90' lang='lat' dir='ltr'><strong>et</strong></span> <span class='ocrx_word' id='word_1_600' title='bbox 437 1891 501 1916; x_wconf 87' lang='lat' dir='ltr'><strong>satis</strong></span> <span class='ocrx_word' id='word_1_601' title='bbox 515 1895 617 1921; x_wconf 72' lang='lat' dir='ltr'><strong>acutus,</strong></span> <span class='ocrx_word' id='word_1_602' title='bbox 635 1890 682 1916; x_wconf 87' lang='lat' dir='ltr'><strong>sed</strong></span> <span class='ocrx_word' id='word_1_603' title='bbox 696 1895 748 1917; x_wconf 85' lang='lat' dir='ltr'><strong>tam</strong></span> <span class='ocrx_word' id='word_1_604' title='bbox 763 1890 867 1917; x_wconf 88' lang='lat' dir='ltr'><strong>solutus</strong></span> <span class='ocrx_word' id='word_1_605' title='bbox 877 1896 902 1917; x_wconf 90' lang='lat' dir='ltr'><strong>et</strong></span> <span class='ocrx_word' id='word_1_606' title='bbox 913 1891 1001 1917; x_wconf 87' lang='lat' dir='ltr'><strong>mollis</strong></span> <span class='ocrx_word' id='word_1_607' title='bbox 1023 1901 1025 1915; x_wconf 66' lang='lat'>1</span> 
     </span>
     <span class='ocr_line' id='line_1_85' title="bbox 209 1926 1002 1962; baseline 0.002 -10"><span class='ocrx_word' id='word_1_608' title='bbox 209 1926 237 1952; x_wconf 89' lang='lat' dir='ltr'><strong>in</strong></span> <span class='ocrx_word' id='word_1_609' title='bbox 255 1930 345 1961; x_wconf 82' lang='lat' dir='ltr'><strong>gestu,</strong></span> <span class='ocrx_word' id='word_1_610' title='bbox 366 1930 396 1952; x_wconf 88' lang='lat' dir='ltr'><strong>ut</strong></span> <span class='ocrx_word' id='word_1_611' title='bbox 413 1926 517 1954; x_wconf 84' lang='lat' dir='ltr'><strong>saltatio</strong></span> <span class='ocrx_word' id='word_1_612' title='bbox 534 1928 665 1962; x_wconf 87' lang='lat' dir='ltr'><strong>quaedam</strong></span> <span class='ocrx_word' id='word_1_613' title='bbox 684 1933 848 1959; x_wconf 83' lang='lat' dir='ltr'><strong>nasceretur,</strong></span> <span class='ocrx_word' id='word_1_614' title='bbox 863 1929 907 1954; x_wconf 91' lang='lat' dir='ltr'><strong>cui</strong></span> <span class='ocrx_word' id='word_1_615' title='bbox 922 1928 1002 1954; x_wconf 83' lang='lat' dir='ltr'><strong>salta-</strong></span> 
     </span>
     <span class='ocr_line' id='line_1_86' title="bbox 209 1963 1025 2000; baseline 0.002 -11"><span class='ocrx_word' id='word_1_616' title='bbox 209 1963 276 1989; x_wconf 89' lang='lat' dir='ltr'><strong>tioni</strong></span> <span class='ocrx_word' id='word_1_617' title='bbox 289 1963 375 1989; x_wconf 88' lang='lat' dir='ltr'><strong>Titius</strong></span> <span class='ocrx_word' id='word_1_618' title='bbox 389 1972 484 1990; x_wconf 88' lang='lat' dir='ltr'><strong>nomen</strong></span> <span class='ocrx_word' id='word_1_619' title='bbox 498 1969 577 1990; x_wconf 86' lang='lat' dir='ltr'><strong>esset.</strong></span> <span class='ocrx_word' id='word_1_620' title='bbox 612 1966 647 1991; x_wconf 90' lang='lat' dir='ltr'><strong>Ita</strong></span> <span class='ocrx_word' id='word_1_621' title='bbox 661 1965 810 1991; x_wconf 74' lang='lat' dir='ltr'><strong>cavendum</strong></span> <span class='ocrx_word' id='word_1_622' title='bbox 824 1970 872 1996; x_wconf 85' lang='lat' dir='ltr'><strong>est,</strong></span> <span class='ocrx_word' id='word_1_623' title='bbox 889 1973 921 1991; x_wconf 89' lang='lat' dir='ltr'><strong>ne</strong></span> <span class='ocrx_word' id='word_1_624' title='bbox 934 1965 1002 2000; x_wconf 89' lang='lat' dir='ltr'><strong>quid</strong></span> <span class='ocrx_word' id='word_1_625' title='bbox 1023 1967 1025 1997; x_wconf 74' lang='grc' dir='ltr'>ξ</span> 
     </span>
    </p>
   </div>
   <div class='ocr_carea' id='block_1_31' title="bbox 207 2000 1001 2667">
    <p class='ocr_par' dir='ltr' id='par_1_32' title="bbox 208 2000 1001 2142">
     <span class='ocr_line' id='line_1_87' title="bbox 208 2000 999 2035; baseline 0.003 -9"><span class='ocrx_word' id='word_1_626' title='bbox 208 2001 236 2026; x_wconf 89' lang='lat' dir='ltr'><strong>in</strong></span> <span class='ocrx_word' id='word_1_627' title='bbox 255 2000 357 2035; x_wconf 78' lang='lat' dir='ltr'><strong>agendo</strong></span> <span class='ocrx_word' id='word_1_628' title='bbox 375 2000 521 2027; x_wconf 84' lang='lat' dir='ltr'><strong>dicendove</strong></span> <span class='ocrx_word' id='word_1_629' title='bbox 539 2001 631 2033; x_wconf 86' lang='lat' dir='ltr'><strong>facias,</strong></span> <span class='ocrx_word' id='word_1_630' title='bbox 651 2002 729 2028; x_wconf 84' lang='lat' dir='ltr'><strong>cuius</strong></span> <span class='ocrx_word' id='word_1_631' title='bbox 748 2002 860 2029; x_wconf 83' lang='lat' dir='ltr'><strong>imitatio</strong></span> <span class='ocrx_word' id='word_1_632' title='bbox 873 2002 999 2029; x_wconf 87' lang='lat' dir='ltr'><strong>rideatur.</strong></span> 
     </span>
     <span class='ocr_line' id='line_1_88' title="bbox 210 2037 1001 2074; baseline 0.004 -11"><span class='ocrx_word' id='word_1_633' title='bbox 210 2037 300 2063; x_wconf 89' lang='lat' dir='ltr'><strong>LXIII.</strong></span> <span class='ocrx_word' id='word_1_634' title='bbox 326 2037 378 2064; x_wconf 91' lang='lat' dir='ltr'><strong>Sed</strong></span> <span class='ocrx_word' id='word_1_635' title='bbox 404 2037 437 2064; x_wconf 89' lang='lat' dir='ltr'><strong>ad</strong></span> <span class='ocrx_word' id='word_1_636' title='bbox 463 2038 553 2072; x_wconf 91' lang='lat' dir='ltr'><strong>paullo</strong></span> <span class='ocrx_word' id='word_1_637' title='bbox 578 2039 742 2074; x_wconf 88' lang='lat' dir='ltr'><strong>superiorem</strong></span> <span class='ocrx_word' id='word_1_638' title='bbox 769 2044 880 2065; x_wconf 88' lang='lat' dir='ltr'><strong>aetatem</strong></span> <span class='ocrx_word' id='word_1_639' title='bbox 902 2040 1001 2066; x_wconf 87' lang='lat' dir='ltr'><strong>revecti</strong></span> 
     </span>
     <span class='ocr_line' id='line_1_89' title="bbox 209 2075 1000 2112; baseline 0.004 -12"><span class='ocrx_word' id='word_1_640' title='bbox 209 2083 319 2101; x_wconf 84' lang='lat' dir='ltr'><strong>sumus:</strong></span> <span class='ocrx_word' id='word_1_641' title='bbox 351 2083 422 2101; x_wconf 89' lang='lat' dir='ltr'><strong>nunc</strong></span> <span class='ocrx_word' id='word_1_642' title='bbox 444 2075 476 2101; x_wconf 92' lang='lat' dir='ltr'><strong>ad</strong></span> <span class='ocrx_word' id='word_1_643' title='bbox 499 2084 571 2107; x_wconf 84' lang='lat' dir='ltr'><strong>eam,</strong></span> <span class='ocrx_word' id='word_1_644' title='bbox 587 2076 620 2102; x_wconf 91' lang='lat' dir='ltr'><strong>de</strong></span> <span class='ocrx_word' id='word_1_645' title='bbox 638 2085 691 2112; x_wconf 86' lang='lat' dir='ltr'><strong>qua</strong></span> <span class='ocrx_word' id='word_1_646' title='bbox 709 2076 876 2112; x_wconf 88' lang='lat' dir='ltr'><strong>aliquantum</strong></span> <span class='ocrx_word' id='word_1_647' title='bbox 904 2085 1000 2103; x_wconf 88' lang='lat' dir='ltr'><strong>sumus</strong></span> 
     </span>
     <span class='ocr_line' id='line_1_90' title="bbox 210 2111 487 2142; baseline 0 -4"><span class='ocrx_word' id='word_1_648' title='bbox 210 2111 298 2142; x_wconf 84' lang='lat' dir='ltr'><strong>locuti,</strong></span> <span class='ocrx_word' id='word_1_649' title='bbox 315 2116 487 2139; x_wconf 84' lang='lat' dir='ltr'><strong>revertamur.</strong></span> 
     </span>
    </p>

    <p class='ocr_par' dir='ltr' id='par_1_33' title="bbox 207 2149 1001 2667">
     <span class='ocr_line' id='line_1_91' title="bbox 262 2149 999 2186; baseline 0.003 -11"><span class='ocrx_word' id='word_1_650' title='bbox 262 2150 320 2176; x_wconf 75' lang='lat'><strong>226.</strong></span> <span class='ocrx_word' id='word_1_651' title='bbox 337 2149 500 2176; x_wconf 88' lang='lat' dir='ltr'><strong>Coniunctus</strong></span> <span class='ocrx_word' id='word_1_652' title='bbox 513 2151 595 2186; x_wconf 81' lang='lat' dir='ltr'><strong>igitur</strong></span> <span class='ocrx_word' id='word_1_653' title='bbox 608 2149 721 2185; x_wconf 90' lang='lat' dir='ltr'><strong>Sulpicii</strong></span> <span class='ocrx_word' id='word_1_654' title='bbox 735 2151 811 2177; x_wconf 83' lang='lat' dir='ltr'><strong>aetati</strong></span> <span class='ocrx_word' id='word_1_655' title='bbox 826 2151 854 2176; x_wconf 85' lang='lat' dir='ltr'><strong>P.</strong></span> <span class='ocrx_word' id='word_1_656' title='bbox 867 2151 999 2177; x_wconf 80' lang='lat' dir='ltr'><strong>Antistius</strong></span> 
     </span>
     <span class='ocr_line' id='line_1_92' title="bbox 209 2185 1001 2223; baseline 0.003 -11"><span class='ocrx_word' id='word_1_657' title='bbox 209 2185 267 2217; x_wconf 76' lang='lat' dir='ltr'><strong>fuit.</strong></span> <span class='ocrx_word' id='word_1_658' title='bbox 283 2185 377 2212; x_wconf 85' lang='lat' dir='ltr'><strong>rabula</strong></span> <span class='ocrx_word' id='word_1_659' title='bbox 390 2195 453 2213; x_wconf 86' lang='lat' dir='ltr'><strong>sane</strong></span> <span class='ocrx_word' id='word_1_660' title='bbox 467 2187 622 2222; x_wconf 65' lang='lat' dir='ltr'><strong>probabilis,</strong></span> <span class='ocrx_word' id='word_1_661' title='bbox 638 2188 686 2222; x_wconf 88' lang='lat' dir='ltr'><strong>qui</strong></span> <span class='ocrx_word' id='word_1_662' title='bbox 696 2187 796 2214; x_wconf 86' lang='lat' dir='ltr'><strong>multos</strong></span> <span class='ocrx_word' id='word_1_663' title='bbox 805 2196 890 2223; x_wconf 89' lang='lat' dir='ltr'><strong>quum</strong></span> <span class='ocrx_word' id='word_1_664' title='bbox 902 2188 1001 2214; x_wconf 87' lang='lat' dir='ltr'><strong>tacuis-</strong></span> 
     </span>
     <span class='ocr_line' id='line_1_93' title="bbox 208 2224 1000 2258; baseline 0.003 -9"><span class='ocrx_word' id='word_1_665' title='bbox 208 2227 248 2249; x_wconf 85' lang='lat' dir='ltr'><strong>set</strong></span> <span class='ocrx_word' id='word_1_666' title='bbox 269 2231 352 2250; x_wconf 89' lang='lat' dir='ltr'><strong>annos</strong></span> <span class='ocrx_word' id='word_1_667' title='bbox 374 2232 460 2258; x_wconf 86' lang='lat' dir='ltr'><strong>neque</strong></span> <span class='ocrx_word' id='word_1_668' title='bbox 477 2225 610 2251; x_wconf 89' lang='lat' dir='ltr'><strong>contemni</strong></span> <span class='ocrx_word' id='word_1_669' title='bbox 624 2224 721 2256; x_wconf 87' lang='lat' dir='ltr'><strong>solum,</strong></span> <span class='ocrx_word' id='word_1_670' title='bbox 737 2225 784 2251; x_wconf 90' lang='lat' dir='ltr'><strong>sed</strong></span> <span class='ocrx_word' id='word_1_671' title='bbox 801 2224 905 2251; x_wconf 90' lang='lat' dir='ltr'><strong>irrideri</strong></span> <span class='ocrx_word' id='word_1_672' title='bbox 919 2225 1000 2251; x_wconf 84' lang='lat' dir='ltr'><strong>etiam</strong></span> 
     </span>
     <span class='ocr_line' id='line_1_94' title="bbox 208 2259 1001 2297; baseline 0.003 -11"><span class='ocrx_word' id='word_1_673' title='bbox 208 2259 303 2286; x_wconf 83' lang='lat' dir='ltr'><strong>solitus</strong></span> <span class='ocrx_word' id='word_1_674' title='bbox 317 2265 394 2292; x_wconf 81' lang='lat' dir='ltr'><strong>esset,</strong></span> <span class='ocrx_word' id='word_1_675' title='bbox 411 2261 439 2287; x_wconf 89' lang='lat' dir='ltr'><strong>in</strong></span> <span class='ocrx_word' id='word_1_676' title='bbox 453 2261 589 2288; x_wconf 88' lang='lat' dir='ltr'><strong>tribunatu</strong></span> <span class='ocrx_word' id='word_1_677' title='bbox 604 2262 731 2297; x_wconf 90' lang='lat' dir='ltr'><strong>primum,</strong></span> <span class='ocrx_word' id='word_1_678' title='bbox 743 2267 832 2288; x_wconf 86' lang='lat' dir='ltr'><strong>contra</strong></span> <span class='ocrx_word' id='word_1_679' title='bbox 847 2262 876 2288; x_wconf 90' lang='lat' dir='ltr'><strong>C.</strong></span> <span class='ocrx_word' id='word_1_680' title='bbox 892 2261 952 2288; x_wconf 87' lang='lat' dir='ltr'><strong>Iulii</strong></span> <span class='ocrx_word' id='word_1_681' title='bbox 966 2262 1001 2288; x_wconf 91' lang='lat' dir='ltr'><strong>il—</strong></span> 
     </span>
     <span class='ocr_line' id='line_1_95' title="bbox 209 2297 998 2333; baseline 0.003 -10"><span class='ocrx_word' id='word_1_682' title='bbox 209 2297 261 2323; x_wconf 91' lang='lat' dir='ltr'><strong>lam</strong></span> <span class='ocrx_word' id='word_1_683' title='bbox 282 2297 436 2324; x_wconf 90' lang='lat' dir='ltr'><strong>consulatus</strong></span> <span class='ocrx_word' id='word_1_684' title='bbox 459 2299 613 2333; x_wconf 87' lang='lat' dir='ltr'><strong>petitionem</strong></span> <span class='ocrx_word' id='word_1_685' title='bbox 635 2299 883 2330; x_wconf 84' lang='lat' dir='ltr'><strong>extraordinariam,</strong></span> <span class='ocrx_word' id='word_1_686' title='bbox 909 2307 998 2325; x_wconf 90' lang='lat' dir='ltr'><strong>veram</strong></span> 
     </span>
     <span class='ocr_line' id='line_1_96' title="bbox 207 2336 1000 2372; baseline 0.003 -12"><span class='ocrx_word' id='word_1_687' title='bbox 207 2342 329 2361; x_wconf 87' lang='lat' dir='ltr'><strong>caussam</strong></span> <span class='ocrx_word' id='word_1_688' title='bbox 348 2344 429 2371; x_wconf 83' lang='lat' dir='ltr'><strong>agens</strong></span> <span class='ocrx_word' id='word_1_689' title='bbox 447 2340 487 2362; x_wconf 87' lang='lat' dir='ltr'><strong>est</strong></span> <span class='ocrx_word' id='word_1_690' title='bbox 505 2336 644 2370; x_wconf 89' lang='lat' dir='ltr'><strong>probatus:</strong></span> <span class='ocrx_word' id='word_1_691' title='bbox 667 2341 692 2362; x_wconf 84' lang='lat' dir='ltr'><strong>et</strong></span> <span class='ocrx_word' id='word_1_692' title='bbox 701 2345 732 2363; x_wconf 84' lang='lat' dir='ltr'><strong>eo</strong></span> <span class='ocrx_word' id='word_1_693' title='bbox 741 2336 915 2372; x_wconf 83' lang='lat' dir='ltr'><strong>magis,quod</strong></span> <span class='ocrx_word' id='word_1_694' title='bbox 927 2345 1000 2362; x_wconf 88' lang='lat' dir='ltr'><strong>eam-</strong></span> 
     </span>
     <span class='ocr_line' id='line_1_97' title="bbox 207 2371 999 2410; baseline 0.003 -13"><span class='ocrx_word' id='word_1_695' title='bbox 207 2371 268 2397; x_wconf 86' lang='lat' dir='ltr'><strong>dem</strong></span> <span class='ocrx_word' id='word_1_696' title='bbox 281 2380 403 2398; x_wconf 80' lang='lat' dir='ltr'><strong>caussam</strong></span> <span class='ocrx_word' id='word_1_697' title='bbox 417 2381 502 2407; x_wconf 91' lang='lat' dir='ltr'><strong>quum</strong></span> <span class='ocrx_word' id='word_1_698' title='bbox 516 2377 605 2409; x_wconf 82' lang='lat' dir='ltr'><strong>ageret</strong></span> <span class='ocrx_word' id='word_1_699' title='bbox 619 2373 678 2400; x_wconf 87' lang='lat' dir='ltr'><strong>eius</strong></span> <span class='ocrx_word' id='word_1_700' title='bbox 690 2373 790 2410; x_wconf 81' lang='lat' dir='ltr'><strong>collega</strong></span> <span class='ocrx_word' id='word_1_701' title='bbox 804 2373 850 2399; x_wconf 87' lang='lat' dir='ltr'><strong>ille</strong></span> <span class='ocrx_word' id='word_1_702' title='bbox 863 2374 922 2408; x_wconf 86' lang='lat' dir='ltr'><strong>ipse</strong></span> <span class='ocrx_word' id='word_1_703' title='bbox 936 2373 999 2400; x_wconf 92' lang='lat' dir='ltr'><strong>Sul-</strong></span> 
     </span>
     <span class='ocr_line' id='line_1_98' title="bbox 208 2409 998 2445; baseline 0.004 -11"><span class='ocrx_word' id='word_1_704' title='bbox 208 2409 304 2442; x_wconf 72' lang='lat' dir='ltr'><strong>picius.</strong></span> <span class='ocrx_word' id='word_1_705' title='bbox 320 2409 363 2435; x_wconf 87' lang='lat' dir='ltr'><strong>hic</strong></span> <span class='ocrx_word' id='word_1_706' title='bbox 377 2409 453 2443; x_wconf 89' lang='lat' dir='ltr'><strong>plura</strong></span> <span class='ocrx_word' id='word_1_707' title='bbox 465 2415 490 2436; x_wconf 86' lang='lat' dir='ltr'><strong>et</strong></span> <span class='ocrx_word' id='word_1_708' title='bbox 503 2411 618 2437; x_wconf 83' lang='lat' dir='ltr'><strong>acutiora</strong></span> <span class='ocrx_word' id='word_1_709' title='bbox 632 2410 746 2437; x_wconf 86' lang='lat' dir='ltr'><strong>dicebat.</strong></span> <span class='ocrx_word' id='word_1_710' title='bbox 772 2411 863 2445; x_wconf 88' lang='lat' dir='ltr'><strong>ltaque</strong></span> <span class='ocrx_word' id='word_1_711' title='bbox 877 2415 937 2445; x_wconf 89' lang='lat' dir='ltr'><strong>post</strong></span> <span class='ocrx_word' id='word_1_712' title='bbox 950 2411 998 2437; x_wconf 88' lang='lat' dir='ltr'><strong>tri-</strong></span> 
     </span>
     <span class='ocr_line' id='line_1_99' title="bbox 207 2445 995 2481; baseline 0.004 -10"><span class='ocrx_word' id='word_1_713' title='bbox 207 2445 337 2472; x_wconf 85' lang='lat' dir='ltr'><strong>bunatum</strong></span> <span class='ocrx_word' id='word_1_714' title='bbox 348 2447 434 2481; x_wconf 88' lang='lat' dir='ltr'><strong>primo</strong></span> <span class='ocrx_word' id='word_1_715' title='bbox 444 2447 543 2474; x_wconf 90' lang='lat' dir='ltr'><strong>multae</strong></span> <span class='ocrx_word' id='word_1_716' title='bbox 552 2447 585 2474; x_wconf 89' lang='lat' dir='ltr'><strong>ad</strong></span> <span class='ocrx_word' id='word_1_717' title='bbox 595 2456 780 2479; x_wconf 83' lang='lat' dir='ltr'><strong>eumcaussae,</strong></span> <span class='ocrx_word' id='word_1_718' title='bbox 788 2447 885 2474; x_wconf 87' lang='lat' dir='ltr'><strong>deinde</strong></span> <span class='ocrx_word' id='word_1_719' title='bbox 893 2456 995 2479; x_wconf 85' lang='lat' dir='ltr'><strong>omnes,</strong></span> 
     </span>
     <span class='ocr_line' id='line_1_100' title="bbox 208 2483 996 2519; baseline 0.005 -12"><span class='ocrx_word' id='word_1_720' title='bbox 208 2483 339 2508; x_wconf 81' lang='lat' dir='ltr'><strong>maximae</strong></span> <span class='ocrx_word' id='word_1_721' title='bbox 352 2491 538 2519; x_wconf 83' lang='lat' dir='ltr'><strong>quaecumque</strong></span> <span class='ocrx_word' id='word_1_722' title='bbox 551 2489 633 2516; x_wconf 87' lang='lat' dir='ltr'><strong>erant,</strong></span> <span class='ocrx_word' id='word_1_723' title='bbox 649 2484 845 2511; x_wconf 83' lang='lat' dir='ltr'><strong>deferebantur.</strong></span> <span class='ocrx_word' id='word_1_724' title='bbox 860 2485 919 2511; x_wconf 66' lang='lat'><strong>227.</strong></span> <span class='ocrx_word' id='word_1_725' title='bbox 931 2485 996 2511; x_wconf 84' lang='lat' dir='ltr'><strong>Rem</strong></span> 
     </span>
     <span class='ocr_line' id='line_1_101' title="bbox 208 2518 998 2558; baseline 0.005 -14"><span class='ocrx_word' id='word_1_726' title='bbox 208 2518 315 2545; x_wconf 82' lang='lat' dir='ltr'><strong>videbat</strong></span> <span class='ocrx_word' id='word_1_727' title='bbox 331 2524 415 2551; x_wconf 87' lang='lat' dir='ltr'><strong>acute,</strong></span> <span class='ocrx_word' id='word_1_728' title='bbox 431 2522 605 2555; x_wconf 89' lang='lat' dir='ltr'><strong>componebat</strong></span> <span class='ocrx_word' id='word_1_729' title='bbox 618 2521 768 2558; x_wconf 77' lang='lat' dir='ltr'><strong>diligenter.</strong></span> <span class='ocrx_word' id='word_1_730' title='bbox 784 2522 911 2548; x_wconf 85' lang='lat' dir='ltr'><strong>memoria</strong></span> <span class='ocrx_word' id='word_1_731' title='bbox 925 2521 998 2548; x_wconf 80' lang='lat' dir='ltr'><strong>vale-</strong></span> 
     </span>
     <span class='ocr_line' id='line_1_102' title="bbox 209 2555 997 2593; baseline 0.004 -12"><span class='ocrx_word' id='word_1_732' title='bbox 209 2555 265 2581; x_wconf 80' lang='lat' dir='ltr'><strong>bat:</strong></span> <span class='ocrx_word' id='word_1_733' title='bbox 296 2556 384 2582; x_wconf 90' lang='lat' dir='ltr'><strong>verbis</strong></span> <span class='ocrx_word' id='word_1_734' title='bbox 407 2565 458 2583; x_wconf 95' lang='lat' dir='ltr'><strong>non</strong></span> <span class='ocrx_word' id='word_1_735' title='bbox 481 2558 526 2584; x_wconf 88' lang='lat' dir='ltr'><strong>ille</strong></span> <span class='ocrx_word' id='word_1_736' title='bbox 547 2559 658 2593; x_wconf 88' lang='lat' dir='ltr'><strong>quidem</strong></span> <span class='ocrx_word' id='word_1_737' title='bbox 676 2559 775 2585; x_wconf 86' lang='lat' dir='ltr'><strong>ornatis</strong></span> <span class='ocrx_word' id='word_1_738' title='bbox 793 2558 930 2589; x_wconf 84' lang='lat' dir='ltr'><strong>utebatur,</strong></span> <span class='ocrx_word' id='word_1_739' title='bbox 949 2558 997 2585; x_wconf 88' lang='lat' dir='ltr'><strong>sed</strong></span> 
     </span>
     <span class='ocr_line' id='line_1_103' title="bbox 207 2593 997 2630; baseline 0.005 -12"><span class='ocrx_word' id='word_1_740' title='bbox 207 2597 294 2619; x_wconf 81' lang='lat' dir='ltr'><strong>tamen</strong></span> <span class='ocrx_word' id='word_1_741' title='bbox 309 2601 360 2619; x_wconf 87' lang='lat' dir='ltr'><strong>non</strong></span> <span class='ocrx_word' id='word_1_742' title='bbox 374 2593 496 2627; x_wconf 85' lang='lat' dir='ltr'><strong>abiectis;</strong></span> <span class='ocrx_word' id='word_1_743' title='bbox 523 2595 646 2630; x_wconf 81' lang='lat' dir='ltr'><strong>expedita</strong></span> <span class='ocrx_word' id='word_1_744' title='bbox 664 2600 752 2622; x_wconf 87' lang='lat' dir='ltr'><strong>autem</strong></span> <span class='ocrx_word' id='word_1_745' title='bbox 766 2600 821 2622; x_wconf 86' lang='lat' dir='ltr'><strong>erat</strong></span> <span class='ocrx_word' id='word_1_746' title='bbox 833 2600 859 2622; x_wconf 83' lang='lat' dir='ltr'><strong>et</strong></span> <span class='ocrx_word' id='word_1_747' title='bbox 872 2594 997 2630; x_wconf 83' lang='lat' dir='ltr'><strong>perfacile</strong></span> 
     </span>
     <span class='ocr_line' id='line_1_104' title="bbox 207 2631 997 2667; baseline 0.005 -12"><span class='ocrx_word' id='word_1_748' title='bbox 207 2637 315 2656; x_wconf 79' lang='lat' dir='ltr'><strong>currens</strong></span> <span class='ocrx_word' id='word_1_749' title='bbox 333 2631 423 2656; x_wconf 88' lang='lat' dir='ltr'><strong>oratio.</strong></span> <span class='ocrx_word' id='word_1_750' title='bbox 456 2631 490 2657; x_wconf 82' lang='lat' dir='ltr'><strong>Et</strong></span> <span class='ocrx_word' id='word_1_751' title='bbox 507 2636 562 2658; x_wconf 85' lang='lat' dir='ltr'><strong>erat</strong></span> <span class='ocrx_word' id='word_1_752' title='bbox 574 2633 633 2658; x_wconf 88' lang='lat' dir='ltr'><strong>eius</strong></span> <span class='ocrx_word' id='word_1_753' title='bbox 646 2633 755 2667; x_wconf 88' lang='lat' dir='ltr'><strong>quidem</strong></span> <span class='ocrx_word' id='word_1_754' title='bbox 770 2637 905 2666; x_wconf 84' lang='lat' dir='ltr'><strong>tamquam</strong></span> <span class='ocrx_word' id='word_1_755' title='bbox 920 2632 997 2658; x_wconf 86' lang='lat' dir='ltr'><strong>habi-</strong></span> 
     </span>
    </p>
   </div>
   <div class='ocr_carea' id='block_1_32' title="bbox 1024 1582 1026 1596">
    <p class='ocr_par' dir='ltr' id='par_1_34' title="bbox 1024 1582 1026 1596">
     <span class='ocr_line' id='line_1_105' title="bbox 1024 1582 1026 1596; baseline 0 0"><span class='ocrx_word' id='word_1_756' title='bbox 1024 1582 1026 1596; x_wconf 82' lang='lat' dir='ltr'><strong>l</strong></span> 
     </span>
    </p>
   </div>
   <div class='ocr_carea' id='block_1_33' title="bbox 1028 1461 1034 2270">
    <p class='ocr_par' dir='ltr' id='par_1_35' title="bbox 1028 1461 1034 2270">
     <span class='ocr_line' id='line_1_106' title="bbox 1028 1461 1034 2270; baseline 0 0"><span class='ocrx_word' id='word_1_757' title='bbox 1028 1461 1034 2270; x_wconf 95' lang='lat' dir='ltr'><strong> </strong></span> 
     </span>
    </p>
   </div>
   <div class='ocr_carea' id='block_1_34' title="bbox 1021 2254 1023 2274">
    <p class='ocr_par' dir='ltr' id='par_1_36' title="bbox 1021 2254 1023 2274">
     <span class='ocr_line' id='line_1_107' title="bbox 1021 2254 1023 2274; baseline 0 0"><span class='ocrx_word' id='word_1_758' title='bbox 1021 2254 1023 2274; x_wconf 74' lang='lat' dir='ltr'><strong>l</strong></span> 
     </span>
    </p>
   </div>
   <div class='ocr_carea' id='block_1_35' title="bbox 1018 2377 1022 2528">
    <p class='ocr_par' dir='ltr' id='par_1_37' title="bbox 1018 2299 1046 2528">
     <span class='ocr_line' id='line_1_108' title="bbox 1018 2377 1022 2528; baseline 0 -65"><span class='ocrx_word' id='word_1_759' title='bbox 1018 2377 1022 2528; x_wconf 50' lang='grc' dir='ltr'>Ι</span> 
     </span>
    </p>
   </div>
   <div class='ocr_carea' id='block_1_36' title="bbox 1031 1742 1534 1777">
    <p class='ocr_par' dir='ltr' id='par_1_38' title="bbox 1031 1742 1534 1777">
     <span class='ocr_line' id='line_1_109' title="bbox 1031 1742 1534 1777; baseline -0.002 -8"><span class='ocrx_word' id='word_1_760' title='bbox 1031 1753 1033 1760; x_wconf 75' lang='lat'><strong><em>¹</em></strong></span> <span class='ocrx_word' id='word_1_761' title='bbox 1056 1751 1103 1777; x_wconf 90' lang='lat' dir='ltr'><strong>pro</strong></span> <span class='ocrx_word' id='word_1_762' title='bbox 1121 1742 1168 1769; x_wconf 86' lang='lat' dir='ltr'><strong>Cn.</strong></span> <span class='ocrx_word' id='word_1_763' title='bbox 1188 1742 1306 1776; x_wconf 86' lang='lat' dir='ltr'><strong>Pompeii</strong></span> <span class='ocrx_word' id='word_1_764' title='bbox 1327 1742 1403 1768; x_wconf 90' lang='lat' dir='ltr'><strong>bonis</strong></span> <span class='ocrx_word' id='word_1_765' title='bbox 1421 1742 1534 1768; x_wconf 84' lang='lat' dir='ltr'><strong>dicente.</strong></span> 
     </span>
    </p>
   </div>
   <div class='ocr_carea' id='block_1_37' title="bbox 1055 1332 1845 1369">
    <p class='ocr_par' dir='ltr' id='par_1_39' title="bbox 1055 1332 1845 1369">
     <span class='ocr_line' id='line_1_110' title="bbox 1055 1332 1845 1369; baseline 0.001 -10"><span class='ocrx_word' id='word_1_766' title='bbox 1055 1342 1114 1359; x_wconf 91' lang='lat' dir='ltr'><strong>rum</strong></span> <span class='ocrx_word' id='word_1_767' title='bbox 1129 1337 1239 1359; x_wconf 84' lang='lat' dir='ltr'><strong>aetatem</strong></span> <span class='ocrx_word' id='word_1_768' title='bbox 1253 1332 1403 1359; x_wconf 83' lang='lat' dir='ltr'><strong>includere:</strong></span> <span class='ocrx_word' id='word_1_769' title='bbox 1419 1342 1583 1368; x_wconf 82' lang='lat' dir='ltr'><strong>quamquam</strong></span> <span class='ocrx_word' id='word_1_770' title='bbox 1597 1333 1624 1359; x_wconf 84' lang='lat' dir='ltr'><strong>id</strong></span> <span class='ocrx_word' id='word_1_771' title='bbox 1637 1334 1747 1369; x_wconf 90' lang='lat' dir='ltr'><strong>quidem</strong></span> <span class='ocrx_word' id='word_1_772' title='bbox 1758 1335 1845 1360; x_wconf 89' lang='lat' dir='ltr'><strong>omni·</strong></span> 
     </span>
    </p>
   </div>
   <div class='ocr_carea' id='block_1_38' title="bbox 1047 1408 1845 2668">
    <p class='ocr_par' dir='ltr' id='par_1_40' title="bbox 1052 1408 1845 2075">
     <span class='ocr_line' id='line_1_111' title="bbox 1055 1408 1843 1444; baseline 0.001 -11"><span class='ocrx_word' id='word_1_773' title='bbox 1055 1408 1106 1433; x_wconf 77' lang='lat' dir='ltr'><strong>vita</strong></span> <span class='ocrx_word' id='word_1_774' title='bbox 1121 1408 1240 1443; x_wconf 80' lang='lat' dir='ltr'><strong>contigit,</strong></span> <span class='ocrx_word' id='word_1_775' title='bbox 1262 1412 1291 1434; x_wconf 92' lang='lat' dir='ltr'><strong>ut</strong></span> <span class='ocrx_word' id='word_1_776' title='bbox 1304 1412 1403 1433; x_wconf 89' lang='lat' dir='ltr'><strong>etcum</strong></span> <span class='ocrx_word' id='word_1_777' title='bbox 1418 1408 1502 1434; x_wconf 90' lang='lat' dir='ltr'><strong>multo</strong></span> <span class='ocrx_word' id='word_1_778' title='bbox 1515 1408 1661 1434; x_wconf 87' lang='lat' dir='ltr'><strong>maioribus</strong></span> <span class='ocrx_word' id='word_1_779' title='bbox 1675 1413 1747 1439; x_wconf 86' lang='lat' dir='ltr'><strong>natu,</strong></span> <span class='ocrx_word' id='word_1_780' title='bbox 1763 1417 1843 1444; x_wconf 87' lang='lat' dir='ltr'><strong>quam</strong></span> 
     </span>
     <span class='ocr_line' id='line_1_112' title="bbox 1055 1444 1845 1480; baseline 0.001 -9"><span class='ocrx_word' id='word_1_781' title='bbox 1055 1450 1143 1471; x_wconf 85' lang='lat' dir='ltr'><strong>essent</strong></span> <span class='ocrx_word' id='word_1_782' title='bbox 1157 1445 1218 1479; x_wconf 83' lang='lat' dir='ltr'><strong>ipsi.</strong></span> <span class='ocrx_word' id='word_1_783' title='bbox 1235 1449 1260 1471; x_wconf 88' lang='lat' dir='ltr'><strong>et</strong></span> <span class='ocrx_word' id='word_1_784' title='bbox 1273 1453 1335 1471; x_wconf 89' lang='lat' dir='ltr'><strong>cum</strong></span> <span class='ocrx_word' id='word_1_785' title='bbox 1349 1444 1485 1480; x_wconf 87' lang='lat' dir='ltr'><strong>aliquanto</strong></span> <span class='ocrx_word' id='word_1_786' title='bbox 1499 1445 1647 1472; x_wconf 86' lang='lat' dir='ltr'><strong>minoribus</strong></span> <span class='ocrx_word' id='word_1_787' title='bbox 1660 1454 1845 1480; x_wconf 80' lang='lat' dir='ltr'><strong>comparare-n-</strong></span> 
     </span>
     <span class='ocr_line' id='line_1_113' title="bbox 1055 1482 1843 1509; baseline 0.001 -1"><span class='ocrx_word' id='word_1_788' title='bbox 1055 1487 1107 1508; x_wconf 90' lang='lat' dir='ltr'><strong>tur.</strong></span> <span class='ocrx_word' id='word_1_789' title='bbox 1142 1482 1175 1508; x_wconf 87' lang='lat' dir='ltr'><strong>Ut</strong></span> <span class='ocrx_word' id='word_1_790' title='bbox 1192 1482 1288 1508; x_wconf 76' lang='lat' dir='ltr'><strong>Accius</strong></span> <span class='ocrx_word' id='word_1_791' title='bbox 1307 1482 1402 1508; x_wconf 90' lang='lat' dir='ltr'><strong>iisdem</strong></span> <span class='ocrx_word' id='word_1_792' title='bbox 1421 1482 1553 1509; x_wconf 81' lang='lat' dir='ltr'><strong>aedilibus</strong></span> <span class='ocrx_word' id='word_1_793' title='bbox 1567 1483 1603 1509; x_wconf 93' lang='lat' dir='ltr'><strong>ait</strong></span> <span class='ocrx_word' id='word_1_794' title='bbox 1616 1491 1645 1509; x_wconf 87' lang='lat' dir='ltr'><strong>se</strong></span> <span class='ocrx_word' id='word_1_795' title='bbox 1657 1487 1683 1509; x_wconf 86' lang='lat' dir='ltr'><strong>et</strong></span> <span class='ocrx_word' id='word_1_796' title='bbox 1696 1483 1843 1509; x_wconf 78' lang='lat' dir='ltr'><strong>Pacuvium</strong></span> 
     </span>
     <span class='ocr_line' id='line_1_114' title="bbox 1054 1518 1843 1556; baseline 0.001 -11"><span class='ocrx_word' id='word_1_797' title='bbox 1054 1519 1177 1546; x_wconf 87' lang='lat' dir='ltr'><strong>docuisse</strong></span> <span class='ocrx_word' id='word_1_798' title='bbox 1196 1518 1323 1549; x_wconf 85' lang='lat' dir='ltr'><strong>fabulam,</strong></span> <span class='ocrx_word' id='word_1_799' title='bbox 1344 1527 1428 1554; x_wconf 89' lang='lat' dir='ltr'><strong>quum</strong></span> <span class='ocrx_word' id='word_1_800' title='bbox 1448 1519 1492 1545; x_wconf 88' lang='lat' dir='ltr'><strong>ille</strong></span> <span class='ocrx_word' id='word_1_801' title='bbox 1509 1520 1649 1555; x_wconf 77' lang='lat' dir='ltr'><strong>octoginta,</strong></span> <span class='ocrx_word' id='word_1_802' title='bbox 1666 1521 1724 1555; x_wconf 87' lang='lat' dir='ltr'><strong>ipse</strong></span> <span class='ocrx_word' id='word_1_803' title='bbox 1737 1520 1843 1556; x_wconf 79' lang='lat' dir='ltr'><strong>triginta</strong></span> 
     </span>
     <span class='ocr_line' id='line_1_115' title="bbox 1055 1557 1843 1584; baseline 0 -1"><span class='ocrx_word' id='word_1_804' title='bbox 1055 1565 1138 1583; x_wconf 87' lang='lat' dir='ltr'><strong>annos</strong></span> <span class='ocrx_word' id='word_1_805' title='bbox 1152 1561 1229 1582; x_wconf 91' lang='lat' dir='ltr'><strong>natus</strong></span> <span class='ocrx_word' id='word_1_806' title='bbox 1244 1561 1326 1582; x_wconf 83' lang='lat' dir='ltr'><strong>esset:</strong></span> <span class='ocrx_word' id='word_1_807' title='bbox 1349 1558 1406 1582; x_wconf 76' lang='lat'><strong>230.</strong></span> <span class='ocrx_word' id='word_1_808' title='bbox 1422 1557 1461 1582; x_wconf 87' lang='lat' dir='ltr'><strong>sic</strong></span> <span class='ocrx_word' id='word_1_809' title='bbox 1474 1557 1630 1583; x_wconf 80' lang='lat' dir='ltr'><strong>Hortensius</strong></span> <span class='ocrx_word' id='word_1_810' title='bbox 1645 1566 1695 1583; x_wconf 91' lang='lat' dir='ltr'><strong>non</strong></span> <span class='ocrx_word' id='word_1_811' title='bbox 1709 1566 1771 1583; x_wconf 86' lang='lat' dir='ltr'><strong>cum</strong></span> <span class='ocrx_word' id='word_1_812' title='bbox 1785 1559 1843 1584; x_wconf 89' lang='lat' dir='ltr'><strong>suis</strong></span> 
     </span>
     <span class='ocr_line' id='line_1_116' title="bbox 1054 1593 1840 1629; baseline 0.001 -10"><span class='ocrx_word' id='word_1_813' title='bbox 1054 1593 1212 1629; x_wconf 87' lang='lat' dir='ltr'><strong>aequalibus</strong></span> <span class='ocrx_word' id='word_1_814' title='bbox 1226 1593 1323 1624; x_wconf 80' lang='lat' dir='ltr'><strong>solum,</strong></span> <span class='ocrx_word' id='word_1_815' title='bbox 1335 1593 1382 1619; x_wconf 84' lang='lat' dir='ltr'><strong>sed</strong></span> <span class='ocrx_word' id='word_1_816' title='bbox 1397 1598 1421 1619; x_wconf 89' lang='lat' dir='ltr'><strong>et</strong></span> <span class='ocrx_word' id='word_1_817' title='bbox 1436 1602 1493 1620; x_wconf 87' lang='lat' dir='ltr'><strong>mea</strong></span> <span class='ocrx_word' id='word_1_818' title='bbox 1507 1602 1568 1620; x_wconf 90' lang='lat' dir='ltr'><strong>cum</strong></span> <span class='ocrx_word' id='word_1_819' title='bbox 1583 1598 1665 1620; x_wconf 85' lang='lat' dir='ltr'><strong>aetate</strong></span> <span class='ocrx_word' id='word_1_820' title='bbox 1679 1599 1775 1620; x_wconf 83' lang='lat' dir='ltr'><strong>etcum</strong></span> <span class='ocrx_word' id='word_1_821' title='bbox 1788 1599 1840 1624; x_wconf 83' lang='lat' dir='ltr'><strong>tua.</strong></span> 
     </span>
     <span class='ocr_line' id='line_1_117' title="bbox 1054 1630 1843 1667; baseline 0.003 -11"><span class='ocrx_word' id='word_1_822' title='bbox 1054 1631 1141 1661; x_wconf 88' lang='lat' dir='ltr'><strong>Brute,</strong></span> <span class='ocrx_word' id='word_1_823' title='bbox 1166 1635 1191 1656; x_wconf 90' lang='lat' dir='ltr'><strong>et</strong></span> <span class='ocrx_word' id='word_1_824' title='bbox 1213 1639 1274 1656; x_wconf 89' lang='lat' dir='ltr'><strong>cum</strong></span> <span class='ocrx_word' id='word_1_825' title='bbox 1294 1630 1429 1665; x_wconf 87' lang='lat' dir='ltr'><strong>aliquanto</strong></span> <span class='ocrx_word' id='word_1_826' title='bbox 1446 1631 1583 1665; x_wconf 87' lang='lat' dir='ltr'><strong>superiore</strong></span> <span class='ocrx_word' id='word_1_827' title='bbox 1600 1632 1784 1667; x_wconf 60' lang='lat' dir='ltr'><strong>coniungitun</strong></span> <span class='ocrx_word' id='word_1_828' title='bbox 1807 1633 1843 1658; x_wconf 87' lang='lat' dir='ltr'><strong>si-</strong></span> 
     </span>
     <span class='ocr_line' id='line_1_118' title="bbox 1055 1667 1842 1705; baseline 0.001 -11"><span class='ocrx_word' id='word_1_829' title='bbox 1055 1668 1164 1703; x_wconf 86' lang='lat' dir='ltr'><strong>quidem</strong></span> <span class='ocrx_word' id='word_1_830' title='bbox 1183 1672 1209 1694; x_wconf 87' lang='lat' dir='ltr'><strong>et</strong></span> <span class='ocrx_word' id='word_1_831' title='bbox 1226 1667 1321 1694; x_wconf 86' lang='lat' dir='ltr'><strong>Crasso</strong></span> <span class='ocrx_word' id='word_1_832' title='bbox 1340 1668 1401 1694; x_wconf 87' lang='lat' dir='ltr'><strong>vivo</strong></span> <span class='ocrx_word' id='word_1_833' title='bbox 1419 1667 1507 1694; x_wconf 87' lang='lat' dir='ltr'><strong>dicere</strong></span> <span class='ocrx_word' id='word_1_834' title='bbox 1524 1667 1625 1694; x_wconf 87' lang='lat' dir='ltr'><strong>solebat</strong></span> <span class='ocrx_word' id='word_1_835' title='bbox 1643 1673 1668 1695; x_wconf 89' lang='lat' dir='ltr'><strong>et</strong></span> <span class='ocrx_word' id='word_1_836' title='bbox 1686 1670 1772 1705; x_wconf 79' lang='lat' dir='ltr'><strong>magis</strong></span> <span class='ocrx_word' id='word_1_837' title='bbox 1791 1669 1842 1695; x_wconf 89' lang='lat' dir='ltr'><strong>iam</strong></span> 
     </span>
     <span class='ocr_line' id='line_1_119' title="bbox 1055 1705 1842 1740; baseline 0.001 -9"><span class='ocrx_word' id='word_1_838' title='bbox 1055 1706 1133 1731; x_wconf 87' lang='lat' dir='ltr'><strong>etiam</strong></span> <span class='ocrx_word' id='word_1_839' title='bbox 1149 1705 1254 1740; x_wconf 81' lang='lat' dir='ltr'><strong>vigebat</strong></span> <span class='ocrx_word' id='word_1_840' title='bbox 1268 1713 1329 1731; x_wconf 92' lang='lat' dir='ltr'><strong>cum</strong></span> <span class='ocrx_word' id='word_1_841' title='bbox 1345 1705 1458 1731; x_wconf 72' lang='lat' dir='ltr'><strong>Antonio</strong></span> <span class='ocrx_word' id='word_1_842' title='bbox 1472 1710 1568 1731; x_wconf 91' lang='lat' dir='ltr'><strong>etcum</strong></span> <span class='ocrx_word' id='word_1_843' title='bbox 1580 1705 1705 1740; x_wconf 88' lang='lat' dir='ltr'><strong>Philippo</strong></span> <span class='ocrx_word' id='word_1_844' title='bbox 1715 1707 1768 1732; x_wconf 85' lang='lat' dir='ltr'><strong>iam</strong></span> <span class='ocrx_word' id='word_1_845' title='bbox 1780 1715 1842 1732; x_wconf 79' lang='lat' dir='ltr'><strong>sene</strong></span> 
     </span>
     <span class='ocr_line' id='line_1_120' title="bbox 1571 1742 1843 1770; baseline 0.007 -2"><span class='ocrx_word' id='word_1_846' title='bbox 1571 1743 1599 1769; x_wconf 90' lang='lat' dir='ltr'><strong>In</strong></span> <span class='ocrx_word' id='word_1_847' title='bbox 1613 1742 1658 1768; x_wconf 91' lang='lat' dir='ltr'><strong>illa</strong></span> <span class='ocrx_word' id='word_1_848' title='bbox 1672 1751 1765 1770; x_wconf 87' lang='lat' dir='ltr'><strong>caussa</strong></span> <span class='ocrx_word' id='word_1_849' title='bbox 1779 1743 1843 1770; x_wconf 81' lang='lat' dir='ltr'><strong>ado-</strong></span> 
     </span>
     <span class='ocr_line' id='line_1_121' title="bbox 1055 1779 1842 1816; baseline 0.001 -11"><span class='ocrx_word' id='word_1_850' title='bbox 1055 1780 1158 1806; x_wconf 89' lang='lat' dir='ltr'><strong>lescens</strong></span> <span class='ocrx_word' id='word_1_851' title='bbox 1175 1787 1260 1814; x_wconf 91' lang='lat' dir='ltr'><strong>quum</strong></span> <span class='ocrx_word' id='word_1_852' title='bbox 1275 1784 1353 1809; x_wconf 84' lang='lat' dir='ltr'><strong>esset,</strong></span> <span class='ocrx_word' id='word_1_853' title='bbox 1374 1780 1499 1814; x_wconf 86' lang='lat' dir='ltr'><strong>princeps</strong></span> <span class='ocrx_word' id='word_1_854' title='bbox 1514 1779 1565 1806; x_wconf 88' lang='lat' dir='ltr'><strong>suit</strong></span> <span class='ocrx_word' id='word_1_855' title='bbox 1577 1784 1603 1806; x_wconf 88' lang='lat' dir='ltr'><strong>et</strong></span> <span class='ocrx_word' id='word_1_856' title='bbox 1615 1781 1642 1806; x_wconf 89' lang='lat' dir='ltr'><strong>in</strong></span> <span class='ocrx_word' id='word_1_857' title='bbox 1657 1788 1758 1810; x_wconf 86' lang='lat' dir='ltr'><strong>eorum,</strong></span> <span class='ocrx_word' id='word_1_858' title='bbox 1774 1789 1842 1816; x_wconf 86' lang='lat' dir='ltr'><strong>quos</strong></span> 
     </span>
     <span class='ocr_line' id='line_1_122' title="bbox 1053 1816 1840 1852; baseline 0.003 -10"><span class='ocrx_word' id='word_1_859' title='bbox 1053 1817 1080 1843; x_wconf 89' lang='lat' dir='ltr'><strong>in</strong></span> <span class='ocrx_word' id='word_1_860' title='bbox 1095 1816 1208 1851; x_wconf 87' lang='lat' dir='ltr'><strong>Sulpicii</strong></span> <span class='ocrx_word' id='word_1_861' title='bbox 1222 1821 1304 1842; x_wconf 87' lang='lat' dir='ltr'><strong>aetate</strong></span> <span class='ocrx_word' id='word_1_862' title='bbox 1318 1817 1405 1851; x_wconf 81' lang='lat' dir='ltr'><strong>posui.</strong></span> <span class='ocrx_word' id='word_1_863' title='bbox 1427 1825 1568 1843; x_wconf 86' lang='lat' dir='ltr'><strong>numerum</strong></span> <span class='ocrx_word' id='word_1_864' title='bbox 1583 1816 1659 1843; x_wconf 85' lang='lat' dir='ltr'><strong>facile</strong></span> <span class='ocrx_word' id='word_1_865' title='bbox 1673 1822 1840 1852; x_wconf 78' lang='lat' dir='ltr'><strong>pervenerat:</strong></span> 
     </span>
     <span class='ocr_line' id='line_1_123' title="bbox 1054 1853 1840 1888; baseline 0.003 -9"><span class='ocrx_word' id='word_1_866' title='bbox 1054 1859 1079 1880; x_wconf 88' lang='lat' dir='ltr'><strong>et</strong></span> <span class='ocrx_word' id='word_1_867' title='bbox 1092 1862 1156 1880; x_wconf 89' lang='lat' dir='ltr'><strong>suos</strong></span> <span class='ocrx_word' id='word_1_868' title='bbox 1169 1854 1238 1880; x_wconf 83' lang='lat' dir='ltr'><strong>inter</strong></span> <span class='ocrx_word' id='word_1_869' title='bbox 1251 1853 1375 1888; x_wconf 85' lang='lat' dir='ltr'><strong>aequales</strong></span> <span class='ocrx_word' id='word_1_870' title='bbox 1389 1854 1424 1880; x_wconf 79' lang='lat' dir='ltr'><strong>M.</strong></span> <span class='ocrx_word' id='word_1_871' title='bbox 1440 1854 1572 1884; x_wconf 86' lang='lat' dir='ltr'><strong>Pisonem,</strong></span> <span class='ocrx_word' id='word_1_872' title='bbox 1589 1854 1624 1880; x_wconf 78' lang='lat' dir='ltr'><strong>M.</strong></span> <span class='ocrx_word' id='word_1_873' title='bbox 1639 1854 1775 1885; x_wconf 78' lang='lat' dir='ltr'><strong>Crassum,</strong></span> <span class='ocrx_word' id='word_1_874' title='bbox 1791 1855 1840 1881; x_wconf 92' lang='lat' dir='ltr'><strong>Cn.</strong></span> 
     </span>
     <span class='ocr_line' id='line_1_124' title="bbox 1053 1890 1842 1927; baseline 0.001 -10"><span class='ocrx_word' id='word_1_875' title='bbox 1053 1890 1206 1921; x_wconf 80' lang='lat' dir='ltr'><strong>Lentulum,</strong></span> <span class='ocrx_word' id='word_1_876' title='bbox 1224 1891 1254 1916; x_wconf 89' lang='lat' dir='ltr'><strong>P.</strong></span> <span class='ocrx_word' id='word_1_877' title='bbox 1274 1890 1418 1917; x_wconf 90' lang='lat' dir='ltr'><strong>Lentulum</strong></span> <span class='ocrx_word' id='word_1_878' title='bbox 1437 1890 1533 1917; x_wconf 89' lang='lat' dir='ltr'><strong>Suram</strong></span> <span class='ocrx_word' id='word_1_879' title='bbox 1553 1890 1630 1927; x_wconf 80' lang='lat' dir='ltr'><strong>longe</strong></span> <span class='ocrx_word' id='word_1_880' title='bbox 1646 1892 1788 1926; x_wconf 84' lang='lat' dir='ltr'><strong>praestitit:</strong></span> <span class='ocrx_word' id='word_1_881' title='bbox 1816 1896 1842 1918; x_wconf 83' lang='lat' dir='ltr'><strong>et</strong></span> 
     </span>
     <span class='ocr_line' id='line_1_125' title="bbox 1053 1927 1841 1964; baseline 0.001 -10"><span class='ocrx_word' id='word_1_882' title='bbox 1053 1936 1095 1954; x_wconf 89' lang='lat' dir='ltr'><strong>me</strong></span> <span class='ocrx_word' id='word_1_883' title='bbox 1113 1927 1307 1954; x_wconf 85' lang='lat' dir='ltr'><strong>adolescentem</strong></span> <span class='ocrx_word' id='word_1_884' title='bbox 1327 1933 1420 1954; x_wconf 86' lang='lat' dir='ltr'><strong>nactus</strong></span> <span class='ocrx_word' id='word_1_885' title='bbox 1438 1933 1496 1954; x_wconf 88' lang='lat' dir='ltr'><strong>octo</strong></span> <span class='ocrx_word' id='word_1_886' title='bbox 1515 1929 1591 1954; x_wconf 91' lang='lat' dir='ltr'><strong>annis</strong></span> <span class='ocrx_word' id='word_1_887' title='bbox 1606 1929 1744 1959; x_wconf 83' lang='lat' dir='ltr'><strong>minorem.</strong></span> <span class='ocrx_word' id='word_1_888' title='bbox 1760 1937 1841 1964; x_wconf 87' lang='lat' dir='ltr'><strong>quam</strong></span> 
     </span>
     <span class='ocr_line' id='line_1_126' title="bbox 1052 1964 1843 2000; baseline 0.001 -9"><span class='ocrx_word' id='word_1_889' title='bbox 1052 1970 1107 1992; x_wconf 89' lang='lat' dir='ltr'><strong>erat</strong></span> <span class='ocrx_word' id='word_1_890' title='bbox 1123 1966 1190 2000; x_wconf 82' lang='lat' dir='ltr'><strong>ipse.</strong></span> <span class='ocrx_word' id='word_1_891' title='bbox 1207 1964 1305 1991; x_wconf 87' lang='lat' dir='ltr'><strong>multos</strong></span> <span class='ocrx_word' id='word_1_892' title='bbox 1319 1973 1402 1991; x_wconf 87' lang='lat' dir='ltr'><strong>annos</strong></span> <span class='ocrx_word' id='word_1_893' title='bbox 1419 1966 1446 1991; x_wconf 93' lang='lat' dir='ltr'><strong>in</strong></span> <span class='ocrx_word' id='word_1_894' title='bbox 1461 1965 1546 1992; x_wconf 82' lang='lat' dir='ltr'><strong>stadio</strong></span> <span class='ocrx_word' id='word_1_895' title='bbox 1560 1965 1680 1992; x_wconf 87' lang='lat' dir='ltr'><strong>eiusdem</strong></span> <span class='ocrx_word' id='word_1_896' title='bbox 1695 1965 1782 1992; x_wconf 83' lang='lat' dir='ltr'><strong>laudis</strong></span> <span class='ocrx_word' id='word_1_897' title='bbox 1795 1974 1843 1992; x_wconf 89' lang='lat' dir='ltr'><strong>ex-</strong></span> 
     </span>
     <span class='ocr_line' id='line_1_127' title="bbox 1052 2002 1842 2038; baseline 0 -9"><span class='ocrx_word' id='word_1_898' title='bbox 1052 2003 1150 2029; x_wconf 88' lang='lat' dir='ltr'><strong>ercuit:</strong></span> <span class='ocrx_word' id='word_1_899' title='bbox 1172 2007 1197 2028; x_wconf 90' lang='lat' dir='ltr'><strong>et</strong></span> <span class='ocrx_word' id='word_1_900' title='bbox 1211 2006 1298 2028; x_wconf 87' lang='lat' dir='ltr'><strong>tecum</strong></span> <span class='ocrx_word' id='word_1_901' title='bbox 1313 2002 1404 2033; x_wconf 79' lang='lat' dir='ltr'><strong>simul,</strong></span> <span class='ocrx_word' id='word_1_902' title='bbox 1420 2002 1489 2028; x_wconf 89' lang='lat' dir='ltr'><strong>sicut</strong></span> <span class='ocrx_word' id='word_1_903' title='bbox 1503 2011 1552 2038; x_wconf 75' lang='lat' dir='ltr'><strong>ego</strong></span> <span class='ocrx_word' id='word_1_904' title='bbox 1566 2011 1613 2037; x_wconf 85' lang='lat' dir='ltr'><strong>pro</strong></span> <span class='ocrx_word' id='word_1_905' title='bbox 1626 2002 1727 2033; x_wconf 81' lang='lat' dir='ltr'><strong>multis.</strong></span> <span class='ocrx_word' id='word_1_906' title='bbox 1744 2004 1783 2029; x_wconf 89' lang='lat' dir='ltr'><strong>sic</strong></span> <span class='ocrx_word' id='word_1_907' title='bbox 1796 2003 1842 2030; x_wconf 88' lang='lat' dir='ltr'><strong>ille</strong></span> 
     </span>
     <span class='ocr_line' id='line_1_128' title="bbox 1052 2039 1728 2075; baseline 0.001 -10"><span class='ocrx_word' id='word_1_908' title='bbox 1052 2048 1100 2075; x_wconf 92' lang='lat' dir='ltr'><strong>pro</strong></span> <span class='ocrx_word' id='word_1_909' title='bbox 1113 2040 1200 2074; x_wconf 79' lang='lat' dir='ltr'><strong>Appio</strong></span> <span class='ocrx_word' id='word_1_910' title='bbox 1213 2039 1324 2066; x_wconf 87' lang='lat' dir='ltr'><strong>Claudio</strong></span> <span class='ocrx_word' id='word_1_911' title='bbox 1337 2039 1412 2066; x_wconf 81' lang='lat' dir='ltr'><strong>dixit.</strong></span> <span class='ocrx_word' id='word_1_912' title='bbox 1430 2039 1520 2074; x_wconf 88' lang='lat' dir='ltr'><strong>paullo</strong></span> <span class='ocrx_word' id='word_1_913' title='bbox 1534 2045 1593 2066; x_wconf 84' lang='lat' dir='ltr'><strong>ante</strong></span> <span class='ocrx_word' id='word_1_914' title='bbox 1607 2045 1728 2066; x_wconf 84' lang='lat' dir='ltr'><strong>mortem.</strong></span> 
     </span>
    </p>

    <p class='ocr_par' dir='ltr' id='par_1_41' title="bbox 1047 2077 1842 2668">
     <span class='ocr_line' id='line_1_129' title="bbox 1108 2077 1838 2111; baseline 0.001 -9"><span class='ocrx_word' id='word_1_915' title='bbox 1108 2077 1187 2103; x_wconf 77' lang='lat' dir='ltr'><strong>LXV.</strong></span> <span class='ocrx_word' id='word_1_916' title='bbox 1203 2078 1261 2103; x_wconf 73' lang='lat'><strong>234.</strong></span> <span class='ocrx_word' id='word_1_917' title='bbox 1277 2077 1358 2103; x_wconf 85' lang='lat' dir='ltr'><strong>Vides</strong></span> <span class='ocrx_word' id='word_1_918' title='bbox 1372 2077 1463 2111; x_wconf 73' lang='lat' dir='ltr'><strong>igitur.</strong></span> <span class='ocrx_word' id='word_1_919' title='bbox 1482 2081 1509 2102; x_wconf 89' lang='lat' dir='ltr'><strong>ut</strong></span> <span class='ocrx_word' id='word_1_920' title='bbox 1523 2077 1555 2102; x_wconf 88' lang='lat' dir='ltr'><strong>ad</strong></span> <span class='ocrx_word' id='word_1_921' title='bbox 1567 2081 1591 2103; x_wconf 88' lang='lat' dir='ltr'><strong>te</strong></span> <span class='ocrx_word' id='word_1_922' title='bbox 1600 2082 1738 2108; x_wconf 84' lang='lat' dir='ltr'><strong>oratorem,</strong></span> <span class='ocrx_word' id='word_1_923' title='bbox 1751 2077 1838 2107; x_wconf 83' lang='lat' dir='ltr'><strong>Brute.</strong></span> 
     </span>
     <span class='ocr_line' id='line_1_130' title="bbox 1052 2114 1842 2150; baseline 0.001 -10"><span class='ocrx_word' id='word_1_924' title='bbox 1052 2114 1261 2149; x_wconf 76' lang='lat' dir='ltr'><strong>pervenerimus,</strong></span> <span class='ocrx_word' id='word_1_925' title='bbox 1274 2118 1327 2140; x_wconf 86' lang='lat' dir='ltr'><strong>tam</strong></span> <span class='ocrx_word' id='word_1_926' title='bbox 1338 2114 1430 2140; x_wconf 87' lang='lat' dir='ltr'><strong>multis</strong></span> <span class='ocrx_word' id='word_1_927' title='bbox 1440 2114 1508 2140; x_wconf 87' lang='lat' dir='ltr'><strong>inter</strong></span> <span class='ocrx_word' id='word_1_928' title='bbox 1518 2118 1638 2140; x_wconf 88' lang='lat' dir='ltr'><strong>nostrum</strong></span> <span class='ocrx_word' id='word_1_929' title='bbox 1648 2118 1780 2150; x_wconf 84' lang='lat' dir='ltr'><strong>tuumque</strong></span> <span class='ocrx_word' id='word_1_930' title='bbox 1788 2115 1842 2141; x_wconf 86' lang='lat' dir='ltr'><strong>ini-</strong></span> 
     </span>
     <span class='ocr_line' id='line_1_131' title="bbox 1052 2150 1841 2186; baseline 0.001 -9"><span class='ocrx_word' id='word_1_931' title='bbox 1052 2152 1119 2178; x_wconf 88' lang='lat' dir='ltr'><strong>tium</strong></span> <span class='ocrx_word' id='word_1_932' title='bbox 1133 2151 1238 2177; x_wconf 85' lang='lat' dir='ltr'><strong>dicendi</strong></span> <span class='ocrx_word' id='word_1_933' title='bbox 1253 2151 1416 2186; x_wconf 86' lang='lat' dir='ltr'><strong>interpositis</strong></span> <span class='ocrx_word' id='word_1_934' title='bbox 1429 2150 1596 2177; x_wconf 69' lang='lat' dir='ltr'><strong>oratoribus?</strong></span> <span class='ocrx_word' id='word_1_935' title='bbox 1608 2159 1642 2178; x_wconf 89' lang='lat' dir='ltr'><strong>ex</strong></span> <span class='ocrx_word' id='word_1_936' title='bbox 1651 2151 1761 2186; x_wconf 86' lang='lat' dir='ltr'><strong>quibus,</strong></span> <span class='ocrx_word' id='word_1_937' title='bbox 1773 2159 1841 2186; x_wconf 88' lang='lat' dir='ltr'><strong>quo-</strong></span> 
     </span>
     <span class='ocr_line' id='line_1_132' title="bbox 1051 2188 1837 2219; baseline 0 -5"><span class='ocrx_word' id='word_1_938' title='bbox 1051 2189 1122 2215; x_wconf 85' lang='lat' dir='ltr'><strong>niam</strong></span> <span class='ocrx_word' id='word_1_939' title='bbox 1140 2189 1168 2214; x_wconf 92' lang='lat' dir='ltr'><strong>in</strong></span> <span class='ocrx_word' id='word_1_940' title='bbox 1187 2188 1236 2214; x_wconf 89' lang='lat' dir='ltr'><strong>hoc</strong></span> <span class='ocrx_word' id='word_1_941' title='bbox 1254 2196 1375 2214; x_wconf 84' lang='lat' dir='ltr'><strong>sermone</strong></span> <span class='ocrx_word' id='word_1_942' title='bbox 1393 2192 1483 2215; x_wconf 87' lang='lat' dir='ltr'><strong>nostro</strong></span> <span class='ocrx_word' id='word_1_943' title='bbox 1496 2188 1576 2214; x_wconf 88' lang='lat' dir='ltr'><strong>statui</strong></span> <span class='ocrx_word' id='word_1_944' title='bbox 1589 2188 1723 2214; x_wconf 85' lang='lat' dir='ltr'><strong>neminem</strong></span> <span class='ocrx_word' id='word_1_945' title='bbox 1737 2196 1837 2219; x_wconf 77' lang='lat' dir='ltr'><strong>eorum,</strong></span> 
     </span>
     <span class='ocr_line' id='line_1_133' title="bbox 1050 2225 1840 2261; baseline 0 -9"><span class='ocrx_word' id='word_1_946' title='bbox 1050 2226 1097 2261; x_wconf 90' lang='lat' dir='ltr'><strong>qni</strong></span> <span class='ocrx_word' id='word_1_947' title='bbox 1112 2226 1242 2256; x_wconf 79' lang='lat' dir='ltr'><strong>viverent,</strong></span> <span class='ocrx_word' id='word_1_948' title='bbox 1259 2225 1408 2256; x_wconf 75' lang='lat' dir='ltr'><strong>nominare,</strong></span> <span class='ocrx_word' id='word_1_949' title='bbox 1433 2234 1466 2251; x_wconf 88' lang='lat' dir='ltr'><strong>ne</strong></span> <span class='ocrx_word' id='word_1_950' title='bbox 1480 2233 1527 2252; x_wconf 90' lang='lat' dir='ltr'><strong>vos</strong></span> <span class='ocrx_word' id='word_1_951' title='bbox 1541 2225 1674 2252; x_wconf 85' lang='lat' dir='ltr'><strong>curiosius</strong></span> <span class='ocrx_word' id='word_1_952' title='bbox 1686 2225 1817 2252; x_wconf 75' lang='lat' dir='ltr'><strong>eliceretis</strong></span> <span class='ocrx_word' id='word_1_953' title='bbox 1828 2226 1840 2238; x_wconf 76' lang='lat'>⁸</span> 
     </span>
     <span class='ocr_line' id='line_1_134' title="bbox 1050 2262 1840 2297; baseline 0 -8"><span class='ocrx_word' id='word_1_954' title='bbox 1050 2272 1083 2289; x_wconf 86' lang='lat' dir='ltr'><strong>ex</strong></span> <span class='ocrx_word' id='word_1_955' title='bbox 1097 2271 1148 2293; x_wconf 80' lang='lat' dir='ltr'><strong>me,</strong></span> <span class='ocrx_word' id='word_1_956' title='bbox 1164 2262 1230 2297; x_wconf 87' lang='lat' dir='ltr'><strong>quid</strong></span> <span class='ocrx_word' id='word_1_957' title='bbox 1243 2262 1276 2288; x_wconf 88' lang='lat' dir='ltr'><strong>de</strong></span> <span class='ocrx_word' id='word_1_958' title='bbox 1289 2271 1397 2297; x_wconf 88' lang='lat' dir='ltr'><strong>quoque</strong></span> <span class='ocrx_word' id='word_1_959' title='bbox 1411 2262 1566 2293; x_wconf 86' lang='lat' dir='ltr'><strong>iudicarem,</strong></span> <span class='ocrx_word' id='word_1_960' title='bbox 1582 2270 1635 2293; x_wconf 83' lang='lat' dir='ltr'><strong>eos,</strong></span> <span class='ocrx_word' id='word_1_961' title='bbox 1651 2262 1699 2297; x_wconf 86' lang='lat' dir='ltr'><strong>qui</strong></span> <span class='ocrx_word' id='word_1_962' title='bbox 1712 2263 1766 2289; x_wconf 83' lang='lat' dir='ltr'><strong>iam</strong></span> <span class='ocrx_word' id='word_1_963' title='bbox 1777 2267 1840 2289; x_wconf 91' lang='lat' dir='ltr'><strong>sunt</strong></span> 
     </span>
     <span class='ocr_line' id='line_1_135' title="bbox 1050 2299 1839 2334; baseline 0 -8"><span class='ocrx_word' id='word_1_964' title='bbox 1050 2300 1156 2331; x_wconf 83' lang='lat' dir='ltr'><strong>mortui,</strong></span> <span class='ocrx_word' id='word_1_965' title='bbox 1174 2299 1325 2326; x_wconf 89' lang='lat' dir='ltr'><strong>nominabo.</strong></span> <span class='ocrx_word' id='word_1_966' title='bbox 1347 2300 1415 2326; x_wconf 89' lang='lat' dir='ltr'><strong>Tum</strong></span> <span class='ocrx_word' id='word_1_967' title='bbox 1428 2300 1536 2331; x_wconf 80' lang='lat' dir='ltr'><strong>Brutus,</strong></span> <span class='ocrx_word' id='word_1_968' title='bbox 1552 2300 1609 2326; x_wconf 87' lang='lat' dir='ltr'><strong>Non</strong></span> <span class='ocrx_word' id='word_1_969' title='bbox 1618 2303 1666 2330; x_wconf 83' lang='lat' dir='ltr'><strong>est,</strong></span> <span class='ocrx_word' id='word_1_970' title='bbox 1679 2299 1776 2334; x_wconf 85' lang='lat' dir='ltr'><strong>inquit,</strong></span> <span class='ocrx_word' id='word_1_971' title='bbox 1789 2300 1839 2326; x_wconf 74' lang='lat' dir='ltr'><strong>ista</strong></span> 
     </span>
     <span class='ocr_line' id='line_1_136' title="bbox 1049 2335 1836 2372; baseline -0.001 -8"><span class='ocrx_word' id='word_1_972' title='bbox 1049 2345 1152 2368; x_wconf 86' lang='lat' dir='ltr'><strong>caussa,</strong></span> <span class='ocrx_word' id='word_1_973' title='bbox 1172 2345 1253 2371; x_wconf 82' lang='lat' dir='ltr'><strong>quam</strong></span> <span class='ocrx_word' id='word_1_974' title='bbox 1272 2336 1348 2368; x_wconf 85' lang='lat' dir='ltr'><strong>dicis,</strong></span> <span class='ocrx_word' id='word_1_975' title='bbox 1368 2336 1541 2372; x_wconf 86' lang='lat' dir='ltr'><strong>quamobrem</strong></span> <span class='ocrx_word' id='word_1_976' title='bbox 1558 2335 1592 2362; x_wconf 86' lang='lat' dir='ltr'><strong>de</strong></span> <span class='ocrx_word' id='word_1_977' title='bbox 1608 2336 1651 2366; x_wconf 81' lang='lat' dir='ltr'><strong>iis,</strong></span> <span class='ocrx_word' id='word_1_978' title='bbox 1670 2337 1717 2371; x_wconf 86' lang='lat' dir='ltr'><strong>qui</strong></span> <span class='ocrx_word' id='word_1_979' title='bbox 1733 2337 1836 2366; x_wconf 84' lang='lat' dir='ltr'><strong>vivunt.</strong></span> 
     </span>
     <span class='ocr_line' id='line_1_137' title="bbox 1049 2373 1840 2408; baseline 0 -8"><span class='ocrx_word' id='word_1_980' title='bbox 1049 2374 1117 2401; x_wconf 87' lang='lat' dir='ltr'><strong>nihil</strong></span> <span class='ocrx_word' id='word_1_981' title='bbox 1140 2373 1207 2400; x_wconf 80' lang='lat' dir='ltr'><strong>velis</strong></span> <span class='ocrx_word' id='word_1_982' title='bbox 1229 2373 1326 2400; x_wconf 89' lang='lat' dir='ltr'><strong>dicere.</strong></span> <span class='ocrx_word' id='word_1_983' title='bbox 1358 2373 1494 2406; x_wconf 86' lang='lat' dir='ltr'><strong>Quaenam</strong></span> <span class='ocrx_word' id='word_1_984' title='bbox 1516 2373 1612 2408; x_wconf 78' lang='lat' dir='ltr'><strong>igitur.</strong></span> <span class='ocrx_word' id='word_1_985' title='bbox 1636 2373 1757 2408; x_wconf 82' lang='lat' dir='ltr'><strong>inquam,</strong></span> <span class='ocrx_word' id='word_1_986' title='bbox 1781 2373 1840 2400; x_wconf 71' lang='lat' dir='ltr'><strong>est?</strong></span> 
     </span>
     <span class='ocr_line' id='line_1_138' title="bbox 1048 2409 1839 2445; baseline 0 -8"><span class='ocrx_word' id='word_1_987' title='bbox 1048 2412 1138 2437; x_wconf 88' lang='lat' dir='ltr'><strong>Vereri</strong></span> <span class='ocrx_word' id='word_1_988' title='bbox 1153 2416 1185 2442; x_wconf 83' lang='lat' dir='ltr'><strong>te,</strong></span> <span class='ocrx_word' id='word_1_989' title='bbox 1202 2411 1298 2445; x_wconf 82' lang='lat' dir='ltr'><strong>inquit,</strong></span> <span class='ocrx_word' id='word_1_990' title='bbox 1315 2411 1434 2442; x_wconf 83' lang='lat' dir='ltr'><strong>arbitror.</strong></span> <span class='ocrx_word' id='word_1_991' title='bbox 1451 2419 1484 2437; x_wconf 87' lang='lat' dir='ltr'><strong>ne</strong></span> <span class='ocrx_word' id='word_1_992' title='bbox 1496 2418 1544 2445; x_wconf 87' lang='lat' dir='ltr'><strong>per</strong></span> <span class='ocrx_word' id='word_1_993' title='bbox 1557 2418 1604 2436; x_wconf 88' lang='lat' dir='ltr'><strong>nos</strong></span> <span class='ocrx_word' id='word_1_994' title='bbox 1618 2409 1662 2436; x_wconf 88' lang='lat' dir='ltr'><strong>hic</strong></span> <span class='ocrx_word' id='word_1_995' title='bbox 1675 2419 1762 2437; x_wconf 85' lang='lat' dir='ltr'><strong>sermo</strong></span> <span class='ocrx_word' id='word_1_996' title='bbox 1775 2414 1839 2437; x_wconf 83' lang='lat' dir='ltr'><strong>tuus</strong></span> 
     </span>
     <span class='ocr_line' id='line_1_139' title="bbox 1048 2447 1840 2482; baseline 0 -8"><span class='ocrx_word' id='word_1_997' title='bbox 1048 2453 1152 2475; x_wconf 86' lang='lat' dir='ltr'><strong>emanet</strong></span> <span class='ocrx_word' id='word_1_998' title='bbox 1166 2453 1191 2474; x_wconf 84' lang='lat' dir='ltr'><strong>et</strong></span> <span class='ocrx_word' id='word_1_999' title='bbox 1204 2449 1223 2474; x_wconf 90' lang='lat' dir='ltr'><strong>ii</strong></span> <span class='ocrx_word' id='word_1_1000' title='bbox 1233 2448 1282 2474; x_wconf 86' lang='lat' dir='ltr'><strong>tibi</strong></span> <span class='ocrx_word' id='word_1_1001' title='bbox 1291 2452 1548 2482; x_wconf 86' lang='lat' dir='ltr'><strong>succenseant‚quos</strong></span> <span class='ocrx_word' id='word_1_1002' title='bbox 1557 2448 1735 2482; x_wconf 73' lang='lat' dir='ltr'><strong>praeterieris.</strong></span> <span class='ocrx_word' id='word_1_1003' title='bbox 1749 2447 1840 2480; x_wconf 72' lang='lat' dir='ltr'><strong>Quid?</strong></span> 
     </span>
     <span class='ocr_line' id='line_1_140' title="bbox 1048 2483 1840 2520; baseline -0.001 -8"><span class='ocrx_word' id='word_1_1004' title='bbox 1048 2495 1105 2517; x_wconf 75' lang='lat' dir='ltr'><strong>vos,</strong></span> <span class='ocrx_word' id='word_1_1005' title='bbox 1125 2486 1245 2520; x_wconf 82' lang='lat' dir='ltr'><strong>inquam,</strong></span> <span class='ocrx_word' id='word_1_1006' title='bbox 1265 2489 1350 2511; x_wconf 90' lang='lat' dir='ltr'><strong>tacere</strong></span> <span class='ocrx_word' id='word_1_1007' title='bbox 1368 2493 1420 2511; x_wconf 88' lang='lat' dir='ltr'><strong>non</strong></span> <span class='ocrx_word' id='word_1_1008' title='bbox 1437 2483 1574 2519; x_wconf 71' lang='lat' dir='ltr'><strong>poteritis?</strong></span> <span class='ocrx_word' id='word_1_1009' title='bbox 1594 2484 1648 2510; x_wconf 83' lang='lat' dir='ltr'><strong>Nos</strong></span> <span class='ocrx_word' id='word_1_1010' title='bbox 1660 2484 1780 2519; x_wconf 81' lang='lat' dir='ltr'><strong>quidem,</strong></span> <span class='ocrx_word' id='word_1_1011' title='bbox 1796 2485 1840 2511; x_wconf 85' lang='lat' dir='ltr'><strong>in—</strong></span> 
     </span>
     <span class='ocr_line' id='line_1_141' title="bbox 1047 2521 1837 2557; baseline 0 -9"><span class='ocrx_word' id='word_1_1012' title='bbox 1047 2523 1115 2557; x_wconf 76' lang='lat' dir='ltr'><strong>quit,</strong></span> <span class='ocrx_word' id='word_1_1013' title='bbox 1140 2521 1279 2549; x_wconf 84' lang='lat' dir='ltr'><strong>facillime:</strong></span> <span class='ocrx_word' id='word_1_1014' title='bbox 1310 2522 1358 2548; x_wconf 79' lang='lat' dir='ltr'><strong>sed</strong></span> <span class='ocrx_word' id='word_1_1015' title='bbox 1376 2526 1463 2547; x_wconf 84' lang='lat' dir='ltr'><strong>tamen</strong></span> <span class='ocrx_word' id='word_1_1016' title='bbox 1481 2525 1506 2547; x_wconf 85' lang='lat' dir='ltr'><strong>te</strong></span> <span class='ocrx_word' id='word_1_1017' title='bbox 1522 2521 1635 2547; x_wconf 83' lang='lat' dir='ltr'><strong>arbitror</strong></span> <span class='ocrx_word' id='word_1_1018' title='bbox 1653 2521 1733 2548; x_wconf 85' lang='lat' dir='ltr'><strong>malle</strong></span> <span class='ocrx_word' id='word_1_1019' title='bbox 1746 2522 1837 2557; x_wconf 85' lang='lat' dir='ltr'><strong>ipsum</strong></span> 
     </span>
     <span class='ocr_line' id='line_1_142' title="bbox 1048 2559 1837 2594; baseline 0 -8"><span class='ocrx_word' id='word_1_1020' title='bbox 1048 2565 1225 2594; x_wconf 82' lang='lat' dir='ltr'><strong>tacere‚quam</strong></span> <span class='ocrx_word' id='word_1_1021' title='bbox 1233 2559 1434 2585; x_wconf 86' lang='lat' dir='ltr'><strong>taciturnitatem</strong></span> <span class='ocrx_word' id='word_1_1022' title='bbox 1446 2563 1561 2584; x_wconf 86' lang='lat' dir='ltr'><strong>nostram</strong></span> <span class='ocrx_word' id='word_1_1023' title='bbox 1571 2559 1696 2594; x_wconf 82' lang='lat' dir='ltr'><strong>experiri.</strong></span> <span class='ocrx_word' id='word_1_1024' title='bbox 1707 2559 1837 2587; x_wconf 69' lang='lat' dir='ltr'><strong>232‘1&#39;um</strong></span> 
     </span>
     <span class='ocr_line' id='line_1_143' title="bbox 1047 2595 1838 2632; baseline 0.001 -9"><span class='ocrx_word' id='word_1_1025' title='bbox 1047 2604 1104 2632; x_wconf 79' lang='lat' dir='ltr'><strong>ego,</strong></span> <span class='ocrx_word' id='word_1_1026' title='bbox 1120 2597 1195 2627; x_wconf 79' lang='lat' dir='ltr'><strong>Vere,</strong></span> <span class='ocrx_word' id='word_1_1027' title='bbox 1210 2596 1330 2630; x_wconf 80' lang='lat' dir='ltr'><strong>inquam,</strong></span> <span class='ocrx_word' id='word_1_1028' title='bbox 1346 2595 1403 2626; x_wconf 87' lang='lat' dir='ltr'><strong>tibi,</strong></span> <span class='ocrx_word' id='word_1_1029' title='bbox 1419 2595 1506 2625; x_wconf 80' lang='lat' dir='ltr'><strong>Brute.</strong></span> <span class='ocrx_word' id='word_1_1030' title='bbox 1523 2595 1619 2622; x_wconf 81' lang='lat' dir='ltr'><strong>dicam.</strong></span> <span class='ocrx_word' id='word_1_1031' title='bbox 1652 2597 1711 2624; x_wconf 89' lang='lat' dir='ltr'><strong>Non</strong></span> <span class='ocrx_word' id='word_1_1032' title='bbox 1723 2605 1768 2623; x_wconf 87' lang='lat' dir='ltr'><strong>me</strong></span> <span class='ocrx_word' id='word_1_1033' title='bbox 1780 2597 1838 2624; x_wconf 85' lang='lat' dir='ltr'><strong>exi-</strong></span> 
     </span>
     <span class='ocr_line' id='line_1_144' title="bbox 1047 2632 1838 2668; baseline 0.003 -9"><span class='ocrx_word' id='word_1_1034' title='bbox 1047 2634 1155 2660; x_wconf 81' lang='lat' dir='ltr'><strong>stimavi</strong></span> <span class='ocrx_word' id='word_1_1035' title='bbox 1172 2634 1200 2660; x_wconf 85' lang='lat' dir='ltr'><strong>in</strong></span> <span class='ocrx_word' id='word_1_1036' title='bbox 1218 2632 1268 2659; x_wconf 88' lang='lat' dir='ltr'><strong>hoc</strong></span> <span class='ocrx_word' id='word_1_1037' title='bbox 1284 2640 1405 2659; x_wconf 86' lang='lat' dir='ltr'><strong>sermone</strong></span> <span class='ocrx_word' id='word_1_1038' title='bbox 1422 2640 1509 2668; x_wconf 78' lang='lat' dir='ltr'><strong>usque</strong></span> <span class='ocrx_word' id='word_1_1039' title='bbox 1526 2632 1560 2659; x_wconf 86' lang='lat' dir='ltr'><strong>ad</strong></span> <span class='ocrx_word' id='word_1_1040' title='bbox 1573 2632 1641 2660; x_wconf 85' lang='lat' dir='ltr'><strong>hanc</strong></span> <span class='ocrx_word' id='word_1_1041' title='bbox 1654 2638 1764 2661; x_wconf 79' lang='lat' dir='ltr'><strong>aetatem</strong></span> <span class='ocrx_word' id='word_1_1042' title='bbox 1778 2642 1838 2661; x_wconf 69' lang='lat' dir='ltr'><strong>osse</strong></span> 
     </span>
    </p>
   </div>
   <div class='ocr_carea' id='block_1_39' title="bbox 207 2662 1837 2705">
    <p class='ocr_par' dir='ltr' id='par_1_42' title="bbox 207 2662 1837 2705">
     <span class='ocr_line' id='line_1_145' title="bbox 207 2662 1837 2705; baseline 0.002 -13"><span class='ocrx_word' id='word_1_1043' title='bbox 207 2671 250 2692; x_wconf 89' lang='lat' dir='ltr'><strong>tus</strong></span> <span class='ocrx_word' id='word_1_1044' title='bbox 265 2675 315 2693; x_wconf 91' lang='lat' dir='ltr'><strong>non</strong></span> <span class='ocrx_word' id='word_1_1045' title='bbox 330 2667 491 2701; x_wconf 77' lang='lat' dir='ltr'><strong>inurbanus3</strong></span> <span class='ocrx_word' id='word_1_1046' title='bbox 518 2669 585 2695; x_wconf 86' lang='lat' dir='ltr'><strong>actio</strong></span> <span class='ocrx_word' id='word_1_1047' title='bbox 597 2669 718 2704; x_wconf 83' lang='lat' dir='ltr'><strong>paullum</strong></span> <span class='ocrx_word' id='word_1_1048' title='bbox 733 2678 818 2705; x_wconf 90' lang='lat' dir='ltr'><strong>quum</strong></span> <span class='ocrx_word' id='word_1_1049' title='bbox 833 2669 897 2696; x_wconf 89' lang='lat' dir='ltr'><strong>vitio</strong></span> <span class='ocrx_word' id='word_1_1050' title='bbox 912 2670 993 2700; x_wconf 89' lang='lat' dir='ltr'><strong>vocis,</strong></span> <span class='ocrx_word' id='word_1_1051' title='bbox 1017 2662 1027 2697; x_wconf 59' lang='lat'><strong>2?</strong></span> <span class='ocrx_word' id='word_1_1052' title='bbox 1047 2675 1203 2703; x_wconf 59' lang='lat' dir='ltr'><strong>venturumg</strong></span> <span class='ocrx_word' id='word_1_1053' title='bbox 1226 2669 1274 2695; x_wconf 88' lang='lat' dir='ltr'><strong>sed</strong></span> <span class='ocrx_word' id='word_1_1054' title='bbox 1292 2670 1327 2696; x_wconf 85' lang='lat' dir='ltr'><strong>ita</strong></span> <span class='ocrx_word' id='word_1_1055' title='bbox 1341 2670 1419 2696; x_wconf 86' lang='lat' dir='ltr'><strong>traxit</strong></span> <span class='ocrx_word' id='word_1_1056' title='bbox 1433 2670 1496 2696; x_wconf 93' lang='lat' dir='ltr'><strong>ordo</strong></span> <span class='ocrx_word' id='word_1_1057' title='bbox 1509 2674 1624 2697; x_wconf 81' lang='lat' dir='ltr'><strong>aetatum</strong></span> <span class='ocrx_word' id='word_1_1058' title='bbox 1638 2671 1791 2698; x_wconf 84' lang='lat' dir='ltr'><strong>orationem.</strong></span> <span class='ocrx_word' id='word_1_1059' title='bbox 1809 2676 1837 2697; x_wconf 91' lang='lat' dir='ltr'><strong>ut</strong></span> 
     </span>
    </p>
   </div>
   <div class='ocr_carea' id='block_1_40' title="bbox 1881 0 1941 3052">
    <p class='ocr_par' dir='ltr' id='par_1_43' title="bbox 1881 0 1941 3052">
     <span class='ocr_line' id='line_1_146' title="bbox 1881 0 1941 3052; baseline 0 0"><span class='ocrx_word' id='word_1_1060' title='bbox 1881 0 1941 3052; x_wconf 95' lang='lat' dir='ltr'><strong> </strong></span> 
     </span>
    </p>
   </div>
  </div>
 </body>
</html>
