1941 3052
446 139 634 167 ORATIO
666 139 757 166 PRO
790 139 819 165 P.
854 138 1023 165 SULLA.
1058 137 1156 164 CAP.

520 210 610 237 Status
622 211 694 237 enirn
705 209 869 245 reipublicae

641 249 735 283 Neque
749 256 800 283 ego
811 252 870 273 tan-

72 291 130 314 tum
141 286 256 313 fraterno
267 286 350 312 amori
361 285 480 312 dandum
492 286 617 318 arbitror,
635 290 665 312 ut
679 286 824 320 quisquam
836 284 869 311 de

72 324 158 352 salute
169 332 281 350 suorum
292 322 422 354 consulat,
435 332 607 350 communem
618 323 762 358 relinquat.
796 321 869 348 Nihil

72 361 106 389 de
125 361 226 388 iudicio
245 360 359 387 ferebat:
384 360 431 387 sed
451 369 564 395 poenam
584 361 702 387 ambitus
722 359 867 390 auferebat,

71 407 141 435 quae
161 398 247 425 fuerat
267 407 353 433 nuper
375 398 561 433 superioribus
585 398 692 434 legibus
715 398 868 424 constituta.

72 438 164 472 ltaque
175 436 225 462 hac
235 437 370 472 rogatione
382 444 434 462 non
445 435 567 462 iudicum
583 436 755 466 sententiam.
773 434 820 461 sed
833 434 871 460 le-

72 475 114 511 gis
129 474 227 500 vitium
242 473 402 509 corrigebat.
441 474 525 500 Nemo
541 473 672 499 iudicium
688 471 868 507 reprehendit,

72 520 158 547 quum
170 511 203 537 de
213 519 298 546 poena
309 511 440 546 queritur,
453 510 500 537 sed
513 510 608 546 legem.
649 509 787 536 Damnatio
798 509 870 535 enim

72 553 113 576 est
123 548 255 579 iudicum,
269 557 338 583 quae
350 547 487 574 manebat:
502 556 586 582 poena
598 547 752 583 legis‚quae
763 546 872 572 levaba-

72 591 126 614 tur.
147 587 190 613 6⁴.
202 586 262 613 Noli
274 586 356 622 igitur
367 586 469 612 animos
480 594 572 612 eorum
583 585 718 615 ordinum,
734 583 781 619 qui
793 592 871 618 prae-

72 628 137 651 sunt
151 623 260 650 iudiciis
275 632 382 650 summa
397 632 458 649 cum
470 623 598 658 gravitate
609 627 635 648 et
645 622 787 658 dignitate,
805 621 871 647 alie-

72 670 136 688 narc
147 670 160 688 a
171 669 276 688 caussa.
291 661 375 687 Nemo
386 660 544 687 labefactare
554 659 686 686 iudicium
698 663 738 685 est
748 663 868 685 conatus:

73 698 141 726 nihil
157 703 198 725 est
212 698 344 725 eiusmodi
361 697 570 733 promulgatum.
612 696 724 731 Semper
738 695 870 723 Caecilius

72 737 101 763 in
120 736 270 763 calamitate
290 735 379 762 fratris
400 735 442 761 sui
463 735 584 761 iudicum
601 739 756 769 potestatem
774 741 871 768 perpe-

72 773 209 804 tuandam,
223 773 291 809 legis
302 773 471 799 acerbitatem
482 772 658 808 mitigandam
670 771 783 806 putavit.

128 811 225 837 xxm.
234 810 287 837 Sed
298 810 365 845 qnid
376 818 425 846 ego
436 809 469 836 de
481 809 530 836 hoc
540 809 618 844 plura
629 808 784 844 disputem?
794 808 870 834 Dice-

73 857 129 875 rem
141 848 264 879 sortasse,
282 852 308 874 et
322 847 400 874 facile
411 851 436 873 et
449 847 561 873 libenter
572 847 698 873 dicerem.
740 846 768 872 Si
779 845 870 881 paullo

73 887 152 913 etiam
169 885 289 921 longius,
306 893 388 920 quam
403 884 465 911 finis
479 884 629 919 quotidiani
644 883 725 911 officii
741 883 868 919 postulat,

72 924 157 959 pietas
168 927 193 949 et
204 922 336 949 fraternus
347 931 421 949 amor
431 923 461 948 L.
469 922 615 949 Caecilium
627 921 804 957 propulisset;
817 921 870 946 im-

72 960 204 997 plorarem
224 969 321 987 sensus
341 964 458 986 vestros:
479 960 561 986 unius
577 960 710 995 cuiusque
724 958 870 994 indulgen-

72 999 136 1026 tiam
151 998 180 1024 in
195 1006 259 1024 snos
274 1002 398 1024 testarer:
415 1001 532 1033 peterem
548 1001 633 1024 errato
644 997 750 1023 veniam
762 997 792 1023 L.
805 996 870 1023 Cae-

72 1035 128 1063 cilii
141 1044 175 1062 ex
190 1035 293 1062 intimis
309 1036 405 1062 vestris
421 1035 628 1071 cogitationibus
639 1039 719 1070 atque
730 1043 764 1061 ex
774 1034 871 1060 huma-

71 1074 154 1100 nitate
165 1073 312 1100 communi.
353 1074 395 1099 65.
412 1073 468 1099 Lex
479 1072 536 1099 dies
547 1072 598 1099 fuit
609 1073 743 1107 proposita
755 1080 868 1107 paucos;

71 1111 135 1138 ferri
145 1115 238 1145 coepta
249 1119 411 1146 numquam:
433 1110 552 1145 deposita
564 1111 641 1136 estin
653 1114 761 1136 senatu:
784 1118 871 1144 popu-

73 1148 130 1175 lum
140 1148 291 1175 Romanum
303 1147 388 1174 latuit.
420 1147 509 1180 Quum
521 1148 549 1174 in
560 1147 722 1182 Capitolium
734 1156 781 1174 nos
793 1155 871 1173 sena-

72 1191 131 1214 tum
142 1185 452 1216 convocassemus‚nihil
464 1190 505 1212 est
515 1190 603 1212 actum
617 1186 706 1220 prius:
720 1190 745 1211 et
756 1185 782 1211 id
796 1193 871 1210 man-

72 1223 134 1250 dato
144 1222 234 1250 Sullae
245 1222 276 1255 Q.
290 1223 414 1250 Metellus
426 1227 530 1258 praetor
541 1231 569 1249 se
582 1222 654 1258 loqui
666 1223 747 1253 dixit,
766 1222 870 1248 Sullam

70 1260 146 1287 illam
158 1261 321 1296 rogationem
333 1260 366 1287 de
377 1269 406 1287 se
417 1260 487 1287 nolle
499 1260 570 1287 ferri.
600 1261 641 1287 Ex
652 1260 698 1287 illo
710 1265 828 1295 tempore
840 1260 868 1285 L.

71 1295 205 1324 Caecilius
217 1297 300 1324 multa
312 1306 326 1324 e
341 1298 479 1333 republica
494 1298 562 1334 egit:
585 1299 702 1333 agrariae
718 1297 783 1333 legi,
801 1305 871 1332 quae

70 1338 125 1362 tota
136 1344 150 1362 a
161 1343 204 1362 me
215 1335 376 1370 reprehensa
387 1340 413 1362 et
423 1335 522 1362 abiecta
535 1339 587 1366 est,
602 1336 803 1362 intercessorem
817 1334 870 1361 fore

70 1372 211 1409 professus
222 1377 276 1399 est:
294 1373 424 1407 improbis
436 1372 623 1408 largitionibus
635 1373 744 1399 restitit:
762 1376 871 1398 senatus

71 1411 254 1438 auctoritatem
267 1419 414 1445 numquam
427 1410 581 1445 impedivit,
604 1411 639 1436 ita
651 1419 679 1436 se
690 1410 775 1446 gessit
785 1410 812 1436 in
825 1410 872 1436 tri-

70 1447 184 1479 bunatu,
197 1452 235 1479 ut,
244 1456 322 1475 onere
333 1448 454 1483 deposito
465 1447 603 1474 domestici
615 1447 704 1479 officii.
719 1447 786 1474 nihil
799 1451 871 1482 post-

72 1493 102 1512 ea
113 1486 166 1512 nisi
177 1485 210 1512 de
221 1484 385 1520 reipublicae
396 1485 544 1512 commodis
558 1485 688 1521 cogitarit.
720 1487 761 1512 66.
784 1485 871 1520 Atque

71 1523 100 1550 in
116 1524 174 1558 ipsa
190 1523 339 1559 rogatione,
358 1532 390 1549 ne
402 1531 449 1558 per
461 1523 514 1549 vim
527 1523 593 1558 quid
605 1527 740 1559 ageretur,
759 1523 820 1558 quis
833 1527 872 1548 ta·-

71 1569 133 1588 men
146 1565 267 1587 nostrum
279 1560 383 1587 Sullam
395 1565 440 1586 aut
451 1560 596 1587 Caecilium
609 1560 768 1586 verebatur?
783 1568 870 1586 nonne

70 1599 160 1625 omnis
172 1598 217 1624 ille
229 1603 324 1629 terror,
347 1598 435 1624 omnis
446 1597 586 1624 seditionis
599 1598 678 1624 timor
689 1602 769 1633 atque
780 1598 871 1633 opinio

71 1644 106 1663 ex
119 1635 242 1662 Autronii
257 1635 427 1670 improbitate
443 1635 594 1670 pendebat?
614 1636 680 1661 Eius
696 1644 788 1667 voces,
811 1636 870 1661 eius

70 1673 160 1700 minae
171 1672 338 1699 ferebantur:
357 1673 415 1699 eius
432 1677 570 1707 aspectus,
588 1674 768 1704 concursatio,
786 1673 871 1708 stipa-

71 1711 120 1742 tio,
138 1719 233 1747 greges
249 1710 390 1737 hominum
405 1710 570 1745 perditorum
587 1715 688 1737 metum
706 1711 782 1737 nobis
798 1710 871 1737 sedi-

71 1749 212 1784 tionesque
222 1747 374 1775 asserebant.
396 1749 488 1783 Itaque
500 1748 620 1778 P.Sulla.
635 1748 683 1775 boc
696 1748 872 1783 importunis-

71 1786 141 1813 simo
160 1790 218 1812 tum
233 1785 342 1813 honoris
357 1790 415 1812 tum
430 1786 509 1812 etiam
524 1785 682 1812 calamitatis
699 1787 771 1812 socio
791 1791 871 1821 atque

71 1824 180 1855 comite,
198 1827 224 1850 et
238 1823 370 1850 secundas
386 1823 505 1850 fortunas
517 1824 637 1849 amittere
652 1828 758 1850 coactus
775 1828 827 1855 est,
846 1828 871 1850 et

70 1861 100 1888 in
115 1860 236 1888 adversis
252 1861 310 1888 sine
326 1861 382 1888 ullo
399 1861 517 1888 remedio
532 1865 611 1896 atque
622 1861 799 1888 allevamento
810 1870 871 1896 per-

71 1906 187 1925 manere.

126 1935 224 1962 XXIV.
237 1937 280 1962 67.
302 1936 350 1962 Hic
365 1940 393 1962 tu
409 1935 549 1970 epistolam
567 1944 652 1962 meam
669 1944 748 1971 saepe
763 1936 868 1966 recitas.

70 1981 153 2008 quam
165 1981 214 2009 ego
225 1973 257 1999 ad
268 1972 481 2008 Cn.Pompeium
493 1973 525 1999 de
537 1973 603 2000 meis
615 1974 695 1999 rebus
705 1974 790 2008 gestis
802 1973 870 2000 etde

71 2019 179 2037 summa
195 2010 358 2045 reipublicae
375 2011 452 2037 misi:
475 2015 500 2037 et
515 2019 548 2037 ex
564 2019 593 2037 ea
609 2011 709 2037 crimen
721 2011 830 2046 aliquod
844 2011 869 2037 in

71 2047 101 2074 P.
115 2047 218 2074 Sullam
230 2048 351 2082 quaeris:
374 2052 408 2079 et,
422 2049 444 2074 si
458 2047 573 2074 furorem
585 2048 780 2079 incredibilem,
795 2049 870 2075 bien-

71 2086 117 2112 nio
127 2090 188 2111 ante
199 2089 371 2120 conceptum,
393 2085 515 2120 erupisse
531 2085 557 2112 in
574 2094 633 2111 meo
647 2085 787 2112 consulatu
804 2087 871 2112 seri-

71 2123 129 2158 psi,
147 2131 188 2149 me
201 2122 250 2149 hoc
261 2122 458 2149 demonstrasse
469 2122 550 2153 dicis.
569 2122 672 2149 Sullam
688 2124 715 2149 iu
728 2123 773 2149 illa
787 2123 870 2149 fnisse

71 2160 209 2195 superiore
224 2160 416 2186 coniuratione.
457 2159 565 2186 Scilicet
579 2161 602 2187 is
619 2169 694 2192 sum,
712 2161 760 2195 qui
776 2161 871 2187 existi-

73 2206 159 2230 mem,
183 2197 231 2224 Cn.
249 2198 372 2223 Pisonem
390 2201 416 2223 et
436 2197 577 2224 Catilinam
594 2202 619 2224 et
635 2198 828 2233 Vargunteium
845 2203 870 2225 et

73 2234 234 2262 Autronium
247 2234 314 2261 nibil
326 2234 461 2266 scelerate,
471 2234 538 2261 nihil
549 2235 674 2262 audacter
685 2236 758 2270 ipsos
770 2245 817 2271 per
828 2245 870 2262 se-

72 2280 101 2299 se
111 2272 170 2299 sine
182 2273 209 2299 P.
223 2272 299 2299 Sulla
311 2271 396 2298 facere
408 2273 538 2307 potuisse.
579 2274 620 2299 68.
643 2273 678 2299 De
689 2282 744 2308 quo
755 2274 868 2299 etiamsi

72 216 120 244 ret,
134 210 209 239 Sulla
219 215 288 238 recte
299 210 479 246 reprehendit.

72 250 189 277 maxime
204 248 329 275 iudicatis
345 248 425 274 rebus
441 248 601 275 continetur.

71 2310 134 2346 quis
144 2309 295 2336 dubitasset
305 2314 390 2341 antea,
405 2318 479 2341 num,
489 2309 594 2344 idquod
607 2315 634 2336 tu
647 2311 870 2345 arguiscogitas-
892 2303 901 2336 ’ἦ

71 2351 120 2379 set.
134 2347 272 2374 interfecto
282 2352 356 2382 patre
368 2352 421 2378 tuo,
438 2347 556 2378 consule,
569 2347 730 2374 descendere
742 2344 869 2374 Kalendis

72 2384 202 2412 Ianuariis
225 2394 287 2412 cum
314 2383 470 2411 lictoribus?
492 2384 627 2411 sustulisti
649 2385 717 2411 banc
737 2386 870 2420 suspiciu-

72 2429 143 2454 nom,
155 2430 241 2458 quum
253 2422 355 2453 dixisti,
370 2422 454 2453 bunc..
469 2427 497 2448 ut
509 2422 649 2448 Catilinam
661 2422 799 2448 consulem
811 2422 870 2448 efli-

72 2464 154 2491 oeret,
171 2465 261 2487 contra
277 2465 379 2495 patrem
396 2465 472 2486 tuum
488 2468 582 2494 operas
597 2464 622 2486 et
637 2468 746 2485 manum
762 2468 870 2494 compa-

73 2504 154 2524 rasse.
177 2496 254 2530 Quod
265 2498 288 2524 si
301 2498 348 2524 tibi
361 2506 410 2533 ego
421 2497 554 2527 confiteor,
563 2501 590 2523 tu
605 2497 670 2523 milii
682 2497 811 2523 concedas
823 2505 870 2523 ne-

72 2541 147 2561 cesse
157 2539 206 2567 est,
219 2535 300 2566 hunc,
314 2543 399 2570 quum
406 2534 534 2561 Catilinae
546 2534 744 2570 suffragaretur,
758 2534 825 2561 nibil
837 2534 870 2561 de

73 2579 122 2599 suo
131 2572 286 2604 consulatu,
303 2581 385 2608 quem
397 2572 497 2599 iudicio
507 2572 644 2603 amiserat,
664 2580 710 2606 per
726 2572 780 2598 vim
793 2580 870 2598 recu-

73 2609 190 2644 perando
203 2610 374 2646 cogitavisse.
405 2610 498 2645 Neque
513 2609 584 2636 enim
596 2610 708 2635 istorum
722 2609 868 2636 facinorum

74 2650 219 2679 tantorum,
241 2651 295 2674 tam
311 2647 440 2675 atrocium
455 2647 570 2679 crimen,
592 2646 708 2678 iudices,
732 2647 760 2673 Ρ,
778 2647 869 2673 Sullae

73 2691 184 2718 persona
195 2685 318 2720 suscipit.

898 784 900 791 r
922 770 969 805 qui
981 770 1044 796 huie
1055 769 1149 796 affines
1160 769 1255 796 sceleri
1267 769 1384 795 fuerunt.

900 1989 901 1995 ι
922 1973 1008 2004 dices,
1027 1978 1052 1998 et
1063 1981 1120 1998 eam
1133 1977 1192 1998 ante
1204 1972 1295 1999 oculos
1309 1976 1409 1998 vestros
1422 1972 1570 2006 proponite.

1192 138 1222 163 ⁴9
1242 152 1279 156 --
1302 138 1341 162 26.
1668 137 1716 163 449

977 209 1080 235 69.1am
1092 208 1164 235 enim
1176 207 1279 239 faciam,
1288 206 1448 233 criminibus
1458 206 1585 232 omnibus
1597 205 1650 233 fere
1661 206 1718 233 dis-

897 243 899 253 ¹
921 246 1030 277 solutis,
1049 250 1137 272 contra
1153 250 1233 280 atque
1248 245 1276 271 in
1291 245 1386 271 ceteris
1399 244 1503 270 caussis
1519 244 1575 270 fieri
1591 243 1670 274 solet,
1688 249 1718 270 ut

922 293 993 310 nunc
1008 283 1126 318 denique
1141 283 1174 309 de
1190 283 1243 309 vita
1260 282 1377 309 hominis
1393 290 1423 308 ac
1437 281 1470 307 de
1486 281 1606 308 moribus
1618 281 1716 307 dicam.

921 321 1026 347 Etenim
1042 320 1075 347 de
1087 321 1219 356 principio
1230 319 1335 346 studuit
1345 320 1451 345 animus
1464 327 1602 345 occurrere
1614 319 1719 355 magni-

921 359 1009 385 tudini
1021 359 1151 390 criminis,
1160 357 1312 384 satisfacere
1324 357 1514 392 exspectationi
1526 356 1676 387 hominum,
1685 356 1718 383 de

922 404 964 422 me
975 396 1078 431 aliquid
1090 396 1158 430 ipso,
1167 395 1214 431 qui
1226 399 1366 421 accusatus
1377 403 1458 425 eram,
1466 393 1568 421 dicere:
1581 403 1653 420 nunc
1665 394 1718 420 iam

922 433 1062 460 revocandi
1075 434 1141 459 estis
1152 442 1196 464 eo,
1211 441 1265 468 quo
1276 441 1323 459 vos
1334 433 1392 467 ipsa
1403 440 1511 463 caussa,
1524 432 1604 458 etiam
1617 436 1719 458 tacente

898 464 900 492 l
922 479 973 502 me,
987 471 1057 506 cogit
1068 472 1170 497 animos
1182 475 1339 505 mentesque
1349 474 1511 496 convertere.
1530 469 1616 495 XXV.
1625 468 1719 495 Omni-

922 508 973 534 bus
993 508 1021 534 in
1041 508 1135 539 rebus,
1161 508 1277 539 iudices,
1303 516 1372 542 quae
1395 507 1530 543 graviores
1550 507 1719 542 maioresque

922 550 998 577 sunt,
1011 545 1078 580 quid
1090 546 1206 581 quisque
1218 544 1345 575 voluerit,
1358 545 1492 580 cogitarit,
1505 544 1652 575 admiserit,
1666 552 1719 570 non

922 591 956 609 ex
975 584 1101 614 crimine,
1124 583 1171 609 sed
1186 591 1220 609 ex
1236 582 1355 609 moribus
1371 583 1443 613 eius,
1461 582 1509 616 qui
1525 582 1660 618 arguitur,
1678 585 1719 608 est

922 620 1134 655 ponderandum.
1157 621 1250 655 Neque
1261 620 1332 646 enim
1344 624 1429 654 potest
1439 620 1584 654 quisquam
1597 624 1719 646 nostrum

923 658 1012 684 subito
1024 657 1098 694 fingi,
1108 666 1194 693 neque
1205 658 1367 692 cuiusquam
1379 661 1487 691 repente
1499 658 1552 683 vita
1564 657 1662 683 mutari
1673 661 1720 682 aut

923 700 1015 721 natura
1026 695 1155 721 converti.
1185 696 1228 721 70.
1246 694 1448 729 Circumspicite
1463 694 1611 729 paullisper
1622 695 1720 721 menti-

922 733 973 759 bus
986 733 1094 763 vestris,
1112 732 1202 758 utalia
1214 733 1382 763 omittamus,
1401 732 1480 758 hosce
1495 733 1568 766 ipsos
1584 732 1716 763 homines,

1426 769 1537 795 Catilina
1549 774 1638 795 contra
1649 777 1720 795 rem-

921 807 1059 842 publicam
1075 807 1234 833 coniuravit.
1276 807 1360 833 Cuius
1376 815 1453 832 aures
1469 815 1599 842 umquam
1615 807 1664 833 hoc
1678 815 1719 833 re-

921 849 1052 880 spuerunt
1062 849 1186 871 conatum
1198 853 1256 871 esse
1266 844 1412 875 hominem,
1421 852 1508 879 usque
1518 853 1531 870 a
1543 845 1656 879 pueritia
1667 852 1720 871 non

921 882 1009 909 solum
1020 882 1224 917 intemperantia
1236 887 1261 908 et
1272 881 1384 913 scelere,
1398 881 1444 908 sed
1456 882 1534 908 etiam
1547 881 1721 908 consuetudi-

921 929 954 946 ne
965 925 990 946 et
1002 920 1092 946 studio
1102 921 1130 946 in
1142 921 1215 946 omni
1226 918 1334 955 flagitio,
1348 924 1450 954 stupro,
1459 919 1539 945 caede
1550 918 1721 955 grassatum‘.>

921 957 987 990 Quis
999 966 1061 984 eum
1072 963 1160 984 contra
1172 957 1283 992 patriam
1296 961 1460 992 pugnantem
1472 957 1584 992 periisse
1597 957 1718 988 miratur,

921 1004 1003 1030 quem
1019 1004 1125 1030 semper
1139 1004 1232 1021 omnes
1246 995 1279 1021 ad
1292 995 1372 1021 civile
1384 994 1552 1021 latrocinium
1564 999 1657 1020 natum
1670 1003 1721 1029 pu-

922 1032 1064 1059 taverunt?
1077 1032 1144 1065 Quis
1156 1032 1262 1059 Lentuli
1274 1033 1413 1059 societates
1425 1041 1486 1058 cum
1498 1032 1643 1063 indicibus,
1657 1032 1720 1066 quis

899 1097 901 1102 ,
922 1071 1055 1097 insaniam
1078 1070 1236 1101 libidinum,
1259 1071 1322 1105 quis
1344 1078 1496 1105 perversam
1513 1075 1593 1105 atque
1608 1070 1720 1104 impiam

899 1127 900 1132 ,
921 1108 1080 1144 religionem
1092 1108 1257 1139 recordatur,
1273 1108 1321 1143 qui
1334 1107 1411 1134 illum
1423 1112 1468 1133 aut
1480 1107 1578 1133 nefarie
1590 1108 1721 1143 cogitasse

899 1144 901 1181 ¹,
922 1150 968 1172 aut
979 1145 1061 1172 stulte
1072 1154 1194 1181 sperasse
1207 1145 1336 1171 miretur?
1349 1144 1416 1177 Quis
1427 1145 1460 1171 de
1473 1145 1499 1172 C.
1513 1144 1629 1180 Cethego
1641 1149 1721 1179 atque

923 1184 981 1210 eius
998 1184 1025 1210 in
1037 1184 1193 1218 Hispaniam
1210 1183 1386 1218 profectione,
1405 1191 1434 1208 ac
1449 1182 1482 1208 de
1499 1182 1609 1208 vulnere
1621 1181 1651 1214 Q.
1665 1182 1721 1208 Me-

923 1221 979 1247 telli
990 1221 1030 1247 Pii
1042 1222 1152 1257 cogitat,
1170 1222 1214 1247 cui
1231 1230 1282 1247 non
1295 1221 1326 1247 ad
1339 1220 1413 1247 illius
1425 1229 1537 1255 poenam
1549 1228 1637 1246 carcer
1648 1219 1721 1246 aedi-

924 1259 1017 1285 ficatus
1028 1267 1087 1285 esse
1099 1258 1239 1285 videatur?
1249 1258 1349 1285 Omitto
1359 1262 1470 1288 ceteros,
1484 1267 1516 1283 ne
1527 1258 1561 1284 sit
1572 1257 1719 1284 infinitum.

922 1297 965 1323 Ἠ,
983 1297 1097 1322 Tantum
1109 1305 1123 1322 a
1135 1296 1212 1322 vobis
1223 1301 1298 1331 peto,
1317 1300 1345 1322 ut
1359 1296 1429 1322 taciti
1445 1295 1478 1321 de
1494 1295 1634 1326 omnibus,
1652 1303 1720 1330 quos

923 1334 1077 1360 coniurasse
1088 1334 1225 1370 cognitum
1237 1338 1290 1365 est,
1303 1334 1434 1369 cogitetis.
1467 1332 1624 1368 intelligetis
1635 1341 1721 1358 unum

923 1380 1060 1406 quemque
1071 1371 1178 1397 illorum
1191 1372 1266 1406 prius
1278 1380 1290 1397 a
1303 1380 1351 1397 sua
1364 1371 1426 1401 vita,
1435 1379 1516 1405 quam
1530 1375 1617 1396 nostra
1630 1370 1722 1404 suspi—

923 1410 998 1435 cione
1010 1417 1068 1435 esse
1079 1408 1244 1435 damnatum.
1278 1409 1370 1443 Ipsum
1382 1408 1460 1434 illum
1472 1408 1631 1434 Autronium
1644 1408 1721 1442 (quo-

924 1447 995 1473 niam
1008 1447 1066 1472 eius
1077 1455 1173 1472 nomen
1185 1446 1330 1472 finitimum
1344 1446 1460 1472 maxime
1471 1450 1509 1471 cst
1521 1445 1603 1471 liuius
1615 1445 1722 1480 pericu-

925 1484 949 1510 lo
959 1488 984 1510 et
995 1484 1170 1518 crimini)non
1183 1492 1231 1510 sua
1244 1484 1308 1509 haec
1322 1484 1372 1509 vita
1385 1482 1538 1509 convincit‘?
1549 1482 1662 1517 Semper
1673 1491 1721 1508 au-

923 1521 988 1552 dax,
1006 1521 1143 1556 petulans,
1158 1521 1330 1547 libidinosus.
1371 1520 1456 1553 Quem
1470 1521 1496 1546 in
1508 1525 1662 1554 stuprorum
1675 1520 1722 1546 de-

900 1567 902 1583 >
924 1558 1091 1585 tensionibus
1107 1567 1159 1585 non
1176 1558 1264 1585 solum
1281 1558 1370 1585 verbis
1384 1558 1423 1584 uti
1436 1557 1645 1592 improbissimis
1657 1557 1722 1583 soli-

923 1602 980 1623 tum
1001 1605 1059 1623 esse
1080 1597 1195 1627 scimus,
1218 1605 1313 1622 verum
1334 1596 1413 1622 etiam
1430 1596 1529 1631 pugnis
1545 1600 1571 1621 et
1586 1595 1719 1621 calcibus:

923 1643 1004 1669 quem
1025 1634 1167 1660 exturbare
1188 1634 1311 1660 homines
1328 1642 1341 1659 e
1358 1633 1589 1668 possessionibus,
1612 1632 1721 1659 caedem

924 1672 1009 1698 facere
1021 1672 1184 1703 vicinorum,
1199 1671 1313 1706 spoliare
1326 1671 1385 1697 fana
1397 1671 1544 1701 sociorum,
1558 1671 1584 1696 vi
1596 1675 1722 1696 conatum

923 1714 948 1736 et
959 1710 1040 1735 armis
1051 1709 1203 1735 disturbare
1215 1709 1323 1739 iudicia,
1332 1709 1359 1735 in
1372 1708 1448 1734 bonis
1462 1708 1542 1734 rebus
1554 1717 1646 1734 omnes
1658 1717 1723 1734 con-

923 1752 1050 1778 temnere,
1064 1747 1091 1773 in
1104 1746 1182 1773 malis
1194 1755 1313 1782 pugnare
1324 1751 1413 1772 contra
1425 1746 1517 1776 bonos,
1527 1754 1579 1772 non
1591 1745 1722 1780 reipubli-

922 1793 967 1811 cae
983 1785 1090 1815 cedere,
1108 1793 1159 1810 non
1178 1784 1297 1810 fortunae
1309 1784 1361 1818 ipsi
1373 1783 1559 1810 succumbere.
1600 1783 1686 1809 liuius
1698 1783 1722 1809 si

922 1831 1017 1848 caussa
1034 1831 1085 1848 non
1107 1821 1338 1848 manifestissimis
1360 1821 1440 1847 rebus
1462 1825 1608 1851 teneretur,
1633 1826 1721 1846 tamen

923 1868 984 1886 eum
997 1868 1084 1886 mores
1098 1859 1184 1894 ipsius
1196 1868 1225 1885 ac
1238 1860 1290 1885 vita
1302 1859 1499 1885 convincerent.

978 1897 1076 1923 XXVI.
1087 1898 1130 1923 72.
1143 1897 1276 1933 Agedum,
1289 1896 1406 1923 conserte
1418 1905 1489 1922 nunc
1499 1904 1561 1922 cum
1573 1895 1628 1922 illis
1640 1895 1720 1921 vitam

922 1935 951 1961 P.
965 1935 1070 1966 Sullae,
1088 1935 1165 1961 vobis
1180 1934 1334 1969 populoque
1346 1935 1465 1960 Romano
1481 1934 1661 1963 notissimam,
1680 1934 1723 1959 iu-

1612 1970 1722 2005 Ecquod

923 2010 1005 2036 liuius
1023 2009 1121 2036 factum
1138 2014 1183 2036 aut
1197 2010 1388 2040 commissum,
1413 2018 1464 2035 uon
1480 2009 1567 2034 dicam
1581 2008 1719 2037 audacius

922 2047 969 2074 sed
981 2048 1053 2083 quod
1064 2048 1191 2083 cuiquam
1204 2047 1294 2082 paullo
1306 2047 1396 2073 miuus
1407 2046 1605 2072 consideratum
1618 2046 1723 2072 videre-

923 2085 984 2111 tur‘?
999 2086 1108 2112 Factum
1121 2084 1238 2120 quaero?
1254 2085 1366 2111 verbum
1378 2084 1480 2119 ecquod
1493 2092 1621 2118 umquam
1634 2092 1666 2109 ex
1678 2091 1722 2109 ore.

900 2138 901 2146 κ
923 2123 1005 2149 buius
1017 2123 1124 2152 excidit,
1140 2122 1210 2148 unde
1221 2123 1366 2157 quisquam
1380 2126 1468 2156 posset
1480 2120 1596 2147 offendi?
1616 2121 1647 2147 At
1661 2129 1722 2146 vero

900 2158 901 2163 ¹
923 2161 949 2186 in
967 2160 1011 2186 illa
1027 2161 1102 2195 gravi
1115 2161 1143 2186 L,
1157 2160 1248 2185 Sullae
1265 2160 1374 2186 victorin
1392 2158 1600 2193 turbulentaque
1616 2159 1678 2192 quis
1692 2158 1719 2183 Ρ.

923 2197 998 2224 Sulla
1011 2198 1113 2227 mitior,
1136 2198 1200 2232 quis
1212 2197 1409 2223 misericordior
1420 2197 1546 2222 inventus
1558 2195 1616 2221 est?
1635 2197 1720 2227 Quam

923 2235 1068 2261 multorum
1087 2235 1129 2260 bic
1142 2235 1222 2260 vitam
1235 2239 1273 2260 cst
1285 2243 1299 2260 a
1313 2235 1341 2260 L.
1355 2233 1429 2259 Sulla
1441 2232 1619 2268 deprecatus?
1639 2241 1720 2267 quam

923 2272 1000 2298 multi
1013 2276 1076 2298 sunt
1087 2273 1187 2298 summi
1201 2272 1322 2297 homines
1334 2276 1359 2297 et
1370 2271 1547 2299 ornatissimi,
1566 2276 1589 2295 et
1603 2270 1683 2296 nostri
1696 2274 1722 2295 et

922 2310 1055 2344 equestris
1067 2309 1178 2339 ordinis,
1192 2318 1307 2343 quorum
1321 2317 1368 2343 pro
1379 2308 1464 2334 salute
1475 2316 1504 2333 se
1517 2307 1559 2333 bie
1571 2307 1662 2333 Sullae
1673 2307 1721 2333 ob-

923 2346 1033 2382 ligavit?
1052 2346 1125 2378 Quos
1142 2355 1190 2381 ego
1207 2347 1386 2372 nominarem:
1410 2354 1496 2380 neque
1513 2346 1582 2370 enim
1601 2345 1651 2379 ipsi
1675 2352 1721 2370 no-

924 2384 990 2414 lunt.
999 2388 1023 2410 et
1036 2383 1098 2409 buie
1110 2384 1199 2409 animo
1209 2383 1363 2419 gratissimo
1374 2382 1485 2408 adsunt:
1499 2382 1545 2407 sed
1558 2383 1620 2416 quia
1633 2382 1720 2407 maius

921 2426 961 2447 cst
974 2421 1146 2451 beneficium,
1160 2430 1241 2456 quain
1255 2429 1332 2455 posse
1343 2420 1422 2446 (lebet
1433 2420 1500 2445 civis
1511 2420 1563 2445 cixi
1576 2419 1647 2449 dare,
1662 2419 1721 2445 ideo

922 2468 935 2484 a
949 2458 1024 2484 vobis
1037 2463 1109 2493 peto,
1124 2463 1166 2488 ut,
1180 2458 1251 2493 qumi
1265 2458 1362 2492 potuit,
1378 2458 1487 2491 tempori
1501 2457 1633 2486 tribuatis,
1647 2456 1719 2491 quod

923 2496 992 2525 fecit,
1008 2496 1067 2530 ipsi.
1098 2497 1140 2522 73.
1153 2495 1223 2528 Quid
1237 2496 1366 2530 reliquam
1379 2495 1554 2520 constantiam
1568 2494 1636 2520 vitae
1647 2503 1720 2520 com-

922 2532 1086 2559 memorem?
1099 2533 1276 2568 dignitatem?
1292 2531 1496 2558 liberalitatem?
1511 2531 1718 2557 moderationem

922 2571 948 2597 in
961 2571 1072 2605 privatis
1084 2570 1184 2597 rebus?
1204 2570 1374 2605 splendorem
1388 2570 1413 2596 in
1427 2568 1564 2604 publicis?
1577 2578 1646 2604 quae
1659 2569 1692 2595 ita
1705 2578 1718 2594 a

922 2608 1026 2634 fortuna
1046 2608 1191 2635 deformata
1213 2613 1289 2638 sunt,
1313 2612 1341 2633 ut
1356 2613 1442 2633 tamen
1459 2616 1472 2632 a
1491 2611 1582 2633 natura
1598 2606 1718 2632 inchoata

921 2650 1098 2681 compareant.
1138 2646 1211 2678 Quae
1222 2645 1338 2671 domus?
1352 2653 1420 2680 quae
1432 2643 1574 2670 celebratio
1584 2643 1720 2679 quotidia-

899 2701 901 2709 1
921 2682 973 2710 na?
987 2691 1056 2720 quae
1069 2683 1208 2710 faiiiiliaris
1219 2682 1354 2719 dignitas?
1372 2691 1442 2718 quae
1453 2681 1543 2708 studia
1554 2680 1720 2708 amicorum?

1477 2731 1508 2756 57
