1941 3052
209 135 256 159 850
780 131 821 156 92.

208 212 277 239 quac
290 202 481 237 recuperanda.
499 210 545 235 per
557 200 687 226 fortunas!
724 199 863 229 incumbe,
877 203 906 224 ut
921 198 995 229 facia,

208 240 335 275 (lienique
347 240 459 266 mutale-ui
472 238 572 263 reditus
587 238 648 266 int-i,
662 245 734 266 cura,
749 241 776 261 ut
788 237 813 262 in
826 235 997 262 mittat-dibus

209 277 407 304 nunu-inmunis
427 284 502 308 agani
527 279 613 299 tecum
635 278 659 299 vt
674 282 734 298 cum
753 273 829 299 ineis.
864 273 919 308 Ego
935 272 997 299 huic

210 316 268 349 spei
284 319 309 340 ct
319 311 519 347 exspectationi.
533 319 600 344 quae
613 310 690 336 nobis
702 310 867 344 proponitur,
881 310 997 336 maxime

209 357 296 378 tunic-n
319 349 390 375 volui
407 347 561 383 praestolari
577 346 648 382 apud
667 351 690 373 te
704 348 729 373 in
743 347 835 381 Epiro:
859 346 905 372 sed
919 347 952 372 ita
964 346 996 372 ad

210 398 250 414 nu·
262 387 401 416 scribitur,
425 390 452 411 ut
464 389 554 419 putcni
566 393 624 410 esse
635 383 818 414 commodius,
836 393 883 410 noa
895 383 997 410 eisdem

210 426 235 451 in
259 424 321 449 lovis
342 431 410 449 esse.
451 423 475 448 2.
498 422 532 447 De
548 421 626 447 domo
641 426 666 447 et
681 421 805 447 Curionis
816 421 947 452 oratione,
970 426 999 447 ut

208 461 314 490 scribis.
334 460 367 485 ita
379 463 428 485 est.
469 459 496 484 ln
510 459 634 485 universa
646 457 741 488 salute.
754 459 776 484 si
789 467 817 484 ea
831 458 908 484 modo
920 457 998 484 nohis

208 498 374 527 restituetur,
397 497 503 522 inerunt
522 496 624 527 omnia,
657 504 690 522 ex
710 495 812 530 quihus
833 494 900 522 nihil
917 494 995 526 malo.

207 544 289 570 quain
310 533 430 559 «lonium.
471 532 523 559 Sed
545 532 593 559 tibi
615 532 683 558 nihil
705 532 802 558 mundo
823 533 995 559 nominatim:

208 577 291 599 totuin
314 579 354 597 me
372 575 416 596 tuo
431 571 514 596 amori
531 569 647 604 fideique
663 569 831 596 commendo.
872 569 948 601 Quod
962 574 995 600 te,

208 611 234 636 in
257 613 325 635 tanta
343 607 501 637 hereditate.
524 607 557 633 ab
575 608 648 633 oinni
663 607 836 642 occupatione
852 606 996 641 expedisti,

207 645 284 672 valde
296 645 362 671 mihi
373 649 478 680 gratum
489 649 537 671 cst.
559 644 635 676 Quod
649 643 785 670 facultates
797 649 855 670 tuas
867 643 899 670 ad
912 652 998 670 meam

207 683 320 709 salutem
342 681 486 717 polliceris,
506 686 534 707 ut
548 681 675 707 omnibus
687 681 768 707 rebus
779 690 792 707 a
805 686 828 708 te
840 686 944 716 praeter
954 690 999 707 cc-

208 726 276 746 teros
289 720 374 750 iuver.
384 718 410 745 id
421 723 552 753 quantum
564 719 598 745 sit
610 718 784 753 praesidium,
795 719 882 749 video,
898 718 998 745 intelli-

206 765 303 793 goque,
326 760 350 783 te
367 755 464 782 multas
480 760 568 790 partes
583 764 657 782 meae
673 755 768 782 salutis
783 760 808 782 et
823 756 961 791 suscipere
972 760 998 782 ct

206 803 284 830 posse
300 794 432 819 sustinere
450 801 550 828 neque,
572 797 602 819 ut
616 793 650 819 ita
663 792 752 823 facias.
767 793 915 828 rogandum
927 801 995 819 esse.

206 834 231 858 3.
256 830 332 863 Quod
354 839 396 856 me
412 835 485 856 vetas
500 829 649 864 quidquam
669 830 802 865 suspicari
818 830 948 856 accidisse
964 829 996 856 ad

207 869 327 895 animuin
350 873 435 897 tuum.
453 867 525 902 quod
541 876 619 893 secus
635 877 648 893 a
660 876 702 893 me
713 876 774 903 erga
787 872 810 894 te
821 868 996 893 commissum

206 910 252 932 aut
272 905 489 940 praetermissum
506 904 654 935 videretur,
676 913 766 940 geram
780 905 828 931 tibi
841 914 955 936 morem,
973 909 997 931 et

193 942 341 980 ¹liberabor
353 942 401 968 ista
413 950 489 973 cura;
513 941 562 968 tihi
575 946 660 968 tamen
672 950 702 967 (¹0
714 942 775 976 plus
786 942 879 972 debeo.
888 950 942 977 quo
954 947 997 968 tua

207 981 234 1006 in
255 988 297 1006 me
319 979 471 1006 humanitas
492 978 571 1005 suerit
587 979 729 1010 excelsior,
747 987 827 1014 quam
845 980 871 1005 in
888 985 912 1006 tc
928 988 996 1005 mea.

210 1017 307 1047 Velim.
325 1016 391 1051 quid
404 1015 509 1046 videas.
527 1015 592 1051 quid
606 1015 753 1051 intelligaS,
767 1016 832 1051 quid
845 1022 946 1052 agatur,
964 1016 997 1043 ad

207 1063 249 1080 me
265 1053 380 1085 scribas;
413 1057 525 1088 tuosque
541 1062 634 1079 omnes
649 1053 682 1079 ad
699 1059 814 1079 nostram
825 1053 939 1080 salutem
951 1053 998 1080 ad-

207 1091 321 1118 hortere.
361 1091 471 1126 Rogatio
483 1089 567 1116 Sextii
583 1099 668 1125 neque
680 1090 819 1126 dignitatis
830 1091 895 1117 satis
907 1091 995 1122 habet.

208 1137 256 1155 nec
276 1128 418 1155 cautionis.
459 1128 525 1154 Nam
546 1132 571 1154 et
587 1128 744 1154 nominatim
762 1127 828 1154 serre
839 1133 954 1162 oportet.
972 1133 998 1154 et

206 1165 240 1192 de
252 1165 329 1192 bonis
340 1165 498 1200 diligentius
510 1164 606 1197 scribi;
623 1169 649 1191 ct
660 1164 687 1190 id
699 1165 896 1192 animadvertas
904 1165 995 1192 velim.

206 1203 263 1229 Dat.
278 1211 313 1228 tv.
327 1203 395 1228 Non.
407 1201 501 1228 Octob.
515 1201 730 1228 Thessalonicae.

258 1271 325 1292 ΧΧΙ,
353 1272 473 1294 (Thessaloni
476 1279 514 1291 cccc
524 1272 544 1290 Pi
548 1279 590 1290 nnnnnn
592 1287 596 1293 ‚
607 1273 675 1290 Gabini
677 1280 742 1291 oooooo
752 1274 808 1295 696.)

388 1315 555 1342 CICERO
584 1315 753 1343 ATTICO
782 1316 810 1343 S.

261 1348 388 1388 Triginta
409 1352 467 1378 dies
483 1357 556 1379 crant
572 1353 633 1387 ipsi,
652 1362 737 1388 quum
754 1353 802 1380 has
817 1353 914 1381 dabam
926 1353 998 1381 titte-

206 1399 257 1420 ras,
275 1399 322 1425 per
333 1399 400 1425 quos
412 1389 500 1417 nullas
511 1399 524 1416 a
537 1390 614 1416 vobis
625 1399 789 1426 acceperam.
830 1392 896 1418 Mihi
907 1397 996 1418 autem

205 1433 259 1454 erat
275 1428 301 1454 in
313 1428 411 1458 animo,
434 1428 496 1458 iam,
516 1432 544 1454 ut
555 1433 630 1454 antea
641 1428 674 1454 ad
687 1434 710 1455 te
721 1429 828 1464 scripsi,
843 1430 881 1455 ire
893 1430 920 1456 in
931 1429 998 1464 Epi-

205 1474 278 1495 runi,
301 1469 327 1491 et
348 1465 385 1491 ibi
406 1473 512 1491 omnem
533 1473 625 1491 casum
642 1466 814 1500 potissimum
830 1471 995 1501 exspectare.

204 1502 239 1528 'I'e
250 1510 304 1532 oro,
319 1506 356 1533 ut,
369 1502 393 1528 si
404 1501 471 1536 quid
483 1502 786 1538 erit,quodperspicias,
795 1512 996 1539 quamcumque

204 1540 231 1565 in
243 1544 354 1574 partem,
367 1547 449 1574 quam
460 1538 618 1574 planissime
630 1540 663 1566 ad
675 1549 716 1567 me
728 1541 874 1572 scribas,ct
884 1550 998 1568 meone-

204 1577 286 1607 mine,
309 1581 338 1603 ut
352 1576 463 1607 scribis,
478 1576 591 1608 litteras,
609 1577 711 1612 quibus
725 1578 835 1613 putabis
845 1587 914 1614 opus
925 1587 994 1610 esse,

205 1618 233 1640 ut
244 1613 301 1640 des.
341 1614 398 1640 Dat,
411 1621 437 1640 v.
451 1613 508 1640 Kal.
522 1614 654 1641 Novemb.
759 1614 763 1617 ”

256 1682 332 1703 XXII.
349 1684 428 1708 (Partim
438 1684 590 1707 Thess-tonicae.
602 1686 670 1709 partim
686 1686 811 1710 Dyrrhachii,
822 1686 902 1708 Pisone,
915 1686 996 1705 Gabinio

539 1726 585 1738 eon.
596 1722 651 1743 69⁶.)

388 1763 555 1790 CICERO
585 1763 753 1791 ATTICO
781 1764 808 1791 S.

1025 1654 1027 1668 l

1025 1671 1027 1694 A

1025 1744 1027 1777 Ι

1025 1780 1027 1792 l

1026 1500 1027 1506 ¹
1047 1511 1139 1529 earum
1156 1502 1260 1539 legum,
1282 1512 1351 1539 quae
1365 1503 1566 1540 abrogarentur.

1025 1559 1027 1579 1
1047 1540 1121 1566 nulla
1133 1539 1187 1567 sere
1201 1540 1324 1577 abrogari
1335 1546 1437 1576 posset:
1450 1541 1548 1576 (neque
1559 1541 1631 1567 enim
1643 1540 1697 1567 ulla
1708 1544 1757 1571 est,

1026 1583 1027 1591 ¹
1047 1586 1099 1604 non
1112 1578 1170 1612 ipsa
1181 1586 1209 1604 se
1215 1578 1463 1613 sepiatdifficultate
1474 1578 1655 1614 abrogationis
1664 1577 1743 1613 :)sed‚
1751 1585 1838 1613 quum

1025 1630 1027 1637 ·
1048 1615 1091 1641 Iex
1106 1615 1261 1651 abrogatur,
1283 1615 1352 1642 illud
1367 1616 1458 1650 ipsum
1473 1615 1628 1651 abrogatur,
1645 1623 1700 1650 quo
1713 1623 1766 1641 non
1778 1622 1837 1640 eam

857 129 890 156 M.
921 130 952 155 T.
986 128 1260 155 CICERONIS

1050 199 1116 225 riora
1131 198 1334 225 Thessalonicae
1351 200 1529 234 scripsissem.
1571 199 1633 227 Inde
1653 208 1738 235 quum
1759 198 1791 226 ad
1812 205 1836 226 te

1050 245 1091 261 me
1102 240 1268 265 convertam,
1286 235 1379 262 Iaciarn
1393 242 1420 263 ut
1431 238 1510 263 aciaa.
1550 237 1644 272 Tuque
1655 237 1687 263 ad
1700 246 1742 263 me
1754 236 1835 263 velim

1048 273 1136 298 omnia
1147 281 1228 307 quam
1239 272 1456 308 diligentissime,
1468 275 1631 300 cuicuimodi
1644 279 1714 302 nunt.
1723 273 1835 300 sci-itm.

1050 310 1104 344 ligo
1116 310 1168 335 iam
1179 315 1224 336 aut
1235 318 1300 338 rem.
1313 315 1358 336 aut
1369 319 1401 336 ne
1411 320 1487 346 spem
1497 311 1608 346 quidem
1619 316 1754 346 cupecw.
1779 311 1836 337 Dat.

1050 355 1086 373 vi.
1102 346 1226 373 Dccemb.
1239 346 1407 382 Dyrrhachii.

1102 415 1189 436 xxm.
1218 417 1347 440 <inni-niu„
1357 418 1430 438 inm,
1438 418 1518 436 Gabina.
1529 425 1575 436 ω...
1586 420 1641 440 aaa)

1234 459 1402 487 CICERO
1430 460 1596 488 ATTICO
1625 461 1654 488 S.

1106 498 1128 524 t.
1150 492 1188 523 Α.
1200 496 1228 524 d.
1242 505 1266 524 ν,
1280 497 1338 524 Kal.
1351 497 1475 524 Decemb.
1493 503 1544 524 tres
1559 498 1685 533 epistolas
1698 506 1713 525 a
1724 503 1748 525 te
1762 506 1838 524 acce-

1050 535 1090 569 pi;
1108 543 1188 560 unam
1203 534 1291 561 datam
1307 543 1332 561 a.
1348 534 1375 562 d.
1393 543 1447 561 vlu.
1462 534 1520 561 Kal.
1534 535 1674 565 Novemb..
1693 536 1719 562 in
1730 544 1783 571 qua
1795 543 1837 562 me

1050 571 1176 602 hortaris.
1201 576 1230 598 ut
1250 571 1309 598 Iorti
1329 573 1418 599 animo
1439 581 1557 599 mensem
1575 573 1725 599 Ianuarium
1740 581 1838 607 eupe-

1048 613 1130 640 ctem,
1148 617 1246 643 eaque,
1264 617 1332 644 quae
1343 609 1376 635 ad
1388 618 1463 644 spem
1475 615 1552 644 putas
1564 610 1709 644 pertinere.
1725 608 1758 635 de
1769 609 1838 636 Len·

1049 645 1097 672 tuli
1108 646 1211 676 studio,
1229 646 1261 672 de
1277 646 1375 673 Metelli
1392 646 1540 677 voluntate,
1557 647 1590 673 de
1603 652 1653 674 tota
1665 647 1838 681 pompeiiu-

1049 684 1118 709 tionc
1147 683 1302 717 perscribis.
1343 684 1370 710 In
1391 683 1471 710 altera
1496 684 1622 719 epistola,
1652 688 1755 719 praeter
1773 692 1838 710 oon·

1048 720 1218 747 suetudinem
1231 726 1312 751 tuam,
1325 720 1397 747 diem
1409 730 1460 748 non
1472 722 1601 748 ascribis:
1617 720 1664 747 aed
1675 721 1740 747 satis
1750 721 1838 756 sigui-

1049 758 1111 783 [icas
1124 762 1239 792 ternpus.
1271 758 1340 793 Lege
1351 759 1423 784 enim
1435 758 1468 785 ab
1477 764 1536 785 octo
1547 758 1663 785 tribunis
1677 757 1766 793 plebia
1776 766 1839 793 pro-

1048 794 1179 830 mulgata.
1195 794 1292 821 scribis
1305 801 1328 821 te
1339 804 1383 821 eas
1396 795 1495 822 litteras
1505 805 1537 822 eo
1549 797 1607 830 ipso
1616 795 1660 822 die
1671 795 1792 826 dedisse,
1810 793 1838 821 id

1047 837 1101 862 est,
1114 841 1138 858 a.
1150 832 1178 858 d.
1196 841 1231 858 iv.
1249 832 1306 858 Kal.
1325 833 1466 863 Nowmb..
1483 838 1521 864 et,
1538 832 1605 868 quid
1622 837 1699 867 putes
1715 831 1838 859 utilitatis

1047 878 1106 895 earn
1126 869 1366 905 promulgationem
1387 870 1521 900 attulisse.
1543 870 1651 896 scribis.
1691 870 1719 896 In
1739 878 1794 904 quo
1814 869 1838 895 ai

1049 906 1101 932 iam
1113 906 1177 932 haec
1189 912 1275 933 nostra
1287 906 1360 933 salus
1371 916 1432 934 cum
1444 907 1493 934 hac
1506 907 1563 943 lege
1574 907 1712 942 desperata
1724 907 1783 937 erit,
1792 913 1839 932 ve-

1049 943 1096 969 lim
1112 952 1159 978 pro
1170 949 1214 970 tuo
1230 944 1257 970 in
1274 953 1315 970 me
1325 953 1414 971 amore
1427 945 1494 971 hanc
1506 945 1611 971 inanem
1623 952 1709 970 meam
1720 943 1838 979 diligen·

1049 981 1110 1007 tiam
1138 980 1319 1007 miserabilem
1329 982 1432 1016 potius,
1449 991 1530 1017 quam
1543 982 1672 1017 ineptam.
1685 986 1777 1016 putes:
1795 981 1837 1007 sin

1048 1023 1087 1044 est
1107 1017 1210 1053 aliquid
1234 1019 1306 1053 spei,
1327 1018 1375 1045 des
1394 1028 1517 1054 operam,
1540 1024 1569 1045 ut
1584 1019 1682 1045 maiore
1697 1017 1838 1053 diligentia

1048 1055 1158 1090 posthac
1171 1064 1185 1081 a
1197 1056 1274 1082 novis
1286 1057 1486 1091 magistratibus
1497 1056 1683 1082 defendamur.
1724 1056 1749 1081 2.
1771 1055 1838 1081 Nam

1048 1101 1077 1118 ea
1090 1098 1209 1118 veterum
1226 1093 1393 1120 tribunorum
1410 1093 1497 1128 plebis
1513 1094 1613 1129 rogatio
1628 1093 1676 1119 tria
1692 1092 1778 1127 capita
1790 1091 1838 1118 ha-

1048 1129 1119 1161 buit,
1143 1138 1226 1156 unum
1239 1129 1271 1155 dc
1284 1130 1370 1157 reditu
1383 1139 1450 1161 meo,
1465 1131 1595 1165 scriptum
1607 1131 1722 1156 incaute.
1763 1128 1838 1156 Nihil

1047 1167 1119 1192 enim
1138 1167 1286 1193 restituitur
1305 1173 1408 1202 praeter
1422 1168 1557 1194 civitatem
1573 1172 1599 1193 et
1608 1166 1743 1193 ordinem:
1765 1165 1838 1201 quod

1048 1204 1115 1230 mihi
1127 1212 1174 1238 pro
1185 1212 1244 1230 meo
1258 1213 1322 1230 casu
1337 1206 1402 1231 satis
1416 1209 1469 1237 est;
1491 1204 1553 1234 sed.
1570 1212 1639 1239 quae
1649 1202 1767 1229 cavenda
1779 1202 1839 1229 i'ue-

1048 1241 1113 1271 rint.
1131 1246 1155 1267 et
1170 1250 1224 1276 quo
1235 1241 1326 1272 modo,
1345 1247 1369 1268 te
1384 1250 1436 1268 non
1451 1241 1529 1277 sugit.
1568 1241 1688 1269 Alterum
1704 1244 1784 1277 caput
1799 1244 1840 1267 est

1018 1291 1019 1298 κ
1048 1277 1204 1305 tralatitium
1219 1278 1252 1305 de
1268 1279 1440 1314 impunitate,
1461 1280 1485 1307 si
1501 1280 1567 1315 quid
1582 1285 1672 1307 contra
1687 1280 1754 1306 alias
1765 1279 1838 1315 leges

1047 1318 1106 1342 eius
1119 1316 1186 1352 legis
1197 1325 1260 1352 ergo
1272 1316 1370 1344 Iactum
1385 1318 1431 1344 sit.
1470 1318 1590 1344 Tertium
1601 1322 1694 1352 caput¹
1712 1318 1749 1343 mi
1761 1317 1839 1343 Pom-

1048 1354 1120 1388 poni,
1133 1362 1187 1388 quo
1197 1354 1320 1385 consilio.
1333 1359 1383 1381 eta
1393 1363 1447 1390 quo
1457 1355 1493 1381 sit
1503 1354 1676 1385 inculcatum,
1689 1354 1762 1380 vide.
1779 1353 1839 1380 Scis

1047 1392 1120 1417 enim
1126 1390 1251 1418 Clodium
1261 1392 1393 1423 sanxisse,
1402 1397 1431 1418 ut
1441 1393 1488 1419 vix
1498 1397 1544 1419 aut
1554 1396 1583 1419 ut
1592 1393 1702 1418 omnino
1712 1400 1764 1418 non
1775 1399 1839 1426 pos-

1026 1449 1027 1457 ,
1047 1433 1087 1455 set
1101 1436 1149 1455 nec
1165 1437 1212 1463 per
1225 1434 1347 1456 senatum
1363 1438 1412 1456 nec
1432 1438 1480 1464 per
1499 1428 1630 1464 populum
1646 1428 1776 1455 infirmari
1789 1436 1838 1454 sua

1048 1465 1101 1492 Iex.
1134 1465 1187 1492 Sed
1202 1466 1279 1493 vides
1293 1475 1442 1502 numquam
1453 1475 1512 1493 esse
1522 1467 1677 1493 observatas
1687 1466 1838 1492 sanctiones

1606 1504 1672 1530 Nam
1683 1504 1707 1530 si
1718 1502 1746 1529 id
1756 1507 1836 1533 esset.

1768 1547 1839 1575 quae

1047 1652 1170 1688 abrogari
1184 1657 1312 1687 oporteat.
1351 1654 1377 1679 3.
1398 1653 1452 1679 Hoc
1462 1661 1548 1687 quum
1559 1657 1584 1679 et
1594 1660 1622 1678 re
1633 1660 1696 1678 vera
1706 1652 1741 1678 ita
1751 1651 1799 1682 sit,
1812 1656 1839 1677 et.

1047 1698 1132 1724 quum
1151 1698 1258 1724 semper
1272 1690 1308 1716 ita
1327 1689 1449 1716 habitum
1468 1689 1694 1724 observatumque
1709 1689 1757 1722 sit3
1779 1692 1838 1715 octo

1048 1728 1130 1753 nostri
1141 1727 1243 1753 tribuni
1254 1726 1342 1762 plebis
1352 1732 1433 1761 caput
1442 1731 1590 1761 posuerunt
1601 1726 1664 1753 boc:
1683 1734 1708 1752 si
1725 1734 1796 1756 Quin
1810 1734 1838 1751 ia

1047 1772 1103 1791 nac
1125 1772 1293 1791 nonnose
1314 1773 1457 1791 scurnum
1481 1773 1544 1795 esr,
1570 1772 1645 1794 ouon
1668 1771 1721 1789 rea
1745 1771 1838 1789 anons

261 1801 283 1826 t.
305 1795 367 1826 Etsi
387 1800 532 1836 diligenter
549 1800 583 1827 ad
599 1809 641 1827 me
655 1801 772 1834 Quintus
788 1801 869 1829 frater
883 1806 909 1829 et
923 1802 993 1834 Piso,

203 1844 271 1871 quae
287 1842 376 1864 essent
391 1842 461 1869 acta,
479 1838 654 1873 scripserant;
687 1843 775 1865 tamen
787 1838 899 1870 vellem,
915 1844 959 1866 tua
971 1844 996 1866 te

202 1875 340 1908 occupatio
361 1883 413 1901 non
432 1875 603 1909 impedisset,
621 1884 675 1910 quo
691 1877 795 1907 minus,
809 1881 838 1903 ut
847 1877 992 1908 consuesti,

203 1910 236 1936 ad
252 1920 302 1941 me,
320 1911 387 1946 quid
404 1917 526 1947 ageretur
541 1917 567 1938 et
577 1912 644 1947 quid
654 1912 830 1949 intelligeres,
843 1914 996 1948 perscribe-

204 1955 255 1974 res.
296 1949 337 1974 Me
353 1949 441 1975 adhuc
456 1949 582 1976 Plancius
594 1949 752 1977 liberalitate
763 1959 812 1976 sua
824 1951 928 1982 retinet,
941 1951 995 1977 iam

203 1984 345 2020 aliquoties
363 1990 487 2013 conatum
503 1987 541 2012 ire
557 1987 584 2013 in
595 1986 719 2021 Epirum.
760 1987 828 2022 Spes
840 1988 944 2015 homini
955 1993 995 2015 est

203 2022 308 2054 Iniecta,
322 2032 374 2050 non
385 2023 488 2054 eadem,
501 2032 570 2058 quae
582 2024 659 2055 mihi,
668 2032 746 2058 posse
758 2033 806 2051 nos
817 2033 870 2051 una
881 2025 995 2052 decede—

203 2067 244 2085 re:
275 2068 356 2094 quam
370 2069 427 2087 rem
442 2060 496 2087 sibi
511 2069 609 2097 magno
624 2061 718 2088 honori
733 2066 822 2096 sperat
837 2062 902 2089 fore.
942 2062 994 2089 Sed

203 2096 270 2126 iam,
292 2105 378 2131 quum
397 2097 540 2124 adventare
561 2098 661 2125 milites
675 2098 816 2130 dicuntur,
839 2099 994 2126 faciendum
1023 2107 1025 2132 J

203 2132 281 2159 nobis
295 2135 358 2166 erit,
376 2140 405 2162 ut
419 2135 452 2161 ab
463 2144 494 2161 eo
505 2135 687 2162 discedamus.
727 2136 804 2168 Quod
815 2145 900 2171 quum
913 2136 995 2164 facie-

203 2178 273 2200 muS,
295 2171 328 2197 ad
348 2176 372 2198 te
393 2173 482 2199 statim
503 2173 655 2205 mittemus;
685 2177 715 2199 ut
729 2173 813 2205 scias,
831 2174 879 2200 ubi
895 2175 991 2201 simus.

202 2208 228 2233 2.
250 2207 378 2235 Lentulus
394 2218 443 2236 suo
458 2210 486 2236 in
497 2218 545 2236 nos
560 2209 658 2241 officio,
671 2210 743 2245 quod
755 2215 781 2237 et
791 2219 828 2241 re,
842 2212 994 2246 etpromis-

202 2244 240 2270 sis
263 2249 288 2270 et
304 2244 398 2272 litteris
413 2246 542 2278 declarat,
558 2255 635 2282 spem
651 2247 729 2273 nobis
744 2248 901 2275 nonnullam
919 2249 994 2275 affert

202 2281 322 2316 Pompeii
338 2282 491 2310 voluntatis.
531 2284 615 2319 Saepe
626 2285 698 2310 enirn
711 2289 738 2311 tu
749 2285 782 2311 ad
794 2294 836 2311 me
847 2286 990 2321 scripsisti,

202 2326 264 2344 eum
280 2323 364 2345 totum
375 2328 434 2346 esse
447 2321 474 2347 in
487 2320 561 2347 illius
572 2326 710 2356 potestate.
750 2323 786 2348 De
797 2322 912 2354 Metello,
925 2324 994 2350 scri-

202 2355 256 2388 psit
275 2355 309 2382 ad
325 2365 366 2383 me
382 2356 470 2388 frater,
486 2363 618 2393 quantum
633 2360 756 2393 sperarit,
773 2359 922 2394 perfectum
933 2369 992 2387 esse

1024 1798 1026 1825 i
1047 1810 1188 1828 PLEBISVB
1207 1810 1290 1828 scin
1312 1800 1380 1838 [noc
1404 1809 1467 1832 est,
1489 1809 1564 1832 ouon
1584 1810 1636 1827 νει
1656 1808 1753 1826 iectu
1772 1808 1838 1826 cto-

1024 1833 1026 1879 ξ
1047 1837 1133 1874 Νη]
1159 1847 1367 1870 vacuamus,
1394 1847 1562 1869 sannone,
1591 1845 1762 1868 nsaocna,
1786 1845 1838 1863 oa-

1024 1883 1026 1910 2
1047 1884 1161 1902 noc-..ns
1185 1885 1207 1902 s.
1232 1884 1256 1902 r.
1282 1885 1335 1902 sua
1363 1885 1417 1902 sos
1440 1884 1559 1906 menn.
1598 1884 1652 1901 aaz<
1681 1882 1835 1906 Licca-113

1024 1917 1026 1949 ξ
1046 1922 1162 1944 Quonvs
1181 1921 1223 1944 ει,
1245 1922 1293 1943 oni
1312 1921 1530 1943 ιηιοκυιωνιτ,
1545 1920 1723 1942 ηκοῡηιτ,
1743 1919 1838 1937 nauo-

1024 1962 1026 1993 J
1046 1959 1145 1981 cavit.
1161 1959 1338 1981 oanoeavu,
1350 1959 1383 1977 os
1397 1959 1453 1976 aaa
1464 1959 1520 1976 nn
1535 1958 1648 1976 rossan
1659 1956 1836 1976 auacuava

1017 1999 1025 2023 g,
1046 1997 1090 2014 sir
1105 1985 1731 2022 E(1us)a(ac)t.(t›:oi3)1‹(1utt.)Macaron).
1751 1984 1838 2012 &At-

1024 2018 1025 2055 l
1045 2033 1098 2060 que
1112 2024 1162 2051 hoc
1177 2025 1205 2051 in
1221 2023 1276 2051 illis
1291 2024 1408 2051 tribunis
1424 2024 1512 2059 plebis
1526 2033 1579 2051 non
1595 2022 1726 2050 laedebat.
1766 2022 1837 2058 Lege

1024 2061 1025 2103 ζ
1045 2062 1118 2088 enim
1129 2061 1246 2097 collegae
1256 2062 1300 2088 sui
1312 2070 1364 2088 non
1375 2061 1542 2088 tenebantur.
1577 2060 1635 2093 Quo
1646 2060 1730 2086 maior
1738 2063 1779 2086 est
1789 2067 1837 2085 su—

1045 2099 1131 2134 spicio
1142 2098 1259 2126 malitiae
1270 2098 1399 2131 alicuius;
1413 2107 1499 2134 quum
1510 2098 1547 2129 id,
1555 2097 1628 2133 quod
1638 2097 1672 2124 ad
1683 2097 1756 2132 ipsos
1767 2095 1836 2122 nihil

1044 2136 1203 2171 pertinebat,
1217 2141 1272 2162 erat
1282 2141 1370 2163 autem
1381 2140 1470 2162 contra
1481 2135 1719 2170 mmscripserunt:
1732 2137 1763 2160 ut
1771 2133 1836 2160 novi

1045 2173 1147 2200 tribuni
1158 2173 1260 2208 plebis,
1277 2174 1301 2199 si
1312 2178 1402 2199 essent
1412 2172 1574 2203 timidiores,
1590 2171 1674 2198 multo
1684 2170 1772 2206 magis
1781 2169 1836 2196 sibi

1022 2207 1024 2228 ἶ
1044 2219 1074 2237 eo
1085 2211 1172 2245 capite
1183 2210 1314 2237 utendum
1325 2215 1458 2245 putarent.
1489 2210 1581 2244 Neque
1593 2208 1620 2235 id
1630 2217 1645 2235 a
1654 2207 1747 2235 Clodio
1756 2215 1836 2242 prae—

1015 2242 1024 2257 *'
1044 2249 1199 2274 termissum
1209 2252 1259 2274 est.
1298 2248 1371 2274 Dixit
1381 2248 1453 2274 enim
1464 2248 1492 2273 in
1502 2247 1629 2273 concione
1639 2254 1664 2271 a.
1675 2244 1702 2271 d.
1714 2252 1754 2270 m.
1764 2244 1833 2270 Non.

1014 2273 1023 2307 ¹,
1044 2285 1127 2316 Now,
1144 2285 1194 2311 hoc
1210 2285 1297 2320 capite
1311 2284 1459 2320 designatis
1474 2284 1591 2311 tribunis
1604 2281 1692 2318 plebis
1702 2281 1836 2316 praescri-

1022 2330 1023 2345 ι
1043 2327 1120 2357 ptum
1131 2322 1275 2357 esse,quid
1286 2321 1390 2348 liceret:
1403 2326 1500 2352 tamen,
1514 2321 1542 2348 in
1553 2318 1754 2356 legenullaesse
1761 2319 1836 2344 eius-

1021 2353 1023 2363 *
1043 2359 1117 2385 modi
1127 2364 1216 2394 caput,
1230 2364 1254 2386 te
1265 2368 1317 2385 non
1329 2358 1406 2385 tatlit.
1445 2357 1523 2390 Quod
1533 2358 1558 2384 si
1567 2365 1635 2392 opus
1646 2360 1729 2386 esset,
1740 2363 1835 2381 omnes

1021 2393 1023 2431 j
1043 2397 1070 2422 in
1082 2396 1235 2432 abrogando
1245 2401 1392 2423 uterentur.
1425 2395 1459 2422 Ut
1468 2395 1598 2421 Ninnium
1622 2398 1668 2419 aut
1677 2397 1780 2419 ceteros
1790 2391 1834 2418 fu-

1021 2446 1023 2451 ·
1042 2434 1124 2470 gerit,
1142 2434 1290 2469 investiges
1305 2432 1402 2459 velim:
1419 2437 1457 2463 et,
1474 2432 1536 2467 quis
1547 2429 1677 2462 attulerit;
1694 2434 1732 2461 et,
1750 2437 1834 2464 quare

1021 2459 1023 2512 4
1042 2476 1100 2497 octo
1116 2471 1218 2497 tribuni
1232 2471 1321 2505 plebis
1332 2469 1366 2497 ad
1378 2473 1502 2496 senatum
1511 2467 1544 2494 de
1555 2476 1598 2494 me
1609 2466 1706 2493 referre
1717 2475 1770 2493 non
1781 2465 1834 2493 du-

1043 2508 1165 2541 bitarint3
1178 2508 1246 2539 sive,
1257 2507 1330 2543 quod
1339 2505 1537 2534 observandum
1549 2504 1617 2531 illud
1627 2508 1707 2538 caput
1718 2512 1770 2530 non
1780 2511 1834 2538 pu—

1043 2545 1146 2576 tabant,
1169 2545 1252 2571 iidem
1270 2545 1298 2571 in
1313 2542 1466 2579 abrogando
1480 2547 1534 2569 tam
1548 2542 1619 2568 cauti
1630 2540 1742 2571 fuerint,
1759 2544 1790 2567 ut
1804 2539 1833 2566 id

259 2576 282 2616 45
304 2576 368 2617 Ego.
381 2579 466 2612 quod,
480 2588 528 2614 per
537 2580 704 2607 Thessaliam
715 2581 739 2607 si
749 2581 816 2608 irem
827 2583 855 2609 in
865 2583 989 2617 Epirum,
1043 2586 1204 2613 metuerent,
1221 2581 1303 2608 soluti
1317 2589 1402 2616 quum
1417 2584 1518 2612 essent;
1535 2578 1608 2614 quod
1619 2578 1698 2604 neiis
1708 2576 1830 2612 quidem,

202 2611 299 2645 perdiu
314 2613 382 2639 nihil
399 2623 470 2642 eram
485 2617 640 2649 auditurus,
663 2623 689 2645 et
703 2618 775 2653 quod
789 2620 843 2645 mei
856 2619 992 2646 studiosos
1020 2641 1023 2651 ,
1042 2620 1090 2653 qui
1101 2618 1159 2655 Iege
1171 2623 1306 2649 tenentur,
1324 2622 1364 2644 est
1373 2616 1532 2643 curandum.
1570 2615 1601 2642 Id
1616 2619 1697 2650 caput
1709 2622 1773 2641 sane
1783 2621 1834 2653 ηρ-

204 2647 288 2674 habeo
299 2649 508 2685 Dyrrhachinos,
521 2653 555 2680 ad
566 2662 611 2681 eos
622 2655 743 2690 perrexi,
756 2663 842 2691 quum
853 2656 899 2684 illa
910 2664 993 2692 supe-
1020 2666 1023 2680 t
1042 2655 1091 2682 lim
1102 2664 1185 2682 novos
1200 2655 1322 2682 tribunos
1336 2653 1425 2690 plebis
1439 2653 1521 2680 ferre:
1542 2652 1591 2679 sed
1605 2651 1741 2688 perferant
1753 2654 1832 2678 modo

202 2399 249 2425 per
259 2397 293 2418 te.
324 2395 348 2420 3.
364 2394 400 2420 Mi
411 2395 549 2429 Pomponi,
562 2404 661 2431 pugna,
676 2401 705 2422 ut
716 2401 803 2423 tecum
815 2402 913 2424 etcum
924 2398 992 2424 meis

202 2428 270 2454 mihi
286 2429 363 2457 liceat
377 2432 481 2463 vivere,
499 2437 525 2458 et
540 2432 628 2459 scribe
643 2432 676 2459 ad
692 2442 734 2459 me
744 2435 844 2460 omnia.
884 2435 993 2462 Premor

202 2472 286 2499 quum
303 2466 375 2494 luctu
386 2473 412 2494 et
421 2467 437 2482 *¹
447 2468 582 2496 desiderio
592 2478 713 2496 meorum
726 2471 862 2503 omnium,
879 2476 937 2498 tum
947 2480 993 2498 eo-

203 2509 271 2563 rupi.
285 2505 333 2537 qui
343 2505 411 2531 mihi
423 2514 465 2532 me
475 2507 591 2533 cariores
601 2515 708 2542 semper
719 2507 836 2535 fuerunt.
871 2508 950 2540 Cura,
963 2513 994 2535 ut
1021 2519 1023 2551 1

204 2545 236 2563 va
248 2546 302 2564 eas.
906 2560 909 2563 .
1021 2556 1023 2560 ι
