1941 3052
174 545 181 551 '
211 545 318 563 nervam
330 543 388 561 (3880
399 542 515 560 ΕΟΓΟΓΘΠΙ
528 542 622 559 lucam.

210 573 281 608 quod
295 574 380 599 lovem
393 580 453 598 esse
466 579 507 597 me
517 571 588 600 dico.
602 578 683 605 quam
695 568 856 598 ineruditus.
869 567 940 603 quod
953 567 1002 593 Μι-
1030 594 1031 598 ,

214 134 261 160 ⁴86
681 130 718 155 tt
751 128 785 154 M.

211 211 272 230 cum
284 206 309 228 et
320 210 380 227 cum
393 200 454 229 iltis.
469 201 549 225 arnus
560 198 747 224 ‹tm-mandam
761 197 819 224 l'uit.
860 199 902 223 92.
923 197 1002 223 Erant

211 249 242 266 co
262 245 378 273 ternpore
399 238 480 263 multu
496 238 573 262 ctiam
589 235 639 261 alia
656 235 807 261 metuenda.
847 234 887 260 Ad
899 242 999 264 servos.

212 277 317 304 medius
330 276 418 304 lidius,
433 283 473 300 res
486 273 659 307 pervenisset.
694 272 806 298 Tantum
820 271 941 297 lioniinea
952 271 1003 296 irn-

212 315 270 349 pios
285 322 317 340 ex
331 318 417 338 vetere
429 312 472 337 illa
483 310 662 336 coniuratione
675 310 794 335 inustum
806 307 914 335 nefariis
926 316 1002 334 men·

212 352 283 378 tibus
295 351 423 376 bonorum
435 348 525 373 odium
538 347 675 372 retinebat.

266 389 312 414 llic
323 393 350 413 tu
364 395 404 412 mc
415 386 493 411 etiam
505 383 611 418 gloriari
625 388 709 409 vetas:
723 390 804 417 negas
814 390 872 407 esse
884 381 999 411 ferenda.

210 434 279 460 ιμιιιι·
290 425 387 450 solemn
399 423 431 448 de
443 431 484 448 me
501 421 663 456 praedicar&
685 425 710 446 et
722 419 800 446 horno
812 419 911 445 facetus
923 418 1002 444 indu-

211 464 248 488 cis
261 463 338 487 etiarn
351 467 500 486 sermonem
513 458 644 484 urbanum
657 466 685 483 ac
698 462 855 483 venustum:
877 465 918 482 me
930 456 1002 482 dice-
1029 479 1031 484 ,

212 509 238 526 re
249 499 346 528 solere.
363 506 420 523 csse
433 505 474 522 me
485 497 586 526 lovem;
608 494 786 529 eumdemque
801 494 934 524 dictitare.
952 493 1002 519 Mi-

664 532 720 558 Non
737 537 788 558 tam
801 531 918 557 insolens
929 538 999 560 sum.

212 619 318 637 nervam
334 617 449 635 sororem
463 608 531 635 lovis
545 616 604 634 esse
619 607 752 633 existimo.
792 606 843 631 Sed
855 610 941 631 tamen
953 612 1002 639 ego

212 648 276 674 mihi
288 655 403 674 sororem
416 646 546 681 virginem
561 645 675 671 ascisco:
696 649 723 670 tu
735 651 851 670 sororem
864 647 935 668 tuam
948 642 1002 667 vir-

210 686 298 719 ginem
310 692 369 710 esse
381 692 431 710 non
443 683 540 709 sivisti.
581 681 633 708 Sed
645 681 717 711 vide.
735 686 805 707 netu
817 685 842 706 te
853 679 950 705 debeas
962 679 1002 705 lo-

212 731 270 748 vem
282 722 381 751 dicere.
399 720 470 756 quod
487 725 513 746 tu
528 720 584 746 iure
595 719 715 745 eamdem
727 727 843 744 sororem
855 722 880 743 et
892 724 1000 742 uxorem

210 759 343 794 appellare
355 759 451 793 possis.

212 796 319 827 bondis,
341 795 413 831 quod
428 794 512 821 solere
528 803 570 821 me
585 794 658 820 dicas
672 794 704 819 de
720 801 762 819 me
781 793 839 827 ipso
858 791 1001 827 gloriosius

210 833 376 869 praedicare:
399 833 460 867 quis
472 840 600 866 umquam
611 831 726 860 audivit.
743 838 829 864 quum
845 837 894 864 ego
904 828 936 854 dc
948 836 998 858 me,

211 871 261 898 nisi
277 875 383 897 coactus
398 878 428 896 ac
444 870 604 899 necessario.
621 867 756 894 dicerem?
775 867 840 893 Nam
856 867 893 897 si.
914 874 1000 901 quum

211 908 276 935 mibi
291 907 371 938 furta.
386 907 551 943 largitiones.
569 905 694 932 libidines
706 905 883 934 obiiciuntur.
901 912 949 938 ego
960 911 1002 928 re-

206 945 340 980 spondere
352 944 432 975 soleo.
446 945 512 970 meis
522 943 650 973 consitiis,
664 942 798 977 periculis.
809 941 943 967 laboribus
955 948 1002 974 pa·
1022 947 1031 974 χ

1022 978 1031 990 ”
1053 979 1130 1005 bitria
1142 984 1260 1014 petentes
1273 978 1387 1005 funeris:
1410 979 1474 1005 haec
1484 980 1572 1005 omnia
1583 979 1674 1005 subire
1684 987 1845 1006 conservan-

210 984 287 1010 triam
301 991 360 1009 esse
375 985 569 1012 conservatam.
593 989 644 1006 non
660 985 712 1006 tam
727 988 788 1005 sum
806 977 1001 1004 existimandus

210 1021 243 1046 de
253 1021 336 1056 gestis
348 1019 426 1046 rebus
437 1019 557 1054 gloriari.
575 1026 655 1053 quam
666 1017 699 1043 de
709 1017 819 1043 obiectis
831 1024 882 1042 non
893 1015 1002 1041 conlite-

211 1058 243 1084 ri.
283 1057 334 1083 Sed
347 1057 368 1083 si
382 1057 447 1083 mihi
459 1060 518 1082 ante
531 1056 593 1081 baec
604 1055 748 1080 durissima
760 1053 922 1088 reipublicae
934 1057 1001 1078 tem-

210 1103 272 1130 pora
286 1094 351 1121 nihil
364 1102 492 1128 umquam
504 1092 576 1119 aliud
587 1093 721 1118 obiectum
733 1096 781 1121 est,
795 1090 846 1116 nisi
857 1089 1001 1116 crudelitas
1022 1108 1024 1113 ,

210 1132 284 1159 illius
309 1132 448 1166 temporis,
474 1139 558 1165 quum
582 1138 595 1156 a
620 1130 703 1164 patria
726 1128 869 1163 pernicicm
893 1126 998 1161 depuli:

210 1169 295 1204 quid‘?
315 1177 357 1195 me
373 1169 435 1195 buic
451 1167 590 1194 maledicto
604 1171 694 1193 utrum
712 1174 762 1192 non
779 1164 950 1199 respondere.
968 1172 1000 1189 an

210 1207 326 1232 demisse
336 1205 496 1240 respondere
507 1203 614 1231 decuit?
627 1205 668 1230 94.
681 1204 737 1239 Ego
749 1211 810 1229 vero
820 1203 898 1228 etiam
911 1202 1001 1235 reipu-

211 1243 295 1270 blicae
306 1252 412 1277 semper
422 1243 550 1269 interesse
562 1242 666 1276 putavi.
685 1249 727 1266 me
742 1240 816 1266 illius
827 1238 1001 1274 pulcherrimi

211 1281 284 1311 sacti.
299 1280 370 1315 quod
382 1288 415 1306 ex
425 1280 578 1306 auctoritate
589 1283 710 1309 senatus,
727 1285 858 1303 consensu
871 1277 1001 1303 bonorum

209 1319 340 1348 omnium.
354 1326 400 1352 pro
419 1317 504 1343 salute
529 1317 628 1351 patriae
650 1315 808 1351 gessissem,
831 1313 1001 1348 splendorem

210 1355 299 1382 verbis
311 1355 521 1390 dignitatemque
533 1354 658 1380 retinere:
671 1353 825 1387 praesertim
837 1359 922 1386 quum
935 1350 1001 1376 mibi
1030 1372 1031 1380 .

209 1393 256 1419 uni
269 1393 295 1418 in
308 1392 356 1418 hac
367 1391 516 1426 republica.
530 1390 654 1417 audiente
665 1389 764 1424 populo
775 1390 905 1419 Romano.
922 1395 1001 1422 opera

210 1438 267 1456 mea
289 1429 356 1455 banc
377 1429 469 1455 urbem
486 1433 511 1454 et
526 1428 593 1454 banc
608 1427 802 1462 rempublicam
817 1434 876 1452 esse
887 1425 999 1455 salvam.
1030 1453 1031 1459 ¹

209 1467 295 1494 iurato
315 1466 401 1492 dicere
419 1465 458 1492 fas
473 1465 578 1492 fuisset.
618 1465 788 1491 Exstinctum
804 1468 845 1490 est
859 1464 912 1490 iam
933 1462 1002 1488 illud

209 1504 380 1531 maledictum
395 1503 573 1533 crudelitatis.
595 1502 668 1537 quod
684 1510 739 1533 me,
762 1510 813 1528 non
826 1506 855 1527 ιιι
865 1499 1000 1527 crudelem

209 1546 365 1577 tyrannum.
379 1541 426 1567 sed
438 1545 467 1567 ut
478 1540 654 1566 mitissimum
666 1543 816 1574 parentem,
829 1538 950 1565 omnium
962 1537 1002 1563 ci-

209 1580 284 1605 vium
296 1578 393 1604 studiis
404 1577 598 1608 desideratum,
616 1577 772 1612 repetitum.
791 1576 948 1602 arcessitum
960 1574 1002 1600 vi-

208 1616 280 1642 dent.
303 1615 433 1642 95.Aliud
445 1619 564 1641 exortum
576 1619 624 1640 est.
647 1614 778 1640 Obiicitur
788 1613 855 1639 mibi
867 1620 944 1638 meus
955 1611 1001 1638 ille

209 1653 360 1680 discessus:
377 1653 420 1679 cui
432 1661 481 1688 ego
491 1652 596 1678 crimini
608 1651 766 1686 respondere
777 1651 835 1676 sine
846 1658 903 1676 mea
915 1649 1002 1675 maxi-

209 1699 251 1717 ma
265 1689 341 1716 laude
353 1698 403 1716 non
416 1698 536 1724 possum.

209 1726 314 1754 dicere‘?
324 1727 425 1753 Peccati
437 1735 478 1753 me
489 1726 649 1753 conscientia
660 1724 830 1761 profugisse?
840 1724 873 1750 At
883 1723 920 1755 id,
928 1723 1001 1758 quod

209 1764 276 1791 mihi
287 1765 393 1790 crimini
409 1764 534 1794 dabatur,
553 1772 604 1789 non
621 1762 699 1789 modo
713 1767 852 1797 peccatum
868 1770 919 1789 non
935 1766 998 1792 erat,

209 1801 256 1828 sed
273 1806 327 1827 erat
342 1809 384 1827 res
399 1805 459 1836 post
474 1805 548 1827 natos
564 1800 686 1827 homines
698 1799 887 1834 pulcherrima.

209 1839 281 1865 cium
293 1838 385 1873 populi
397 1837 585 1872 pertimuisse?
595 1839 627 1864 Αι
639 1837 665 1863 id
677 1845 725 1863 nec
736 1837 901 1871 propositum
913 1835 1000 1862 ullum

210 1875 269 1906 fuit,
283 1880 316 1906 et.
330 1876 352 1901 si
365 1875 468 1905 suisset,
482 1874 616 1909 duplicata
627 1874 710 1909 gloria
721 1874 917 1900 discessissem.
951 1873 1001 1899 Bo—

210 1921 304 1939 norum
325 1912 391 1938 mibi
411 1912 574 1947 praesidium
595 1910 732 1938 defuisse?
752 1911 848 1937 falsum
869 1915 918 1937 est.
959 1910 1000 1936 Me

209 1954 320 1976 mortem
333 1949 472 1975 timuisse?
487 1954 563 1983 turpe
574 1953 623 1975 est.
658 1948 780 1975 xxxvl.
792 1948 938 1974 Dicendum
950 1948 1001 1982 igi-

209 1991 252 2014 tur
263 1986 349 2017 estid,
363 1986 434 2021 quod
446 1995 498 2013 non
509 1986 633 2016 dicerem,
643 1986 694 2012 nisi
706 1991 826 2012 coactus:
839 1985 916 2020 (nihil
928 1986 999 2011 enim

209 2032 339 2059 umquam
358 2024 390 2050 de
411 2031 453 2050 me
473 2023 530 2049 dixi
549 2023 696 2053 sublatius.
723 2022 891 2049 asciscendae
913 2022 1000 2048 laudis
1028 2048 1030 2054 ,

209 2070 303 2088 caussa
314 2061 411 2096 potius,
424 2069 505 2095 quam
516 2060 637 2086 criminis
648 2059 800 2094 depellendi
809 2060 827 2095 e)
837 2060 897 2086 dico
908 2060 998 2095 igitur,

209 2103 235 2125 et
260 2107 342 2133 quam
370 2106 480 2133 possum
508 2098 623 2124 maxima
651 2105 715 2124 voce
738 2097 812 2124 dico:
844 2099 886 2123 96.
910 2098 1000 2129 Quum

208 2136 328 2162 omnium
341 2135 504 2170 perditorum
515 2139 539 2160 et
550 2135 746 2161 coniuratorum
759 2135 865 2161 incitata
877 2135 931 2165 vis.
949 2134 1001 2160 du-

208 2181 238 2200 ce
250 2173 355 2199 tribuno
366 2172 461 2207 plebis,
474 2172 632 2198 consulibus
642 2172 804 2202 auctoribus,
816 2171 912 2198 afflicto
923 2180 1001 2198 sena-

209 2215 246 2241 tu,
261 2210 406 2245 perterritis
417 2209 554 2244 equitibus
565 2209 704 2240 Romanis⁷
717 2217 848 2244 suspensa
860 2218 890 2235 ac
900 2209 1001 2235 sonici—
1028 2230 1030 2244 ,

208 2252 234 2274 ta
245 2252 296 2274 tota
308 2247 426 2278 civitate,
441 2255 492 2273 non
504 2251 557 2272 tam
568 2247 595 2272 in
606 2255 649 2273 me
659 2247 789 2281 impetum
800 2246 905 2277 faceret.
918 2255 1000 2281 quam

209 2293 256 2319 per
267 2285 347 2311 mein
357 2292 450 2311 omnes
461 2284 558 2310 honos:
575 2292 618 2310 me
632 2283 746 2315 vidisse,
764 2285 788 2310 si
803 2284 944 2315 vicissem,
962 2287 1001 2310 te-

209 2330 275 2348 nues
286 2321 449 2356 reipublicae
461 2321 601 2356 reliquias,
613 2321 637 2347 si
649 2321 736 2347 victus
747 2329 843 2351 essem.
857 2321 946 2347 nullas
957 2319 1001 2346 fu·
1028 2324 1030 2350 :

208 2363 289 2385 turas.
311 2358 387 2391 Quod
397 2367 482 2394 quum
493 2358 665 2389 indicassem.
678 2357 773 2384 deflevi
783 2359 906 2394 coniugis
919 2358 1001 2384 mise*

209 2404 251 2422 rae
267 2395 424 2427 discidium,
442 2395 586 2422 liberorum
601 2395 800 2422 carissimorum
815 2395 997 2426 solitudinem,

210 2432 296 2459 fratris
311 2433 427 2459 absentis
443 2433 619 2459 amantissimi
634 2437 714 2468 atque
724 2433 819 2468 optimi
830 2441 936 2463 casum,
953 2440 1001 2458 su-

210 2469 277 2495 bitas
290 2469 492 2496 fundatissimae
503 2469 619 2496 familiae
630 2471 735 2496 ruinas:
757 2470 804 2496 sed
819 2470 862 2496 his
873 2469 1000 2496 omnibus

209 2506 289 2532 rebus
305 2508 385 2533 vitam
402 2508 539 2542 anteposui
554 2515 675 2534 meorum
690 2507 805 2540 civiumg
827 2515 938 2542 remque
948 2515 1001 2541 pu-

211 2542 306 2569 blicam
317 2544 454 2570 concidere
465 2545 546 2570 unius
557 2545 693 2575 discessu,
705 2553 787 2579 quam
799 2544 919 2571 omnium
931 2544 1000 2570 inte-

211 2580 262 2606 ritu
273 2580 392 2606 occidere
403 2580 495 2607 malui.
535 2581 655 2617 Speravi.
668 2581 697 2608 id
707 2581 779 2616 quod
790 2581 894 2612 accidit,
907 2589 950 2607 me
959 2581 1000 2607 ia-

492 757 604 783 XXXV.
617 758 657 782 93.
674 757 705 782 Et
715 756 841 791 quoniam
854 755 902 780 boc
913 762 1002 788 repre-
1022 756 1024 765 ¹

576 1688 646 1720 Quid
657 1689 743 1719 enim,
757 1687 903 1722 pontifices,
916 1686 1001 1713 debeo
1030 1707 1031 1712 ,

927 1798 1001 1825 ludi-
1030 1801 1031 1810 ¹

816 128 846 154 T.
876 126 1150 153 «ttcttiuoxts
1183 127 1369 153 (iussio

1028 199 1031 223 Ι
1053 197 1162 231 Accepi.
1181 197 1330 231 pontifices.
1344 205 1472 230 magnum
1483 202 1562 232 atque
1574 197 1757 224 incredibilem
1768 197 1842 224 dolo-

1053 243 1122 260 rem:
1141 242 1192 260 non
1207 242 1270 269 ego:
1289 242 1374 269 neque
1390 235 1467 261 iatam
1483 235 1549 261 mihi
1560 236 1662 261 ascisco
1672 236 1841 270 sapientiam.

1052 279 1132 305 (piam
1146 271 1267 297 nonnulli
1280 271 1306 297 in
1319 279 1360 297 me
1376 271 1558 306 requirebant.
1575 273 1624 307 qui
1639 281 1682 298 me
1697 273 1786 298 animo
1801 273 1844 299 ni-

1053 309 1104 334 mia
1117 307 1197 334 l'racto
1207 316 1265 334 esse
1276 313 1355 343 atque
1365 307 1463 334 amicto
1474 309 1658 344 loquebantur.
1684 310 1723 336 An
1735 318 1786 342 ego
1796 318 1844 344 po-

1053 350 1148 375 teram.
1171 353 1255 379 quum
1271 354 1284 371 a
1301 350 1338 372 tot
1353 354 1440 371 rerum
1457 350 1526 372 tanta
1547 347 1670 373 varietate
1691 346 1842 377 divellerer.

1052 383 1129 417 (quas
1141 382 1239 408 idcirco
1250 388 1392 417 praetereo.
1400 383 1472 418 quod
1485 392 1516 409 ne
1527 392 1598 409 nunc
1607 383 1717 418 quidem
1729 385 1787 410 aine
1798 383 1845 410 sse-

1054 425 1081 445 tu
1093 428 1299 446 commemorare
1310 420 1565 454 posaurn.)inlitiari.
1574 429 1614 446 me
1626 430 1684 447 esse
1696 421 1842 451 hominem,

1053 461 1078 482 et
1093 465 1262 483 communem
1278 462 1387 483 naturae
1401 466 1510 483 aeneum
1526 457 1683 491 repudiare?
1702 458 1769 484 Turn
1783 467 1845 485 vero

1054 502 1139 528 neque
1151 494 1218 520 illud
1235 503 1324 520 meum
1342 493 1440 520 sactum
1458 494 1603 524 laudabile.
1621 503 1669 521 nec
1684 495 1843 522 beneficium

1054 531 1139 556 ullum
1159 540 1172 557 a
1189 540 1230 557 me
1245 532 1272 557 in
1288 531 1480 566 rempublicam
1502 531 1648 566 profectum
1668 532 1798 563 dicerem.
1820 534 1843 559 si

1052 568 1162 603 quidem
1175 577 1203 594 ea
1216 568 1379 603 reipublicae
1389 577 1483 595 caussa
1495 569 1676 603 reliquissem.
1687 569 1790 604 quibua
1800 579 1844 596 ae-

1029 637 1031 647 l
1052 614 1106 640 quo
1125 606 1213 632 animo
1232 614 1362 632 carerem:
1383 614 1496 641 eamque
1515 606 1598 632 animi
1613 605 1754 637 duritiam.
1774 607 1846 634 nicut

1029 662 1031 678 3
1052 643 1268 678 corporis,qu0d.
1280 652 1365 678 quum
1378 644 1472 673 uritur.
1486 652 1537 670 non
1549 644 1637 673 sentit.
1650 648 1786 678 stuporem
1798 652 1845 679 po—

1029 682 1031 694 *
1053 681 1115 710 tius.
1127 689 1208 715 quam
1221 681 1345 707 virtutem
1358 685 1488 715 putarem.
1515 680 1650 707 xxxvii.
1663 682 1705 706 98.
1718 681 1846 716 Suscipe-

1053 726 1079 743 re
1092 722 1176 744 tantos
1187 719 1269 744 animi
1280 718 1393 748 dolores.
1407 723 1487 753 atque
1497 726 1535 748 ea.
1548 726 1618 753 quae
1628 723 1703 752 capta
1710 718 1788 749 Urbe.
1801 726 1845 745 ao-

1052 755 1145 781 cidunt
1162 755 1251 785 victis.
1269 760 1354 782 stante
1370 755 1452 785 Urbe.
1475 764 1558 781 unum
1575 755 1690 790 perpeti.
1707 760 1733 781 et
1748 756 1800 782 iam
1815 763 1845 782 se

1030 807 1031 811 =
1053 792 1144 818 videre
1155 792 1266 819 distrahi
1278 802 1291 818 a
1307 793 1448 827 complexu
1464 801 1588 823 suorum.
1605 792 1750 819 disturbari
1766 797 1842 822 tecta.

1053 829 1132 864 diripi
1145 829 1276 860 fortunas.
1291 830 1390 864 patriae
1400 829 1517 865 denique
1528 838 1622 856 caussa
1635 831 1745 864 patriam
1757 830 1844 864 ipsam

1053 868 1185 897 amittere.
1203 867 1311 901 spoliari
1328 867 1419 902 populi
1432 867 1540 893 Romani
1557 867 1694 893 beneficiis
1707 867 1845 902 amplissi-

1029 901 1031 928 ἶ
1053 905 1118 933 mis,
1132 905 1298 939 praecipitari
1310 913 1343 930 ex
1354 904 1484 930 altissimo
1494 904 1631 940 dignitatis
1642 904 1740 939 gradu.
1754 904 1845 931 videre

1053 946 1228 976 praetextatos
1239 942 1376 972 inimicos.
1390 941 1508 968 nondum
1521 947 1603 968 morte
1613 941 1787 976 complorata.
1803 950 1845 968 ar·

1052 1016 1147 1042 dorum
1158 1017 1258 1042 civium
1270 1025 1373 1046 caussa.
1387 1021 1466 1051 atque
1477 1017 1520 1046 ita.
1530 1021 1559 1042 ut
1569 1016 1687 1042 dolenter
1697 1016 1779 1046 absis,
1791 1025 1845 1043 nou

1022 1057 1031 1088 y}
1054 1058 1105 1080 tam
1118 1055 1234 1088 sapiens.
1247 1062 1328 1088 quam
1340 1054 1368 1083 ii.
1381 1054 1428 1088 qui
1441 1054 1507 1080 nibil
1519 1053 1676 1083 curant,sed
1689 1058 1740 1079 tam
1752 1062 1845 1080 amaus

1053 1095 1159 1117 tuorum
1175 1099 1204 1117 ac
1220 1092 1267 1122 tui,
1285 1099 1366 1125 quam
1383 1091 1533 1117 communis
1549 1091 1701 1116 humanitas
1712 1090 1843 1125 postulat:

1053 1136 1081 1154 ea
1100 1127 1156 1154 laus
1171 1128 1302 1163 praeclara
1318 1133 1397 1163 atque
1412 1128 1513 1154 divina.
1555 1128 1635 1157 Nam,
1651 1128 1700 1162 qui
1715 1136 1758 1158 ea,
1775 1136 1845 1162 quae

1054 1173 1200 1200 numquam
1211 1174 1270 1192 cara
1282 1173 1311 1191 ac
1323 1165 1439 1191 iucunda
1449 1165 1539 1195 duxit.
1557 1165 1646 1191 animo
1658 1173 1744 1200 aequo
1755 1166 1846 1200 reipu-

1053 1202 1137 1228 blicae
1147 1211 1241 1229 caussa
1252 1203 1359 1231 deserit.
1373 1202 1474 1228 nullam
1487 1202 1698 1228 benevolentiam
1711 1203 1844 1238 insignem

1053 1240 1079 1266 in
1092 1240 1284 1274 rempublicam
1295 1239 1423 1266 declarat:
1440 1240 1487 1274 qui
1499 1245 1588 1265 autem
1599 1247 1629 1265 ea
1640 1239 1780 1274 relinquit,
1794 1240 1846 1266 rei·

1053 1277 1176 1311 publicae
1186 1285 1280 1303 caussa
1289 1297 1295 1307 ,
1311 1285 1324 1302 a
1335 1277 1437 1312 quibus
1447 1285 1508 1302 cum
1520 1285 1627 1302 summo
1637 1276 1727 1303 dolore
1738 1276 1846 1303 divelli-

1053 1319 1104 1345 tur,
1118 1315 1141 1340 ei
1153 1315 1236 1349 patria
1247 1322 1306 1340 cara
1317 1319 1370 1340 est:
1383 1314 1462 1340 cuius
1473 1313 1587 1340 salutem
1597 1314 1698 1340 caritati
1709 1314 1847 1348 auteponit

1053 1360 1173 1378 suorum.
1203 1353 1245 1378 99.
1257 1351 1344 1384 Quare
1355 1351 1558 1386 rempublicam.
1570 1366 1607 1370 —
1616 1350 1802 1386 disrumpatur
1813 1350 1846 1378 li-

1053 1393 1094 1415 cet
1104 1389 1154 1415 ista
1166 1388 1242 1420 furia,
1256 1394 1335 1424 atque
1345 1388 1434 1415 audiat
1446 1388 1510 1414 haec
1520 1397 1553 1415 ex
1563 1389 1750 1423 me.quoniam
1763 1388 1846 1415 laces-

1053 1427 1129 1456 sivit,
1146 1441 1184 1446 —
1197 1426 1239 1452 bis
1250 1427 1368 1457 servavi.
1386 1430 1415 1452 ut
1425 1425 1519 1452 consul
1532 1430 1636 1461 togatus
1646 1431 1762 1452 armatos
1773 1426 1847 1452 vice-

1053 1464 1112 1494 rim,
1122 1463 1242 1498 privatus
1253 1463 1411 1490 consulibus
1421 1463 1531 1489 armatis
1541 1464 1678 1489 cesserim.
1699 1463 1845 1498 Utriusque

1030 1504 1031 1539 J
1053 1501 1180 1536 temporis
1192 1500 1307 1527 fructum
1319 1500 1368 1527 tuli
1380 1501 1543 1527 maximum:
1555 1500 1711 1535 superioris.
1722 1499 1804 1535 quod.
1812 1508 1846 1527 ex

1030 1542 1031 1576 ᾗ
1053 1543 1161 1564 senatus
1177 1539 1344 1569 auctoritate,
1361 1542 1387 1564 et
1401 1542 1523 1564 senatum
1539 1542 1564 1563 et
1574 1546 1667 1564 omnes
1678 1537 1761 1564 bonos
1772 1545 1846 1564 meae

1030 1577 1031 1597 ἒ
1052 1575 1148 1602 salutis
1158 1584 1253 1602 caussa
1266 1580 1365 1602 mutata
1377 1580 1450 1601 veste
1462 1575 1530 1601 vidi:
1553 1575 1719 1609 posterioris,
1736 1574 1809 1610 quod
1819 1579 1846 1601 et

1030 1614 1031 1651 i
1053 1618 1161 1639 senatus
1181 1618 1208 1639 et
1227 1612 1345 1647 populus
1360 1613 1496 1639 Romanus
1517 1616 1543 1638 et
1560 1620 1654 1638 omnes
1673 1611 1798 1638 mortales
1818 1616 1845 1638 et

1030 1658 1031 1679 ι
1053 1650 1178 1684 privatim
1188 1654 1214 1676 et
1225 1650 1332 1684 publice
1342 1649 1507 1679 iudicarunt,
1525 1649 1585 1675 sine
1599 1657 1660 1675 meo
1674 1648 1760 1675 reditu
1774 1657 1845 1676 rem-

1029 1685 1031 1701 ¹
1052 1687 1187 1722 publicam
1199 1687 1301 1713 salvam
1312 1695 1371 1713 esse
1383 1695 1434 1713 non
1446 1694 1534 1720 posse.

1029 1733 1031 1754 !
1111 1725 1166 1750 ⁴00.
1183 1724 1236 1751 Sed
1247 1724 1290 1750 hic
1301 1732 1377 1750 meus
1387 1723 1497 1753 reditus.
1514 1722 1661 1758 pontifices.
1674 1727 1763 1749 vestro
1772 1722 1845 1749 iudi-

1029 1762 1031 1789 1
1052 1762 1093 1788 cio
1103 1762 1261 1788 continetur.
1286 1761 1362 1792 Nam.
1376 1761 1398 1787 si
1410 1769 1458 1787 vos
1469 1768 1511 1786 me
1522 1761 1549 1786 in
1561 1760 1628 1786 meis
1639 1760 1752 1786 aedibus
1761 1760 1845 1787 collo-

1051 1799 1131 1829 catis,
1153 1798 1181 1825 id
1201 1798 1274 1833 quod
1293 1799 1321 1824 in
1341 1799 1414 1825 omni
1429 1806 1488 1824 mea
1503 1806 1597 1823 caussa
1612 1805 1720 1832 semper
1733 1797 1842 1828 studiis.

1029 1842 1031 1848 ’
1051 1836 1185 1866 consiliis,
1207 1835 1409 1862 auctoritatibus
1425 1835 1619 1869 sententiisque
1635 1834 1748 1865 fecistis.
1765 1834 1846 1861 w'deo

1028 1867 1031 1876 ’
1052 1881 1094 1900 me
1115 1872 1193 1907 plane
1212 1881 1242 1899 ac
1262 1873 1348 1899 sentio
1363 1873 1530 1899 restitutum:
1553 1873 1595 1898 sin
1611 1880 1668 1898 mea
1683 1871 1780 1898 domus
1792 1880 1844 1898 non

1051 1910 1131 1936 modo
1150 1910 1216 1937 mihi
1237 1919 1289 1937 non
1310 1910 1443 1940 redditur,
1468 1909 1516 1935 sed
1537 1909 1617 1935 etiam
1641 1914 1844 1935 monumentum

1052 1947 1160 1982 praebet
1170 1948 1279 1974 inimico
1291 1947 1390 1974 doloris
1400 1947 1466 1977 mei,
1480 1946 1587 1973 sceleris
1598 1947 1654 1977 sui,
1668 1946 1792 1981 publicae
1800 1954 1846 1972 ca-

1054 1985 1192 2015 lamitatis,
1209 1985 1272 2019 quis
1288 1986 1350 2015 erit.
1367 1985 1415 2019 qui
1431 1984 1503 2010 hunc
1517 1983 1632 2010 reditum
1643 1984 1746 2018 potius,
1762 1991 1844 2018 quam

1052 2031 1163 2057 poenam
1180 2023 1369 2057 sempiternam
1386 2020 1479 2056 putet?
1498 2021 1526 2047 In
1546 2025 1690 2055 conspectu
1711 2026 1844 2055 praeterea

1028 2062 1030 2075 ²
1052 2061 1134 2086 totius
1145 2059 1223 2086 Urbis
1235 2059 1332 2086 domus
1343 2063 1383 2085 est
1394 2067 1464 2089 mea.
1478 2057 1628 2093 pontifices:
1651 2058 1678 2084 iu
1689 2066 1742 2093 qua
1752 2058 1776 2084 si
1787 2065 1845 2084 ma-

1053 2102 1096 2124 net
1111 2096 1193 2127 illud,
1216 2105 1267 2123 non
1283 2101 1486 2123 monumentum
1502 2095 1594 2126 Urbis,
1615 2094 1662 2121 sed
1676 2094 1842 2130 sepulcrum.

1029 2134 1031 2162 l
1052 2135 1161 2161 inimico
1172 2135 1278 2160 nomine
1289 2134 1462 2168 inscriptum:
1477 2132 1683 2167 demigrandum
1694 2133 1784 2167 potius
1793 2131 1845 2158 ali-

1028 2179 1030 2208 j
1051 2180 1106 2207 quo
1116 2176 1170 2202 est,
1182 2179 1263 2206 quam
1277 2170 1450 2197 habitandum
1463 2171 1490 2196 in
1501 2178 1530 2196 ea
1543 2169 1621 2200 urbe.
1635 2169 1662 2195 in
1672 2177 1726 2205 qua
1737 2173 1843 2204 tropaea

1051 2214 1077 2235 et
1087 2209 1120 2235 de
1131 2217 1173 2234 me
1184 2214 1209 2234 et
1219 2208 1252 2234 de
1263 2208 1399 2242 republica
1410 2207 1515 2234 videam
1526 2207 1678 2233 constituta.

1028 2247 1031 2276 ὲ
1106 2245 1254 2272 XXXVlll.
1268 2247 1310 2271 lol
1319 2266 1325 2271 .
1340 2245 1382 2271 An
1396 2253 1446 2280 ego
1459 2249 1558 2270 tantam
1568 2248 1613 2270 aut
1623 2243 1705 2270 animi
1716 2242 1842 2269 duritiem

1028 2278 1031 2317 Ι
1052 2283 1162 2313 habere.
1175 2288 1221 2308 aut
1231 2282 1369 2309 oculorum
1379 2281 1574 2316 impudentiam
1585 2280 1700 2316 possim.
1712 2285 1751 2310 ut.
1763 2280 1843 2306 cuius

1051 2321 1126 2346 urbis
1147 2325 1308 2346 servatorem
1329 2328 1372 2346 me
1391 2327 1450 2345 esse
1464 2323 1574 2345 senatus
1587 2317 1709 2344 omnium
1729 2325 1846 2343 assensu>

1028 2364 1030 2388 ς
1051 2358 1128 2384 toties
1147 2357 1284 2387 iudicarit,
1307 2357 1335 2383 in
1350 2365 1380 2382 ea
1395 2356 1498 2390 possim
1513 2355 1609 2381 intueri
1624 2354 1735 2380 domum
1754 2362 1842 2380 meam

1051 2437 1076 2458 et
1091 2432 1124 2458 ab
1138 2431 1231 2458 eodem
1247 2435 1408 2457 exstructam
1422 2435 1448 2456 et
1458 2429 1571 2464 positam
1580 2429 1607 2454 in
1618 2427 1704 2454 oculis
1714 2428 1840 2458 civitatis.

1051 2477 1084 2495 ne
1098 2477 1228 2504 umquam
1243 2469 1431 2503 conquiescere
1441 2466 1525 2501 possit
1535 2464 1612 2491 fletus
1623 2464 1772 2492 bonorum?
1791 2464 1840 2500 Sp.

1050 2505 1148 2536 Maelii,
1171 2513 1284 2541 regnum
1304 2504 1466 2540 appetentis.
1487 2503 1584 2529 domus
1604 2507 1644 2528 est
1663 2501 1839 2537 complanata.

1050 2543 1154 2578 Ecquid
1169 2542 1262 2569 aliud?
1280 2550 1396 2577 aequum
1412 2539 1541 2567 accidisse
1552 2539 1647 2566 Maelio
1661 2539 1778 2574 populus
1788 2539 1842 2565 Ro-

1050 2589 1146 2606 manus
1161 2579 1291 2606 iudicavit
1305 2579 1412 2605 nomine
1425 2578 1485 2612 ipso
1497 2576 1690 2611 Aequimaelii:
1710 2575 1842 2603 stultitiae

209 2621 311 2643 centem
331 2625 408 2651 posse
427 2626 442 2643 a
461 2618 531 2644 vivis
551 2619 617 2645 viris
633 2618 746 2645 fortibus
761 2619 885 2645 excitari:
907 2619 930 2644 si
946 2626 998 2644 una
1020 2629 1022 2644 ι
1050 2625 1133 2652 poena
1143 2617 1313 2651 comprobata
1323 2620 1372 2642 ast.
1403 2614 1451 2649 Sp.
1463 2614 1549 2640 Cassii
1563 2613 1660 2640 domus
1674 2613 1708 2640 ob
1718 2612 1840 2639 eamdem

209 2661 271 2680 cum
282 2653 359 2681 bonis
370 2654 539 2686 interiissem,
552 2655 627 2682 nullo
638 2655 717 2682 modo
727 2663 805 2691 posse
817 2655 937 2682 recreari.
954 2656 997 2682 97.

1027 2405 1030 2610 Ῐ
1051 2403 1171 2421 eversam
1179 2415 1185 2423 .
1199 2402 1250 2420 non
1261 2394 1296 2420 ab
1305 2394 1416 2420 inimico
1426 2401 1493 2423 meo,
1505 2391 1552 2418 sed
1563 2391 1596 2417 ab
1605 2391 1682 2417 hoste
1692 2392 1840 2421 communi,

1027 2614 1029 2627 l

1048 2663 1172 2681 caussam
1183 2662 1288 2681 eversa:
1301 2658 1381 2688 atque
1391 2653 1419 2679 in
1429 2650 1522 2678 eodem
1532 2650 1590 2677 loeo
1599 2651 1678 2677 aedes
1686 2651 1773 2686 posita
1779 2649 1840 2677 Tel-
