<?xml version="1.0" encoding="UTF-8"?>
<!DOCTYPE html PUBLIC "-//W3C//DTD XHTML 1.0 Transitional//EN"
    "http://www.w3.org/TR/xhtml1/DTD/xhtml1-transitional.dtd">
<html xmlns="http://www.w3.org/1999/xhtml" xml:lang="en" lang="en">
 <head>
  <title>
</title>
<meta http-equiv="Content-Type" content="text/html;charset=utf-8" />
  <meta name='ocr-system' content='tesseract 3.04.00' />
  <meta name='ocr-capabilities' content='ocr_page ocr_carea ocr_par ocr_line ocrx_word'/>
</head>
<body>
  <div class='ocr_page' id='page_1' title='image "./operaomniaunovol00ciceuoft_0409.png"; bbox 0 0 1941 3052; ppageno 0'>
   <div class='ocr_carea' id='block_1_1' title="bbox 394 141 1377 170">
    <p class='ocr_par' dir='ltr' id='par_1_1' title="bbox 394 141 1377 170">
     <span class='ocr_line' id='line_1_1' title="bbox 394 141 1377 170; baseline 0 -1"><span class='ocrx_word' id='word_1_1' title='bbox 394 142 580 170; x_wconf 85' lang='lat' dir='ltr'><strong>ORATIO</strong></span> <span class='ocrx_word' id='word_1_2' title='bbox 611 142 702 170; x_wconf 84' lang='lat' dir='ltr'><strong>PRO</strong></span> <span class='ocrx_word' id='word_1_3' title='bbox 734 141 1377 170; x_wconf 70' lang='lat' dir='ltr'><strong>A.CLUENT10.CAP.37—.52.</strong></span> 
     </span>
    </p>
   </div>
   <div class='ocr_carea' id='block_1_2' title="bbox 61 212 860 913">
    <p class='ocr_par' dir='ltr' id='par_1_2' title="bbox 61 212 860 913">
     <span class='ocr_line' id='line_1_2' title="bbox 65 212 858 249; baseline 0 -9"><span class='ocrx_word' id='word_1_4' title='bbox 65 213 173 241; x_wconf 87' lang='lat' dir='ltr'><strong>odium!</strong></span> <span class='ocrx_word' id='word_1_5' title='bbox 188 213 226 240; x_wconf 92' lang='lat' dir='ltr'><strong>dii</strong></span> <span class='ocrx_word' id='word_1_6' title='bbox 236 212 415 240; x_wconf 78' lang='lat' dir='ltr'><strong>immortales!</strong></span> <span class='ocrx_word' id='word_1_7' title='bbox 431 222 500 249; x_wconf 91' lang='lat' dir='ltr'><strong>quae</strong></span> <span class='ocrx_word' id='word_1_8' title='bbox 509 213 650 248; x_wconf 90' lang='lat' dir='ltr'><strong>superbia!</strong></span> <span class='ocrx_word' id='word_1_9' title='bbox 667 217 767 249; x_wconf 87' lang='lat' dir='ltr'><strong>quanta</strong></span> <span class='ocrx_word' id='word_1_10' title='bbox 782 213 858 249; x_wconf 82' lang='lat' dir='ltr'><strong>igno-</strong></span> 
     </span>
     <span class='ocr_line' id='line_1_3' title="bbox 65 250 856 286; baseline -0.001 -8"><span class='ocrx_word' id='word_1_11' title='bbox 65 252 131 278; x_wconf 88' lang='lat' dir='ltr'><strong>ratio</strong></span> <span class='ocrx_word' id='word_1_12' title='bbox 145 251 202 277; x_wconf 91' lang='lat' dir='ltr'><strong>sui!</strong></span> <span class='ocrx_word' id='word_1_13' title='bbox 217 259 298 286; x_wconf 88' lang='lat' dir='ltr'><strong>quam</strong></span> <span class='ocrx_word' id='word_1_14' title='bbox 309 250 400 286; x_wconf 82' lang='lat' dir='ltr'><strong>gravis</strong></span> <span class='ocrx_word' id='word_1_15' title='bbox 410 255 489 286; x_wconf 88' lang='lat' dir='ltr'><strong>atque</strong></span> <span class='ocrx_word' id='word_1_16' title='bbox 503 250 680 278; x_wconf 89' lang='lat' dir='ltr'><strong>intolerabilis</strong></span> <span class='ocrx_word' id='word_1_17' title='bbox 693 251 856 286; x_wconf 77' lang='lat' dir='ltr'>arrogantia!</span> 
     </span>
     <span class='ocr_line' id='line_1_4' title="bbox 64 287 860 324; baseline 0 -10"><span class='ocrx_word' id='word_1_18' title='bbox 64 289 113 324; x_wconf 89' lang='lat' dir='ltr'><strong>qui</strong></span> <span class='ocrx_word' id='word_1_19' title='bbox 126 287 195 315; x_wconf 90' lang='lat' dir='ltr'><strong>illud</strong></span> <span class='ocrx_word' id='word_1_20' title='bbox 208 289 288 314; x_wconf 89' lang='lat' dir='ltr'><strong>etiam</strong></span> <span class='ocrx_word' id='word_1_21' title='bbox 302 288 392 323; x_wconf 88' lang='lat' dir='ltr'><strong>ipsum</strong></span> <span class='ocrx_word' id='word_1_22' title='bbox 407 289 501 314; x_wconf 78' lang='lat' dir='ltr'>acerbe</span> <span class='ocrx_word' id='word_1_23' title='bbox 514 288 613 320; x_wconf 86' lang='lat' dir='ltr'><strong>tulerit,</strong></span> <span class='ocrx_word' id='word_1_24' title='bbox 629 289 673 323; x_wconf 86' lang='lat' dir='ltr'><strong>(ex</strong></span> <span class='ocrx_word' id='word_1_25' title='bbox 685 297 739 324; x_wconf 93' lang='lat' dir='ltr'><strong>quo</strong></span> <span class='ocrx_word' id='word_1_26' title='bbox 752 288 797 314; x_wconf 88' lang='lat' dir='ltr'><strong>illa</strong></span> <span class='ocrx_word' id='word_1_27' title='bbox 811 297 860 314; x_wconf 91' lang='lat' dir='ltr'><strong>na-</strong></span> 
     </span>
     <span class='ocr_line' id='line_1_5' title="bbox 65 324 859 360; baseline -0.001 -7"><span class='ocrx_word' id='word_1_28' title='bbox 65 332 90 353; x_wconf 92' lang='lat' dir='ltr'><strong>ta</strong></span> <span class='ocrx_word' id='word_1_29' title='bbox 103 330 167 352; x_wconf 89' lang='lat' dir='ltr'><strong>sunt</strong></span> <span class='ocrx_word' id='word_1_30' title='bbox 180 324 290 360; x_wconf 90' lang='lat' dir='ltr'><strong>omnia,)</strong></span> <span class='ocrx_word' id='word_1_31' title='bbox 309 334 361 352; x_wconf 93' lang='lat' dir='ltr'><strong>non</strong></span> <span class='ocrx_word' id='word_1_32' title='bbox 375 325 428 352; x_wconf 85' lang='lat' dir='ltr'><strong>sibi</strong></span> <span class='ocrx_word' id='word_1_33' title='bbox 442 335 472 352; x_wconf 91' lang='lat' dir='ltr'><strong>ac</strong></span> <span class='ocrx_word' id='word_1_34' title='bbox 486 325 635 352; x_wconf 76' lang='lat' dir='ltr'>defensioni</span> <span class='ocrx_word' id='word_1_35' title='bbox 649 334 714 352; x_wconf 90' lang='lat' dir='ltr'><strong>suae</strong></span> <span class='ocrx_word' id='word_1_36' title='bbox 726 325 859 352; x_wconf 89' lang='lat' dir='ltr'><strong>condona-</strong></span> 
     </span>
     <span class='ocr_line' id='line_1_6' title="bbox 63 362 859 398; baseline -0.004 -7"><span class='ocrx_word' id='word_1_37' title='bbox 63 367 123 391; x_wconf 82' lang='lat' dir='ltr'><strong>tum</strong></span> <span class='ocrx_word' id='word_1_38' title='bbox 137 371 195 389; x_wconf 86' lang='lat' dir='ltr'><strong>esse</strong></span> <span class='ocrx_word' id='word_1_39' title='bbox 208 362 401 397; x_wconf 80' lang='lat' dir='ltr'><strong>Oppianicum:</strong></span> <span class='ocrx_word' id='word_1_40' title='bbox 426 363 537 398; x_wconf 82' lang='lat' dir='ltr'><strong>proinde</strong></span> <span class='ocrx_word' id='word_1_41' title='bbox 550 363 627 398; x_wconf 82' lang='lat' dir='ltr'><strong>quasi</strong></span> <span class='ocrx_word' id='word_1_42' title='bbox 642 372 694 390; x_wconf 90' lang='lat' dir='ltr'><strong>non</strong></span> <span class='ocrx_word' id='word_1_43' title='bbox 708 363 773 390; x_wconf 90' lang='lat' dir='ltr'><strong>satis</strong></span> <span class='ocrx_word' id='word_1_44' title='bbox 787 362 859 398; x_wconf 83' lang='lat' dir='ltr'><strong>signi</strong></span> 
     </span>
     <span class='ocr_line' id='line_1_7' title="bbox 63 400 858 435; baseline 0 -8"><span class='ocrx_word' id='word_1_45' title='bbox 63 408 124 428; x_wconf 87' lang='lat' dir='ltr'><strong>esse</strong></span> <span class='ocrx_word' id='word_1_46' title='bbox 136 400 272 431; x_wconf 80' lang='lat' dir='ltr'><strong>debuerit,</strong></span> <span class='ocrx_word' id='word_1_47' title='bbox 288 400 321 426; x_wconf 89' lang='lat' dir='ltr'><strong>ab</strong></span> <span class='ocrx_word' id='word_1_48' title='bbox 335 400 462 427; x_wconf 89' lang='lat' dir='ltr'><strong>omnibus</strong></span> <span class='ocrx_word' id='word_1_49' title='bbox 476 409 538 427; x_wconf 89' lang='lat' dir='ltr'><strong>eum</strong></span> <span class='ocrx_word' id='word_1_50' title='bbox 553 400 637 427; x_wconf 78' lang='lat' dir='ltr'><strong>fuisse</strong></span> <span class='ocrx_word' id='word_1_51' title='bbox 650 400 795 431; x_wconf 88' lang='lat' dir='ltr'><strong>desertum,</strong></span> <span class='ocrx_word' id='word_1_52' title='bbox 811 400 858 435; x_wconf 87' lang='lat' dir='ltr'><strong>qui</strong></span> 
     </span>
     <span class='ocr_line' id='line_1_8' title="bbox 63 437 859 472; baseline -0.003 -7"><span class='ocrx_word' id='word_1_53' title='bbox 63 446 93 465; x_wconf 87' lang='lat' dir='ltr'><strong>se</strong></span> <span class='ocrx_word' id='word_1_54' title='bbox 106 437 139 464; x_wconf 91' lang='lat' dir='ltr'><strong>ad</strong></span> <span class='ocrx_word' id='word_1_55' title='bbox 153 442 294 472; x_wconf 86' lang='lat' dir='ltr'><strong>patronum</strong></span> <span class='ocrx_word' id='word_1_56' title='bbox 308 437 386 464; x_wconf 87' lang='lat' dir='ltr'><strong>illum</strong></span> <span class='ocrx_word' id='word_1_57' title='bbox 401 437 567 465; x_wconf 88' lang='lat' dir='ltr'><strong>contulisset.</strong></span> <span class='ocrx_word' id='word_1_58' title='bbox 600 438 663 464; x_wconf 90' lang='lat' dir='ltr'><strong>Erat</strong></span> <span class='ocrx_word' id='word_1_59' title='bbox 675 438 746 464; x_wconf 90' lang='lat' dir='ltr'><strong>enim</strong></span> <span class='ocrx_word' id='word_1_60' title='bbox 760 438 859 464; x_wconf 88' lang='lat' dir='ltr'><strong>Romae</strong></span> 
     </span>
     <span class='ocr_line' id='line_1_9' title="bbox 64 475 859 510; baseline -0.001 -9"><span class='ocrx_word' id='word_1_61' title='bbox 64 483 170 502; x_wconf 88' lang='lat' dir='ltr'><strong>summa</strong></span> <span class='ocrx_word' id='word_1_62' title='bbox 184 475 258 510; x_wconf 84' lang='lat' dir='ltr'><strong>copia</strong></span> <span class='ocrx_word' id='word_1_63' title='bbox 273 480 453 510; x_wconf 91' lang='lat' dir='ltr'><strong>patronorum,</strong></span> <span class='ocrx_word' id='word_1_64' title='bbox 469 475 610 502; x_wconf 89' lang='lat' dir='ltr'><strong>hominum</strong></span> <span class='ocrx_word' id='word_1_65' title='bbox 624 475 859 510; x_wconf 82' lang='lat' dir='ltr'><strong>eloquentissimo-</strong></span> 
     </span>
     <span class='ocr_line' id='line_1_10' title="bbox 63 511 859 548; baseline -0.001 -10"><span class='ocrx_word' id='word_1_66' title='bbox 63 521 124 539; x_wconf 87' lang='lat' dir='ltr'><strong>rum</strong></span> <span class='ocrx_word' id='word_1_67' title='bbox 138 517 217 547; x_wconf 85' lang='lat' dir='ltr'><strong>atque</strong></span> <span class='ocrx_word' id='word_1_68' title='bbox 231 512 472 547; x_wconf 90' lang='lat' dir='ltr'><strong>amplissimorum,</strong></span> <span class='ocrx_word' id='word_1_69' title='bbox 489 521 603 548; x_wconf 85' lang='lat' dir='ltr'><strong>quorum</strong></span> <span class='ocrx_word' id='word_1_70' title='bbox 617 517 687 539; x_wconf 87' lang='lat' dir='ltr'><strong>certe</strong></span> <span class='ocrx_word' id='word_1_71' title='bbox 700 512 798 547; x_wconf 91' lang='lat' dir='ltr'><strong>aliquis</strong></span> <span class='ocrx_word' id='word_1_72' title='bbox 812 511 859 538; x_wconf 77' lang='lat' dir='ltr'><strong>de·</strong></span> 
     </span>
     <span class='ocr_line' id='line_1_11' title="bbox 63 549 858 585; baseline -0.003 -9"><span class='ocrx_word' id='word_1_73' title='bbox 63 549 194 576; x_wconf 78' lang='lat' dir='ltr'><strong>fendisset</strong></span> <span class='ocrx_word' id='word_1_74' title='bbox 207 550 325 585; x_wconf 82' lang='lat' dir='ltr'><strong>equitem</strong></span> <span class='ocrx_word' id='word_1_75' title='bbox 339 550 498 580; x_wconf 89' lang='lat' dir='ltr'><strong>Romanum,</strong></span> <span class='ocrx_word' id='word_1_76' title='bbox 514 550 542 576; x_wconf 89' lang='lat' dir='ltr'><strong>in</strong></span> <span class='ocrx_word' id='word_1_77' title='bbox 556 550 704 584; x_wconf 90' lang='lat' dir='ltr'><strong>municipio</strong></span> <span class='ocrx_word' id='word_1_78' title='bbox 717 557 767 575; x_wconf 91' lang='lat' dir='ltr'><strong>suo</strong></span> <span class='ocrx_word' id='word_1_79' title='bbox 781 549 858 575; x_wconf 89' lang='lat' dir='ltr'><strong>nobi-</strong></span> 
     </span>
     <span class='ocr_line' id='line_1_12' title="bbox 64 586 858 622; baseline -0.003 -9"><span class='ocrx_word' id='word_1_80' title='bbox 64 586 125 618; x_wconf 87' lang='lat' dir='ltr'><strong>lem,</strong></span> <span class='ocrx_word' id='word_1_81' title='bbox 142 587 165 613; x_wconf 86' lang='lat' dir='ltr'><strong>si</strong></span> <span class='ocrx_word' id='word_1_82' title='bbox 181 587 290 614; x_wconf 86' lang='lat' dir='ltr'><strong>honeste</strong></span> <span class='ocrx_word' id='word_1_83' title='bbox 304 592 424 622; x_wconf 87' lang='lat' dir='ltr'><strong>putasset</strong></span> <span class='ocrx_word' id='word_1_84' title='bbox 437 587 569 614; x_wconf 89' lang='lat' dir='ltr'><strong>eiusmodi</strong></span> <span class='ocrx_word' id='word_1_85' title='bbox 583 595 705 613; x_wconf 82' lang='lat' dir='ltr'><strong>caussam</strong></span> <span class='ocrx_word' id='word_1_86' title='bbox 719 595 798 621; x_wconf 85' lang='lat' dir='ltr'><strong>posse</strong></span> <span class='ocrx_word' id='word_1_87' title='bbox 811 586 858 612; x_wconf 85' lang='lat' dir='ltr'><strong>de-</strong></span> 
     </span>
     <span class='ocr_line' id='line_1_13' title="bbox 63 624 858 659; baseline -0.003 -8"><span class='ocrx_word' id='word_1_88' title='bbox 63 624 147 651; x_wconf 81' lang='lat' dir='ltr'><strong>fendi.</strong></span> <span class='ocrx_word' id='word_1_89' title='bbox 184 625 240 651; x_wconf 87' lang='lat' dir='ltr'><strong>XL.</strong></span> <span class='ocrx_word' id='word_1_90' title='bbox 257 626 311 651; x_wconf 90' lang='grc'><strong>440.</strong></span> <span class='ocrx_word' id='word_1_91' title='bbox 327 625 393 651; x_wconf 86' lang='lat' dir='ltr'><strong>Nam</strong></span> <span class='ocrx_word' id='word_1_92' title='bbox 407 624 534 657; x_wconf 84' lang='lat' dir='ltr'><strong>Quintius</strong></span> <span class='ocrx_word' id='word_1_93' title='bbox 548 624 668 659; x_wconf 87' lang='lat' dir='ltr'><strong>quidem,</strong></span> <span class='ocrx_word' id='word_1_94' title='bbox 684 632 765 658; x_wconf 88' lang='lat' dir='ltr'><strong>quam</strong></span> <span class='ocrx_word' id='word_1_95' title='bbox 779 631 858 649; x_wconf 85' lang='lat' dir='ltr'><strong>eaus-</strong></span> 
     </span>
     <span class='ocr_line' id='line_1_14' title="bbox 63 660 858 697; baseline -0.003 -9"><span class='ocrx_word' id='word_1_96' title='bbox 63 670 121 688; x_wconf 86' lang='lat' dir='ltr'><strong>sam</strong></span> <span class='ocrx_word' id='word_1_97' title='bbox 139 670 269 697; x_wconf 90' lang='lat' dir='ltr'><strong>umquam</strong></span> <span class='ocrx_word' id='word_1_98' title='bbox 288 666 363 688; x_wconf 89' lang='lat' dir='ltr'><strong>antea</strong></span> <span class='ocrx_word' id='word_1_99' title='bbox 382 662 497 693; x_wconf 83' lang='lat' dir='ltr'><strong>dixerat,</strong></span> <span class='ocrx_word' id='word_1_100' title='bbox 522 670 607 696; x_wconf 89' lang='lat' dir='ltr'><strong>quum</strong></span> <span class='ocrx_word' id='word_1_101' title='bbox 626 669 708 687; x_wconf 90' lang='lat' dir='ltr'><strong>annos</strong></span> <span class='ocrx_word' id='word_1_102' title='bbox 727 660 760 687; x_wconf 87' lang='lat' dir='ltr'><strong>ad</strong></span> <span class='ocrx_word' id='word_1_103' title='bbox 777 661 858 695; x_wconf 83' lang='lat' dir='ltr'><strong>quin-</strong></span> 
     </span>
     <span class='ocr_line' id='line_1_15' title="bbox 63 697 858 735; baseline -0.003 -9"><span class='ocrx_word' id='word_1_104' title='bbox 63 700 191 735; x_wconf 75' lang='lat' dir='ltr'><strong>quaginta</strong></span> <span class='ocrx_word' id='word_1_105' title='bbox 205 704 284 726; x_wconf 88' lang='lat' dir='ltr'><strong>natus</strong></span> <span class='ocrx_word' id='word_1_106' title='bbox 297 698 386 725; x_wconf 75' lang='lat' dir='ltr'><strong>esset?</strong></span> <span class='ocrx_word' id='word_1_107' title='bbox 407 700 469 734; x_wconf 89' lang='lat' dir='ltr'><strong>quis</strong></span> <span class='ocrx_word' id='word_1_108' title='bbox 487 707 549 725; x_wconf 91' lang='lat' dir='ltr'><strong>eum</strong></span> <span class='ocrx_word' id='word_1_109' title='bbox 567 707 698 733; x_wconf 88' lang='lat' dir='ltr'><strong>umquam</strong></span> <span class='ocrx_word' id='word_1_110' title='bbox 713 706 765 724; x_wconf 91' lang='lat' dir='ltr'><strong>non</strong></span> <span class='ocrx_word' id='word_1_111' title='bbox 779 697 858 724; x_wconf 88' lang='lat' dir='ltr'><strong>modo</strong></span> 
     </span>
     <span class='ocr_line' id='line_1_16' title="bbox 62 735 858 771; baseline -0.003 -8"><span class='ocrx_word' id='word_1_112' title='bbox 62 737 91 763; x_wconf 91' lang='lat' dir='ltr'><strong>in</strong></span> <span class='ocrx_word' id='word_1_113' title='bbox 110 737 226 771; x_wconf 82' lang='lat' dir='ltr'><strong>patroni,</strong></span> <span class='ocrx_word' id='word_1_114' title='bbox 252 736 299 763; x_wconf 90' lang='lat' dir='ltr'><strong>sed</strong></span> <span class='ocrx_word' id='word_1_115' title='bbox 317 736 345 763; x_wconf 94' lang='lat' dir='ltr'><strong>in</strong></span> <span class='ocrx_word' id='word_1_116' title='bbox 360 736 504 763; x_wconf 89' lang='lat' dir='ltr'><strong>laudatoris</strong></span> <span class='ocrx_word' id='word_1_117' title='bbox 518 741 564 762; x_wconf 91' lang='lat' dir='ltr'><strong>aut</strong></span> <span class='ocrx_word' id='word_1_118' title='bbox 577 736 697 762; x_wconf 86' lang='lat' dir='ltr'><strong>advocati</strong></span> <span class='ocrx_word' id='word_1_119' title='bbox 712 735 769 762; x_wconf 92' lang='lat' dir='ltr'><strong>loco</strong></span> <span class='ocrx_word' id='word_1_120' title='bbox 783 735 858 761; x_wconf 90' lang='lat' dir='ltr'><strong>vide-</strong></span> 
     </span>
     <span class='ocr_line' id='line_1_17' title="bbox 63 772 856 809; baseline -0.003 -9"><span class='ocrx_word' id='word_1_121' title='bbox 63 774 121 801; x_wconf 74' lang='lat' dir='ltr'><strong>rat?</strong></span> <span class='ocrx_word' id='word_1_122' title='bbox 143 775 190 809; x_wconf 90' lang='lat' dir='ltr'><strong>qui</strong></span> <span class='ocrx_word' id='word_1_123' title='bbox 203 773 276 809; x_wconf 88' lang='lat' dir='ltr'><strong>quod</strong></span> <span class='ocrx_word' id='word_1_124' title='bbox 290 774 382 800; x_wconf 82' lang='lat' dir='ltr'><strong>Rostra</strong></span> <span class='ocrx_word' id='word_1_125' title='bbox 397 773 499 800; x_wconf 87' lang='lat' dir='ltr'><strong>iamdiu</strong></span> <span class='ocrx_word' id='word_1_126' title='bbox 513 782 605 804; x_wconf 86' lang='lat' dir='ltr'><strong>vacua,</strong></span> <span class='ocrx_word' id='word_1_127' title='bbox 622 773 764 808; x_wconf 88' lang='lat' dir='ltr'><strong>locumque</strong></span> <span class='ocrx_word' id='word_1_128' title='bbox 779 772 856 798; x_wconf 89' lang='lat' dir='ltr'><strong>illum</strong></span> 
     </span>
     <span class='ocr_line' id='line_1_18' title="bbox 62 810 857 847; baseline -0.003 -9"><span class='ocrx_word' id='word_1_129' title='bbox 62 816 123 847; x_wconf 88' lang='lat' dir='ltr'><strong>post</strong></span> <span class='ocrx_word' id='word_1_130' title='bbox 140 811 284 838; x_wconf 90' lang='lat' dir='ltr'><strong>adventum</strong></span> <span class='ocrx_word' id='word_1_131' title='bbox 298 811 325 837; x_wconf 87' lang='lat' dir='ltr'><strong>L.</strong></span> <span class='ocrx_word' id='word_1_132' title='bbox 341 811 431 837; x_wconf 84' lang='lat' dir='ltr'><strong>Sullae</strong></span> <span class='ocrx_word' id='word_1_133' title='bbox 449 819 463 837; x_wconf 90' lang='lat' dir='ltr'><strong>a</strong></span> <span class='ocrx_word' id='word_1_134' title='bbox 482 811 624 837; x_wconf 89' lang='lat' dir='ltr'><strong>tribunicia</strong></span> <span class='ocrx_word' id='word_1_135' title='bbox 642 819 706 837; x_wconf 79' lang='lat' dir='ltr'><strong>voce</strong></span> <span class='ocrx_word' id='word_1_136' title='bbox 720 810 857 837; x_wconf 88' lang='lat' dir='ltr'><strong>desertum</strong></span> 
     </span>
     <span class='ocr_line' id='line_1_19' title="bbox 61 847 857 884; baseline 0 -10"><span class='ocrx_word' id='word_1_137' title='bbox 61 853 238 884; x_wconf 83' lang='lat' dir='ltr'><strong>oppresserat,</strong></span> <span class='ocrx_word' id='word_1_138' title='bbox 250 848 506 883; x_wconf 85' lang='lat' dir='ltr'><strong>multitudinemque</strong></span> <span class='ocrx_word' id='word_1_139' title='bbox 515 849 567 874; x_wconf 85' lang='lat' dir='ltr'><strong>iam</strong></span> <span class='ocrx_word' id='word_1_140' title='bbox 578 847 758 874; x_wconf 81' lang='lat' dir='ltr'><strong>desuefactam</strong></span> <span class='ocrx_word' id='word_1_141' title='bbox 770 856 784 874; x_wconf 92' lang='lat' dir='ltr'><strong>a</strong></span> <span class='ocrx_word' id='word_1_142' title='bbox 794 856 857 874; x_wconf 88' lang='lat' dir='ltr'><strong>con-</strong></span> 
     </span>
     <span class='ocr_line' id='line_1_20' title="bbox 61 885 857 913; baseline -0.001 -1"><span class='ocrx_word' id='word_1_143' title='bbox 61 886 184 913; x_wconf 89' lang='lat' dir='ltr'><strong>cionibus</strong></span> <span class='ocrx_word' id='word_1_144' title='bbox 202 885 234 912; x_wconf 90' lang='lat' dir='ltr'><strong>ad</strong></span> <span class='ocrx_word' id='word_1_145' title='bbox 252 886 350 912; x_wconf 85' lang='lat' dir='ltr'><strong>veteris</strong></span> <span class='ocrx_word' id='word_1_146' title='bbox 368 886 571 912; x_wconf 87' lang='lat' dir='ltr'><strong>consuetudinis</strong></span> <span class='ocrx_word' id='word_1_147' title='bbox 590 885 796 912; x_wconf 88' lang='lat' dir='ltr'><strong>similitudinem</strong></span> <span class='ocrx_word' id='word_1_148' title='bbox 815 893 857 911; x_wconf 91' lang='lat' dir='ltr'><strong>re-</strong></span> 
     </span>
    </p>
   </div>
   <div class='ocr_carea' id='block_1_3' title="bbox 61 922 1705 1070">
    <p class='ocr_par' dir='ltr' id='par_1_3' title="bbox 61 922 1705 1070">
     <span class='ocr_line' id='line_1_21' title="bbox 61 922 879 959; baseline -0.001 -10"><span class='ocrx_word' id='word_1_149' title='bbox 61 927 209 954; x_wconf 83' lang='lat' dir='ltr'><strong>vocaverat,</strong></span> <span class='ocrx_word' id='word_1_150' title='bbox 225 922 324 949; x_wconf 90' lang='lat' dir='ltr'><strong>idcirco</strong></span> <span class='ocrx_word' id='word_1_151' title='bbox 337 923 444 950; x_wconf 90' lang='lat' dir='ltr'><strong>cuidam</strong></span> <span class='ocrx_word' id='word_1_152' title='bbox 455 923 596 950; x_wconf 89' lang='lat' dir='ltr'><strong>hominum</strong></span> <span class='ocrx_word' id='word_1_153' title='bbox 605 923 697 959; x_wconf 82' lang='lat' dir='ltr'><strong>generi</strong></span> <span class='ocrx_word' id='word_1_154' title='bbox 709 923 857 958; x_wconf 86' lang='lat' dir='ltr'><strong>paullisper</strong></span> <span class='ocrx_word' id='word_1_155' title='bbox 878 939 879 945; x_wconf 59' lang='lat'><strong>.</strong></span> 
     </span>
     <span class='ocr_line' id='line_1_22' title="bbox 326 960 886 996; baseline -0.002 -9"><span class='ocrx_word' id='word_1_156' title='bbox 326 960 414 996; x_wconf 86' lang='lat' dir='ltr'><strong>Atque</strong></span> <span class='ocrx_word' id='word_1_157' title='bbox 436 960 508 987; x_wconf 88' lang='lat' dir='ltr'><strong>idem</strong></span> <span class='ocrx_word' id='word_1_158' title='bbox 526 965 627 996; x_wconf 90' lang='lat' dir='ltr'><strong>quanto</strong></span> <span class='ocrx_word' id='word_1_159' title='bbox 644 961 671 987; x_wconf 91' lang='lat' dir='ltr'><strong>in</strong></span> <span class='ocrx_word' id='word_1_160' title='bbox 688 960 749 987; x_wconf 93' lang='lat' dir='ltr'><strong>odio</strong></span> <span class='ocrx_word' id='word_1_161' title='bbox 767 965 857 995; x_wconf 89' lang='lat' dir='ltr'><strong>postea</strong></span> <span class='ocrx_word' id='word_1_162' title='bbox 884 968 886 995; x_wconf 67' lang='grc' dir='ltr'><strong>ζ,</strong></span> 
     </span>
     <span class='ocr_line' id='line_1_23' title="bbox 877 996 1704 1033; baseline 0 -9"><span class='ocrx_word' id='word_1_163' title='bbox 877 996 886 1013; x_wconf 55' lang='lat'>⁸</span> <span class='ocrx_word' id='word_1_164' title='bbox 908 1007 945 1024; x_wconf 92' lang='lat' dir='ltr'><strong>ra.</strong></span> <span class='ocrx_word' id='word_1_165' title='bbox 977 999 1069 1032; x_wconf 84' lang='lat' dir='ltr'><strong>Itaque</strong></span> <span class='ocrx_word' id='word_1_166' title='bbox 1083 1002 1108 1024; x_wconf 93' lang='lat' dir='ltr'><strong>et</strong></span> <span class='ocrx_word' id='word_1_167' title='bbox 1122 998 1268 1024; x_wconf 87' lang='lat' dir='ltr'><strong>maiestatis</strong></span> <span class='ocrx_word' id='word_1_168' title='bbox 1282 998 1399 1024; x_wconf 87' lang='lat' dir='ltr'><strong>absoluti</strong></span> <span class='ocrx_word' id='word_1_169' title='bbox 1412 1003 1476 1024; x_wconf 90' lang='lat' dir='ltr'><strong>sunt</strong></span> <span class='ocrx_word' id='word_1_170' title='bbox 1490 997 1625 1032; x_wconf 78' lang='lat' dir='ltr'><strong>permulti,</strong></span> <span class='ocrx_word' id='word_1_171' title='bbox 1642 998 1704 1033; x_wconf 93' lang='lat' dir='ltr'><strong>qui—</strong></span> 
     </span>
     <span class='ocr_line' id='line_1_24' title="bbox 885 1035 1705 1070; baseline 0 -9"><span class='ocrx_word' id='word_1_172' title='bbox 885 1042 886 1045; x_wconf 76' lang='grc'>’</span> <span class='ocrx_word' id='word_1_173' title='bbox 908 1036 960 1062; x_wconf 89' lang='lat' dir='ltr'><strong>bus</strong></span> <span class='ocrx_word' id='word_1_174' title='bbox 978 1035 1124 1066; x_wconf 88' lang='lat' dir='ltr'><strong>damnatis,</strong></span> <span class='ocrx_word' id='word_1_175' title='bbox 1149 1036 1182 1061; x_wconf 88' lang='lat' dir='ltr'><strong>de</strong></span> <span class='ocrx_word' id='word_1_176' title='bbox 1201 1036 1323 1070; x_wconf 87' lang='lat' dir='ltr'><strong>pecuniis</strong></span> <span class='ocrx_word' id='word_1_177' title='bbox 1342 1035 1511 1070; x_wconf 77' lang='lat' dir='ltr'><strong>repetundis.</strong></span> <span class='ocrx_word' id='word_1_178' title='bbox 1537 1035 1597 1061; x_wconf 88' lang='lat' dir='ltr'><strong>lites</strong></span> <span class='ocrx_word' id='word_1_179' title='bbox 1615 1040 1705 1062; x_wconf 86' lang='lat' dir='ltr'><strong>essent</strong></span> 
     </span>
    </p>
   </div>
   <div class='ocr_carea' id='block_1_4' title="bbox 58 959 857 1483">
    <p class='ocr_par' dir='ltr' id='par_1_4' title="bbox 58 959 857 1483">
     <span class='ocr_line' id='line_1_25' title="bbox 60 959 286 987; baseline 0 0"><span class='ocrx_word' id='word_1_180' title='bbox 60 960 203 987; x_wconf 89' lang='lat' dir='ltr'><strong>iucundior</strong></span> <span class='ocrx_word' id='word_1_181' title='bbox 224 959 286 987; x_wconf 85' lang='lat' dir='ltr'><strong>fuit.</strong></span> 
     </span>
     <span class='ocr_line' id='line_1_26' title="bbox 59 1035 856 1070; baseline 0 -8"><span class='ocrx_word' id='word_1_182' title='bbox 59 1035 153 1062; x_wconf 85' lang='lat' dir='ltr'><strong>derat‘?</strong></span> <span class='ocrx_word' id='word_1_183' title='bbox 177 1036 270 1070; x_wconf 85' lang='lat' dir='ltr'><strong>Neque</strong></span> <span class='ocrx_word' id='word_1_184' title='bbox 293 1036 401 1062; x_wconf 89' lang='lat' dir='ltr'><strong>iniuria.</strong></span> <span class='ocrx_word' id='word_1_185' title='bbox 446 1037 503 1062; x_wconf 91' lang='grc'><strong>444.</strong></span> <span class='ocrx_word' id='word_1_186' title='bbox 528 1036 617 1062; x_wconf 87' lang='lat' dir='ltr'><strong>Facite</strong></span> <span class='ocrx_word' id='word_1_187' title='bbox 639 1036 725 1067; x_wconf 90' lang='lat' dir='ltr'><strong>enim,</strong></span> <span class='ocrx_word' id='word_1_188' title='bbox 750 1040 781 1062; x_wconf 93' lang='lat' dir='ltr'><strong>ut</strong></span> <span class='ocrx_word' id='word_1_189' title='bbox 804 1044 856 1062; x_wconf 90' lang='lat' dir='ltr'><strong>non</strong></span> 
     </span>
     <span class='ocr_line' id='line_1_27' title="bbox 59 1072 856 1109; baseline -0.001 -10"><span class='ocrx_word' id='word_1_190' title='bbox 59 1072 148 1099; x_wconf 88' lang='lat' dir='ltr'><strong>solum</strong></span> <span class='ocrx_word' id='word_1_191' title='bbox 167 1081 254 1099; x_wconf 90' lang='lat' dir='ltr'><strong>mores</strong></span> <span class='ocrx_word' id='word_1_192' title='bbox 273 1073 331 1099; x_wconf 91' lang='lat' dir='ltr'><strong>eius</strong></span> <span class='ocrx_word' id='word_1_193' title='bbox 345 1077 371 1100; x_wconf 91' lang='lat' dir='ltr'><strong>et</strong></span> <span class='ocrx_word' id='word_1_194' title='bbox 384 1075 574 1109; x_wconf 81' lang='lat' dir='ltr'><strong>arrogantiam,</strong></span> <span class='ocrx_word' id='word_1_195' title='bbox 595 1073 642 1099; x_wconf 92' lang='lat' dir='ltr'><strong>sed</strong></span> <span class='ocrx_word' id='word_1_196' title='bbox 656 1074 735 1099; x_wconf 88' lang='lat' dir='ltr'><strong>etiam</strong></span> <span class='ocrx_word' id='word_1_197' title='bbox 750 1072 856 1099; x_wconf 88' lang='lat' dir='ltr'><strong>vultum</strong></span> 
     </span>
     <span class='ocr_line' id='line_1_28' title="bbox 60 1110 857 1146; baseline 0 -9"><span class='ocrx_word' id='word_1_198' title='bbox 60 1114 140 1146; x_wconf 88' lang='lat' dir='ltr'><strong>atque</strong></span> <span class='ocrx_word' id='word_1_199' title='bbox 157 1110 283 1137; x_wconf 89' lang='lat' dir='ltr'><strong>amictum</strong></span> <span class='ocrx_word' id='word_1_200' title='bbox 302 1115 381 1146; x_wconf 90' lang='lat' dir='ltr'><strong>atque</strong></span> <span class='ocrx_word' id='word_1_201' title='bbox 399 1111 478 1137; x_wconf 89' lang='lat' dir='ltr'><strong>etiam</strong></span> <span class='ocrx_word' id='word_1_202' title='bbox 493 1111 566 1137; x_wconf 89' lang='lat' dir='ltr'><strong>illam</strong></span> <span class='ocrx_word' id='word_1_203' title='bbox 581 1119 668 1146; x_wconf 88' lang='lat' dir='ltr'><strong>usque</strong></span> <span class='ocrx_word' id='word_1_204' title='bbox 681 1110 714 1137; x_wconf 90' lang='lat' dir='ltr'><strong>ad</strong></span> <span class='ocrx_word' id='word_1_205' title='bbox 729 1110 795 1137; x_wconf 89' lang='lat' dir='ltr'><strong>talos</strong></span> <span class='ocrx_word' id='word_1_206' title='bbox 809 1110 857 1136; x_wconf 90' lang='lat' dir='ltr'><strong>de-</strong></span> 
     </span>
     <span class='ocr_line' id='line_1_29' title="bbox 59 1148 857 1183; baseline 0 -9"><span class='ocrx_word' id='word_1_207' title='bbox 59 1149 171 1174; x_wconf 89' lang='lat' dir='ltr'><strong>missam</strong></span> <span class='ocrx_word' id='word_1_208' title='bbox 185 1156 332 1183; x_wconf 85' lang='lat' dir='ltr'><strong>purpuram</strong></span> <span class='ocrx_word' id='word_1_209' title='bbox 346 1148 532 1175; x_wconf 89' lang='lat' dir='ltr'><strong>recordemini.</strong></span> <span class='ocrx_word' id='word_1_210' title='bbox 572 1149 610 1179; x_wconf 88' lang='lat' dir='ltr'><strong>Is,</strong></span> <span class='ocrx_word' id='word_1_211' title='bbox 627 1148 705 1183; x_wconf 87' lang='lat' dir='ltr'><strong>quasi</strong></span> <span class='ocrx_word' id='word_1_212' title='bbox 720 1157 772 1175; x_wconf 88' lang='lat' dir='ltr'><strong>non</strong></span> <span class='ocrx_word' id='word_1_213' title='bbox 786 1152 857 1174; x_wconf 86' lang='lat' dir='ltr'><strong>esset</strong></span> 
     </span>
     <span class='ocr_line' id='line_1_30' title="bbox 59 1185 853 1217; baseline -0.001 -5"><span class='ocrx_word' id='word_1_214' title='bbox 59 1185 116 1212; x_wconf 91' lang='lat' dir='ltr'><strong>ullo</strong></span> <span class='ocrx_word' id='word_1_215' title='bbox 128 1185 208 1212; x_wconf 90' lang='lat' dir='ltr'><strong>modo</strong></span> <span class='ocrx_word' id='word_1_216' title='bbox 218 1185 368 1217; x_wconf 83' lang='lat' dir='ltr'><strong>ferendum,</strong></span> <span class='ocrx_word' id='word_1_217' title='bbox 384 1194 412 1212; x_wconf 87' lang='lat' dir='ltr'><strong>se</strong></span> <span class='ocrx_word' id='word_1_218' title='bbox 422 1194 455 1213; x_wconf 85' lang='lat' dir='ltr'><strong>ex</strong></span> <span class='ocrx_word' id='word_1_219' title='bbox 464 1186 565 1212; x_wconf 89' lang='lat' dir='ltr'><strong>iudicio</strong></span> <span class='ocrx_word' id='word_1_220' title='bbox 575 1186 732 1212; x_wconf 87' lang='lat' dir='ltr'><strong>discessisse</strong></span> <span class='ocrx_word' id='word_1_221' title='bbox 742 1186 853 1216; x_wconf 87' lang='lat' dir='ltr'><strong>victum,</strong></span> 
     </span>
     <span class='ocr_line' id='line_1_31' title="bbox 59 1223 856 1258; baseline -0.001 -9"><span class='ocrx_word' id='word_1_222' title='bbox 59 1231 116 1249; x_wconf 88' lang='lat' dir='ltr'><strong>rem</strong></span> <span class='ocrx_word' id='word_1_223' title='bbox 130 1223 163 1249; x_wconf 94' lang='lat' dir='ltr'><strong>ab</strong></span> <span class='ocrx_word' id='word_1_224' title='bbox 176 1223 314 1249; x_wconf 89' lang='lat' dir='ltr'><strong>subselliis</strong></span> <span class='ocrx_word' id='word_1_225' title='bbox 328 1224 356 1250; x_wconf 93' lang='lat' dir='ltr'><strong>in</strong></span> <span class='ocrx_word' id='word_1_226' title='bbox 369 1224 462 1250; x_wconf 87' lang='lat' dir='ltr'><strong>Rostra</strong></span> <span class='ocrx_word' id='word_1_227' title='bbox 475 1223 581 1250; x_wconf 85' lang='lat' dir='ltr'><strong>detulit.</strong></span> <span class='ocrx_word' id='word_1_228' title='bbox 602 1224 636 1250; x_wconf 88' lang='lat' dir='ltr'><strong>Et</strong></span> <span class='ocrx_word' id='word_1_229' title='bbox 649 1224 702 1250; x_wconf 89' lang='lat' dir='ltr'><strong>iam</strong></span> <span class='ocrx_word' id='word_1_230' title='bbox 716 1223 856 1258; x_wconf 88' lang='lat' dir='ltr'><strong>querimur</strong></span> 
     </span>
     <span class='ocr_line' id='line_1_32' title="bbox 59 1260 856 1297; baseline 0.001 -11"><span class='ocrx_word' id='word_1_231' title='bbox 59 1268 139 1296; x_wconf 87' lang='lat' dir='ltr'><strong>saepe</strong></span> <span class='ocrx_word' id='word_1_232' title='bbox 152 1260 308 1287; x_wconf 86' lang='lat' dir='ltr'><strong>hominibus</strong></span> <span class='ocrx_word' id='word_1_233' title='bbox 323 1261 399 1287; x_wconf 92' lang='lat' dir='ltr'><strong>novis</strong></span> <span class='ocrx_word' id='word_1_234' title='bbox 414 1270 465 1288; x_wconf 94' lang='lat' dir='ltr'><strong>non</strong></span> <span class='ocrx_word' id='word_1_235' title='bbox 480 1262 544 1288; x_wconf 88' lang='lat' dir='ltr'><strong>satis</strong></span> <span class='ocrx_word' id='word_1_236' title='bbox 558 1270 670 1297; x_wconf 81' lang='lat' dir='ltr'><strong>magnos</strong></span> <span class='ocrx_word' id='word_1_237' title='bbox 683 1262 711 1287; x_wconf 91' lang='lat' dir='ltr'><strong>in</strong></span> <span class='ocrx_word' id='word_1_238' title='bbox 726 1261 775 1287; x_wconf 88' lang='lat' dir='ltr'><strong>hac</strong></span> <span class='ocrx_word' id='word_1_239' title='bbox 788 1261 856 1287; x_wconf 87' lang='lat' dir='ltr'><strong>civi-</strong></span> 
     </span>
     <span class='ocr_line' id='line_1_33' title="bbox 59 1297 856 1334; baseline 0 -10"><span class='ocrx_word' id='word_1_240' title='bbox 59 1302 111 1324; x_wconf 86' lang='lat' dir='ltr'><strong>tate</strong></span> <span class='ocrx_word' id='word_1_241' title='bbox 125 1305 184 1324; x_wconf 86' lang='lat' dir='ltr'><strong>esse</strong></span> <span class='ocrx_word' id='word_1_242' title='bbox 197 1297 318 1324; x_wconf 75' lang='lat' dir='ltr'><strong>sructus‘?</strong></span> <span class='ocrx_word' id='word_1_243' title='bbox 340 1299 414 1334; x_wconf 82' lang='lat' dir='ltr'><strong>Nego</strong></span> <span class='ocrx_word' id='word_1_244' title='bbox 427 1307 542 1333; x_wconf 89' lang='lat' dir='ltr'><strong>usquam</strong></span> <span class='ocrx_word' id='word_1_245' title='bbox 557 1307 686 1334; x_wconf 90' lang='lat' dir='ltr'><strong>umquam</strong></span> <span class='ocrx_word' id='word_1_246' title='bbox 701 1298 785 1324; x_wconf 85' lang='lat' dir='ltr'><strong>fuisse</strong></span> <span class='ocrx_word' id='word_1_247' title='bbox 799 1307 856 1324; x_wconf 90' lang='lat' dir='ltr'><strong>ma-</strong></span> 
     </span>
     <span class='ocr_line' id='line_1_34' title="bbox 59 1335 856 1372; baseline 0.001 -11"><span class='ocrx_word' id='word_1_248' title='bbox 59 1335 138 1366; x_wconf 86' lang='lat' dir='ltr'><strong>iores,</strong></span> <span class='ocrx_word' id='word_1_249' title='bbox 154 1335 211 1365; x_wconf 86' lang='lat' dir='ltr'><strong>ubi,</strong></span> <span class='ocrx_word' id='word_1_250' title='bbox 227 1335 249 1361; x_wconf 90' lang='lat' dir='ltr'><strong>si</strong></span> <span class='ocrx_word' id='word_1_251' title='bbox 264 1335 326 1370; x_wconf 89' lang='lat' dir='ltr'><strong>quis</strong></span> <span class='ocrx_word' id='word_1_252' title='bbox 339 1335 453 1372; x_wconf 84' lang='lat' dir='ltr'><strong>ignobili</strong></span> <span class='ocrx_word' id='word_1_253' title='bbox 468 1336 524 1363; x_wconf 89' lang='lat' dir='ltr'><strong>loco</strong></span> <span class='ocrx_word' id='word_1_254' title='bbox 536 1341 614 1363; x_wconf 89' lang='lat' dir='ltr'><strong>natus</strong></span> <span class='ocrx_word' id='word_1_255' title='bbox 624 1337 659 1362; x_wconf 88' lang='lat' dir='ltr'><strong>ita</strong></span> <span class='ocrx_word' id='word_1_256' title='bbox 670 1336 752 1367; x_wconf 77' lang='lat' dir='ltr'><strong>vivat,</strong></span> <span class='ocrx_word' id='word_1_257' title='bbox 768 1340 798 1362; x_wconf 90' lang='lat' dir='ltr'><strong>ut</strong></span> <span class='ocrx_word' id='word_1_258' title='bbox 808 1344 856 1362; x_wconf 92' lang='lat' dir='ltr'><strong>no-</strong></span> 
     </span>
     <span class='ocr_line' id='line_1_35' title="bbox 59 1372 856 1408; baseline 0.001 -10"><span class='ocrx_word' id='word_1_259' title='bbox 59 1372 171 1399; x_wconf 88' lang='lat' dir='ltr'><strong>bilitatis</strong></span> <span class='ocrx_word' id='word_1_260' title='bbox 185 1372 342 1408; x_wconf 74' lang='lat' dir='ltr'><strong>dignitatem</strong></span> <span class='ocrx_word' id='word_1_261' title='bbox 357 1374 455 1399; x_wconf 84' lang='lat' dir='ltr'><strong>virtute</strong></span> <span class='ocrx_word' id='word_1_262' title='bbox 470 1374 537 1400; x_wconf 91' lang='lat' dir='ltr'><strong>tueri</strong></span> <span class='ocrx_word' id='word_1_263' title='bbox 557 1382 635 1408; x_wconf 89' lang='lat' dir='ltr'><strong>posse</strong></span> <span class='ocrx_word' id='word_1_264' title='bbox 653 1373 789 1404; x_wconf 83' lang='lat' dir='ltr'><strong>videatur,</strong></span> <span class='ocrx_word' id='word_1_265' title='bbox 808 1381 856 1399; x_wconf 91' lang='lat' dir='ltr'><strong>us-</strong></span> 
     </span>
     <span class='ocr_line' id='line_1_36' title="bbox 58 1410 856 1446; baseline 0.001 -10"><span class='ocrx_word' id='word_1_266' title='bbox 58 1418 112 1445; x_wconf 90' lang='lat' dir='ltr'><strong>que</strong></span> <span class='ocrx_word' id='word_1_267' title='bbox 125 1418 156 1436; x_wconf 90' lang='lat' dir='ltr'><strong>eo</strong></span> <span class='ocrx_word' id='word_1_268' title='bbox 169 1410 304 1445; x_wconf 80' lang='lat' dir='ltr'><strong>pervenit,</strong></span> <span class='ocrx_word' id='word_1_269' title='bbox 323 1410 413 1446; x_wconf 89' lang='lat' dir='ltr'><strong>quoad</strong></span> <span class='ocrx_word' id='word_1_270' title='bbox 426 1419 487 1437; x_wconf 89' lang='lat' dir='ltr'><strong>eum</strong></span> <span class='ocrx_word' id='word_1_271' title='bbox 503 1411 634 1437; x_wconf 87' lang='lat' dir='ltr'><strong>industria</strong></span> <span class='ocrx_word' id='word_1_272' title='bbox 649 1419 710 1437; x_wconf 89' lang='lat' dir='ltr'><strong>cum</strong></span> <span class='ocrx_word' id='word_1_273' title='bbox 729 1411 856 1437; x_wconf 88' lang='lat' dir='ltr'><strong>innocen-</strong></span> 
     </span>
     <span class='ocr_line' id='line_1_37' title="bbox 59 1447 852 1483; baseline 0.001 -10"><span class='ocrx_word' id='word_1_274' title='bbox 59 1447 94 1474; x_wconf 88' lang='lat' dir='ltr'><strong>tia</strong></span> <span class='ocrx_word' id='word_1_275' title='bbox 108 1452 248 1482; x_wconf 88' lang='lat' dir='ltr'><strong>prosecuta</strong></span> <span class='ocrx_word' id='word_1_276' title='bbox 262 1452 311 1474; x_wconf 89' lang='lat' dir='ltr'><strong>est.</strong></span> <span class='ocrx_word' id='word_1_277' title='bbox 336 1449 392 1475; x_wconf 73' lang='grc'><strong>442.</strong></span> <span class='ocrx_word' id='word_1_278' title='bbox 408 1448 436 1474; x_wconf 89' lang='lat' dir='ltr'><strong>Si</strong></span> <span class='ocrx_word' id='word_1_279' title='bbox 450 1449 513 1483; x_wconf 89' lang='lat' dir='ltr'><strong>quis</strong></span> <span class='ocrx_word' id='word_1_280' title='bbox 527 1453 615 1475; x_wconf 85' lang='lat' dir='ltr'><strong>autem</strong></span> <span class='ocrx_word' id='word_1_281' title='bbox 627 1448 676 1475; x_wconf 84' lang='lat' dir='ltr'><strong>hoc</strong></span> <span class='ocrx_word' id='word_1_282' title='bbox 687 1457 740 1474; x_wconf 92' lang='lat' dir='ltr'><strong>uno</strong></span> <span class='ocrx_word' id='word_1_283' title='bbox 750 1449 852 1479; x_wconf 88' lang='lat' dir='ltr'><strong>nititur,</strong></span> 
     </span>
    </p>
   </div>
   <div class='ocr_carea' id='block_1_5' title="bbox 58 1485 885 1521">
    <p class='ocr_par' dir='ltr' id='par_1_5' title="bbox 58 1485 885 1521">
     <span class='ocr_line' id='line_1_38' title="bbox 58 1485 885 1521; baseline -0.001 -10"><span class='ocrx_word' id='word_1_284' title='bbox 58 1485 131 1520; x_wconf 88' lang='lat' dir='ltr'><strong>quod</strong></span> <span class='ocrx_word' id='word_1_285' title='bbox 146 1485 182 1511; x_wconf 90' lang='lat' dir='ltr'><strong>sit</strong></span> <span class='ocrx_word' id='word_1_286' title='bbox 194 1485 336 1520; x_wconf 82' lang='lat' dir='ltr'><strong>ignobilis:</strong></span> <span class='ocrx_word' id='word_1_287' title='bbox 356 1485 475 1520; x_wconf 86' lang='lat' dir='ltr'><strong>procedit</strong></span> <span class='ocrx_word' id='word_1_288' title='bbox 493 1494 571 1520; x_wconf 83' lang='lat' dir='ltr'><strong>saepe</strong></span> <span class='ocrx_word' id='word_1_289' title='bbox 591 1486 710 1521; x_wconf 77' lang='lat' dir='ltr'><strong>longius,</strong></span> <span class='ocrx_word' id='word_1_290' title='bbox 731 1494 812 1520; x_wconf 91' lang='lat' dir='ltr'><strong>quam</strong></span> <span class='ocrx_word' id='word_1_291' title='bbox 832 1486 854 1511; x_wconf 90' lang='lat' dir='ltr'><strong>si</strong></span> <span class='ocrx_word' id='word_1_292' title='bbox 883 1501 885 1510; x_wconf 46' lang='grc' dir='ltr'><strong><em>ι</em></strong></span> 
     </span>
    </p>
   </div>
   <div class='ocr_carea' id='block_1_6' title="bbox 56 1522 856 1820">
    <p class='ocr_par' dir='ltr' id='par_1_6' title="bbox 56 1522 856 1820">
     <span class='ocr_line' id='line_1_39' title="bbox 58 1522 853 1550; baseline 0.001 -2"><span class='ocrx_word' id='word_1_293' title='bbox 58 1522 130 1548; x_wconf 88' lang='lat' dir='ltr'><strong>idem</strong></span> <span class='ocrx_word' id='word_1_294' title='bbox 149 1522 195 1548; x_wconf 90' lang='lat' dir='ltr'><strong>ille</strong></span> <span class='ocrx_word' id='word_1_295' title='bbox 213 1527 283 1549; x_wconf 87' lang='lat' dir='ltr'><strong>esset</strong></span> <span class='ocrx_word' id='word_1_296' title='bbox 301 1531 362 1549; x_wconf 84' lang='lat' dir='ltr'><strong>cum</strong></span> <span class='ocrx_word' id='word_1_297' title='bbox 381 1523 477 1549; x_wconf 87' lang='lat' dir='ltr'><strong>iisdem</strong></span> <span class='ocrx_word' id='word_1_298' title='bbox 497 1524 555 1550; x_wconf 86' lang='lat' dir='ltr'><strong>suis</strong></span> <span class='ocrx_word' id='word_1_299' title='bbox 569 1524 641 1550; x_wconf 85' lang='lat' dir='ltr'><strong>vitiis</strong></span> <span class='ocrx_word' id='word_1_300' title='bbox 657 1523 853 1550; x_wconf 84' lang='lat' dir='ltr'><strong>nobilissimus.</strong></span> 
     </span>
     <span class='ocr_line' id='line_1_40' title="bbox 60 1559 856 1595; baseline 0 -9"><span class='ocrx_word' id='word_1_301' title='bbox 60 1559 91 1586; x_wconf 88' lang='lat' dir='ltr'><strong>Ut</strong></span> <span class='ocrx_word' id='word_1_302' title='bbox 105 1559 231 1592; x_wconf 89' lang='lat' dir='ltr'><strong>Quintius</strong></span> <span class='ocrx_word' id='word_1_303' title='bbox 250 1560 327 1595; x_wconf 87' lang='lat' dir='ltr'><strong>(nibil</strong></span> <span class='ocrx_word' id='word_1_304' title='bbox 347 1560 418 1586; x_wconf 88' lang='lat' dir='ltr'><strong>enim</strong></span> <span class='ocrx_word' id='word_1_305' title='bbox 437 1560 524 1587; x_wconf 89' lang='lat' dir='ltr'><strong>dicam</strong></span> <span class='ocrx_word' id='word_1_306' title='bbox 542 1560 575 1587; x_wconf 89' lang='lat' dir='ltr'><strong>de</strong></span> <span class='ocrx_word' id='word_1_307' title='bbox 593 1560 698 1595; x_wconf 84' lang='lat' dir='ltr'><strong>ceteris)</strong></span> <span class='ocrx_word' id='word_1_308' title='bbox 717 1561 739 1586; x_wconf 88' lang='lat' dir='ltr'><strong>si</strong></span> <span class='ocrx_word' id='word_1_309' title='bbox 760 1560 856 1587; x_wconf 79' lang='lat' dir='ltr'><strong>suisset</strong></span> 
     </span>
     <span class='ocr_line' id='line_1_41' title="bbox 58 1597 855 1633; baseline 0.001 -10"><span class='ocrx_word' id='word_1_310' title='bbox 58 1597 137 1623; x_wconf 91' lang='lat' dir='ltr'><strong>homo</strong></span> <span class='ocrx_word' id='word_1_311' title='bbox 155 1597 266 1628; x_wconf 90' lang='lat' dir='ltr'><strong>nobilis,</strong></span> <span class='ocrx_word' id='word_1_312' title='bbox 287 1597 349 1632; x_wconf 90' lang='lat' dir='ltr'><strong>quis</strong></span> <span class='ocrx_word' id='word_1_313' title='bbox 367 1606 429 1624; x_wconf 91' lang='lat' dir='ltr'><strong>eum</strong></span> <span class='ocrx_word' id='word_1_314' title='bbox 443 1606 504 1624; x_wconf 89' lang='lat' dir='ltr'><strong>cum</strong></span> <span class='ocrx_word' id='word_1_315' title='bbox 519 1598 564 1624; x_wconf 90' lang='lat' dir='ltr'><strong>illa</strong></span> <span class='ocrx_word' id='word_1_316' title='bbox 578 1598 704 1633; x_wconf 85' lang='lat' dir='ltr'><strong>superbia</strong></span> <span class='ocrx_word' id='word_1_317' title='bbox 720 1603 798 1633; x_wconf 85' lang='lat' dir='ltr'><strong>atque</strong></span> <span class='ocrx_word' id='word_1_318' title='bbox 812 1599 855 1624; x_wconf 90' lang='lat' dir='ltr'><strong>in-</strong></span> 
     </span>
     <span class='ocr_line' id='line_1_42' title="bbox 58 1634 855 1670; baseline 0.001 -10"><span class='ocrx_word' id='word_1_319' title='bbox 58 1634 194 1661; x_wconf 86' lang='lat' dir='ltr'><strong>tolerantia</strong></span> <span class='ocrx_word' id='word_1_320' title='bbox 209 1634 275 1661; x_wconf 83' lang='lat' dir='ltr'><strong>ferre</strong></span> <span class='ocrx_word' id='word_1_321' title='bbox 290 1634 439 1670; x_wconf 76' lang='lat' dir='ltr'><strong>potuisset?</strong></span> <span class='ocrx_word' id='word_1_322' title='bbox 454 1635 530 1668; x_wconf 90' lang='lat' dir='ltr'><strong>Quod</strong></span> <span class='ocrx_word' id='word_1_323' title='bbox 545 1644 575 1662; x_wconf 90' lang='lat' dir='ltr'><strong>eo</strong></span> <span class='ocrx_word' id='word_1_324' title='bbox 590 1635 646 1663; x_wconf 90' lang='lat' dir='ltr'><strong>loco</strong></span> <span class='ocrx_word' id='word_1_325' title='bbox 660 1635 719 1666; x_wconf 81' lang='lat' dir='ltr'><strong>fuit,</strong></span> <span class='ocrx_word' id='word_1_326' title='bbox 736 1636 770 1662; x_wconf 86' lang='lat' dir='ltr'><strong>ita</strong></span> <span class='ocrx_word' id='word_1_327' title='bbox 786 1635 855 1662; x_wconf 91' lang='lat' dir='ltr'><strong>tule-</strong></span> 
     </span>
     <span class='ocr_line' id='line_1_43' title="bbox 57 1672 854 1708; baseline 0 -10"><span class='ocrx_word' id='word_1_328' title='bbox 57 1676 131 1703; x_wconf 83' lang='lat' dir='ltr'><strong>runt,</strong></span> <span class='ocrx_word' id='word_1_329' title='bbox 152 1676 194 1703; x_wconf 92' lang='lat' dir='ltr'><strong>ut,</strong></span> <span class='ocrx_word' id='word_1_330' title='bbox 214 1672 236 1698; x_wconf 90' lang='lat' dir='ltr'><strong>si</strong></span> <span class='ocrx_word' id='word_1_331' title='bbox 250 1672 316 1707; x_wconf 91' lang='lat' dir='ltr'><strong>quid</strong></span> <span class='ocrx_word' id='word_1_332' title='bbox 331 1672 439 1699; x_wconf 89' lang='lat' dir='ltr'><strong>haberet</strong></span> <span class='ocrx_word' id='word_1_333' title='bbox 452 1681 465 1699; x_wconf 86' lang='lat' dir='ltr'><strong>a</strong></span> <span class='ocrx_word' id='word_1_334' title='bbox 481 1677 573 1699; x_wconf 88' lang='lat' dir='ltr'><strong>natura</strong></span> <span class='ocrx_word' id='word_1_335' title='bbox 588 1673 663 1705; x_wconf 77' lang='lat' dir='ltr'><strong>boni,</strong></span> <span class='ocrx_word' id='word_1_336' title='bbox 690 1673 816 1708; x_wconf 84' lang='lat' dir='ltr'><strong>prodesse</strong></span> <span class='ocrx_word' id='word_1_337' title='bbox 831 1673 854 1698; x_wconf 89' lang='lat' dir='ltr'><strong>ei</strong></span> 
     </span>
     <span class='ocr_line' id='line_1_44' title="bbox 56 1710 855 1746; baseline 0 -10"><span class='ocrx_word' id='word_1_338' title='bbox 56 1713 182 1744; x_wconf 89' lang='lat' dir='ltr'><strong>putarent</strong></span> <span class='ocrx_word' id='word_1_339' title='bbox 198 1714 332 1744; x_wconf 84' lang='lat' dir='ltr'><strong>oportere:</strong></span> <span class='ocrx_word' id='word_1_340' title='bbox 351 1710 506 1745; x_wconf 83' lang='lat' dir='ltr'><strong>superbiam</strong></span> <span class='ocrx_word' id='word_1_341' title='bbox 525 1715 614 1737; x_wconf 84' lang='lat' dir='ltr'><strong>autem</strong></span> <span class='ocrx_word' id='word_1_342' title='bbox 632 1716 712 1746; x_wconf 91' lang='lat' dir='ltr'><strong>atque</strong></span> <span class='ocrx_word' id='word_1_343' title='bbox 730 1719 855 1746; x_wconf 77' lang='lat' dir='ltr'><strong>arrogan-</strong></span> 
     </span>
     <span class='ocr_line' id='line_1_45' title="bbox 56 1746 855 1783; baseline 0.001 -10"><span class='ocrx_word' id='word_1_344' title='bbox 56 1747 120 1774; x_wconf 85' lang='lat' dir='ltr'><strong>tiam</strong></span> <span class='ocrx_word' id='word_1_345' title='bbox 134 1747 193 1773; x_wconf 90' lang='lat' dir='ltr'><strong>eius</strong></span> <span class='ocrx_word' id='word_1_346' title='bbox 203 1746 376 1774; x_wconf 84' lang='lat' dir='ltr'><strong>deridendam</strong></span> <span class='ocrx_word' id='word_1_347' title='bbox 389 1748 474 1783; x_wconf 82' lang='lat' dir='ltr'><strong>magis</strong></span> <span class='ocrx_word' id='word_1_348' title='bbox 484 1748 675 1775; x_wconf 79' lang='lat' dir='ltr'><strong>arbitrarentur</strong></span> <span class='ocrx_word' id='word_1_349' title='bbox 685 1752 792 1783; x_wconf 90' lang='lat' dir='ltr'><strong>propter</strong></span> <span class='ocrx_word' id='word_1_350' title='bbox 804 1748 855 1774; x_wconf 91' lang='lat' dir='ltr'><strong>hu-</strong></span> 
     </span>
     <span class='ocr_line' id='line_1_46' title="bbox 57 1784 851 1820; baseline 0.003 -10"><span class='ocrx_word' id='word_1_351' title='bbox 57 1784 197 1811; x_wconf 82' lang='lat' dir='ltr'><strong>militatem</strong></span> <span class='ocrx_word' id='word_1_352' title='bbox 209 1784 334 1816; x_wconf 82' lang='lat' dir='ltr'><strong>hominis,</strong></span> <span class='ocrx_word' id='word_1_353' title='bbox 347 1793 429 1820; x_wconf 87' lang='lat' dir='ltr'><strong>quam</strong></span> <span class='ocrx_word' id='word_1_354' title='bbox 439 1785 688 1820; x_wconf 81' lang='lat' dir='ltr'><strong>pertimescendam.</strong></span> <span class='ocrx_word' id='word_1_355' title='bbox 711 1785 778 1812; x_wconf 79' lang='lat' dir='ltr'><strong>XLI.</strong></span> <span class='ocrx_word' id='word_1_356' title='bbox 790 1785 851 1816; x_wconf 84' lang='lat' dir='ltr'><strong>Sed,</strong></span> 
     </span>
    </p>
   </div>
   <div class='ocr_carea' id='block_1_7' title="bbox 56 1817 883 1858">
    <p class='ocr_par' dir='ltr' id='par_1_7' title="bbox 56 1817 883 1858">
     <span class='ocr_line' id='line_1_47' title="bbox 56 1817 883 1858; baseline 0.001 -10"><span class='ocrx_word' id='word_1_357' title='bbox 56 1826 87 1848; x_wconf 89' lang='lat' dir='ltr'><strong>ut</strong></span> <span class='ocrx_word' id='word_1_358' title='bbox 99 1821 165 1848; x_wconf 92' lang='lat' dir='ltr'><strong>illuc</strong></span> <span class='ocrx_word' id='word_1_359' title='bbox 178 1826 308 1849; x_wconf 87' lang='lat' dir='ltr'><strong>revertar:</strong></span> <span class='ocrx_word' id='word_1_360' title='bbox 324 1831 378 1858; x_wconf 89' lang='lat' dir='ltr'><strong>quo</strong></span> <span class='ocrx_word' id='word_1_361' title='bbox 392 1827 510 1857; x_wconf 91' lang='lat' dir='ltr'><strong>tempore</strong></span> <span class='ocrx_word' id='word_1_362' title='bbox 524 1823 708 1850; x_wconf 88' lang='lat' dir='ltr'><strong>Fidiculanius</strong></span> <span class='ocrx_word' id='word_1_363' title='bbox 723 1828 762 1849; x_wconf 88' lang='lat' dir='ltr'><strong>est</strong></span> <span class='ocrx_word' id='word_1_364' title='bbox 776 1823 855 1849; x_wconf 89' lang='lat' dir='ltr'><strong>abso·</strong></span> <span class='ocrx_word' id='word_1_365' title='bbox 875 1817 883 1830; x_wconf 58' lang='lat'><strong>‘¹</strong></span> 
     </span>
    </p>
   </div>
   <div class='ocr_carea' id='block_1_8' title="bbox 54 1858 854 2716">
    <p class='ocr_par' dir='ltr' id='par_1_8' title="bbox 54 1858 854 2598">
     <span class='ocr_line' id='line_1_48' title="bbox 58 1858 851 1896; baseline 0.003 -11"><span class='ocrx_word' id='word_1_366' title='bbox 58 1858 145 1890; x_wconf 88' lang='lat' dir='ltr'><strong>lutus,</strong></span> <span class='ocrx_word' id='word_1_367' title='bbox 162 1863 204 1891; x_wconf 92' lang='lat' dir='ltr'><strong>tu,</strong></span> <span class='ocrx_word' id='word_1_368' title='bbox 220 1859 268 1894; x_wconf 91' lang='lat' dir='ltr'><strong>qui</strong></span> <span class='ocrx_word' id='word_1_369' title='bbox 283 1867 312 1886; x_wconf 90' lang='lat' dir='ltr'><strong>ea</strong></span> <span class='ocrx_word' id='word_1_370' title='bbox 326 1860 426 1886; x_wconf 89' lang='lat' dir='ltr'><strong>iudicia</strong></span> <span class='ocrx_word' id='word_1_371' title='bbox 441 1860 507 1887; x_wconf 80' lang='lat' dir='ltr'><strong>facta</strong></span> <span class='ocrx_word' id='word_1_372' title='bbox 521 1869 726 1892; x_wconf 87' lang='lat' dir='ltr'><strong>commemoras,</strong></span> <span class='ocrx_word' id='word_1_373' title='bbox 743 1869 851 1896; x_wconf 85' lang='lat' dir='ltr'><strong>quaero,</strong></span> 
     </span>
     <span class='ocr_line' id='line_1_49' title="bbox 55 1896 854 1934; baseline 0.004 -12"><span class='ocrx_word' id='word_1_374' title='bbox 55 1896 122 1931; x_wconf 88' lang='lat' dir='ltr'><strong>quid</strong></span> <span class='ocrx_word' id='word_1_375' title='bbox 139 1900 197 1923; x_wconf 87' lang='lat' dir='ltr'><strong>tum</strong></span> <span class='ocrx_word' id='word_1_376' title='bbox 216 1905 275 1923; x_wconf 88' lang='lat' dir='ltr'><strong>esse</strong></span> <span class='ocrx_word' id='word_1_377' title='bbox 288 1897 426 1924; x_wconf 86' lang='lat' dir='ltr'><strong>existimas</strong></span> <span class='ocrx_word' id='word_1_378' title='bbox 440 1897 607 1925; x_wconf 68' lang='lat' dir='ltr'><strong>iudicatum?</strong></span> <span class='ocrx_word' id='word_1_379' title='bbox 631 1903 701 1925; x_wconf 90' lang='lat' dir='ltr'><strong>certe</strong></span> <span class='ocrx_word' id='word_1_380' title='bbox 714 1899 796 1934; x_wconf 74' lang='lat' dir='ltr'><strong>gratis</strong></span> <span class='ocrx_word' id='word_1_381' title='bbox 813 1899 854 1925; x_wconf 92' lang='lat' dir='ltr'><strong>iu-</strong></span> 
     </span>
     <span class='ocr_line' id='line_1_50' title="bbox 56 1933 852 1962; baseline 0.004 -3"><span class='ocrx_word' id='word_1_382' title='bbox 56 1933 170 1960; x_wconf 80' lang='lat' dir='ltr'><strong>dicasse.</strong></span> <span class='ocrx_word' id='word_1_383' title='bbox 193 1935 249 1960; x_wconf 85' lang='grc'><strong>443.</strong></span> <span class='ocrx_word' id='word_1_384' title='bbox 265 1934 299 1961; x_wconf 77' lang='lat' dir='ltr'><strong>At</strong></span> <span class='ocrx_word' id='word_1_385' title='bbox 311 1934 512 1962; x_wconf 87' lang='lat' dir='ltr'><strong>condemnarat:</strong></span> <span class='ocrx_word' id='word_1_386' title='bbox 528 1940 554 1962; x_wconf 87' lang='lat' dir='ltr'><strong>at</strong></span> <span class='ocrx_word' id='word_1_387' title='bbox 567 1944 691 1962; x_wconf 81' lang='lat' dir='ltr'><strong>caussam</strong></span> <span class='ocrx_word' id='word_1_388' title='bbox 705 1941 785 1962; x_wconf 84' lang='lat' dir='ltr'><strong>totam</strong></span> <span class='ocrx_word' id='word_1_389' title='bbox 801 1945 852 1962; x_wconf 94' lang='lat' dir='ltr'><strong>non</strong></span> 
     </span>
     <span class='ocr_line' id='line_1_51' title="bbox 57 1971 854 2006; baseline 0.004 -9"><span class='ocrx_word' id='word_1_390' title='bbox 57 1971 189 1997; x_wconf 81' lang='lat' dir='ltr'><strong>audierat:</strong></span> <span class='ocrx_word' id='word_1_391' title='bbox 217 1975 244 1997; x_wconf 90' lang='lat' dir='ltr'><strong>at</strong></span> <span class='ocrx_word' id='word_1_392' title='bbox 262 1972 289 1998; x_wconf 92' lang='lat' dir='ltr'><strong>in</strong></span> <span class='ocrx_word' id='word_1_393' title='bbox 308 1972 483 1999; x_wconf 88' lang='lat' dir='ltr'><strong>concionibus</strong></span> <span class='ocrx_word' id='word_1_394' title='bbox 501 1973 628 1999; x_wconf 87' lang='lat' dir='ltr'><strong>omnibus</strong></span> <span class='ocrx_word' id='word_1_395' title='bbox 646 1982 660 1999; x_wconf 90' lang='lat' dir='ltr'><strong>a</strong></span> <span class='ocrx_word' id='word_1_396' title='bbox 681 1974 709 2000; x_wconf 91' lang='lat' dir='ltr'><strong>L.</strong></span> <span class='ocrx_word' id='word_1_397' title='bbox 729 1974 854 2006; x_wconf 89' lang='lat' dir='ltr'><strong>Quinctio</strong></span> 
     </span>
     <span class='ocr_line' id='line_1_52' title="bbox 56 2008 853 2046; baseline 0.004 -12"><span class='ocrx_word' id='word_1_398' title='bbox 56 2008 228 2035; x_wconf 81' lang='lat' dir='ltr'><strong>vehementer</strong></span> <span class='ocrx_word' id='word_1_399' title='bbox 245 2013 301 2035; x_wconf 86' lang='lat' dir='ltr'><strong>erat</strong></span> <span class='ocrx_word' id='word_1_400' title='bbox 313 2013 339 2036; x_wconf 92' lang='lat' dir='ltr'><strong>et</strong></span> <span class='ocrx_word' id='word_1_401' title='bbox 352 2018 431 2044; x_wconf 81' lang='lat' dir='ltr'><strong>saepe</strong></span> <span class='ocrx_word' id='word_1_402' title='bbox 445 2015 567 2036; x_wconf 86' lang='lat' dir='ltr'><strong>vexatus.</strong></span> <span class='ocrx_word' id='word_1_403' title='bbox 608 2010 654 2037; x_wconf 91' lang='lat' dir='ltr'><strong>Illa</strong></span> <span class='ocrx_word' id='word_1_404' title='bbox 669 2011 751 2046; x_wconf 76' lang='lat' dir='ltr'><strong>igitur</strong></span> <span class='ocrx_word' id='word_1_405' title='bbox 764 2012 853 2037; x_wconf 87' lang='lat' dir='ltr'><strong>omnia</strong></span> 
     </span>
     <span class='ocr_line' id='line_1_53' title="bbox 56 2045 854 2083; baseline 0.005 -12"><span class='ocrx_word' id='word_1_406' title='bbox 56 2045 200 2078; x_wconf 88' lang='lat' dir='ltr'><strong>Quintiana</strong></span> <span class='ocrx_word' id='word_1_407' title='bbox 214 2046 321 2081; x_wconf 86' lang='lat' dir='ltr'><strong>iniqua,</strong></span> <span class='ocrx_word' id='word_1_408' title='bbox 337 2046 417 2078; x_wconf 77' lang='lat' dir='ltr'><strong>falsa,</strong></span> <span class='ocrx_word' id='word_1_409' title='bbox 434 2047 599 2079; x_wconf 89' lang='lat' dir='ltr'><strong>turbulenta,</strong></span> <span class='ocrx_word' id='word_1_410' title='bbox 616 2048 764 2083; x_wconf 89' lang='lat' dir='ltr'><strong>popularia,</strong></span> <span class='ocrx_word' id='word_1_411' title='bbox 781 2049 854 2075; x_wconf 88' lang='lat' dir='ltr'><strong>sedi-</strong></span> 
     </span>
     <span class='ocr_line' id='line_1_54' title="bbox 56 2083 853 2120; baseline 0.004 -11"><span class='ocrx_word' id='word_1_412' title='bbox 56 2083 123 2110; x_wconf 89' lang='lat' dir='ltr'><strong>tiosa</strong></span> <span class='ocrx_word' id='word_1_413' title='bbox 138 2083 237 2109; x_wconf 90' lang='lat' dir='ltr'><strong>iudicia</strong></span> <span class='ocrx_word' id='word_1_414' title='bbox 252 2083 368 2110; x_wconf 82' lang='lat' dir='ltr'><strong>fuerunt.</strong></span> <span class='ocrx_word' id='word_1_415' title='bbox 391 2084 466 2111; x_wconf 87' lang='lat' dir='ltr'><strong>Esto:</strong></span> <span class='ocrx_word' id='word_1_416' title='bbox 484 2086 569 2120; x_wconf 90' lang='lat' dir='ltr'><strong>potuit</strong></span> <span class='ocrx_word' id='word_1_417' title='bbox 583 2093 641 2112; x_wconf 85' lang='lat' dir='ltr'><strong>esse</strong></span> <span class='ocrx_word' id='word_1_418' title='bbox 655 2086 782 2112; x_wconf 83' lang='lat' dir='ltr'><strong>innocens</strong></span> <span class='ocrx_word' id='word_1_419' title='bbox 794 2086 853 2112; x_wconf 82' lang='lat' dir='ltr'><strong>Fal-</strong></span> 
     </span>
     <span class='ocr_line' id='line_1_55' title="bbox 55 2120 854 2158; baseline 0.005 -12"><span class='ocrx_word' id='word_1_420' title='bbox 55 2120 126 2147; x_wconf 90' lang='lat' dir='ltr'><strong>cula.</strong></span> <span class='ocrx_word' id='word_1_421' title='bbox 148 2121 202 2147; x_wconf 86' lang='lat' dir='ltr'><strong>lam</strong></span> <span class='ocrx_word' id='word_1_422' title='bbox 216 2129 280 2156; x_wconf 82' lang='lat' dir='ltr'><strong>ergo</strong></span> <span class='ocrx_word' id='word_1_423' title='bbox 292 2120 391 2156; x_wconf 88' lang='lat' dir='ltr'><strong>aliquis</strong></span> <span class='ocrx_word' id='word_1_424' title='bbox 401 2122 580 2156; x_wconf 86' lang='lat' dir='ltr'><strong>Oppianicum</strong></span> <span class='ocrx_word' id='word_1_425' title='bbox 595 2123 678 2158; x_wconf 81' lang='lat' dir='ltr'><strong>gratis</strong></span> <span class='ocrx_word' id='word_1_426' title='bbox 691 2123 854 2150; x_wconf 90' lang='lat' dir='ltr'><strong>condemna-</strong></span> 
     </span>
     <span class='ocr_line' id='line_1_56' title="bbox 56 2158 852 2196; baseline 0.005 -12"><span class='ocrx_word' id='word_1_427' title='bbox 56 2158 109 2185; x_wconf 89' lang='lat' dir='ltr'><strong>vit:</strong></span> <span class='ocrx_word' id='word_1_428' title='bbox 133 2158 186 2184; x_wconf 89' lang='lat' dir='ltr'><strong>iam</strong></span> <span class='ocrx_word' id='word_1_429' title='bbox 201 2166 253 2184; x_wconf 93' lang='lat' dir='ltr'><strong>non</strong></span> <span class='ocrx_word' id='word_1_430' title='bbox 267 2166 312 2185; x_wconf 90' lang='lat' dir='ltr'><strong>eos</strong></span> <span class='ocrx_word' id='word_1_431' title='bbox 327 2159 420 2185; x_wconf 91' lang='lat' dir='ltr'><strong>lunius</strong></span> <span class='ocrx_word' id='word_1_432' title='bbox 434 2159 597 2186; x_wconf 89' lang='lat' dir='ltr'><strong>subsortitus</strong></span> <span class='ocrx_word' id='word_1_433' title='bbox 612 2165 660 2188; x_wconf 85' lang='lat' dir='ltr'><strong>est.</strong></span> <span class='ocrx_word' id='word_1_434' title='bbox 676 2161 723 2196; x_wconf 92' lang='lat' dir='ltr'><strong>qui</strong></span> <span class='ocrx_word' id='word_1_435' title='bbox 739 2162 852 2195; x_wconf 87' lang='lat' dir='ltr'><strong>pecunia</strong></span> 
     </span>
     <span class='ocr_line' id='line_1_57' title="bbox 55 2195 853 2233; baseline 0.005 -12"><span class='ocrx_word' id='word_1_436' title='bbox 55 2199 162 2230; x_wconf 84' lang='lat' dir='ltr'><strong>accepta</strong></span> <span class='ocrx_word' id='word_1_437' title='bbox 185 2195 406 2223; x_wconf 80' lang='lat' dir='ltr'><strong>condemnarent:</strong></span> <span class='ocrx_word' id='word_1_438' title='bbox 432 2197 484 2223; x_wconf 84' lang='lat' dir='ltr'><strong>iani</strong></span> <span class='ocrx_word' id='word_1_439' title='bbox 503 2198 590 2232; x_wconf 88' lang='lat' dir='ltr'><strong>potuit</strong></span> <span class='ocrx_word' id='word_1_440' title='bbox 607 2197 706 2233; x_wconf 88' lang='lat' dir='ltr'><strong>aliquis</strong></span> <span class='ocrx_word' id='word_1_441' title='bbox 725 2199 758 2225; x_wconf 88' lang='lat' dir='ltr'><strong>ab</strong></span> <span class='ocrx_word' id='word_1_442' title='bbox 776 2199 853 2225; x_wconf 89' lang='lat' dir='ltr'><strong>initio</strong></span> 
     </span>
     <span class='ocr_line' id='line_1_58' title="bbox 56 2232 853 2271; baseline 0.005 -12"><span class='ocrx_word' id='word_1_443' title='bbox 56 2241 108 2260; x_wconf 90' lang='lat' dir='ltr'><strong>non</strong></span> <span class='ocrx_word' id='word_1_444' title='bbox 123 2232 235 2264; x_wconf 86' lang='lat' dir='ltr'><strong>sedisse,</strong></span> <span class='ocrx_word' id='word_1_445' title='bbox 251 2237 277 2259; x_wconf 91' lang='lat' dir='ltr'><strong>et</strong></span> <span class='ocrx_word' id='word_1_446' title='bbox 287 2237 375 2260; x_wconf 87' lang='lat' dir='ltr'><strong>tamen</strong></span> <span class='ocrx_word' id='word_1_447' title='bbox 386 2233 564 2269; x_wconf 76' lang='lat' dir='ltr'><strong>Oppianicum</strong></span> <span class='ocrx_word' id='word_1_448' title='bbox 578 2236 661 2271; x_wconf 78' lang='lat' dir='ltr'><strong>gratis</strong></span> <span class='ocrx_word' id='word_1_449' title='bbox 675 2236 853 2262; x_wconf 88' lang='lat' dir='ltr'><strong>condemnas-</strong></span> 
     </span>
     <span class='ocr_line' id='line_1_59' title="bbox 55 2270 853 2308; baseline 0.005 -12"><span class='ocrx_word' id='word_1_450' title='bbox 55 2277 94 2297; x_wconf 85' lang='lat' dir='ltr'><strong>se.</strong></span> <span class='ocrx_word' id='word_1_451' title='bbox 134 2270 249 2302; x_wconf 89' lang='lat' dir='ltr'><strong>Verum,</strong></span> <span class='ocrx_word' id='word_1_452' title='bbox 270 2270 292 2296; x_wconf 89' lang='lat' dir='ltr'><strong>si</strong></span> <span class='ocrx_word' id='word_1_453' title='bbox 307 2271 435 2297; x_wconf 85' lang='lat' dir='ltr'><strong>innocens</strong></span> <span class='ocrx_word' id='word_1_454' title='bbox 450 2271 570 2303; x_wconf 82' lang='lat' dir='ltr'><strong>Falcula,</strong></span> <span class='ocrx_word' id='word_1_455' title='bbox 590 2281 703 2307; x_wconf 82' lang='lat' dir='ltr'><strong>quaeso,</strong></span> <span class='ocrx_word' id='word_1_456' title='bbox 723 2274 786 2308; x_wconf 88' lang='lat' dir='ltr'><strong>quis</strong></span> <span class='ocrx_word' id='word_1_457' title='bbox 805 2282 853 2300; x_wconf 94' lang='lat' dir='ltr'><strong>no-</strong></span> 
     </span>
     <span class='ocr_line' id='line_1_60' title="bbox 54 2306 853 2347; baseline 0.005 -14"><span class='ocrx_word' id='word_1_458' title='bbox 54 2306 137 2334; x_wconf 73' lang='lat' dir='ltr'><strong>cens?</strong></span> <span class='ocrx_word' id='word_1_459' title='bbox 156 2308 179 2334; x_wconf 92' lang='lat' dir='ltr'><strong>si</strong></span> <span class='ocrx_word' id='word_1_460' title='bbox 194 2308 237 2334; x_wconf 88' lang='lat' dir='ltr'><strong>hic</strong></span> <span class='ocrx_word' id='word_1_461' title='bbox 250 2308 333 2344; x_wconf 83' lang='lat' dir='ltr'><strong>gratis</strong></span> <span class='ocrx_word' id='word_1_462' title='bbox 346 2308 547 2340; x_wconf 88' lang='lat' dir='ltr'><strong>condemnavit,</strong></span> <span class='ocrx_word' id='word_1_463' title='bbox 563 2310 626 2345; x_wconf 86' lang='lat' dir='ltr'><strong>quis</strong></span> <span class='ocrx_word' id='word_1_464' title='bbox 639 2310 759 2346; x_wconf 67' lang='lat' dir='ltr'><strong>accepit?</strong></span> <span class='ocrx_word' id='word_1_465' title='bbox 780 2311 853 2347; x_wconf 81' lang='lat' dir='ltr'><strong>Nego</strong></span> 
     </span>
     <span class='ocr_line' id='line_1_61' title="bbox 55 2345 852 2384; baseline 0.004 -13"><span class='ocrx_word' id='word_1_466' title='bbox 55 2352 111 2372; x_wconf 91' lang='lat' dir='ltr'><strong>rem</strong></span> <span class='ocrx_word' id='word_1_467' title='bbox 125 2353 185 2372; x_wconf 88' lang='lat' dir='ltr'><strong>esse</strong></span> <span class='ocrx_word' id='word_1_468' title='bbox 201 2345 281 2371; x_wconf 89' lang='lat' dir='ltr'><strong>ullam</strong></span> <span class='ocrx_word' id='word_1_469' title='bbox 296 2346 323 2372; x_wconf 93' lang='lat' dir='ltr'><strong>in</strong></span> <span class='ocrx_word' id='word_1_470' title='bbox 334 2354 497 2381; x_wconf 87' lang='lat' dir='ltr'><strong>quemquam</strong></span> <span class='ocrx_word' id='word_1_471' title='bbox 509 2347 616 2373; x_wconf 84' lang='lat' dir='ltr'><strong>illorum</strong></span> <span class='ocrx_word' id='word_1_472' title='bbox 627 2347 767 2379; x_wconf 85' lang='lat' dir='ltr'><strong>obiectam,</strong></span> <span class='ocrx_word' id='word_1_473' title='bbox 782 2357 852 2384; x_wconf 86' lang='lat' dir='ltr'><strong>quae</strong></span> 
     </span>
     <span class='ocr_line' id='line_1_62' title="bbox 55 2381 853 2419; baseline 0.004 -10"><span class='ocrx_word' id='word_1_474' title='bbox 55 2381 222 2410; x_wconf 81' lang='lat' dir='ltr'><strong>Fidiculanio</strong></span> <span class='ocrx_word' id='word_1_475' title='bbox 235 2383 337 2410; x_wconf 87' lang='lat' dir='ltr'><strong>obiecta</strong></span> <span class='ocrx_word' id='word_1_476' title='bbox 351 2392 403 2410; x_wconf 94' lang='lat' dir='ltr'><strong>non</strong></span> <span class='ocrx_word' id='word_1_477' title='bbox 418 2384 461 2415; x_wconf 80' lang='lat' dir='ltr'><strong>sit,</strong></span> <span class='ocrx_word' id='word_1_478' title='bbox 478 2393 546 2419; x_wconf 77' lang='lat' dir='ltr'><strong>nego</strong></span> <span class='ocrx_word' id='word_1_479' title='bbox 559 2384 663 2419; x_wconf 79' lang='lat' dir='ltr'><strong>aliquid</strong></span> <span class='ocrx_word' id='word_1_480' title='bbox 675 2385 759 2412; x_wconf 82' lang='lat' dir='ltr'><strong>fuisse</strong></span> <span class='ocrx_word' id='word_1_481' title='bbox 768 2386 796 2412; x_wconf 90' lang='lat' dir='ltr'><strong>in</strong></span> <span class='ocrx_word' id='word_1_482' title='bbox 808 2386 853 2412; x_wconf 84' lang='lat' dir='ltr'><strong>Fi-</strong></span> 
     </span>
     <span class='ocr_line' id='line_1_63' title="bbox 55 2418 850 2456; baseline 0.004 -10"><span class='ocrx_word' id='word_1_483' title='bbox 55 2418 184 2446; x_wconf 89' lang='lat' dir='ltr'><strong>diculanii</strong></span> <span class='ocrx_word' id='word_1_484' title='bbox 197 2428 306 2451; x_wconf 82' lang='lat' dir='ltr'><strong>caussa,</strong></span> <span class='ocrx_word' id='word_1_485' title='bbox 326 2421 399 2456; x_wconf 89' lang='lat' dir='ltr'><strong>quod</strong></span> <span class='ocrx_word' id='word_1_486' title='bbox 414 2421 484 2448; x_wconf 87' lang='lat' dir='ltr'><strong>idem</strong></span> <span class='ocrx_word' id='word_1_487' title='bbox 500 2430 551 2448; x_wconf 93' lang='lat' dir='ltr'><strong>non</strong></span> <span class='ocrx_word' id='word_1_488' title='bbox 566 2426 637 2448; x_wconf 88' lang='lat' dir='ltr'><strong>esset</strong></span> <span class='ocrx_word' id='word_1_489' title='bbox 650 2423 677 2449; x_wconf 93' lang='lat' dir='ltr'><strong>in</strong></span> <span class='ocrx_word' id='word_1_490' title='bbox 691 2427 850 2449; x_wconf 88' lang='lat' dir='ltr'><strong>ceterorum.</strong></span> 
     </span>
     <span class='ocr_line' id='line_1_64' title="bbox 58 2457 852 2494; baseline 0.005 -11"><span class='ocrx_word' id='word_1_491' title='bbox 58 2457 114 2483; x_wconf 73' lang='grc'><strong>444.</strong></span> <span class='ocrx_word' id='word_1_492' title='bbox 133 2457 187 2484; x_wconf 79' lang='lat' dir='ltr'><strong>Aut</strong></span> <span class='ocrx_word' id='word_1_493' title='bbox 205 2457 255 2484; x_wconf 87' lang='lat' dir='ltr'><strong>boc</strong></span> <span class='ocrx_word' id='word_1_494' title='bbox 272 2458 404 2485; x_wconf 88' lang='lat' dir='ltr'><strong>iudicium</strong></span> <span class='ocrx_word' id='word_1_495' title='bbox 424 2458 603 2494; x_wconf 81' lang='lat' dir='ltr'><strong>reprehendas</strong></span> <span class='ocrx_word' id='word_1_496' title='bbox 617 2463 660 2490; x_wconf 89' lang='lat' dir='ltr'><strong>tu,</strong></span> <span class='ocrx_word' id='word_1_497' title='bbox 681 2460 760 2486; x_wconf 87' lang='lat' dir='ltr'><strong>cuius</strong></span> <span class='ocrx_word' id='word_1_498' title='bbox 773 2469 852 2487; x_wconf 86' lang='lat' dir='ltr'><strong>accu-</strong></span> 
     </span>
     <span class='ocr_line' id='line_1_65' title="bbox 55 2494 849 2529; baseline 0.005 -9"><span class='ocrx_word' id='word_1_499' title='bbox 55 2494 122 2521; x_wconf 84' lang='lat' dir='ltr'><strong>satio</strong></span> <span class='ocrx_word' id='word_1_500' title='bbox 135 2494 217 2522; x_wconf 86' lang='lat' dir='ltr'><strong>rebus</strong></span> <span class='ocrx_word' id='word_1_501' title='bbox 230 2494 356 2522; x_wconf 84' lang='lat' dir='ltr'><strong>iudicatis</strong></span> <span class='ocrx_word' id='word_1_502' title='bbox 371 2496 418 2523; x_wconf 90' lang='lat' dir='ltr'><strong>niti</strong></span> <span class='ocrx_word' id='word_1_503' title='bbox 434 2496 586 2528; x_wconf 77' lang='lat' dir='ltr'><strong>videbatur,</strong></span> <span class='ocrx_word' id='word_1_504' title='bbox 608 2505 717 2523; x_wconf 87' lang='lat' dir='ltr'><strong>necesse</strong></span> <span class='ocrx_word' id='word_1_505' title='bbox 731 2502 779 2529; x_wconf 83' lang='lat' dir='ltr'><strong>est,</strong></span> <span class='ocrx_word' id='word_1_506' title='bbox 795 2503 849 2529; x_wconf 85' lang='lat' dir='ltr'><strong>aut,</strong></span> 
     </span>
     <span class='ocr_line' id='line_1_66' title="bbox 55 2530 852 2570; baseline 0.005 -12"><span class='ocrx_word' id='word_1_507' title='bbox 55 2531 79 2558; x_wconf 79' lang='lat' dir='ltr'><strong>si</strong></span> <span class='ocrx_word' id='word_1_508' title='bbox 93 2530 142 2559; x_wconf 84' lang='lat' dir='ltr'><strong>hoc</strong></span> <span class='ocrx_word' id='word_1_509' title='bbox 155 2540 250 2559; x_wconf 89' lang='lat' dir='ltr'><strong>verum</strong></span> <span class='ocrx_word' id='word_1_510' title='bbox 264 2540 323 2559; x_wconf 88' lang='lat' dir='ltr'><strong>esse</strong></span> <span class='ocrx_word' id='word_1_511' title='bbox 341 2533 478 2565; x_wconf 83' lang='lat' dir='ltr'><strong>concedis,</strong></span> <span class='ocrx_word' id='word_1_512' title='bbox 499 2534 678 2569; x_wconf 84' lang='lat' dir='ltr'><strong>Oppianicum</strong></span> <span class='ocrx_word' id='word_1_513' title='bbox 692 2535 775 2570; x_wconf 82' lang='lat' dir='ltr'><strong>gratis</strong></span> <span class='ocrx_word' id='word_1_514' title='bbox 788 2544 852 2562; x_wconf 93' lang='lat' dir='ltr'><strong>con-</strong></span> 
     </span>
     <span class='ocr_line' id='line_1_67' title="bbox 54 2567 403 2598; baseline 0.009 -3"><span class='ocrx_word' id='word_1_515' title='bbox 54 2567 210 2596; x_wconf 84' lang='lat' dir='ltr'><strong>demnatum</strong></span> <span class='ocrx_word' id='word_1_516' title='bbox 224 2577 283 2596; x_wconf 85' lang='lat' dir='ltr'><strong>esse</strong></span> <span class='ocrx_word' id='word_1_517' title='bbox 297 2569 403 2598; x_wconf 74' lang='lat' dir='ltr'><strong>fateare.</strong></span> 
     </span>
    </p>

    <p class='ocr_par' dir='ltr' id='par_1_9' title="bbox 55 2605 852 2716">
     <span class='ocr_line' id='line_1_68' title="bbox 110 2605 849 2652; baseline 0.004 -19"><span class='ocrx_word' id='word_1_518' title='bbox 110 2605 279 2642; x_wconf 79' lang='lat' dir='ltr'><strong>Quamquam</strong></span> <span class='ocrx_word' id='word_1_519' title='bbox 302 2608 367 2634; x_wconf 86' lang='lat' dir='ltr'><strong>satis</strong></span> <span class='ocrx_word' id='word_1_520' title='bbox 390 2617 488 2652; x_wconf 66' lang='lat' dir='ltr'><strong>magno</strong></span> <span class='ocrx_word' id='word_1_521' title='bbox 509 2614 667 2645; x_wconf 80' lang='lat' dir='ltr'><strong>argumento</strong></span> <span class='ocrx_word' id='word_1_522' title='bbox 683 2617 743 2636; x_wconf 83' lang='lat' dir='ltr'><strong>esse</strong></span> <span class='ocrx_word' id='word_1_523' title='bbox 760 2609 849 2642; x_wconf 83' lang='lat' dir='ltr'><strong>debet,</strong></span> 
     </span>
     <span class='ocr_line' id='line_1_69' title="bbox 55 2642 852 2678; baseline 0.005 -9"><span class='ocrx_word' id='word_1_524' title='bbox 55 2642 128 2678; x_wconf 87' lang='lat' dir='ltr'><strong>quod</strong></span> <span class='ocrx_word' id='word_1_525' title='bbox 141 2651 175 2670; x_wconf 87' lang='lat' dir='ltr'><strong>ex</strong></span> <span class='ocrx_word' id='word_1_526' title='bbox 189 2648 242 2671; x_wconf 87' lang='lat' dir='ltr'><strong>tam</strong></span> <span class='ocrx_word' id='word_1_527' title='bbox 257 2644 350 2672; x_wconf 89' lang='lat' dir='ltr'><strong>multis</strong></span> <span class='ocrx_word' id='word_1_528' title='bbox 364 2645 515 2678; x_wconf 83' lang='lat' dir='ltr'><strong>iudicibus,</strong></span> <span class='ocrx_word' id='word_1_529' title='bbox 531 2647 654 2673; x_wconf 88' lang='lat' dir='ltr'><strong>absoluto</strong></span> <span class='ocrx_word' id='word_1_530' title='bbox 667 2646 788 2678; x_wconf 84' lang='lat' dir='ltr'><strong>Falcula,</strong></span> <span class='ocrx_word' id='word_1_531' title='bbox 805 2656 852 2673; x_wconf 85' lang='lat' dir='ltr'><strong>ne-</strong></span> 
     </span>
     <span class='ocr_line' id='line_1_70' title="bbox 55 2680 852 2716; baseline 0.005 -9"><span class='ocrx_word' id='word_1_532' title='bbox 55 2687 100 2708; x_wconf 88' lang='lat' dir='ltr'><strong>mo</strong></span> <span class='ocrx_word' id='word_1_533' title='bbox 111 2688 174 2708; x_wconf 81' lang='lat' dir='ltr'><strong>reus</strong></span> <span class='ocrx_word' id='word_1_534' title='bbox 188 2680 273 2708; x_wconf 75' lang='lat' dir='ltr'><strong>factus</strong></span> <span class='ocrx_word' id='word_1_535' title='bbox 287 2687 337 2710; x_wconf 89' lang='lat' dir='ltr'><strong>cst.</strong></span> <span class='ocrx_word' id='word_1_536' title='bbox 359 2682 430 2716; x_wconf 88' lang='lat' dir='ltr'><strong>Quid</strong></span> <span class='ocrx_word' id='word_1_537' title='bbox 444 2684 516 2710; x_wconf 87' lang='lat' dir='ltr'><strong>enim</strong></span> <span class='ocrx_word' id='word_1_538' title='bbox 531 2684 597 2711; x_wconf 85' lang='lat' dir='ltr'><strong>mihi</strong></span> <span class='ocrx_word' id='word_1_539' title='bbox 611 2684 750 2711; x_wconf 85' lang='lat' dir='ltr'><strong>damnatos</strong></span> <span class='ocrx_word' id='word_1_540' title='bbox 765 2685 852 2712; x_wconf 90' lang='lat' dir='ltr'><strong>ambi-</strong></span> 
     </span>
    </p>
   </div>
   <div class='ocr_carea' id='block_1_9' title="bbox 881 550 889 1732">
    <p class='ocr_par' dir='ltr' id='par_1_10' title="bbox 881 550 889 1732">
     <span class='ocr_line' id='line_1_71' title="bbox 881 550 889 1732; baseline 0 0"><span class='ocrx_word' id='word_1_541' title='bbox 881 550 889 1732; x_wconf 95' lang='lat' dir='ltr'><strong> </strong></span> 
     </span>
    </p>
   </div>
   <div class='ocr_carea' id='block_1_10' title="bbox 875 1897 1602 1934">
    <p class='ocr_par' dir='ltr' id='par_1_11' title="bbox 875 1897 1602 1934">
     <span class='ocr_line' id='line_1_72' title="bbox 875 1897 1602 1934; baseline -0.003 -9"><span class='ocrx_word' id='word_1_542' title='bbox 875 1897 883 1915; x_wconf 53' lang='grc' dir='ltr'>Ὺ</span> <span class='ocrx_word' id='word_1_543' title='bbox 906 1900 1048 1934; x_wconf 84' lang='lat' dir='ltr'><strong>utriusque</strong></span> <span class='ocrx_word' id='word_1_544' title='bbox 1071 1898 1167 1925; x_wconf 81' lang='lat' dir='ltr'><strong>osliciis</strong></span> <span class='ocrx_word' id='word_1_545' title='bbox 1189 1898 1333 1925; x_wconf 87' lang='lat' dir='ltr'><strong>constituta</strong></span> <span class='ocrx_word' id='word_1_546' title='bbox 1357 1897 1528 1924; x_wconf 84' lang='lat' dir='ltr'><strong>necessitudo</strong></span> <span class='ocrx_word' id='word_1_547' title='bbox 1553 1902 1602 1923; x_wconf 81' lang='lat' dir='ltr'><strong>est.</strong></span> 
     </span>
    </p>
   </div>
   <div class='ocr_carea' id='block_1_11' title="bbox 873 251 881 2649">
    <p class='ocr_par' dir='ltr' id='par_1_12' title="bbox 873 251 881 2649">
     <span class='ocr_line' id='line_1_73' title="bbox 873 251 881 2649; baseline 0 0"><span class='ocrx_word' id='word_1_548' title='bbox 873 251 881 2649; x_wconf 95' lang='lat' dir='ltr'><strong> </strong></span> 
     </span>
    </p>
   </div>
   <div class='ocr_carea' id='block_1_12' title="bbox 879 1876 884 2684">
    <p class='ocr_par' dir='ltr' id='par_1_13' title="bbox 879 1876 884 2684">
     <span class='ocr_line' id='line_1_74' title="bbox 879 1876 884 2684; baseline 0 0"><span class='ocrx_word' id='word_1_549' title='bbox 879 1876 884 2684; x_wconf 95' lang='lat' dir='ltr'><strong> </strong></span> 
     </span>
    </p>
   </div>
   <div class='ocr_carea' id='block_1_13' title="bbox 1651 144 1700 169">
    <p class='ocr_par' dir='ltr' id='par_1_14' title="bbox 1651 144 1700 169">
     <span class='ocr_line' id='line_1_75' title="bbox 1651 144 1700 169; baseline 0 0"><span class='ocrx_word' id='word_1_550' title='bbox 1651 144 1700 169; x_wconf 81' lang='lat'><strong>385</strong></span> 
     </span>
    </p>
   </div>
   <div class='ocr_carea' id='block_1_14' title="bbox 908 212 1705 996">
    <p class='ocr_par' dir='ltr' id='par_1_15' title="bbox 908 212 1705 996">
     <span class='ocr_line' id='line_1_76' title="bbox 909 212 1702 249; baseline 0.001 -10"><span class='ocrx_word' id='word_1_551' title='bbox 909 217 953 239; x_wconf 88' lang='lat' dir='ltr'><strong>tus</strong></span> <span class='ocrx_word' id='word_1_552' title='bbox 966 212 1107 248; x_wconf 81' lang='lat' dir='ltr'><strong>colligitis,</strong></span> <span class='ocrx_word' id='word_1_553' title='bbox 1128 212 1178 239; x_wconf 91' lang='lat' dir='ltr'><strong>alia</strong></span> <span class='ocrx_word' id='word_1_554' title='bbox 1193 212 1264 249; x_wconf 79' lang='lat' dir='ltr'><strong>lege,</strong></span> <span class='ocrx_word' id='word_1_555' title='bbox 1284 213 1363 240; x_wconf 92' lang='lat' dir='ltr'><strong>certis</strong></span> <span class='ocrx_word' id='word_1_556' title='bbox 1381 213 1554 244; x_wconf 83' lang='lat' dir='ltr'><strong>criminibus,</strong></span> <span class='ocrx_word' id='word_1_557' title='bbox 1576 213 1702 248; x_wconf 88' lang='lat' dir='ltr'><strong>plurimis</strong></span> 
     </span>
     <span class='ocr_line' id='line_1_77' title="bbox 909 250 1702 285; baseline -0.001 -8"><span class='ocrx_word' id='word_1_558' title='bbox 909 250 1043 277; x_wconf 77' lang='lat' dir='ltr'><strong>testibus?</strong></span> <span class='ocrx_word' id='word_1_559' title='bbox 1055 259 1140 285; x_wconf 89' lang='lat' dir='ltr'><strong>quum</strong></span> <span class='ocrx_word' id='word_1_560' title='bbox 1154 251 1273 285; x_wconf 90' lang='lat' dir='ltr'><strong>primum</strong></span> <span class='ocrx_word' id='word_1_561' title='bbox 1287 251 1327 277; x_wconf 95' lang='lat' dir='ltr'><strong>illi</strong></span> <span class='ocrx_word' id='word_1_562' title='bbox 1341 251 1393 285; x_wconf 89' lang='lat' dir='ltr'><strong>ipsi</strong></span> <span class='ocrx_word' id='word_1_563' title='bbox 1407 250 1549 277; x_wconf 89' lang='lat' dir='ltr'><strong>debuerint</strong></span> <span class='ocrx_word' id='word_1_564' title='bbox 1558 251 1648 285; x_wconf 91' lang='lat' dir='ltr'><strong>potius</strong></span> <span class='ocrx_word' id='word_1_565' title='bbox 1659 260 1702 276; x_wconf 86' lang='lat' dir='ltr'><strong>ac-</strong></span> 
     </span>
     <span class='ocr_line' id='line_1_78' title="bbox 909 287 1700 322; baseline 0 -8"><span class='ocrx_word' id='word_1_566' title='bbox 909 288 996 314; x_wconf 85' lang='lat' dir='ltr'><strong>cusari</strong></span> <span class='ocrx_word' id='word_1_567' title='bbox 1011 287 1043 314; x_wconf 90' lang='lat' dir='ltr'><strong>de</strong></span> <span class='ocrx_word' id='word_1_568' title='bbox 1057 288 1179 322; x_wconf 88' lang='lat' dir='ltr'><strong>pecuniis</strong></span> <span class='ocrx_word' id='word_1_569' title='bbox 1193 288 1358 322; x_wconf 82' lang='lat' dir='ltr'><strong>repetundis,</strong></span> <span class='ocrx_word' id='word_1_570' title='bbox 1374 297 1455 322; x_wconf 88' lang='lat' dir='ltr'><strong>quam</strong></span> <span class='ocrx_word' id='word_1_571' title='bbox 1469 287 1597 314; x_wconf 86' lang='lat' dir='ltr'><strong>ambitus.</strong></span> <span class='ocrx_word' id='word_1_572' title='bbox 1624 288 1700 318; x_wconf 75' lang='lat' dir='ltr'><strong>Nam,</strong></span> 
     </span>
     <span class='ocr_line' id='line_1_79' title="bbox 909 325 1702 360; baseline 0 -9"><span class='ocrx_word' id='word_1_573' title='bbox 909 325 933 351; x_wconf 87' lang='lat' dir='ltr'><strong>si</strong></span> <span class='ocrx_word' id='word_1_574' title='bbox 948 325 974 351; x_wconf 92' lang='lat' dir='ltr'><strong>in</strong></span> <span class='ocrx_word' id='word_1_575' title='bbox 989 325 1107 351; x_wconf 89' lang='lat' dir='ltr'><strong>ambitus</strong></span> <span class='ocrx_word' id='word_1_576' title='bbox 1121 325 1229 351; x_wconf 90' lang='lat' dir='ltr'><strong>iudiciis</strong></span> <span class='ocrx_word' id='word_1_577' title='bbox 1244 326 1292 352; x_wconf 91' lang='lat' dir='ltr'><strong>hoc</strong></span> <span class='ocrx_word' id='word_1_578' title='bbox 1307 326 1349 351; x_wconf 90' lang='lat' dir='ltr'><strong>his</strong></span> <span class='ocrx_word' id='word_1_579' title='bbox 1364 325 1463 355; x_wconf 86' lang='lat' dir='ltr'><strong>obfuit,</strong></span> <span class='ocrx_word' id='word_1_580' title='bbox 1479 334 1565 360; x_wconf 90' lang='lat' dir='ltr'><strong>quum</strong></span> <span class='ocrx_word' id='word_1_581' title='bbox 1579 325 1629 351; x_wconf 86' lang='lat' dir='ltr'><strong>alia</strong></span> <span class='ocrx_word' id='word_1_582' title='bbox 1646 325 1702 360; x_wconf 67' lang='lat' dir='ltr'><strong>lege</strong></span> 
     </span>
     <span class='ocr_line' id='line_1_80' title="bbox 910 362 1703 398; baseline 0 -10"><span class='ocrx_word' id='word_1_583' title='bbox 910 371 1032 389; x_wconf 89' lang='lat' dir='ltr'><strong>caussam</strong></span> <span class='ocrx_word' id='word_1_584' title='bbox 1047 362 1178 389; x_wconf 89' lang='lat' dir='ltr'><strong>dicerent:</strong></span> <span class='ocrx_word' id='word_1_585' title='bbox 1194 367 1273 393; x_wconf 84' lang='lat' dir='ltr'><strong>certe,</strong></span> <span class='ocrx_word' id='word_1_586' title='bbox 1290 363 1312 389; x_wconf 90' lang='lat' dir='ltr'><strong>si</strong></span> <span class='ocrx_word' id='word_1_587' title='bbox 1327 363 1432 397; x_wconf 87' lang='lat' dir='ltr'><strong>propria</strong></span> <span class='ocrx_word' id='word_1_588' title='bbox 1448 362 1505 398; x_wconf 80' lang='lat' dir='ltr'><strong>lege</strong></span> <span class='ocrx_word' id='word_1_589' title='bbox 1516 362 1598 389; x_wconf 90' lang='lat' dir='ltr'><strong>huius</strong></span> <span class='ocrx_word' id='word_1_590' title='bbox 1610 371 1703 397; x_wconf 87' lang='lat' dir='ltr'><strong>pecca-</strong></span> 
     </span>
     <span class='ocr_line' id='line_1_81' title="bbox 910 400 1700 435; baseline 0 -9"><span class='ocrx_word' id='word_1_591' title='bbox 910 400 930 425; x_wconf 92' lang='lat' dir='ltr'><strong>ti</strong></span> <span class='ocrx_word' id='word_1_592' title='bbox 944 400 1051 426; x_wconf 87' lang='lat' dir='ltr'><strong>adducti</strong></span> <span class='ocrx_word' id='word_1_593' title='bbox 1066 405 1162 430; x_wconf 86' lang='lat' dir='ltr'><strong>essent,</strong></span> <span class='ocrx_word' id='word_1_594' title='bbox 1179 400 1265 426; x_wconf 90' lang='lat' dir='ltr'><strong>multo</strong></span> <span class='ocrx_word' id='word_1_595' title='bbox 1279 400 1340 435; x_wconf 89' lang='lat' dir='ltr'><strong>plus</strong></span> <span class='ocrx_word' id='word_1_596' title='bbox 1354 400 1495 426; x_wconf 80' lang='lat' dir='ltr'><strong>obfuisset.</strong></span> <span class='ocrx_word' id='word_1_597' title='bbox 1519 401 1576 426; x_wconf 84' lang='grc'><strong>445.</strong></span> <span class='ocrx_word' id='word_1_598' title='bbox 1592 400 1700 431; x_wconf 85' lang='lat' dir='ltr'><strong>Deinde,</strong></span> 
     </span>
     <span class='ocr_line' id='line_1_82' title="bbox 910 437 1703 472; baseline 0 -9"><span class='ocrx_word' id='word_1_599' title='bbox 910 437 933 463; x_wconf 90' lang='lat' dir='ltr'><strong>si</strong></span> <span class='ocrx_word' id='word_1_600' title='bbox 947 442 1018 463; x_wconf 90' lang='lat' dir='ltr'><strong>tanta</strong></span> <span class='ocrx_word' id='word_1_601' title='bbox 1032 438 1074 463; x_wconf 84' lang='lat' dir='ltr'><strong>vis</strong></span> <span class='ocrx_word' id='word_1_602' title='bbox 1088 437 1140 463; x_wconf 85' lang='lat' dir='ltr'><strong>fuit</strong></span> <span class='ocrx_word' id='word_1_603' title='bbox 1152 437 1231 463; x_wconf 90' lang='lat' dir='ltr'><strong>istius</strong></span> <span class='ocrx_word' id='word_1_604' title='bbox 1245 438 1377 468; x_wconf 90' lang='lat' dir='ltr'><strong>criminis,</strong></span> <span class='ocrx_word' id='word_1_605' title='bbox 1394 443 1432 468; x_wconf 84' lang='lat' dir='ltr'><strong>ut,</strong></span> <span class='ocrx_word' id='word_1_606' title='bbox 1448 446 1500 472; x_wconf 87' lang='lat' dir='ltr'><strong>qua</strong></span> <span class='ocrx_word' id='word_1_607' title='bbox 1514 437 1631 472; x_wconf 90' lang='lat' dir='ltr'><strong>quisque</strong></span> <span class='ocrx_word' id='word_1_608' title='bbox 1646 437 1703 472; x_wconf 68' lang='lat' dir='ltr'><strong>lege</strong></span> 
     </span>
     <span class='ocr_line' id='line_1_83' title="bbox 910 474 1703 510; baseline 0.001 -10"><span class='ocrx_word' id='word_1_609' title='bbox 910 483 943 500; x_wconf 88' lang='lat' dir='ltr'><strong>ex</strong></span> <span class='ocrx_word' id='word_1_610' title='bbox 957 474 1011 500; x_wconf 90' lang='lat' dir='ltr'><strong>illis</strong></span> <span class='ocrx_word' id='word_1_611' title='bbox 1025 474 1161 500; x_wconf 88' lang='lat' dir='ltr'><strong>iudicibus</strong></span> <span class='ocrx_word' id='word_1_612' title='bbox 1175 483 1236 501; x_wconf 91' lang='lat' dir='ltr'><strong>reus</strong></span> <span class='ocrx_word' id='word_1_613' title='bbox 1251 475 1336 501; x_wconf 84' lang='lat' dir='ltr'><strong>factus</strong></span> <span class='ocrx_word' id='word_1_614' title='bbox 1350 480 1433 506; x_wconf 88' lang='lat' dir='ltr'><strong>esset,</strong></span> <span class='ocrx_word' id='word_1_615' title='bbox 1454 480 1542 501; x_wconf 84' lang='lat' dir='ltr'><strong>tamen</strong></span> <span class='ocrx_word' id='word_1_616' title='bbox 1560 475 1610 501; x_wconf 88' lang='lat' dir='ltr'><strong>hac</strong></span> <span class='ocrx_word' id='word_1_617' title='bbox 1623 475 1703 510; x_wconf 73' lang='lat' dir='ltr'><strong>plaga</strong></span> 
     </span>
     <span class='ocr_line' id='line_1_84' title="bbox 910 512 1704 546; baseline 0.001 -9"><span class='ocrx_word' id='word_1_618' title='bbox 910 512 1020 546; x_wconf 87' lang='lat' dir='ltr'><strong>periret:</strong></span> <span class='ocrx_word' id='word_1_619' title='bbox 1040 520 1100 543; x_wconf 88' lang='lat' dir='ltr'><strong>cur,</strong></span> <span class='ocrx_word' id='word_1_620' title='bbox 1118 512 1145 538; x_wconf 87' lang='lat' dir='ltr'><strong>in</strong></span> <span class='ocrx_word' id='word_1_621' title='bbox 1160 516 1230 538; x_wconf 86' lang='lat' dir='ltr'><strong>tanta</strong></span> <span class='ocrx_word' id='word_1_622' title='bbox 1244 512 1417 539; x_wconf 90' lang='lat' dir='ltr'><strong>multitudine</strong></span> <span class='ocrx_word' id='word_1_623' title='bbox 1431 517 1629 543; x_wconf 86' lang='lat' dir='ltr'><strong>accusatorum,</strong></span> <span class='ocrx_word' id='word_1_624' title='bbox 1646 517 1704 538; x_wconf 89' lang='lat' dir='ltr'><strong>tau-</strong></span> 
     </span>
     <span class='ocr_line' id='line_1_85' title="bbox 911 549 1704 584; baseline 0.001 -10"><span class='ocrx_word' id='word_1_625' title='bbox 911 549 943 575; x_wconf 89' lang='lat' dir='ltr'><strong>tis</strong></span> <span class='ocrx_word' id='word_1_626' title='bbox 958 549 1097 583; x_wconf 88' lang='lat' dir='ltr'><strong>praemiis,</strong></span> <span class='ocrx_word' id='word_1_627' title='bbox 1117 549 1197 575; x_wconf 86' lang='lat' dir='ltr'><strong>ceteri</strong></span> <span class='ocrx_word' id='word_1_628' title='bbox 1211 550 1248 575; x_wconf 89' lang='lat' dir='ltr'><strong>rei</strong></span> <span class='ocrx_word' id='word_1_629' title='bbox 1263 549 1323 575; x_wconf 81' lang='lat' dir='ltr'><strong>facti</strong></span> <span class='ocrx_word' id='word_1_630' title='bbox 1337 558 1390 576; x_wconf 91' lang='lat' dir='ltr'><strong>non</strong></span> <span class='ocrx_word' id='word_1_631' title='bbox 1404 549 1485 575; x_wconf 67' lang='lat' dir='ltr'><strong>sunt?</strong></span> <span class='ocrx_word' id='word_1_632' title='bbox 1509 550 1557 576; x_wconf 82' lang='lat' dir='ltr'><strong>Hic</strong></span> <span class='ocrx_word' id='word_1_633' title='bbox 1572 549 1704 584; x_wconf 80' lang='lat' dir='ltr'><strong>profertur</strong></span> 
     </span>
     <span class='ocr_line' id='line_1_86' title="bbox 909 586 1704 622; baseline 0.001 -10"><span class='ocrx_word' id='word_1_634' title='bbox 909 586 950 616; x_wconf 91' lang='lat' dir='ltr'><strong>id,</strong></span> <span class='ocrx_word' id='word_1_635' title='bbox 966 586 1038 621; x_wconf 91' lang='lat' dir='ltr'><strong>quod</strong></span> <span class='ocrx_word' id='word_1_636' title='bbox 1051 586 1182 612; x_wconf 88' lang='lat' dir='ltr'><strong>iudicium</strong></span> <span class='ocrx_word' id='word_1_637' title='bbox 1197 586 1325 621; x_wconf 88' lang='lat' dir='ltr'><strong>appellari</strong></span> <span class='ocrx_word' id='word_1_638' title='bbox 1340 596 1391 613; x_wconf 91' lang='lat' dir='ltr'><strong>non</strong></span> <span class='ocrx_word' id='word_1_639' title='bbox 1405 591 1515 621; x_wconf 84' lang='lat' dir='ltr'><strong>oportet,</strong></span> <span class='ocrx_word' id='word_1_640' title='bbox 1532 588 1560 613; x_wconf 89' lang='lat' dir='ltr'><strong>P.</strong></span> <span class='ocrx_word' id='word_1_641' title='bbox 1575 587 1704 622; x_wconf 88' lang='lat' dir='ltr'><strong>Septimio</strong></span> 
     </span>
     <span class='ocr_line' id='line_1_87' title="bbox 909 623 1703 651; baseline 0.001 -2"><span class='ocrx_word' id='word_1_642' title='bbox 909 623 1051 650; x_wconf 79' lang='lat' dir='ltr'><strong>Scaevolae</strong></span> <span class='ocrx_word' id='word_1_643' title='bbox 1069 623 1142 649; x_wconf 87' lang='lat' dir='ltr'><strong>litem</strong></span> <span class='ocrx_word' id='word_1_644' title='bbox 1160 632 1190 649; x_wconf 90' lang='lat' dir='ltr'><strong>eo</strong></span> <span class='ocrx_word' id='word_1_645' title='bbox 1209 624 1315 650; x_wconf 88' lang='lat' dir='ltr'><strong>nomine</strong></span> <span class='ocrx_word' id='word_1_646' title='bbox 1333 633 1391 650; x_wconf 81' lang='lat' dir='ltr'><strong>esse</strong></span> <span class='ocrx_word' id='word_1_647' title='bbox 1405 625 1578 650; x_wconf 85' lang='lat' dir='ltr'><strong>aestimatam.</strong></span> <span class='ocrx_word' id='word_1_648' title='bbox 1618 624 1703 651; x_wconf 88' lang='lat' dir='ltr'><strong>Cuius</strong></span> 
     </span>
     <span class='ocr_line' id='line_1_88' title="bbox 908 661 1705 696; baseline 0.003 -10"><span class='ocrx_word' id='word_1_649' title='bbox 908 661 945 686; x_wconf 91' lang='lat' dir='ltr'><strong>rei</strong></span> <span class='ocrx_word' id='word_1_650' title='bbox 960 669 1029 695; x_wconf 90' lang='lat' dir='ltr'><strong>quae</strong></span> <span class='ocrx_word' id='word_1_651' title='bbox 1042 661 1207 687; x_wconf 88' lang='lat' dir='ltr'><strong>consuetudo</strong></span> <span class='ocrx_word' id='word_1_652' title='bbox 1221 661 1264 691; x_wconf 87' lang='lat' dir='ltr'><strong>sit,</strong></span> <span class='ocrx_word' id='word_1_653' title='bbox 1281 662 1406 695; x_wconf 80' lang='lat' dir='ltr'><strong>quoniam</strong></span> <span class='ocrx_word' id='word_1_654' title='bbox 1418 661 1489 695; x_wconf 87' lang='lat' dir='ltr'><strong>apud</strong></span> <span class='ocrx_word' id='word_1_655' title='bbox 1500 662 1621 688; x_wconf 90' lang='lat' dir='ltr'><strong>homines</strong></span> <span class='ocrx_word' id='word_1_656' title='bbox 1633 662 1705 696; x_wconf 86' lang='lat' dir='ltr'><strong>peri-</strong></span> 
     </span>
     <span class='ocr_line' id='line_1_89' title="bbox 908 698 1701 732; baseline 0.001 -8"><span class='ocrx_word' id='word_1_657' title='bbox 908 698 1027 724; x_wconf 86' lang='lat' dir='ltr'><strong>tissimos</strong></span> <span class='ocrx_word' id='word_1_658' title='bbox 1054 698 1126 728; x_wconf 92' lang='lat' dir='ltr'><strong>dico,</strong></span> <span class='ocrx_word' id='word_1_659' title='bbox 1155 698 1280 732; x_wconf 89' lang='lat' dir='ltr'><strong>pluribus</strong></span> <span class='ocrx_word' id='word_1_660' title='bbox 1306 698 1397 724; x_wconf 85' lang='lat' dir='ltr'><strong>verbis</strong></span> <span class='ocrx_word' id='word_1_661' title='bbox 1423 699 1516 725; x_wconf 87' lang='lat' dir='ltr'><strong>docere</strong></span> <span class='ocrx_word' id='word_1_662' title='bbox 1539 707 1589 725; x_wconf 92' lang='lat' dir='ltr'><strong>non</strong></span> <span class='ocrx_word' id='word_1_663' title='bbox 1608 699 1701 725; x_wconf 89' lang='lat' dir='ltr'><strong>debeo.</strong></span> 
     </span>
     <span class='ocr_line' id='line_1_90' title="bbox 909 735 1703 771; baseline 0.001 -10"><span class='ocrx_word' id='word_1_664' title='bbox 909 736 1061 770; x_wconf 89' lang='lat' dir='ltr'><strong>Numquam</strong></span> <span class='ocrx_word' id='word_1_665' title='bbox 1077 736 1148 761; x_wconf 89' lang='lat' dir='ltr'><strong>enim</strong></span> <span class='ocrx_word' id='word_1_666' title='bbox 1163 744 1192 761; x_wconf 90' lang='lat' dir='ltr'><strong>ea</strong></span> <span class='ocrx_word' id='word_1_667' title='bbox 1206 735 1358 771; x_wconf 82' lang='lat' dir='ltr'><strong>diligentia,</strong></span> <span class='ocrx_word' id='word_1_668' title='bbox 1378 744 1446 770; x_wconf 87' lang='lat' dir='ltr'><strong>quae</strong></span> <span class='ocrx_word' id='word_1_669' title='bbox 1460 736 1527 762; x_wconf 86' lang='lat' dir='ltr'><strong>solet</strong></span> <span class='ocrx_word' id='word_1_670' title='bbox 1541 736 1661 762; x_wconf 81' lang='lat' dir='ltr'><strong>adhiberi</strong></span> <span class='ocrx_word' id='word_1_671' title='bbox 1676 737 1703 762; x_wconf 92' lang='lat' dir='ltr'><strong>in</strong></span> 
     </span>
     <span class='ocr_line' id='line_1_91' title="bbox 908 772 1701 804; baseline 0.001 -6"><span class='ocrx_word' id='word_1_672' title='bbox 908 773 1002 799; x_wconf 89' lang='lat' dir='ltr'><strong>ceteris</strong></span> <span class='ocrx_word' id='word_1_673' title='bbox 1017 772 1138 804; x_wconf 88' lang='lat' dir='ltr'><strong>iudiciis,</strong></span> <span class='ocrx_word' id='word_1_674' title='bbox 1163 772 1269 803; x_wconf 88' lang='lat' dir='ltr'><strong>eadem,</strong></span> <span class='ocrx_word' id='word_1_675' title='bbox 1296 781 1340 799; x_wconf 90' lang='lat' dir='ltr'><strong>reo</strong></span> <span class='ocrx_word' id='word_1_676' title='bbox 1353 773 1490 803; x_wconf 90' lang='lat' dir='ltr'><strong>damnato,</strong></span> <span class='ocrx_word' id='word_1_677' title='bbox 1515 773 1634 799; x_wconf 90' lang='lat' dir='ltr'><strong>adhibita</strong></span> <span class='ocrx_word' id='word_1_678' title='bbox 1652 778 1701 799; x_wconf 91' lang='lat' dir='ltr'><strong>est.</strong></span> 
     </span>
     <span class='ocr_line' id='line_1_92' title="bbox 912 810 1704 845; baseline 0.001 -9"><span class='ocrx_word' id='word_1_679' title='bbox 912 812 967 836; x_wconf 86' lang='grc'><strong>446.</strong></span> <span class='ocrx_word' id='word_1_680' title='bbox 983 811 1011 836; x_wconf 92' lang='lat' dir='ltr'><strong>In</strong></span> <span class='ocrx_word' id='word_1_681' title='bbox 1026 810 1119 836; x_wconf 86' lang='lat' dir='ltr'><strong>litibus</strong></span> <span class='ocrx_word' id='word_1_682' title='bbox 1133 810 1306 836; x_wconf 85' lang='lat' dir='ltr'><strong>aestimandis</strong></span> <span class='ocrx_word' id='word_1_683' title='bbox 1320 810 1374 836; x_wconf 81' lang='lat' dir='ltr'><strong>sere</strong></span> <span class='ocrx_word' id='word_1_684' title='bbox 1384 811 1496 841; x_wconf 88' lang='lat' dir='ltr'><strong>iudices,</strong></span> <span class='ocrx_word' id='word_1_685' title='bbox 1513 815 1566 841; x_wconf 89' lang='lat' dir='ltr'><strong>aut,</strong></span> <span class='ocrx_word' id='word_1_686' title='bbox 1583 811 1655 845; x_wconf 91' lang='lat' dir='ltr'><strong>quod</strong></span> <span class='ocrx_word' id='word_1_687' title='bbox 1667 812 1704 837; x_wconf 88' lang='lat' dir='ltr'><strong>si-</strong></span> 
     </span>
     <span class='ocr_line' id='line_1_93' title="bbox 908 847 1703 882; baseline 0.001 -9"><span class='ocrx_word' id='word_1_688' title='bbox 908 848 935 874; x_wconf 92' lang='lat' dir='ltr'><strong>bi</strong></span> <span class='ocrx_word' id='word_1_689' title='bbox 950 856 1021 878; x_wconf 87' lang='lat' dir='ltr'><strong>eum,</strong></span> <span class='ocrx_word' id='word_1_690' title='bbox 1037 856 1118 882; x_wconf 90' lang='lat' dir='ltr'><strong>quem</strong></span> <span class='ocrx_word' id='word_1_691' title='bbox 1130 847 1212 874; x_wconf 91' lang='lat' dir='ltr'><strong>semel</strong></span> <span class='ocrx_word' id='word_1_692' title='bbox 1223 847 1442 878; x_wconf 87' lang='lat' dir='ltr'><strong>condemnarunt,</strong></span> <span class='ocrx_word' id='word_1_693' title='bbox 1459 848 1599 874; x_wconf 86' lang='lat' dir='ltr'><strong>inimicum</strong></span> <span class='ocrx_word' id='word_1_694' title='bbox 1610 852 1703 882; x_wconf 83' lang='lat' dir='ltr'><strong>putant</strong></span> 
     </span>
     <span class='ocr_line' id='line_1_94' title="bbox 908 885 1704 919; baseline 0 -8"><span class='ocrx_word' id='word_1_695' title='bbox 908 894 975 916; x_wconf 88' lang='lat' dir='ltr'><strong>esse,</strong></span> <span class='ocrx_word' id='word_1_696' title='bbox 992 886 1015 911; x_wconf 90' lang='lat' dir='ltr'><strong>si</strong></span> <span class='ocrx_word' id='word_1_697' title='bbox 1029 893 1099 919; x_wconf 88' lang='lat' dir='ltr'><strong>quae</strong></span> <span class='ocrx_word' id='word_1_698' title='bbox 1113 885 1140 911; x_wconf 91' lang='lat' dir='ltr'><strong>in</strong></span> <span class='ocrx_word' id='word_1_699' title='bbox 1154 894 1216 911; x_wconf 90' lang='lat' dir='ltr'><strong>eum</strong></span> <span class='ocrx_word' id='word_1_700' title='bbox 1232 885 1264 911; x_wconf 86' lang='lat' dir='ltr'><strong>lis</strong></span> <span class='ocrx_word' id='word_1_701' title='bbox 1278 886 1373 919; x_wconf 83' lang='lat' dir='ltr'><strong>capitis</strong></span> <span class='ocrx_word' id='word_1_702' title='bbox 1387 885 1459 911; x_wconf 89' lang='lat' dir='ltr'><strong>illata</strong></span> <span class='ocrx_word' id='word_1_703' title='bbox 1474 889 1523 916; x_wconf 88' lang='lat' dir='ltr'><strong>est,</strong></span> <span class='ocrx_word' id='word_1_704' title='bbox 1540 894 1592 912; x_wconf 92' lang='lat' dir='ltr'><strong>non</strong></span> <span class='ocrx_word' id='word_1_705' title='bbox 1606 885 1704 911; x_wconf 89' lang='lat' dir='ltr'><strong>admit—</strong></span> 
     </span>
     <span class='ocr_line' id='line_1_95' title="bbox 908 922 1701 957; baseline 0 -9"><span class='ocrx_word' id='word_1_706' title='bbox 908 927 981 949; x_wconf 92' lang='lat' dir='ltr'><strong>tunt:</strong></span> <span class='ocrx_word' id='word_1_707' title='bbox 1006 927 1064 953; x_wconf 89' lang='lat' dir='ltr'><strong>aut,</strong></span> <span class='ocrx_word' id='word_1_708' title='bbox 1085 922 1157 957; x_wconf 91' lang='lat' dir='ltr'><strong>quod</strong></span> <span class='ocrx_word' id='word_1_709' title='bbox 1175 931 1204 948; x_wconf 90' lang='lat' dir='ltr'><strong>se</strong></span> <span class='ocrx_word' id='word_1_710' title='bbox 1222 922 1375 957; x_wconf 88' lang='lat' dir='ltr'><strong>perfunctos</strong></span> <span class='ocrx_word' id='word_1_711' title='bbox 1389 923 1442 949; x_wconf 89' lang='lat' dir='ltr'><strong>iam</strong></span> <span class='ocrx_word' id='word_1_712' title='bbox 1457 931 1517 949; x_wconf 91' lang='lat' dir='ltr'><strong>esse</strong></span> <span class='ocrx_word' id='word_1_713' title='bbox 1531 923 1701 954; x_wconf 85' lang='lat' dir='ltr'><strong>arbitrantur,</strong></span> 
     </span>
     <span class='ocr_line' id='line_1_96' title="bbox 908 960 1704 996; baseline 0 -10"><span class='ocrx_word' id='word_1_714' title='bbox 908 969 993 995; x_wconf 89' lang='lat' dir='ltr'><strong>quum</strong></span> <span class='ocrx_word' id='word_1_715' title='bbox 1008 960 1041 986; x_wconf 92' lang='lat' dir='ltr'><strong>de</strong></span> <span class='ocrx_word' id='word_1_716' title='bbox 1055 968 1099 986; x_wconf 85' lang='lat' dir='ltr'><strong>reo</strong></span> <span class='ocrx_word' id='word_1_717' title='bbox 1112 960 1274 991; x_wconf 85' lang='lat' dir='ltr'><strong>iudicarunt,</strong></span> <span class='ocrx_word' id='word_1_718' title='bbox 1291 960 1472 996; x_wconf 79' lang='lat' dir='ltr'><strong>negligentius</strong></span> <span class='ocrx_word' id='word_1_719' title='bbox 1483 960 1623 987; x_wconf 86' lang='lat' dir='ltr'><strong>attendunt</strong></span> <span class='ocrx_word' id='word_1_720' title='bbox 1633 965 1704 986; x_wconf 86' lang='lat' dir='ltr'><strong>cete-</strong></span> 
     </span>
    </p>
   </div>
   <div class='ocr_carea' id='block_1_15' title="bbox 908 1072 1705 1107">
    <p class='ocr_par' dir='ltr' id='par_1_16' title="bbox 908 1072 1705 1107">
     <span class='ocr_line' id='line_1_97' title="bbox 908 1072 1705 1107; baseline 0 -8"><span class='ocrx_word' id='word_1_721' title='bbox 908 1073 1074 1104; x_wconf 86' lang='lat' dir='ltr'><strong>aestimatae,</strong></span> <span class='ocrx_word' id='word_1_722' title='bbox 1091 1077 1116 1099; x_wconf 90' lang='lat' dir='ltr'><strong>et</strong></span> <span class='ocrx_word' id='word_1_723' title='bbox 1130 1073 1179 1099; x_wconf 88' lang='lat' dir='ltr'><strong>hoc</strong></span> <span class='ocrx_word' id='word_1_724' title='bbox 1193 1073 1313 1107; x_wconf 92' lang='lat' dir='ltr'><strong>quotidie</strong></span> <span class='ocrx_word' id='word_1_725' title='bbox 1328 1073 1383 1099; x_wconf 88' lang='lat' dir='ltr'><strong>lieri</strong></span> <span class='ocrx_word' id='word_1_726' title='bbox 1398 1073 1532 1104; x_wconf 80' lang='lat' dir='ltr'><strong>videmus,</strong></span> <span class='ocrx_word' id='word_1_727' title='bbox 1549 1077 1587 1103; x_wconf 90' lang='lat' dir='ltr'><strong>ut,</strong></span> <span class='ocrx_word' id='word_1_728' title='bbox 1603 1081 1647 1099; x_wconf 89' lang='lat' dir='ltr'><strong>reo</strong></span> <span class='ocrx_word' id='word_1_729' title='bbox 1656 1072 1705 1099; x_wconf 91' lang='lat' dir='ltr'><strong>da-</strong></span> 
     </span>
    </p>
   </div>
   <div class='ocr_carea' id='block_1_16' title="bbox 877 1105 1705 1179">
    <p class='ocr_par' dir='ltr' id='par_1_17' title="bbox 877 1105 1705 1179">
     <span class='ocr_line' id='line_1_98' title="bbox 877 1105 1705 1145; baseline -0.001 -8"><span class='ocrx_word' id='word_1_730' title='bbox 877 1105 886 1126; x_wconf 23' lang='lat'><strong>,³</strong></span> <span class='ocrx_word' id='word_1_731' title='bbox 908 1115 998 1137; x_wconf 86' lang='lat' dir='ltr'><strong>mnata</strong></span> <span class='ocrx_word' id='word_1_732' title='bbox 1011 1111 1043 1136; x_wconf 90' lang='lat' dir='ltr'><strong>de</strong></span> <span class='ocrx_word' id='word_1_733' title='bbox 1058 1111 1179 1145; x_wconf 89' lang='lat' dir='ltr'><strong>pecuniis</strong></span> <span class='ocrx_word' id='word_1_734' title='bbox 1190 1110 1355 1145; x_wconf 79' lang='lat' dir='ltr'><strong>repetundis,</strong></span> <span class='ocrx_word' id='word_1_735' title='bbox 1372 1111 1405 1136; x_wconf 89' lang='lat' dir='ltr'><strong>ad</strong></span> <span class='ocrx_word' id='word_1_736' title='bbox 1416 1119 1484 1145; x_wconf 88' lang='lat' dir='ltr'><strong>quos</strong></span> <span class='ocrx_word' id='word_1_737' title='bbox 1496 1111 1649 1145; x_wconf 81' lang='lat' dir='ltr'><strong>pervenisse</strong></span> <span class='ocrx_word' id='word_1_738' title='bbox 1658 1119 1705 1145; x_wconf 82' lang='lat' dir='ltr'><strong>pe·</strong></span> 
     </span>
     <span class='ocr_line' id='line_1_99' title="bbox 885 1147 1704 1179; baseline 0 -5"><span class='ocrx_word' id='word_1_739' title='bbox 885 1165 886 1169; x_wconf 61' lang='lat'><em>=</em></span> <span class='ocrx_word' id='word_1_740' title='bbox 907 1149 1002 1174; x_wconf 86' lang='lat' dir='ltr'><strong>eunias</strong></span> <span class='ocrx_word' id='word_1_741' title='bbox 1020 1149 1047 1174; x_wconf 88' lang='lat' dir='ltr'><strong>in</strong></span> <span class='ocrx_word' id='word_1_742' title='bbox 1067 1148 1160 1174; x_wconf 85' lang='lat' dir='ltr'><strong>litibus</strong></span> <span class='ocrx_word' id='word_1_743' title='bbox 1179 1148 1352 1174; x_wconf 82' lang='lat' dir='ltr'><strong>aestimandis</strong></span> <span class='ocrx_word' id='word_1_744' title='bbox 1371 1153 1500 1174; x_wconf 88' lang='lat' dir='ltr'><strong>statutum</strong></span> <span class='ocrx_word' id='word_1_745' title='bbox 1524 1148 1572 1179; x_wconf 87' lang='lat' dir='ltr'><strong>sit,</strong></span> <span class='ocrx_word' id='word_1_746' title='bbox 1597 1156 1641 1174; x_wconf 91' lang='lat' dir='ltr'><strong>eos</strong></span> <span class='ocrx_word' id='word_1_747' title='bbox 1664 1147 1704 1174; x_wconf 88' lang='lat' dir='ltr'><strong>illi</strong></span> 
     </span>
    </p>
   </div>
   <div class='ocr_carea' id='block_1_17' title="bbox 905 1185 1705 1670">
    <p class='ocr_par' dir='ltr' id='par_1_18' title="bbox 907 1185 1705 1484">
     <span class='ocr_line' id='line_1_100' title="bbox 907 1185 1705 1221; baseline -0.001 -9"><span class='ocrx_word' id='word_1_748' title='bbox 907 1186 1010 1212; x_wconf 88' lang='lat' dir='ltr'><strong>iudices</strong></span> <span class='ocrx_word' id='word_1_749' title='bbox 1024 1185 1177 1212; x_wconf 82' lang='lat' dir='ltr'><strong>absolvant:</strong></span> <span class='ocrx_word' id='word_1_750' title='bbox 1193 1186 1266 1220; x_wconf 90' lang='lat' dir='ltr'><strong>quod</strong></span> <span class='ocrx_word' id='word_1_751' title='bbox 1280 1195 1365 1221; x_wconf 90' lang='lat' dir='ltr'><strong>quum</strong></span> <span class='ocrx_word' id='word_1_752' title='bbox 1377 1186 1413 1216; x_wconf 86' lang='lat' dir='ltr'><strong>tit,</strong></span> <span class='ocrx_word' id='word_1_753' title='bbox 1431 1195 1483 1212; x_wconf 90' lang='lat' dir='ltr'><strong>non</strong></span> <span class='ocrx_word' id='word_1_754' title='bbox 1493 1185 1593 1212; x_wconf 91' lang='lat' dir='ltr'><strong>iudicia</strong></span> <span class='ocrx_word' id='word_1_755' title='bbox 1603 1186 1705 1212; x_wconf 91' lang='lat' dir='ltr'><strong>rescin-</strong></span> 
     </span>
     <span class='ocr_line' id='line_1_101' title="bbox 908 1222 1704 1254; baseline 0 -5"><span class='ocrx_word' id='word_1_756' title='bbox 908 1223 1021 1254; x_wconf 88' lang='lat' dir='ltr'><strong>duntur,</strong></span> <span class='ocrx_word' id='word_1_757' title='bbox 1038 1223 1085 1249; x_wconf 91' lang='lat' dir='ltr'><strong>sed</strong></span> <span class='ocrx_word' id='word_1_758' title='bbox 1101 1223 1150 1250; x_wconf 87' lang='lat' dir='ltr'><strong>hoc</strong></span> <span class='ocrx_word' id='word_1_759' title='bbox 1163 1224 1301 1254; x_wconf 74' lang='lat' dir='ltr'><strong>statuitur,</strong></span> <span class='ocrx_word' id='word_1_760' title='bbox 1322 1224 1533 1250; x_wconf 85' lang='lat' dir='ltr'><strong>aestimationem</strong></span> <span class='ocrx_word' id='word_1_761' title='bbox 1549 1222 1637 1249; x_wconf 90' lang='lat' dir='ltr'><strong>litium</strong></span> <span class='ocrx_word' id='word_1_762' title='bbox 1652 1232 1704 1249; x_wconf 88' lang='lat' dir='ltr'><strong>non</strong></span> 
     </span>
     <span class='ocr_line' id='line_1_102' title="bbox 907 1260 1705 1287; baseline -0.001 0"><span class='ocrx_word' id='word_1_763' title='bbox 907 1269 967 1287; x_wconf 90' lang='lat' dir='ltr'><strong>esse</strong></span> <span class='ocrx_word' id='word_1_764' title='bbox 985 1261 1126 1287; x_wconf 90' lang='lat' dir='ltr'><strong>iudicium.</strong></span> <span class='ocrx_word' id='word_1_765' title='bbox 1167 1260 1292 1287; x_wconf 81' lang='lat' dir='ltr'><strong>Scaevola</strong></span> <span class='ocrx_word' id='word_1_766' title='bbox 1311 1261 1503 1287; x_wconf 86' lang='lat' dir='ltr'><strong>condemnatus</strong></span> <span class='ocrx_word' id='word_1_767' title='bbox 1521 1265 1562 1287; x_wconf 90' lang='lat' dir='ltr'><strong>est</strong></span> <span class='ocrx_word' id='word_1_768' title='bbox 1579 1261 1639 1287; x_wconf 88' lang='lat' dir='ltr'><strong>aliis</strong></span> <span class='ocrx_word' id='word_1_769' title='bbox 1653 1261 1705 1286; x_wconf 85' lang='lat' dir='ltr'><strong>cri-</strong></span> 
     </span>
     <span class='ocr_line' id='line_1_103' title="bbox 907 1298 1704 1333; baseline -0.001 -8"><span class='ocrx_word' id='word_1_770' title='bbox 907 1299 1042 1329; x_wconf 88' lang='lat' dir='ltr'><strong>minibus,</strong></span> <span class='ocrx_word' id='word_1_771' title='bbox 1071 1298 1298 1333; x_wconf 78' lang='lat' dir='ltr'><strong>frequentissimis</strong></span> <span class='ocrx_word' id='word_1_772' title='bbox 1320 1298 1432 1333; x_wconf 78' lang='lat' dir='ltr'><strong>Apuliae</strong></span> <span class='ocrx_word' id='word_1_773' title='bbox 1459 1298 1584 1325; x_wconf 89' lang='lat' dir='ltr'><strong>testibus.</strong></span> <span class='ocrx_word' id='word_1_774' title='bbox 1624 1298 1704 1325; x_wconf 90' lang='lat' dir='ltr'><strong>Omni</strong></span> 
     </span>
     <span class='ocr_line' id='line_1_104' title="bbox 907 1336 1705 1372; baseline 0 -10"><span class='ocrx_word' id='word_1_775' title='bbox 907 1337 1074 1363; x_wconf 88' lang='lat' dir='ltr'><strong>contentione</strong></span> <span class='ocrx_word' id='word_1_776' title='bbox 1092 1341 1241 1372; x_wconf 82' lang='lat' dir='ltr'><strong>pugnatum</strong></span> <span class='ocrx_word' id='word_1_777' title='bbox 1261 1340 1313 1367; x_wconf 89' lang='lat' dir='ltr'><strong>est,</strong></span> <span class='ocrx_word' id='word_1_778' title='bbox 1334 1341 1362 1362; x_wconf 88' lang='lat' dir='ltr'><strong>ut</strong></span> <span class='ocrx_word' id='word_1_779' title='bbox 1382 1336 1414 1362; x_wconf 89' lang='lat' dir='ltr'><strong>lis</strong></span> <span class='ocrx_word' id='word_1_780' title='bbox 1433 1336 1497 1362; x_wconf 88' lang='lat' dir='ltr'><strong>haec</strong></span> <span class='ocrx_word' id='word_1_781' title='bbox 1515 1336 1611 1370; x_wconf 89' lang='lat' dir='ltr'><strong>capitis</strong></span> <span class='ocrx_word' id='word_1_782' title='bbox 1625 1336 1705 1362; x_wconf 75' lang='lat' dir='ltr'><strong>aesti-</strong></span> 
     </span>
     <span class='ocr_line' id='line_1_105' title="bbox 907 1373 1705 1408; baseline 0 -9"><span class='ocrx_word' id='word_1_783' title='bbox 907 1378 1034 1400; x_wconf 88' lang='lat' dir='ltr'><strong>maretur.</strong></span> <span class='ocrx_word' id='word_1_784' title='bbox 1074 1373 1147 1405; x_wconf 89' lang='lat' dir='ltr'><strong>Quae</strong></span> <span class='ocrx_word' id='word_1_785' title='bbox 1167 1382 1208 1400; x_wconf 88' lang='lat' dir='ltr'><strong>res</strong></span> <span class='ocrx_word' id='word_1_786' title='bbox 1226 1373 1249 1399; x_wconf 88' lang='lat' dir='ltr'><strong>si</strong></span> <span class='ocrx_word' id='word_1_787' title='bbox 1268 1374 1305 1399; x_wconf 89' lang='lat' dir='ltr'><strong>rei</strong></span> <span class='ocrx_word' id='word_1_788' title='bbox 1324 1373 1454 1400; x_wconf 87' lang='lat' dir='ltr'><strong>iudicatae</strong></span> <span class='ocrx_word' id='word_1_789' title='bbox 1473 1373 1578 1408; x_wconf 89' lang='lat' dir='ltr'><strong>pondus</strong></span> <span class='ocrx_word' id='word_1_790' title='bbox 1592 1373 1705 1399; x_wconf 86' lang='lat' dir='ltr'><strong>habuis-</strong></span> 
     </span>
     <span class='ocr_line' id='line_1_106' title="bbox 907 1410 1704 1445; baseline 0 -8"><span class='ocrx_word' id='word_1_791' title='bbox 907 1416 961 1437; x_wconf 88' lang='lat' dir='ltr'><strong>set:</strong></span> <span class='ocrx_word' id='word_1_792' title='bbox 983 1411 1027 1437; x_wconf 91' lang='lat' dir='ltr'><strong>ille</strong></span> <span class='ocrx_word' id='word_1_793' title='bbox 1042 1416 1132 1445; x_wconf 85' lang='lat' dir='ltr'><strong>postea</strong></span> <span class='ocrx_word' id='word_1_794' title='bbox 1147 1411 1188 1437; x_wconf 82' lang='lat' dir='ltr'><strong>vel</strong></span> <span class='ocrx_word' id='word_1_795' title='bbox 1204 1411 1300 1437; x_wconf 88' lang='lat' dir='ltr'><strong>iisdem</strong></span> <span class='ocrx_word' id='word_1_796' title='bbox 1316 1410 1358 1437; x_wconf 90' lang='lat' dir='ltr'><strong>vel</strong></span> <span class='ocrx_word' id='word_1_797' title='bbox 1373 1411 1432 1437; x_wconf 86' lang='lat' dir='ltr'><strong>aliis</strong></span> <span class='ocrx_word' id='word_1_798' title='bbox 1447 1411 1564 1437; x_wconf 89' lang='lat' dir='ltr'><strong>inimicis</strong></span> <span class='ocrx_word' id='word_1_799' title='bbox 1579 1419 1640 1437; x_wconf 82' lang='lat' dir='ltr'><strong>reus</strong></span> <span class='ocrx_word' id='word_1_800' title='bbox 1655 1410 1704 1437; x_wconf 81' lang='lat' dir='ltr'><strong>liae</strong></span> 
     </span>
     <span class='ocr_line' id='line_1_107' title="bbox 908 1448 1232 1484; baseline 0 -10"><span class='ocrx_word' id='word_1_801' title='bbox 908 1448 965 1484; x_wconf 75' lang='lat' dir='ltr'><strong>lege</strong></span> <span class='ocrx_word' id='word_1_802' title='bbox 980 1449 1037 1483; x_wconf 87' lang='lat' dir='ltr'><strong>ipsa</strong></span> <span class='ocrx_word' id='word_1_803' title='bbox 1053 1448 1138 1474; x_wconf 84' lang='lat' dir='ltr'><strong>sactus</strong></span> <span class='ocrx_word' id='word_1_804' title='bbox 1152 1453 1232 1475; x_wconf 86' lang='lat' dir='ltr'><strong>esset.</strong></span> 
     </span>
    </p>

    <p class='ocr_par' dir='ltr' id='par_1_19' title="bbox 905 1485 1705 1670">
     <span class='ocr_line' id='line_1_108' title="bbox 963 1485 1705 1520; baseline -0.001 -8"><span class='ocrx_word' id='word_1_805' title='bbox 963 1486 1043 1512; x_wconf 81' lang='lat' dir='ltr'><strong>XLll.</strong></span> <span class='ocrx_word' id='word_1_806' title='bbox 1059 1487 1115 1512; x_wconf 86' lang='lat' dir='ltr'><strong>ll7.</strong></span> <span class='ocrx_word' id='word_1_807' title='bbox 1131 1486 1259 1520; x_wconf 87' lang='lat' dir='ltr'><strong>Sequitur</strong></span> <span class='ocrx_word' id='word_1_808' title='bbox 1273 1485 1309 1516; x_wconf 83' lang='lat' dir='ltr'><strong>id,</strong></span> <span class='ocrx_word' id='word_1_809' title='bbox 1325 1485 1398 1520; x_wconf 90' lang='lat' dir='ltr'><strong>quod</strong></span> <span class='ocrx_word' id='word_1_810' title='bbox 1412 1485 1450 1512; x_wconf 92' lang='lat' dir='ltr'><strong>illi</strong></span> <span class='ocrx_word' id='word_1_811' title='bbox 1467 1485 1596 1511; x_wconf 87' lang='lat' dir='ltr'><strong>iudicium</strong></span> <span class='ocrx_word' id='word_1_812' title='bbox 1611 1485 1705 1520; x_wconf 90' lang='lat' dir='ltr'><strong>appel-</strong></span> 
     </span>
     <span class='ocr_line' id='line_1_109' title="bbox 908 1522 1703 1558; baseline -0.001 -9"><span class='ocrx_word' id='word_1_813' title='bbox 908 1523 970 1554; x_wconf 89' lang='lat' dir='ltr'><strong>lant,</strong></span> <span class='ocrx_word' id='word_1_814' title='bbox 987 1524 1100 1549; x_wconf 89' lang='lat' dir='ltr'><strong>maiores</strong></span> <span class='ocrx_word' id='word_1_815' title='bbox 1114 1528 1202 1549; x_wconf 87' lang='lat' dir='ltr'><strong>autem</strong></span> <span class='ocrx_word' id='word_1_816' title='bbox 1217 1524 1299 1549; x_wconf 72' lang='lat' dir='ltr'><strong>nostri</strong></span> <span class='ocrx_word' id='word_1_817' title='bbox 1315 1532 1462 1558; x_wconf 83' lang='lat' dir='ltr'><strong>numquam</strong></span> <span class='ocrx_word' id='word_1_818' title='bbox 1475 1531 1561 1557; x_wconf 86' lang='lat' dir='ltr'><strong>neque</strong></span> <span class='ocrx_word' id='word_1_819' title='bbox 1572 1522 1703 1549; x_wconf 86' lang='lat' dir='ltr'><strong>iudicium</strong></span> 
     </span>
     <span class='ocr_line' id='line_1_110' title="bbox 907 1560 1705 1596; baseline -0.003 -9"><span class='ocrx_word' id='word_1_820' title='bbox 907 1562 1086 1591; x_wconf 83' lang='lat' dir='ltr'><strong>nominarunt,</strong></span> <span class='ocrx_word' id='word_1_821' title='bbox 1104 1570 1190 1596; x_wconf 90' lang='lat' dir='ltr'><strong>neque</strong></span> <span class='ocrx_word' id='word_1_822' title='bbox 1201 1561 1321 1595; x_wconf 84' lang='lat' dir='ltr'><strong>proinde,</strong></span> <span class='ocrx_word' id='word_1_823' title='bbox 1339 1565 1432 1587; x_wconf 86' lang='lat' dir='ltr'><strong>utrem</strong></span> <span class='ocrx_word' id='word_1_824' title='bbox 1444 1560 1596 1590; x_wconf 79' lang='lat' dir='ltr'><strong>iudicatam,</strong></span> <span class='ocrx_word' id='word_1_825' title='bbox 1613 1560 1705 1586; x_wconf 86' lang='lat' dir='ltr'><strong>obser-</strong></span> 
     </span>
     <span class='ocr_line' id='line_1_111' title="bbox 907 1598 1704 1633; baseline -0.003 -8"><span class='ocrx_word' id='word_1_826' title='bbox 907 1603 1050 1629; x_wconf 80' lang='lat' dir='ltr'><strong>vaverunt,</strong></span> <span class='ocrx_word' id='word_1_827' title='bbox 1071 1598 1329 1625; x_wconf 82' lang='lat' dir='ltr'><strong>animadversionem</strong></span> <span class='ocrx_word' id='word_1_828' title='bbox 1348 1603 1427 1633; x_wconf 87' lang='lat' dir='ltr'><strong>atque</strong></span> <span class='ocrx_word' id='word_1_829' title='bbox 1446 1598 1627 1624; x_wconf 81' lang='lat' dir='ltr'><strong>auctoritatem</strong></span> <span class='ocrx_word' id='word_1_830' title='bbox 1641 1606 1704 1623; x_wconf 80' lang='lat' dir='ltr'><strong>ceu-</strong></span> 
     </span>
     <span class='ocr_line' id='line_1_112' title="bbox 905 1635 1703 1670; baseline -0.003 -8"><span class='ocrx_word' id='word_1_831' title='bbox 905 1636 1014 1663; x_wconf 84' lang='lat' dir='ltr'><strong>soriam.</strong></span> <span class='ocrx_word' id='word_1_832' title='bbox 1035 1636 1092 1668; x_wconf 85' lang='lat' dir='ltr'><strong>Qua</strong></span> <span class='ocrx_word' id='word_1_833' title='bbox 1107 1636 1140 1662; x_wconf 89' lang='lat' dir='ltr'><strong>de</strong></span> <span class='ocrx_word' id='word_1_834' title='bbox 1155 1644 1181 1662; x_wconf 88' lang='lat' dir='ltr'><strong>re</strong></span> <span class='ocrx_word' id='word_1_835' title='bbox 1195 1641 1338 1670; x_wconf 83' lang='lat' dir='ltr'><strong>antequam</strong></span> <span class='ocrx_word' id='word_1_836' title='bbox 1349 1635 1437 1661; x_wconf 85' lang='lat' dir='ltr'><strong>dicere</strong></span> <span class='ocrx_word' id='word_1_837' title='bbox 1447 1635 1554 1669; x_wconf 87' lang='lat' dir='ltr'><strong>incipio,</strong></span> <span class='ocrx_word' id='word_1_838' title='bbox 1571 1643 1703 1670; x_wconf 83' lang='lat' dir='ltr'><strong>perpauca</strong></span> 
     </span>
    </p>
   </div>
   <div class='ocr_carea' id='block_1_18' title="bbox 883 1672 1704 1700">
    <p class='ocr_par' dir='ltr' id='par_1_20' title="bbox 883 1672 1704 1700">
     <span class='ocr_line' id='line_1_113' title="bbox 883 1672 1704 1700; baseline -0.001 -1"><span class='ocrx_word' id='word_1_839' title='bbox 883 1684 884 1692; x_wconf 58' lang='lat'>¹</span> <span class='ocrx_word' id='word_1_840' title='bbox 906 1673 972 1700; x_wconf 81' lang='lat' dir='ltr'><strong>mihi</strong></span> <span class='ocrx_word' id='word_1_841' title='bbox 991 1673 1024 1699; x_wconf 88' lang='lat' dir='ltr'><strong>(le</strong></span> <span class='ocrx_word' id='word_1_842' title='bbox 1043 1682 1102 1699; x_wconf 90' lang='lat' dir='ltr'><strong>mco</strong></span> <span class='ocrx_word' id='word_1_843' title='bbox 1120 1673 1207 1699; x_wconf 77' lang='lat' dir='ltr'><strong>officio</strong></span> <span class='ocrx_word' id='word_1_844' title='bbox 1225 1673 1305 1699; x_wconf 79' lang='lat' dir='ltr'><strong>verba</strong></span> <span class='ocrx_word' id='word_1_845' title='bbox 1326 1672 1448 1699; x_wconf 84' lang='lat' dir='ltr'><strong>faciunda</strong></span> <span class='ocrx_word' id='word_1_846' title='bbox 1467 1677 1544 1698; x_wconf 88' lang='lat' dir='ltr'><strong>sunt:</strong></span> <span class='ocrx_word' id='word_1_847' title='bbox 1573 1677 1602 1698; x_wconf 92' lang='lat' dir='ltr'><strong>ut</strong></span> <span class='ocrx_word' id='word_1_848' title='bbox 1624 1682 1637 1698; x_wconf 89' lang='lat' dir='ltr'><strong>a</strong></span> <span class='ocrx_word' id='word_1_849' title='bbox 1662 1681 1704 1698; x_wconf 86' lang='lat' dir='ltr'><strong>mc</strong></span> 
     </span>
    </p>
   </div>
   <div class='ocr_carea' id='block_1_19' title="bbox 905 1710 1705 1775">
    <p class='ocr_par' dir='ltr' id='par_1_21' title="bbox 905 1710 1705 1775">
     <span class='ocr_line' id='line_1_114' title="bbox 906 1710 1705 1746; baseline -0.003 -9"><span class='ocrx_word' id='word_1_850' title='bbox 906 1719 991 1746; x_wconf 91' lang='lat' dir='ltr'><strong>quum</strong></span> <span class='ocrx_word' id='word_1_851' title='bbox 1008 1711 1121 1737; x_wconf 84' lang='lat' dir='ltr'><strong>huiusce</strong></span> <span class='ocrx_word' id='word_1_852' title='bbox 1135 1710 1262 1745; x_wconf 86' lang='lat' dir='ltr'><strong>periculi,</strong></span> <span class='ocrx_word' id='word_1_853' title='bbox 1284 1715 1340 1737; x_wconf 87' lang='lat' dir='ltr'><strong>tum</strong></span> <span class='ocrx_word' id='word_1_854' title='bbox 1359 1715 1508 1736; x_wconf 85' lang='lat' dir='ltr'><strong>ceterorum</strong></span> <span class='ocrx_word' id='word_1_855' title='bbox 1522 1718 1630 1744; x_wconf 87' lang='lat' dir='ltr'><strong>quoque</strong></span> <span class='ocrx_word' id='word_1_856' title='bbox 1645 1710 1705 1735; x_wconf 84' lang='lat' dir='ltr'><strong>osti-</strong></span> 
     </span>
     <span class='ocr_line' id='line_1_115' title="bbox 905 1747 1702 1775; baseline -0.003 0"><span class='ocrx_word' id='word_1_857' title='bbox 905 1749 1008 1775; x_wconf 89' lang='lat' dir='ltr'><strong>ciorum</strong></span> <span class='ocrx_word' id='word_1_858' title='bbox 1023 1753 1047 1775; x_wconf 90' lang='lat' dir='ltr'><strong>et</strong></span> <span class='ocrx_word' id='word_1_859' title='bbox 1062 1749 1239 1775; x_wconf 84' lang='lat' dir='ltr'><strong>amicitiarum</strong></span> <span class='ocrx_word' id='word_1_860' title='bbox 1254 1749 1321 1774; x_wconf 85' lang='lat' dir='ltr'><strong>ratio</strong></span> <span class='ocrx_word' id='word_1_861' title='bbox 1334 1752 1488 1774; x_wconf 74' lang='lat' dir='ltr'><strong>conservata</strong></span> <span class='ocrx_word' id='word_1_862' title='bbox 1500 1756 1558 1773; x_wconf 89' lang='lat' dir='ltr'><strong>esse</strong></span> <span class='ocrx_word' id='word_1_863' title='bbox 1570 1747 1702 1773; x_wconf 73' lang='lat' dir='ltr'><strong>videatur.</strong></span> 
     </span>
    </p>
   </div>
   <div class='ocr_carea' id='block_1_20' title="bbox 875 1784 1704 1820">
    <p class='ocr_par' dir='ltr' id='par_1_22' title="bbox 875 1784 1704 1820">
     <span class='ocr_line' id='line_1_116' title="bbox 875 1784 1704 1820; baseline -0.002 -8"><span class='ocrx_word' id='word_1_864' title='bbox 875 1784 884 1808; x_wconf 60' lang='lat' dir='ltr'><strong>t*</strong></span> <span class='ocrx_word' id='word_1_865' title='bbox 906 1786 973 1812; x_wconf 82' lang='lat' dir='ltr'><strong>Nam</strong></span> <span class='ocrx_word' id='word_1_866' title='bbox 987 1786 1054 1812; x_wconf 84' lang='lat' dir='ltr'><strong>milii</strong></span> <span class='ocrx_word' id='word_1_867' title='bbox 1068 1795 1130 1812; x_wconf 91' lang='lat' dir='ltr'><strong>cum</strong></span> <span class='ocrx_word' id='word_1_868' title='bbox 1146 1786 1211 1812; x_wconf 86' lang='lat' dir='ltr'><strong>viris</strong></span> <span class='ocrx_word' id='word_1_869' title='bbox 1227 1785 1353 1814; x_wconf 81' lang='lat' dir='ltr'><strong>fortibus,</strong></span> <span class='ocrx_word' id='word_1_870' title='bbox 1373 1786 1422 1820; x_wconf 87' lang='lat' dir='ltr'><strong>qui</strong></span> <span class='ocrx_word' id='word_1_871' title='bbox 1440 1794 1564 1811; x_wconf 84' lang='lat' dir='ltr'><strong>censores</strong></span> <span class='ocrx_word' id='word_1_872' title='bbox 1583 1785 1704 1819; x_wconf 85' lang='lat' dir='ltr'><strong>proxime</strong></span> 
     </span>
    </p>
   </div>
   <div class='ocr_carea' id='block_1_21' title="bbox 903 1822 1704 2720">
    <p class='ocr_par' dir='ltr' id='par_1_23' title="bbox 903 1822 1704 2487">
     <span class='ocr_line' id='line_1_117' title="bbox 906 1822 1704 1857; baseline -0.003 -7"><span class='ocrx_word' id='word_1_873' title='bbox 906 1823 1030 1853; x_wconf 80' lang='lat' dir='ltr'><strong>fuerunt,</strong></span> <span class='ocrx_word' id='word_1_874' title='bbox 1046 1824 1177 1849; x_wconf 87' lang='lat' dir='ltr'><strong>ambobus</strong></span> <span class='ocrx_word' id='word_1_875' title='bbox 1192 1828 1232 1849; x_wconf 89' lang='lat' dir='ltr'><strong>est</strong></span> <span class='ocrx_word' id='word_1_876' title='bbox 1246 1823 1375 1850; x_wconf 82' lang='lat' dir='ltr'><strong>amicitia:</strong></span> <span class='ocrx_word' id='word_1_877' title='bbox 1392 1831 1454 1849; x_wconf 90' lang='lat' dir='ltr'><strong>cum</strong></span> <span class='ocrx_word' id='word_1_878' title='bbox 1469 1822 1550 1848; x_wconf 84' lang='lat' dir='ltr'><strong>altero</strong></span> <span class='ocrx_word' id='word_1_879' title='bbox 1564 1831 1627 1848; x_wconf 78' lang='lat' dir='ltr'><strong>vero</strong></span> <span class='ocrx_word' id='word_1_880' title='bbox 1642 1823 1704 1857; x_wconf 73' lang='lat' dir='ltr'><strong>[sic—</strong></span> 
     </span>
     <span class='ocr_line' id='line_1_118' title="bbox 906 1860 1703 1896; baseline -0.003 -9"><span class='ocrx_word' id='word_1_881' title='bbox 906 1861 944 1887; x_wconf 93' lang='lat' dir='ltr'><strong>uti</strong></span> <span class='ocrx_word' id='word_1_882' title='bbox 960 1861 1082 1896; x_wconf 86' lang='lat' dir='ltr'><strong>plerique</strong></span> <span class='ocrx_word' id='word_1_883' title='bbox 1097 1866 1217 1887; x_wconf 76' lang='lat' dir='ltr'><strong>vestrum</strong></span> <span class='ocrx_word' id='word_1_884' title='bbox 1231 1860 1330 1895; x_wconf 84' lang='lat' dir='ltr'><strong>sciunt)</strong></span> <span class='ocrx_word' id='word_1_885' title='bbox 1345 1869 1460 1896; x_wconf 77' lang='lat' dir='ltr'><strong>magnus</strong></span> <span class='ocrx_word' id='word_1_886' title='bbox 1475 1868 1542 1886; x_wconf 89' lang='lat' dir='ltr'><strong>usus</strong></span> <span class='ocrx_word' id='word_1_887' title='bbox 1558 1864 1583 1886; x_wconf 88' lang='lat' dir='ltr'><strong>et</strong></span> <span class='ocrx_word' id='word_1_888' title='bbox 1598 1868 1703 1886; x_wconf 85' lang='lat' dir='ltr'><strong>summa</strong></span> 
     </span>
     <span class='ocr_line' id='line_1_119' title="bbox 1649 1899 1702 1923; baseline 0 0"><span class='ocrx_word' id='word_1_889' title='bbox 1649 1900 1654 1923; x_wconf 92' lang='lat' dir='ltr'><strong>l</strong></span> <span class='ocrx_word' id='word_1_890' title='bbox 1666 1899 1702 1923; x_wconf 69' lang='lat'><strong>¹8.</strong></span> 
     </span>
     <span class='ocr_line' id='line_1_120' title="bbox 905 1934 1700 1971; baseline -0.003 -9"><span class='ocrx_word' id='word_1_891' title='bbox 905 1936 1001 1969; x_wconf 87' lang='lat' dir='ltr'><strong>Quare,</strong></span> <span class='ocrx_word' id='word_1_892' title='bbox 1017 1936 1153 1971; x_wconf 86' lang='lat' dir='ltr'><strong>quidquid</strong></span> <span class='ocrx_word' id='word_1_893' title='bbox 1167 1936 1199 1962; x_wconf 87' lang='lat' dir='ltr'><strong>de</strong></span> <span class='ocrx_word' id='word_1_894' title='bbox 1213 1935 1460 1970; x_wconf 87' lang='lat' dir='ltr'><strong>subscriptionibus</strong></span> <span class='ocrx_word' id='word_1_895' title='bbox 1474 1944 1565 1961; x_wconf 83' lang='lat' dir='ltr'><strong>eorum</strong></span> <span class='ocrx_word' id='word_1_896' title='bbox 1582 1935 1647 1961; x_wconf 77' lang='lat' dir='ltr'><strong>milii</strong></span> <span class='ocrx_word' id='word_1_897' title='bbox 1662 1934 1700 1960; x_wconf 91' lang='lat' dir='ltr'><strong>di-</strong></span> 
     </span>
     <span class='ocr_line' id='line_1_121' title="bbox 904 1973 1702 2006; baseline -0.004 -6"><span class='ocrx_word' id='word_1_898' title='bbox 904 1974 1020 2000; x_wconf 86' lang='lat' dir='ltr'><strong>cendum</strong></span> <span class='ocrx_word' id='word_1_899' title='bbox 1034 1975 1096 2006; x_wconf 82' lang='lat' dir='ltr'><strong>erit,</strong></span> <span class='ocrx_word' id='word_1_900' title='bbox 1118 1982 1148 2000; x_wconf 92' lang='lat' dir='ltr'><strong>eo</strong></span> <span class='ocrx_word' id='word_1_901' title='bbox 1161 1974 1248 1999; x_wconf 87' lang='lat' dir='ltr'><strong>dicam</strong></span> <span class='ocrx_word' id='word_1_902' title='bbox 1263 1974 1364 2003; x_wconf 89' lang='lat' dir='ltr'><strong>animo,</strong></span> <span class='ocrx_word' id='word_1_903' title='bbox 1386 1977 1415 1999; x_wconf 90' lang='lat' dir='ltr'><strong>ut</strong></span> <span class='ocrx_word' id='word_1_904' title='bbox 1433 1981 1539 1999; x_wconf 90' lang='lat' dir='ltr'><strong>omnem</strong></span> <span class='ocrx_word' id='word_1_905' title='bbox 1558 1973 1702 1998; x_wconf 84' lang='lat' dir='ltr'><strong>orationem</strong></span> 
     </span>
     <span class='ocr_line' id='line_1_122' title="bbox 905 2010 1703 2041; baseline -0.004 -3"><span class='ocrx_word' id='word_1_906' title='bbox 905 2020 991 2038; x_wconf 85' lang='lat' dir='ltr'><strong>meam</strong></span> <span class='ocrx_word' id='word_1_907' title='bbox 1007 2020 1058 2038; x_wconf 93' lang='lat' dir='ltr'><strong>non</strong></span> <span class='ocrx_word' id='word_1_908' title='bbox 1073 2011 1105 2038; x_wconf 89' lang='lat' dir='ltr'><strong>de</strong></span> <span class='ocrx_word' id='word_1_909' title='bbox 1121 2011 1227 2037; x_wconf 90' lang='lat' dir='ltr'><strong>illorum</strong></span> <span class='ocrx_word' id='word_1_910' title='bbox 1248 2010 1327 2041; x_wconf 79' lang='lat' dir='ltr'><strong>sacto,</strong></span> <span class='ocrx_word' id='word_1_911' title='bbox 1349 2010 1396 2036; x_wconf 88' lang='lat' dir='ltr'><strong>sed</strong></span> <span class='ocrx_word' id='word_1_912' title='bbox 1415 2010 1448 2036; x_wconf 86' lang='lat' dir='ltr'><strong>de</strong></span> <span class='ocrx_word' id='word_1_913' title='bbox 1467 2011 1566 2036; x_wconf 83' lang='lat' dir='ltr'><strong>ratione</strong></span> <span class='ocrx_word' id='word_1_914' title='bbox 1584 2010 1703 2035; x_wconf 75' lang='lat' dir='ltr'><strong>censoria</strong></span> 
     </span>
     <span class='ocr_line' id='line_1_123' title="bbox 906 2047 1702 2078; baseline -0.003 -3"><span class='ocrx_word' id='word_1_915' title='bbox 906 2049 1023 2075; x_wconf 84' lang='lat' dir='ltr'><strong>habitam</strong></span> <span class='ocrx_word' id='word_1_916' title='bbox 1038 2049 1186 2075; x_wconf 82' lang='lat' dir='ltr'><strong>existimari</strong></span> <span class='ocrx_word' id='word_1_917' title='bbox 1201 2048 1297 2075; x_wconf 79' lang='lat' dir='ltr'><strong>velim:</strong></span> <span class='ocrx_word' id='word_1_918' title='bbox 1314 2057 1328 2074; x_wconf 90' lang='lat' dir='ltr'><strong>a</strong></span> <span class='ocrx_word' id='word_1_919' title='bbox 1340 2047 1452 2074; x_wconf 83' lang='lat' dir='ltr'><strong>Lentulo</strong></span> <span class='ocrx_word' id='word_1_920' title='bbox 1462 2053 1561 2078; x_wconf 83' lang='lat' dir='ltr'><strong>autem,</strong></span> <span class='ocrx_word' id='word_1_921' title='bbox 1578 2047 1702 2073; x_wconf 83' lang='lat' dir='ltr'><strong>familiari</strong></span> 
     </span>
     <span class='ocr_line' id='line_1_124' title="bbox 905 2085 1704 2121; baseline -0.004 -8"><span class='ocrx_word' id='word_1_922' title='bbox 905 2095 972 2117; x_wconf 90' lang='lat' dir='ltr'><strong>meo,</strong></span> <span class='ocrx_word' id='word_1_923' title='bbox 988 2087 1036 2121; x_wconf 90' lang='lat' dir='ltr'><strong>qui</strong></span> <span class='ocrx_word' id='word_1_924' title='bbox 1050 2095 1064 2113; x_wconf 88' lang='lat' dir='ltr'><strong>a</strong></span> <span class='ocrx_word' id='word_1_925' title='bbox 1079 2095 1121 2113; x_wconf 84' lang='lat' dir='ltr'><strong>me</strong></span> <span class='ocrx_word' id='word_1_926' title='bbox 1136 2095 1182 2121; x_wconf 90' lang='lat' dir='ltr'><strong>pro</strong></span> <span class='ocrx_word' id='word_1_927' title='bbox 1196 2086 1294 2112; x_wconf 85' lang='lat' dir='ltr'><strong>eximia</strong></span> <span class='ocrx_word' id='word_1_928' title='bbox 1306 2094 1354 2112; x_wconf 91' lang='lat' dir='ltr'><strong>sua</strong></span> <span class='ocrx_word' id='word_1_929' title='bbox 1366 2086 1463 2111; x_wconf 73' lang='lat' dir='ltr'><strong>virtute</strong></span> <span class='ocrx_word' id='word_1_930' title='bbox 1474 2085 1644 2120; x_wconf 77' lang='lat' dir='ltr'><strong>summisque</strong></span> <span class='ocrx_word' id='word_1_931' title='bbox 1657 2085 1704 2110; x_wconf 79' lang='lat' dir='ltr'><strong>lio-</strong></span> 
     </span>
     <span class='ocr_line' id='line_1_125' title="bbox 905 2122 1703 2159; baseline -0.004 -8"><span class='ocrx_word' id='word_1_932' title='bbox 905 2125 1029 2155; x_wconf 86' lang='lat' dir='ltr'><strong>noribus,</strong></span> <span class='ocrx_word' id='word_1_933' title='bbox 1045 2133 1114 2159; x_wconf 88' lang='lat' dir='ltr'><strong>quos</strong></span> <span class='ocrx_word' id='word_1_934' title='bbox 1128 2133 1141 2150; x_wconf 88' lang='lat' dir='ltr'><strong>a</strong></span> <span class='ocrx_word' id='word_1_935' title='bbox 1157 2123 1256 2158; x_wconf 84' lang='lat' dir='ltr'><strong>populo</strong></span> <span class='ocrx_word' id='word_1_936' title='bbox 1271 2124 1389 2149; x_wconf 85' lang='lat' dir='ltr'><strong>Romano</strong></span> <span class='ocrx_word' id='word_1_937' title='bbox 1403 2123 1516 2158; x_wconf 85' lang='lat' dir='ltr'><strong>adeptus</strong></span> <span class='ocrx_word' id='word_1_938' title='bbox 1530 2127 1578 2153; x_wconf 87' lang='lat' dir='ltr'><strong>est,</strong></span> <span class='ocrx_word' id='word_1_939' title='bbox 1596 2122 1703 2148; x_wconf 82' lang='lat' dir='ltr'><strong>lionoris</strong></span> 
     </span>
     <span class='ocr_line' id='line_1_126' title="bbox 904 2160 1700 2195; baseline -0.001 -7"><span class='ocrx_word' id='word_1_940' title='bbox 904 2170 998 2188; x_wconf 85' lang='lat' dir='ltr'><strong>caussa</strong></span> <span class='ocrx_word' id='word_1_941' title='bbox 1014 2162 1178 2192; x_wconf 84' lang='lat' dir='ltr'><strong>nominatur,</strong></span> <span class='ocrx_word' id='word_1_942' title='bbox 1196 2161 1272 2187; x_wconf 79' lang='lat' dir='ltr'><strong>facile</strong></span> <span class='ocrx_word' id='word_1_943' title='bbox 1287 2161 1344 2191; x_wconf 84' lang='lat' dir='ltr'><strong>boc,</strong></span> <span class='ocrx_word' id='word_1_944' title='bbox 1360 2160 1472 2191; x_wconf 87' lang='lat' dir='ltr'><strong>iudices,</strong></span> <span class='ocrx_word' id='word_1_945' title='bbox 1489 2160 1645 2195; x_wconf 81' lang='lat' dir='ltr'><strong>impetrabo,</strong></span> <span class='ocrx_word' id='word_1_946' title='bbox 1664 2165 1700 2187; x_wconf 83' lang='lat' dir='ltr'><strong>ut.</strong></span> 
     </span>
     <span class='ocr_line' id='line_1_127' title="bbox 904 2197 1702 2234; baseline -0.004 -9"><span class='ocrx_word' id='word_1_947' title='bbox 904 2208 985 2234; x_wconf 88' lang='lat' dir='ltr'><strong>quam</strong></span> <span class='ocrx_word' id='word_1_948' title='bbox 1004 2200 1062 2234; x_wconf 87' lang='lat' dir='ltr'><strong>ipse</strong></span> <span class='ocrx_word' id='word_1_949' title='bbox 1076 2199 1204 2225; x_wconf 86' lang='lat' dir='ltr'><strong>adbibere</strong></span> <span class='ocrx_word' id='word_1_950' title='bbox 1218 2199 1359 2225; x_wconf 78' lang='lat' dir='ltr'><strong>consuevit</strong></span> <span class='ocrx_word' id='word_1_951' title='bbox 1373 2198 1399 2224; x_wconf 94' lang='lat' dir='ltr'><strong>in</strong></span> <span class='ocrx_word' id='word_1_952' title='bbox 1414 2198 1560 2224; x_wconf 89' lang='lat' dir='ltr'><strong>amicorum</strong></span> <span class='ocrx_word' id='word_1_953' title='bbox 1575 2197 1702 2232; x_wconf 80' lang='lat' dir='ltr'><strong>perieulis</strong></span> 
     </span>
     <span class='ocr_line' id='line_1_128' title="bbox 903 2234 1703 2272; baseline -0.003 -10"><span class='ocrx_word' id='word_1_954' title='bbox 903 2245 989 2272; x_wconf 89' lang='lat' dir='ltr'><strong>quum</strong></span> <span class='ocrx_word' id='word_1_955' title='bbox 1005 2236 1083 2262; x_wconf 81' lang='lat' dir='ltr'><strong>tidem</strong></span> <span class='ocrx_word' id='word_1_956' title='bbox 1098 2241 1123 2262; x_wconf 90' lang='lat' dir='ltr'><strong>ct</strong></span> <span class='ocrx_word' id='word_1_957' title='bbox 1141 2236 1322 2271; x_wconf 75' lang='lat' dir='ltr'><strong>diligentiam,</strong></span> <span class='ocrx_word' id='word_1_958' title='bbox 1344 2240 1399 2261; x_wconf 89' lang='lat' dir='ltr'><strong>tum</strong></span> <span class='ocrx_word' id='word_1_959' title='bbox 1420 2236 1474 2261; x_wconf 78' lang='lat' dir='ltr'><strong>vim</strong></span> <span class='ocrx_word' id='word_1_960' title='bbox 1493 2236 1575 2261; x_wconf 81' lang='lat' dir='ltr'><strong>nninii</strong></span> <span class='ocrx_word' id='word_1_961' title='bbox 1596 2234 1703 2260; x_wconf 82' lang='lat' dir='ltr'><strong>liberta—</strong></span> 
     </span>
     <span class='ocr_line' id='line_1_129' title="bbox 904 2272 1703 2308; baseline -0.004 -8"><span class='ocrx_word' id='word_1_962' title='bbox 904 2278 1013 2308; x_wconf 86' lang='lat' dir='ltr'><strong>temque</strong></span> <span class='ocrx_word' id='word_1_963' title='bbox 1027 2273 1142 2303; x_wconf 88' lang='lat' dir='ltr'><strong>dicendi,</strong></span> <span class='ocrx_word' id='word_1_964' title='bbox 1159 2274 1186 2299; x_wconf 94' lang='lat' dir='ltr'><strong>in</strong></span> <span class='ocrx_word' id='word_1_965' title='bbox 1202 2274 1250 2300; x_wconf 85' lang='lat' dir='ltr'><strong>lioc</strong></span> <span class='ocrx_word' id='word_1_966' title='bbox 1264 2273 1331 2299; x_wconf 85' lang='lat' dir='ltr'><strong>milii</strong></span> <span class='ocrx_word' id='word_1_967' title='bbox 1346 2272 1480 2302; x_wconf 83' lang='lat' dir='ltr'><strong>concedat,</strong></span> <span class='ocrx_word' id='word_1_968' title='bbox 1497 2278 1525 2298; x_wconf 90' lang='lat' dir='ltr'><strong>ut</strong></span> <span class='ocrx_word' id='word_1_969' title='bbox 1537 2277 1639 2298; x_wconf 86' lang='lat' dir='ltr'><strong>tantum</strong></span> <span class='ocrx_word' id='word_1_970' title='bbox 1652 2273 1703 2297; x_wconf 83' lang='lat' dir='ltr'><strong>nii-</strong></span> 
     </span>
     <span class='ocr_line' id='line_1_130' title="bbox 905 2309 1702 2346; baseline -0.004 -9"><span class='ocrx_word' id='word_1_971' title='bbox 905 2311 931 2337; x_wconf 83' lang='lat' dir='ltr'><strong>hi</strong></span> <span class='ocrx_word' id='word_1_972' title='bbox 950 2319 1071 2342; x_wconf 76' lang='lat' dir='ltr'><strong>suniam,</strong></span> <span class='ocrx_word' id='word_1_973' title='bbox 1091 2316 1223 2346; x_wconf 89' lang='lat' dir='ltr'><strong>quantum</strong></span> <span class='ocrx_word' id='word_1_974' title='bbox 1242 2311 1301 2336; x_wconf 89' lang='lat' dir='ltr'><strong>sine</strong></span> <span class='ocrx_word' id='word_1_975' title='bbox 1321 2310 1402 2336; x_wconf 79' lang='lat' dir='ltr'><strong>huius</strong></span> <span class='ocrx_word' id='word_1_976' title='bbox 1422 2309 1542 2344; x_wconf 82' lang='lat' dir='ltr'><strong>periculo</strong></span> <span class='ocrx_word' id='word_1_977' title='bbox 1561 2309 1702 2344; x_wconf 82' lang='lat' dir='ltr'><strong>praeterire</strong></span> 
     </span>
     <span class='ocr_line' id='line_1_131' title="bbox 905 2347 1702 2383; baseline -0.003 -9"><span class='ocrx_word' id='word_1_978' title='bbox 905 2357 956 2375; x_wconf 92' lang='lat' dir='ltr'><strong>non</strong></span> <span class='ocrx_word' id='word_1_979' title='bbox 975 2357 1097 2383; x_wconf 88' lang='lat' dir='ltr'><strong>possum.</strong></span> <span class='ocrx_word' id='word_1_980' title='bbox 1137 2348 1158 2374; x_wconf 75' lang='lat' dir='ltr'>A</span> <span class='ocrx_word' id='word_1_981' title='bbox 1178 2356 1221 2374; x_wconf 85' lang='lat' dir='ltr'><strong>me</strong></span> <span class='ocrx_word' id='word_1_982' title='bbox 1240 2352 1341 2378; x_wconf 88' lang='lat' dir='ltr'><strong>tamen,</strong></span> <span class='ocrx_word' id='word_1_983' title='bbox 1363 2352 1391 2373; x_wconf 92' lang='lat' dir='ltr'><strong>ut</strong></span> <span class='ocrx_word' id='word_1_984' title='bbox 1405 2355 1521 2381; x_wconf 83' lang='lat' dir='ltr'><strong>aequum</strong></span> <span class='ocrx_word' id='word_1_985' title='bbox 1535 2351 1588 2377; x_wconf 82' lang='lat' dir='ltr'><strong>cst,</strong></span> <span class='ocrx_word' id='word_1_986' title='bbox 1613 2347 1702 2372; x_wconf 82' lang='lat' dir='ltr'><strong>onmia</strong></span> 
     </span>
     <span class='ocr_line' id='line_1_132' title="bbox 903 2384 1702 2420; baseline -0.003 -9"><span class='ocrx_word' id='word_1_987' title='bbox 903 2390 980 2412; x_wconf 84' lang='lat' dir='ltr'><strong>cauto</strong></span> <span class='ocrx_word' id='word_1_988' title='bbox 998 2386 1216 2420; x_wconf 86' lang='lat' dir='ltr'><strong>pedetentimque</strong></span> <span class='ocrx_word' id='word_1_989' title='bbox 1233 2385 1368 2414; x_wconf 85' lang='lat' dir='ltr'><strong>dicentur,</strong></span> <span class='ocrx_word' id='word_1_990' title='bbox 1395 2389 1423 2410; x_wconf 89' lang='lat' dir='ltr'><strong>ut</strong></span> <span class='ocrx_word' id='word_1_991' title='bbox 1438 2393 1523 2419; x_wconf 88' lang='lat' dir='ltr'><strong>neque</strong></span> <span class='ocrx_word' id='word_1_992' title='bbox 1539 2384 1604 2410; x_wconf 82' lang='lat' dir='ltr'><strong>tides</strong></span> <span class='ocrx_word' id='word_1_993' title='bbox 1620 2384 1702 2410; x_wconf 79' lang='lat' dir='ltr'><strong>liuius</strong></span> 
     </span>
     <span class='ocr_line' id='line_1_133' title="bbox 903 2421 1702 2457; baseline -0.003 -8"><span class='ocrx_word' id='word_1_994' title='bbox 903 2422 1069 2449; x_wconf 77' lang='lat' dir='ltr'><strong>‹tc-tensionis</strong></span> <span class='ocrx_word' id='word_1_995' title='bbox 1093 2422 1196 2453; x_wconf 87' lang='lat' dir='ltr'><strong>relicta,</strong></span> <span class='ocrx_word' id='word_1_996' title='bbox 1226 2431 1312 2457; x_wconf 86' lang='lat' dir='ltr'><strong>neque</strong></span> <span class='ocrx_word' id='word_1_997' title='bbox 1335 2422 1496 2456; x_wconf 86' lang='lat' dir='ltr'><strong>cuiusquam</strong></span> <span class='ocrx_word' id='word_1_998' title='bbox 1521 2426 1566 2448; x_wconf 87' lang='lat' dir='ltr'><strong>aut</strong></span> <span class='ocrx_word' id='word_1_999' title='bbox 1584 2421 1702 2457; x_wconf 68' lang='lat' dir='ltr'><strong>dignitas</strong></span> 
     </span>
     <span class='ocr_line' id='line_1_134' title="bbox 905 2459 1494 2487; baseline -0.005 0"><span class='ocrx_word' id='word_1_1000' title='bbox 905 2460 974 2487; x_wconf 84' lang='lat' dir='ltr'><strong>laesa</strong></span> <span class='ocrx_word' id='word_1_1001' title='bbox 988 2465 1034 2486; x_wconf 86' lang='lat' dir='ltr'><strong>aut</strong></span> <span class='ocrx_word' id='word_1_1002' title='bbox 1047 2460 1162 2486; x_wconf 84' lang='lat' dir='ltr'><strong>amicitia</strong></span> <span class='ocrx_word' id='word_1_1003' title='bbox 1179 2459 1274 2486; x_wconf 81' lang='lat' dir='ltr'><strong>violata</strong></span> <span class='ocrx_word' id='word_1_1004' title='bbox 1289 2467 1349 2485; x_wconf 87' lang='lat' dir='ltr'><strong>esse</strong></span> <span class='ocrx_word' id='word_1_1005' title='bbox 1364 2459 1494 2485; x_wconf 72' lang='lat' dir='ltr'><strong>videatur.</strong></span> 
     </span>
    </p>

    <p class='ocr_par' dir='ltr' id='par_1_24' title="bbox 903 2496 1702 2720">
     <span class='ocr_line' id='line_1_135' title="bbox 960 2496 1702 2533; baseline -0.003 -9"><span class='ocrx_word' id='word_1_1006' title='bbox 960 2499 1017 2524; x_wconf 80' lang='grc'><strong>449.</strong></span> <span class='ocrx_word' id='word_1_1007' title='bbox 1038 2497 1121 2524; x_wconf 87' lang='lat' dir='ltr'><strong>Video</strong></span> <span class='ocrx_word' id='word_1_1008' title='bbox 1135 2497 1229 2533; x_wconf 74' lang='lat' dir='ltr'><strong>igitur,</strong></span> <span class='ocrx_word' id='word_1_1009' title='bbox 1246 2497 1358 2526; x_wconf 80' lang='lat' dir='ltr'><strong>iudices,</strong></span> <span class='ocrx_word' id='word_1_1010' title='bbox 1374 2496 1595 2522; x_wconf 77' lang='lat' dir='ltr'><strong>animadvertisse</strong></span> <span class='ocrx_word' id='word_1_1011' title='bbox 1608 2504 1702 2522; x_wconf 82' lang='lat' dir='ltr'><strong>censo-</strong></span> 
     </span>
     <span class='ocr_line' id='line_1_136' title="bbox 903 2534 1701 2570; baseline -0.003 -9"><span class='ocrx_word' id='word_1_1012' title='bbox 903 2544 945 2561; x_wconf 85' lang='lat' dir='ltr'><strong>res</strong></span> <span class='ocrx_word' id='word_1_1013' title='bbox 959 2536 986 2561; x_wconf 92' lang='lat' dir='ltr'><strong>in</strong></span> <span class='ocrx_word' id='word_1_1014' title='bbox 1003 2535 1105 2561; x_wconf 78' lang='lat' dir='ltr'><strong>iudices</strong></span> <span class='ocrx_word' id='word_1_1015' title='bbox 1118 2535 1250 2570; x_wconf 84' lang='lat' dir='ltr'><strong>quosdam</strong></span> <span class='ocrx_word' id='word_1_1016' title='bbox 1265 2534 1339 2560; x_wconf 84' lang='lat' dir='ltr'><strong>illius</strong></span> <span class='ocrx_word' id='word_1_1017' title='bbox 1352 2534 1457 2560; x_wconf 80' lang='lat' dir='ltr'><strong>consilii</strong></span> <span class='ocrx_word' id='word_1_1018' title='bbox 1473 2534 1590 2562; x_wconf 81' lang='lat' dir='ltr'><strong>luniani,</strong></span> <span class='ocrx_word' id='word_1_1019' title='bbox 1615 2542 1701 2568; x_wconf 91' lang='lat' dir='ltr'><strong>quum</strong></span> 
     </span>
     <span class='ocr_line' id='line_1_137' title="bbox 903 2572 1700 2607; baseline -0.003 -8"><span class='ocrx_word' id='word_1_1020' title='bbox 903 2573 982 2599; x_wconf 85' lang='lat' dir='ltr'><strong>istam</strong></span> <span class='ocrx_word' id='word_1_1021' title='bbox 1006 2573 1092 2607; x_wconf 86' lang='lat' dir='ltr'><strong>ipsam</strong></span> <span class='ocrx_word' id='word_1_1022' title='bbox 1115 2581 1238 2599; x_wconf 79' lang='lat' dir='ltr'><strong>caussam</strong></span> <span class='ocrx_word' id='word_1_1023' title='bbox 1261 2572 1470 2598; x_wconf 84' lang='lat' dir='ltr'><strong>subscriberent.</strong></span> <span class='ocrx_word' id='word_1_1024' title='bbox 1513 2572 1559 2597; x_wconf 89' lang='lat' dir='ltr'><strong>llic</strong></span> <span class='ocrx_word' id='word_1_1025' title='bbox 1583 2572 1700 2606; x_wconf 85' lang='lat' dir='ltr'><strong>primum</strong></span> 
     </span>
     <span class='ocr_line' id='line_1_138' title="bbox 903 2609 1701 2644; baseline -0.003 -8"><span class='ocrx_word' id='word_1_1026' title='bbox 903 2609 971 2636; x_wconf 89' lang='lat' dir='ltr'><strong>illud</strong></span> <span class='ocrx_word' id='word_1_1027' title='bbox 984 2618 1126 2636; x_wconf 85' lang='lat' dir='ltr'><strong>commune.</strong></span> <span class='ocrx_word' id='word_1_1028' title='bbox 1142 2618 1301 2644; x_wconf 88' lang='lat' dir='ltr'><strong>proponam,</strong></span> <span class='ocrx_word' id='word_1_1029' title='bbox 1324 2617 1470 2644; x_wconf 69' lang='lat' dir='ltr'><strong>[nunquam</strong></span> <span class='ocrx_word' id='word_1_1030' title='bbox 1489 2609 1701 2635; x_wconf 73' lang='lat' dir='ltr'><strong>animadversio—</strong></span> 
     </span>
     <span class='ocr_line' id='line_1_139' title="bbox 903 2647 1700 2676; baseline -0.001 -3"><span class='ocrx_word' id='word_1_1031' title='bbox 903 2647 984 2674; x_wconf 85' lang='lat' dir='ltr'><strong>nibus</strong></span> <span class='ocrx_word' id='word_1_1032' title='bbox 998 2648 1127 2674; x_wconf 83' lang='lat' dir='ltr'><strong>censoriis</strong></span> <span class='ocrx_word' id='word_1_1033' title='bbox 1143 2648 1209 2673; x_wconf 77' lang='lat' dir='ltr'><strong>linne</strong></span> <span class='ocrx_word' id='word_1_1034' title='bbox 1223 2647 1358 2673; x_wconf 82' lang='lat' dir='ltr'><strong>civitatem</strong></span> <span class='ocrx_word' id='word_1_1035' title='bbox 1374 2647 1408 2672; x_wconf 86' lang='lat' dir='ltr'><strong>ita</strong></span> <span class='ocrx_word' id='word_1_1036' title='bbox 1427 2651 1590 2676; x_wconf 83' lang='lat' dir='ltr'><strong>contentam,</strong></span> <span class='ocrx_word' id='word_1_1037' title='bbox 1613 2651 1641 2672; x_wconf 88' lang='lat' dir='ltr'><strong>ut</strong></span> <span class='ocrx_word' id='word_1_1038' title='bbox 1660 2655 1700 2672; x_wconf 89' lang='lat' dir='ltr'><strong>rc-</strong></span> 
     </span>
     <span class='ocr_line' id='line_1_140' title="bbox 903 2684 1699 2720; baseline -0.004 -8"><span class='ocrx_word' id='word_1_1039' title='bbox 903 2685 955 2712; x_wconf 84' lang='lat' dir='ltr'><strong>bus</strong></span> <span class='ocrx_word' id='word_1_1040' title='bbox 974 2685 1111 2716; x_wconf 83' lang='lat' dir='ltr'><strong>iudicatis,</strong></span> <span class='ocrx_word' id='word_1_1041' title='bbox 1134 2684 1227 2711; x_wconf 60' lang='lat' dir='ltr'><strong>luisse.</strong></span> <span class='ocrx_word' id='word_1_1042' title='bbox 1269 2685 1360 2720; x_wconf 81' lang='lat' dir='ltr'><strong>Neque</strong></span> <span class='ocrx_word' id='word_1_1043' title='bbox 1378 2684 1405 2710; x_wconf 96' lang='lat' dir='ltr'><strong>in</strong></span> <span class='ocrx_word' id='word_1_1044' title='bbox 1424 2692 1452 2710; x_wconf 85' lang='lat' dir='ltr'><strong>re</strong></span> <span class='ocrx_word' id='word_1_1045' title='bbox 1470 2689 1529 2711; x_wconf 87' lang='lat' dir='ltr'><strong>nota</strong></span> <span class='ocrx_word' id='word_1_1046' title='bbox 1543 2692 1699 2710; x_wconf 81' lang='lat' dir='ltr'><strong>consumam</strong></span> 
     </span>
    </p>
   </div>
   <div class='ocr_carea' id='block_1_22' title="bbox 1461 2733 1494 2758">
    <p class='ocr_par' dir='ltr' id='par_1_25' title="bbox 1461 2733 1494 2758">
     <span class='ocr_line' id='line_1_141' title="bbox 1461 2733 1494 2758; baseline 0.03 -1"><span class='ocrx_word' id='word_1_1047' title='bbox 1461 2733 1494 2758; x_wconf 67' lang='grc' dir='ltr'><strong>ΔΩ</strong></span> 
     </span>
    </p>
   </div>
  </div>
 </body>
</html>
