1941 3052
354 136 685 165 EPISTOLARUM
714 135 767 162 AD
796 133 999 161 ATTICUM
1030 132 1110 159 LIB.
1142 131 1220 158 VIII.
1254 130 1315 157 ΕΡ.
1339 131 1452 156 t—9.
1670 132 1717 155 577

82 210 155 244 Quid
175 209 248 236 enim
262 213 355 243 putem
371 208 464 235 aliud?
482 209 539 236 Etsi
555 207 622 234 solet
639 215 710 237 eum,
728 214 814 241 quum
826 205 876 231 ali-

82 248 150 283 quid
165 246 265 274 furiose
277 245 348 277 tecit,
364 246 510 280 poenitere.
551 246 707 280 Numquam
718 248 807 270 autem
818 251 877 269 cer-

83 286 134 313 tior
143 284 203 315 fuit,
217 291 298 318 quam
312 284 340 309 in
351 283 401 310 hoc
413 284 528 318 negotio.
569 283 645 313 Nam,
659 281 731 317 quod
743 281 776 307 ad
788 286 813 307 te
823 288 876 306 non

82 322 258 357 scripseram,
284 325 376 356 postea
400 320 508 352 audivi,
535 329 548 347 a
573 320 650 347 tertio
670 318 798 345 milliario
819 322 876 344 tum

83 368 147 386 eum
159 360 234 396 ῥίψαι

139 395 223 423 πολλὰ
233 394 316 430 μάτην
326 394 464 431 κεράεσσιν
475 397 500 426 ἐς
510 394 573 430 ἠέρα
583 393 752 429 θυμήναντα·

85 433 183 465 multa,
206 433 331 467 inquam,
354 431 424 459 mala
444 440 507 459 eum
528 432 644 463 dixisse3
667 439 716 457 suo
736 430 832 465 capiti,
849 433 879 455 ut

84 471 170 498 aiunt.
201 469 255 496 Sed
270 478 285 496 o
296 478 383 496 meam
395 469 644 496 mansuetudinem!
668 468 838 495 Conieceram
850 467 878 492 in

84 507 246 535 fasciculum
258 516 311 533 una
322 515 384 533 cum
396 512 441 533 tua
452 507 639 533 vehementem
650 505 683 532 ad
694 504 772 531 illum
779 505 879 539 episto-

85 545 152 572 lam:
176 545 244 571 hanc
265 544 299 571 ad
319 553 361 570 me
377 544 470 571 referri
486 544 559 576 volo;
584 552 632 570 nec
647 542 730 569 ullam
746 542 780 568 ob
798 541 878 567 aliam

84 591 209 610 caussam
225 581 362 613 Pollicem,
379 590 489 608 servum
500 591 514 608 a
526 581 642 616 pedibus
654 588 754 610 meum,
767 580 878 605 Romam

85 621 160 647 misi.
194 620 231 646 Eo
246 624 335 646 autem
346 619 379 646 ad
391 624 415 646 te
427 619 534 654 scripsi,
547 623 585 650 ut,
599 619 623 644 si
633 618 684 644 tibi
697 616 763 643 forte
775 616 878 642 reddita

85 662 165 689 esset,
189 657 257 683 mihi
273 665 380 683 curares
395 656 576 687 referendam,
600 664 632 682 ne
650 656 677 681 in
691 654 766 680 illius
782 661 879 679 manus

85 695 248 730 perveniret.
282 696 307 721 2.
323 694 391 720 Novi
403 693 504 728 siquid
516 697 594 723 esset,
607 693 789 726 scripsissem.
811 691 880 716 Pen-

86 732 137 759 deo
156 732 240 759 animi
255 731 454 766 exspectatione
469 730 637 761 Corfiniensi,
651 730 679 756 in
689 737 743 764 qua
757 728 791 754 de
806 727 880 754 salu-

86 775 112 797 te
132 768 299 804 reipublicae
319 768 480 795 decernitur.
522 768 561 794 Tu
582 766 755 797 fasciculum,
772 765 821 800 qui
840 769 881 791 est

86 816 141 834 nas
157 808 200 833 Μ’.
216 806 310 833 Canio
325 806 486 840 inscriptus,
509 804 592 831 velim
607 812 685 830 cures
701 803 808 829 adeum
819 811 881 837 per-

87 844 242 874 ferendum,
275 843 454 878 Tironemque
470 843 550 869 Curio
565 840 746 872 commendes,
764 845 795 867 ut
804 841 838 871 ei,
852 844 882 866 ut

87 883 162 917 petii,
176 882 199 908 si
210 880 277 916 quid
288 888 356 915 opus
367 881 418 907 erit
428 881 456 906 in
467 884 616 914 sumptum,
630 882 730 915 eroget.

136 950 176 971 VI.
203 952 232 975 (In
242 950 349 972 Formiano,
358 951 458 972 Marcetlo,
468 951 550 969 Lentulo
560 957 606 968 coss.
618 951 673 972 70⁵.)

273 993 441 1021 CICERO
470 993 636 1021 ATTICO
664 993 691 1020 S.

144 1034 166 1059 l.
189 1027 344 1068 Obsignata
356 1032 409 1058 iam
420 1031 542 1066 epistola,
551 1040 633 1066 quam
644 1031 677 1057 de
689 1034 764 1057 nocte
770 1029 882 1057 daturus

87 1079 170 1101 eram,
191 1070 262 1096 sicut
277 1069 349 1101 dedi,
370 1069 442 1104 (nam
458 1077 516 1095 eam
533 1069 640 1104 vesperi
654 1067 837 1103 scripseram,)
852 1067 882 1094 C.

87 1108 180 1135 Sosius
200 1111 304 1142 praetor
318 1107 346 1133 in
361 1107 534 1133 Formianum
550 1107 625 1133 venit
635 1105 669 1132 ad
680 1106 723 1132 Μ’.
738 1105 881 1140 Lepidum,

87 1146 210 1172 vicinum
226 1149 356 1175 nostrum,
370 1145 449 1171 cuius
459 1148 585 1179 quaestor
597 1143 657 1171 fuit.
678 1143 801 1178 Pompeii
812 1142 884 1169 litte-

88 1191 178 1210 rarum
189 1182 222 1209 ad
233 1181 373 1209 consulem
384 1181 540 1217 exemplum
552 1180 650 1208 attulit.

143 1222 169 1248 2.
191 1221 303 1246 Litterae
324 1221 387 1246 mihi
405 1229 422 1245 a
442 1220 470 1245 L.
486 1220 598 1246 Domitio
617 1228 643 1245 a.
660 1220 685 1245 d.
699 1226 757 1244 xm.
771 1218 882 1244 Kalend.

87 1258 167 1285 Mart.
191 1259 288 1284 allatae
307 1261 381 1284 sunt:
410 1265 499 1283 earum
522 1258 664 1290 ememplum
686 1258 758 1290 infra.
778 1258 882 1288 scripsi.

88 1296 173 1325 Nunc,
187 1299 216 1321 ut
226 1303 270 1328 eqo
280 1303 331 1320 mm
341 1296 460 1325 scribam,
477 1298 522 1320 tua
532 1299 619 1327 sponte
631 1299 653 1320 te
667 1294 808 1326 intelligere
820 1295 882 1322 scio,

87 1335 180 1367 quanti
201 1333 357 1366 reipublicae
376 1334 490 1362 intersit,
511 1340 596 1357 omnes
611 1333 698 1365 copias
712 1333 740 1356 in
753 1339 832 1357 unum
847 1331 885 1356 lo—

89 1379 146 1397 cum
164 1372 249 1403 primo
268 1378 366 1403 quoque
380 1374 489 1403 tempore
504 1371 647 1395 convenire.
690 1369 735 1398 Tu,
751 1370 774 1394 si
785 1369 830 1394 tibi
844 1370 885 1394 vi-

88 1410 201 1437 debitur,
225 1409 299 1433 dabis
318 1415 433 1440 operam,
456 1409 645 1440 quamprimum
667 1408 701 1432 ad
720 1414 766 1431 nos
788 1407 883 1431 venias.

88 1445 216 1471 Praesidii
240 1443 355 1478 Capuae,
385 1448 510 1478 quantum
532 1445 716 1470 constitueritis
737 1451 789 1469 esse
810 1445 882 1473 satis,

87 1484 231 1516 relinquas.

143 1521 168 1545 3.
190 1518 291 1545 Deinde
303 1519 448 1553 supposuit
458 1517 615 1553 exemplum
625 1516 754 1553 epistolae
764 1517 882 1548 Domitii,

88 1556 162 1592 quod
178 1565 227 1592 ego
239 1556 271 1582 ad
283 1560 307 1582 te
318 1555 406 1590 pridie
417 1556 554 1582 miseram.
594 1556 636 1582 Dii
648 1554 823 1586 immortales,
836 1555 884 1590 qui

88 1602 132 1621 me
149 1594 240 1620 horror
260 1593 392 1628 perfudit!
415 1602 497 1628 quam
511 1601 572 1620 sum
587 1592 733 1624 sollicitus,
753 1592 885 1628 quidnam

89 1631 210 1658 futurum
228 1631 276 1657 sit!
300 1631 354 1657 lloc
368 1635 456 1657 tamen
473 1639 560 1666 spero,
578 1639 707 1666 magnum
723 1638 821 1657 nomen
832 1630 885 1656 im-

88 1669 218 1704 peratoris
235 1667 298 1699 sore,
316 1676 445 1704 magnum
462 1669 489 1694 in
501 1668 618 1694 adventu
630 1672 767 1694 terrorem.
801 1667 885 1702 Spero

88 1707 179 1737 etiam,
187 1705 214 1719 *¹*
225 1706 352 1741 quoniam
365 1705 454 1732 adhuc
468 1705 538 1732 nihil
549 1705 628 1732 nobis
638 1704 735 1736 obfuit,
744 1704 812 1731 nihil
824 1713 886 1731 mu-

89 1748 160 1771 tasse
176 1751 224 1770 nec
235 1743 351 1779 tegentia
363 1743 422 1774 hoc,
435 1742 508 1778 quod
519 1751 606 1777 quum
618 1741 720 1769 sortiter
731 1747 757 1769 et
767 1742 886 1777 diligen-

89 1786 138 1813 ter,
162 1785 219 1808 tum
240 1781 320 1807 etiam
341 1779 494 1807 hercule**.
540 1781 563 1807 4.
584 1779 662 1807 Modo
685 1780 758 1806 enim
778 1780 883 1810 audivi,

89 1823 247 1853 quartanam
268 1827 282 1844 a
297 1822 323 1845 te
338 1817 508 1844 discessisse.
547 1818 659 1848 Moriar,
676 1817 700 1844 si
715 1817 803 1853 magis
818 1826 886 1854 gau-

89 1856 190 1887 derem,
204 1856 228 1882 si
239 1855 267 1882 id
279 1855 347 1882 mihi
358 1855 510 1882 accidisset.
544 1854 629 1882 Piliae
640 1854 693 1887 dic,
706 1863 759 1882 non
770 1863 830 1882 esse
842 1863 886 1881 ae-

89 1901 185 1928 quum,
207 1901 266 1919 eam
281 1892 384 1919 diutius
400 1892 508 1924 habere,
526 1900 575 1919 nec
590 1892 619 1919 id
632 1900 692 1918 esse
707 1897 811 1919 vestrae
822 1901 887 1919 con-

89 1929 206 1957 cordiae.
245 1931 271 1956 5.
293 1930 418 1956 Tironem
432 1934 553 1956 nostrum
565 1929 598 1956 ab
609 1929 691 1956 altera
702 1929 827 1956 relictum
838 1938 887 1956 au-

89 1967 145 1994 dio.
186 1966 239 1993 Sed
250 1974 313 1993 eum
324 1966 404 1993 video
414 1967 442 1993 in
453 1971 594 2002 sumptum
605 1967 639 1994 ab
650 1966 712 1993 aliis
722 1971 885 1994 mutuatum.

89 2005 147 2041 Ego
167 2008 256 2030 autem
277 2003 390 2031 Curium
406 2008 537 2035 nostrum,
554 2005 577 2030 si
593 2004 660 2039 quid
671 2012 740 2039 opus
751 2009 830 2036 esset.
845 2013 887 2031 ro-

89 2050 192 2078 garam.
238 2041 307 2067 Malo
327 2041 432 2068 Tironis
456 2041 648 2068 verecundiam
668 2041 696 2068 in
716 2041 796 2077 culpa
816 2050 885 2073 esse,

90 2088 173 2115 quam
188 2078 398 2106 illiberalitatem
412 2077 498 2105 Curii.
719 2080 721 2083 '

144 2149 195 2170 VH.
218 2150 249 2174 (lu
257 2150 365 2171 Formitum,
376 2150 476 2171 Marcello,
486 2150 567 2168 Lentulo
578 2156 624 2167 cona.
636 2150 691 2171 ⁷0⁵.)

277 2193 447 2220 CICERO
476 2192 645 2220 ATTICO
674 2192 703 2220 S.

149 2233 172 2258 l.
194 2225 290 2258 Unum
306 2231 386 2257 etiam
403 2235 483 2257 restat
501 2231 587 2256 amico
606 2234 695 2257 nostro
705 2229 738 2257 ad
749 2238 828 2257 omno
839 2229 888 2257 dc-

91 2269 183 2299 dccus,
205 2273 235 2296 ut
250 2269 363 2295 Domitio
378 2277 430 2295 non
442 2267 596 2294 subveniat.
637 2267 671 2295 At
681 2276 759 2295 nemo
770 2267 884 2299 dubitat,

91 2307 158 2342 quin
169 2305 294 2333 subsidio
308 2310 438 2333 venturus
449 2305 494 2332 sit.
534 2305 591 2340 Ego
602 2313 654 2332 non
666 2310 740 2340 puto.
780 2306 888 2332 Deseret

91 2343 176 2380 igitur
195 2342 275 2370 talem
293 2344 381 2370 civem
397 2347 423 2370 et
437 2351 492 2374 eos,
511 2350 579 2377 quos
591 2350 644 2368 unu
655 2343 709 2369 scis
720 2351 788 2373 esso.
801 2351 887 2377 quum

91 2381 189 2408 habeat
208 2381 366 2415 praesertim
389 2385 415 2407 et
435 2380 493 2415 ipse
516 2379 639 2406 cohortes
658 2379 736 2406 xxx?
765 2380 824 2406 Nisi
845 2388 887 2405 mo

90 2418 182 2445 omnia
192 2417 297 2450 fallunt,
310 2418 425 2445 deseret.
456 2416 653 2444 incredibiliter
664 2417 813 2452 pertimuit.
840 2417 888 2443 Ni-

90 2455 131 2482 hil
147 2459 257 2490 spectat,
276 2456 329 2482 nisi
341 2455 446 2491 sugam;
469 2455 513 2481 cui
526 2459 553 2481 tu
565 2453 654 2489 (video
664 2454 737 2481 enim
747 2453 815 2489 quid
826 2462 888 2480 sen-

91 2491 153 2528 tias)
173 2501 216 2519 me
230 2493 356 2520 comitem
371 2497 450 2528 putas
466 2491 565 2518 debere
580 2499 649 2518 esse.
689 2493 715 2518 2.
741 2491 798 2527 Ego
813 2500 886 2521 vcro,

91 2538 174 2566 quem
185 2529 302 2566 tugiam,-
312 2530 410 2562 habeo,
427 2538 508 2565 quem
520 2537 626 2564 sequar.
637 2537 688 2555 non
701 2528 797 2555 babeo.
811 2528 888 2561 Quod

92 2568 166 2594 enim
178 2571 206 2593 tu
222 2576 313 2595 meum
330 2567 423 2595 laudas
439 2572 465 2594 et
476 2565 680 2593 memorandum
691 2565 773 2597 dicis;
797 2565 886 2597 malle,

91 2603 166 2639 quod
185 2604 316 2637 dixerim,
343 2614 384 2632 me
403 2613 466 2632 cum
482 2604 608 2638 Pompeio
625 2604 711 2634 vinci,
729 2612 811 2639 quam
826 2612 888 2630 cum

92 2642 153 2668 istis
173 2642 294 2669 vincere:
317 2651 366 2679 ego
382 2651 444 2669 vero
460 2641 539 2673 malo,
555 2641 603 2668 sed
618 2649 679 2667 cum
694 2641 740 2667 illo
752 2641 886 2676 Pompeio,

92 2679 141 2714 qui
162 2684 218 2707 tum
233 2683 290 2708 erat
302 2685 348 2708 aut
362 2681 411 2716 qui
428 2679 496 2707 mihi
511 2687 570 2707 esse
587 2678 742 2712 videbatur3
764 2686 827 2706 cum
840 2678 889 2706 hoc

927 212 997 234 vero,
1019 203 1068 238 qui
1083 207 1142 229 ante
1158 201 1235 237 fugit,
1254 210 1335 236 quam
1347 201 1405 231 scit,
1418 205 1463 226 aut
1474 209 1555 235 quem
1569 199 1661 235 fugiat,
1676 206 1719 226 aut

927 249 993 275 (Ιιιο-7
1017 240 1065 275 qui
1086 244 1175 266 nostra
1191 238 1314 269 tradidit,
1336 239 1383 273 qui
1400 238 1512 272 patriam
1528 237 1652 272 reliquit,
1670 238 1721 263 Ita-

928 278 991 304 liam
1003 277 1140 312 relinquit,
1154 277 1177 302 si
1189 275 1282 306 malui,
1296 276 1419 310 contigit:
1442 275 1530 301 victus
1541 283 1612 301 sum.
1644 274 1720 306 Quod

927 320 1063 350 superest,
1086 323 1135 341 nec
1151 315 1201 340 ista
1217 313 1308 339 videre
1323 321 1448 347 possum,
1471 321 1554 347 quae,
1572 320 1721 346 numquam

928 353 1016 382 timui,
1039 360 1072 378 ne
1091 351 1226 383 viderem;
1259 358 1307 376 nec
1328 348 1480 376 mehercule
1502 350 1597 380 istum.
1615 354 1722 384 propter

928 398 1010 424 quem
1031 389 1099 415 mihi
1120 397 1171 414 non
1189 387 1266 414 modo
1282 388 1363 418 meis,
1381 386 1428 413 sed
1445 392 1543 413 memet
1558 387 1616 421 ipso
1630 395 1723 412 caren-

929 427 994 452 dum
1010 431 1059 452 est.
1099 427 1124 452 3.
1146 425 1186 451 Ad
1202 425 1377 451 Philotimum
1391 424 1488 458 scripsi
1499 423 1532 450 de
1545 425 1651 454 viatico,
1665 425 1722 449 sive

929 473 943 490 a
955 465 1067 494 Moneta.
1081 463 1169 497 (nemo
1180 463 1251 488 enim
1263 462 1429 496 solvit,)sive
1441 460 1585 496 abOppiis,
1595 462 1648 487 tuis
1660 470 1723 488 con-

929 500 1127 528 tubernalious.
1167 500 1259 526 Cetera
1271 500 1390 534 apposite
1402 499 1451 525 tibi
1464 498 1605 525 mandabo.

982 575 1043 596 ῩΠῘ.
1073 579 1102 599 (tn
1112 576 1219 598 Formiano,
1229 577 1328 597 Marci-lto,
1339 576 1420 594 Lvntnln
1431 583 1477 595 coss.
1489 578 1543 597 705.)

1115 619 1282 647 CICERO
1311 619 1476 646 ATTICO
1509 619 1537 645 S.

987 660 1009 684 l.
1032 653 1061 684 Ο
1082 666 1137 683 rem
1162 662 1277 692 turpem,
1299 662 1323 683 et
1338 665 1367 683 ea
1384 665 1411 683 re
1429 657 1568 683 miseram!
1592 656 1635 682 Sic
1652 657 1724 682 enim

930 696 1026 726 sentio,
1044 695 1073 721 id
1084 695 1203 724 demum,
1217 699 1262 721 aut
1273 695 1362 729 potius
1374 694 1402 720 id
1413 694 1500 720 solum
1512 702 1571 719 esse
1583 695 1722 724 miserum,

931 732 1003 767 quod
1015 737 1092 766 turpe
1103 733 1147 758 sit.
1182 731 1291 758 Aluerat
1303 732 1455 759 Caesarem:
1479 731 1604 757 eumdem
1617 736 1725 765 repente

931 771 1025 796 timere
1036 774 1171 804 coeperat3
1194 769 1374 795 conditionem
1387 769 1460 803 pacis
1473 768 1574 794 nullam
1586 768 1722 802 probarat:

932 806 1000 833 nihil
1020 806 1054 832 ad
1074 806 1177 832 bellum
1197 811 1314 840 pararat3
1347 806 1445 832 Urbem
1466 805 1622 840 reliquerat:
1652 806 1726 831 Pice-

932 853 998 870 num
1009 845 1134 870 amiserat
1144 842 1236 878 culpa;
1254 844 1281 870 in
1292 843 1419 877 Apuliam
1432 851 1460 868 se
1472 847 1653 878 compegerat:
1672 842 1727 868 ibat

932 882 960 908 in
982 881 1134 913 Graeciam;
1166 889 1259 907 omnes
1281 889 1328 906 nos
1349 879 1577 916 ἀπροςφωινήῐονς,
1605 885 1727 914 expertes

933 919 976 945 sui
987 919 1062 949 tanti,
1077 923 1129 945 tam
1140 918 1261 944 inusitati
1276 917 1392 947 consilii,
1406 917 1586 952 relinquebat.
1619 919 1641 942 2.
1659 917 1727 942 Ecce

933 956 1024 983 subito
1040 955 1142 982 litterae
1157 955 1265 981 Domitii
1281 954 1314 981 ad
1330 954 1422 985 illum,
1440 955 1528 989 ipsius
1543 954 1575 980 ad
1591 953 1726 981 consules.

933 993 1054 1020 Fulsisse
1073 993 1141 1020 mihi
1157 992 1300 1019 videbatur
1318 992 1347 1019 τὸ
1361 991 1440 1019 καλόν
1456 992 1489 1018 ad
1504 991 1595 1019 oculos
1611 993 1685 1021 eius,
1704 996 1729 1017 et

934 1031 1100 1058 exclamasse
1111 1030 1157 1057 ille
1167 1031 1218 1061 vir,
1232 1030 1280 1065 qui
1291 1038 1350 1056 esse
1361 1030 1464 1060 debuit,

1008 1069 1084 1105 Πρὸς
1094 1067 1175 1095 τοῦθ’
1190 1067 1213 1099 ὃ,
1224 1078 1248 1094 τι
1256 1067 1315 1103 χρὴ,
1325 1067 1369 1094 καὶ
1379 1066 1578 1102 παλαμάσθων,

1008 1106 1063 1133 Καὶ
1074 1107 1127 1133 πᾶν
1138 1103 1176 1142 ἐπ’
1190 1105 1247 1140 ἐμοὶ
1258 1105 1461 1132 nummatam.

1010 1143 1046 1170 Τὸ
1057 1143 1110 1179 γὰρ
1121 1143 1150 1170 εὖ
1159 1141 1213 1178 μετ’
1226 1144 1297 1177 ἐμοῦ.

934 1180 968 1207 At
979 1180 1023 1207 ille
1035 1181 1094 1211 tibi,
1108 1180 1192 1207 πολλὰ
1200 1181 1299 1215 χαίρειν
1310 1182 1345 1215 τῷ
1354 1180 1423 1214 καλῷ
1435 1178 1536 1209 dicens,
1546 1178 1634 1213 pergit
1643 1177 1730 1204 Brun—

934 1218 1048 1244 disium.
1088 1218 1235 1244 Domitium
1254 1221 1344 1243 autem
1360 1217 1449 1246 aiunt,
1467 1224 1494 1242 re
1510 1215 1614 1245 audita.
1634 1220 1658 1242 et
1674 1223 1728 1245 eos,

935 1256 983 1291 qui
994 1264 1047 1282 una
1059 1260 1157 1286 essent,
1171 1263 1199 1281 se
1210 1254 1364 1281 tradidisse.
1395 1253 1417 1280 O
1430 1262 1486 1279 rem
1499 1252 1656 1288 lugubrem!
1679 1253 1730 1279 lta-

935 1301 988 1328 que
1003 1292 1168 1320 intercludor
1182 1291 1285 1323 dolore,
1308 1300 1363 1326 quo
1379 1292 1471 1317 minus
1486 1290 1519 1317 ad
1535 1295 1559 1317 te
1574 1289 1651 1325 plura
1662 1290 1730 1316 scri—

935 1331 1008 1357 bam.
1049 1331 1120 1357 Tuas
1132 1329 1232 1356 litteras
1244 1333 1379 1364 exspecto.

989 1399 1030 1421 lx.
1046 1401 1143 1426 (Formiis,
1154 1401 1253 1421 Mart-etto,
1261 1400 1343 1418 Lentulo
1353 1407 1399 1417 coss.
1412 1401 1467 1420 ⁵:0⁵.)

992 1483 1016 1509 l.
1037 1477 1191 1516 Epistolam
1216 1490 1303 1507 meam
1330 1480 1402 1515 quod
1425 1478 1611 1514 pervulgatam
1634 1478 1732 1504 scribis

935 1528 1008 1551 esse,
1027 1528 1078 1546 non
1090 1519 1146 1546 sero
1160 1518 1280 1545 moleste.
1321 1518 1392 1550 Quin
1404 1517 1483 1543 ctiam
1496 1517 1553 1551 ipse
1565 1515 1658 1542 multis
1669 1515 1732 1541 dedi

935 1556 1152 1584 describendam.
1193 1557 1229 1583 Ea
1241 1557 1313 1582 enim
1325 1560 1351 1582 et
1361 1554 1516 1581 acciderunt
1528 1555 1580 1579 iam
1592 1559 1615 1580 ct
1629 1554 1732 1588 impen-

935 1594 1013 1626 dent,
1029 1598 1059 1621 ut
1069 1599 1194 1621 testatum
1206 1602 1265 1620 esse
1277 1593 1368 1623 velim,
1388 1592 1421 1618 de
1436 1600 1499 1626 pace
1511 1590 1578 1626 quid
1589 1591 1730 1617 senserim.

935 1632 1026 1664 Quum
1048 1636 1137 1658 autem
1158 1631 1191 1658 ad
1207 1640 1265 1657 eam
1278 1631 1409 1660 hortarer,
1432 1637 1494 1656 eum
1513 1629 1669 1663 praesertim
1686 1628 1733 1654 bo-

938 1670 1053 1700 minem,
1080 1678 1133 1696 non
1157 1668 1270 1695 videbar
1290 1668 1346 1694 utto
1370 1666 1448 1693 modo
1469 1666 1575 1692 facilius
1600 1670 1731 1694 moturus,

937 1716 1019 1742 quam
1039 1707 1063 1733 si
1080 1706 1121 1738 id,
1138 1706 1211 1741 quod
1229 1714 1291 1732 eum
1307 1705 1438 1735 hortarer,
1456 1704 1600 1730 convenire
1616 1703 1675 1729 eius
1690 1711 1733 1728 sa-

937 1744 1054 1779 pientiae
1070 1744 1200 1771 dicerem.
1240 1744 1305 1770 Eam
1322 1743 1346 1769 si
1360 1743 1538 1769 admirabilem
1553 1740 1626 1770 dixi,
1648 1748 1732 1775 quum

938 1790 1000 1808 eum
1017 1781 1050 1808 ad
1065 1781 1179 1808 salutem
1191 1781 1291 1816 patriae
1304 1779 1442 1811 hor-tabam
1475 1787 1527 1805 non
1543 1786 1604 1804 sum
1620 1778 1731 1803 veritus.

938 1828 971 1846 ne
992 1819 1099 1846 viderer
1121 1819 1263 1851 assentari3
1287 1818 1332 1844 cui
1351 1816 1396 1844 tali
1416 1818 1443 1843 in
1465 1825 1491 1842 re
1505 1815 1627 1842 lubenter
1643 1823 1684 1840 me
1701 1814 1733 1840 ad

937 1856 1020 1892 pedes
1040 1856 1212 1883 abiecissem.
1252 1856 1310 1888 Qua
1326 1860 1415 1881 autem
1427 1859 1475 1885 est,
1493 1855 1592 1886 aliquid
1605 1855 1735 1885 impertias

938 1897 1072 1928 temporis;
1101 1903 1153 1921 non
1167 1899 1208 1920 est
1218 1893 1251 1920 de
1263 1901 1337 1928 pace.
1354 1891 1411 1923 sed,
1424 1891 1457 1917 de
1469 1899 1511 1917 me
1526 1891 1585 1925 ipso
1596 1889 1664 1916 etde
1677 1897 1735 1915 meo

937 1931 1027 1959 officio
1047 1936 1078 1959 ut
1091 1931 1196 1966 aliquid
1216 1931 1324 1967 cogitet.
1366 1930 1433 1956 Nam
1454 1927 1526 1963 quod
1546 1927 1672 1954 testificor
1693 1935 1734 1952 mc

937 1974 1075 2004 expertem
1096 1969 1162 1996 belli
1184 1968 1281 2001 fuisse,
1310 1968 1360 1994 etsi
1373 1966 1400 1993 id
1412 1975 1438 1992 re
1451 1970 1621 2001 perspectum
1633 1969 1682 1992 est,
1697 1970 1734 1990 ta-

938 2015 999 2033 men
1016 2015 1047 2033 eo
1061 2007 1169 2041 scripsi,
1182 2014 1236 2041 quo
1249 2006 1275 2032 in
1287 2003 1426 2031 suadendo
1437 2003 1499 2038 plus
1511 2003 1675 2029 auctoritatis
1688 2001 1734 2027 ba>

938 2044 1043 2077 berem;
1075 2044 1224 2078 eodemque
1241 2043 1364 2078 pertinet,
1380 2041 1453 2076 quod
1465 2049 1589 2067 caussam
1604 2040 1662 2066 cius
1675 2048 1735 2074 pro—

939 2081 982 2108 bo.
1023 2082 1049 2108 2.
1069 2080 1122 2107 Sed
1137 2080 1205 2115 quid
1221 2080 1286 2106 haec
1302 2078 1391 2106 nunc?
1411 2079 1517 2105 Utinam
1529 2077 1632 2112 aliquid
1648 2075 1735 2111 prosc-

938 2123 1011 2145 ctum
1023 2119 1106 2145 esset!
1130 2119 1184 2144 Nac
1200 2126 1249 2149 ego
1264 2118 1328 2144 istas
1340 2117 1440 2143 litteras
1454 2116 1479 2142 in
1491 2116 1618 2141 concione
1631 2114 1735 2140 recitari

939 2155 1035 2188 velini;
1052 2156 1075 2181 si
1086 2155 1197 2190 quidem
1210 2145 1255 2181 illc
1268 2155 1325 2188 ipsc
1336 2153 1369 2180 ad
1380 2152 1506 2179 eumdem
1517 2152 1639 2178 scribens
1651 2152 1735 2185 inpu-

939 2192 1010 2220 blico
1025 2193 1166 2228 proposuit
1180 2191 1320 2226 epistolam
1338 2190 1426 2221 illam,
1445 2191 1471 2216 in
1487 2198 1540 2224 qua
1551 2194 1605 2219 est,
1625 2197 1672 2222 pro
1687 2193 1735 2213 (ιιι-κ

938 2232 1013 2256 rebus
1023 2232 1099 2264 qestis
1109 2231 1283 2262 amplissimis.
1323 2227 1558 2262 Amplioribusue,
1574 2234 1655 2261 quam
1667 2225 1734 2251 suis.

939 2276 1021 2302 quam
1042 2266 1180 2293 Africani?
1204 2267 1240 2292 lta
1262 2270 1406 2300 tempestas
1429 2263 1539 2290 serebat.
1579 2262 1735 2297 Siquidem

939 2305 1019 2332 etiam
1036 2313 1083 2330 vos
1099 2303 1152 2330 duo
1174 2303 1238 2330 tales
1254 2302 1287 2329 nd
1308 2303 1435 2337 quintum
1456 2301 1627 2327 milliarium:
1651 2298 1737 2334 quid‘?

940 2350 1011 2368 nunc
1027 2340 1138 2375 ipsum?
1152 2340 1223 2367 undo
1238 2349 1266 2366 se
1284 2338 1443 2373 recipienti?
1461 2338 1528 2373 quid
1543 2336 1650 2373 agenti?
1669 2335 1734 2370 quid

939 2378 1049 2405 acturo?
1068 2378 1173 2410 Quanto
1188 2382 1277 2404 autem
1289 2376 1405 2402 ferocius
1418 2375 1462 2401 illc
1474 2383 1585 2401 caussae
1597 2382 1662 2400 suae
1672 2382 1736 2399 cou-

940 2416 1016 2447 fidet,
1034 2423 1119 2450 quum
1137 2424 1198 2446 vos,
1215 2423 1300 2450 quum
1319 2414 1399 2439 vestri
1414 2412 1518 2438 similes
1530 2421 1581 2438 non
1594 2410 1672 2437 modo
1685 2409 1736 2436 sre-

939 2458 1066 2489 qtlerites.
1088 2452 1135 2479 sed
1158 2452 1226 2479 laeto
1246 2451 1323 2478 vultu
1344 2450 1508 2486 gratulantes
1530 2448 1645 2475 viderit?
1666 2448 1735 2474 Num

940 2491 1024 2525 igitur
1039 2490 1201 2525 peccamus?
1221 2489 1331 2515 Minime
1353 2497 1400 2514 vos
1416 2487 1537 2522 quidem.
1578 2485 1631 2512 Sed
1648 2490 1735 2511 tamen

939 2528 1017 2563 signa
1037 2527 1244 2557 conturbantur.
1269 2526 1370 2561 quibus
1392 2524 1515 2551 voluntas
1534 2532 1548 2549 a
1563 2522 1736 2549 simulatione

939 2565 1073 2600 distingui
1085 2570 1185 2600 posset.
1225 2564 1298 2596 Quae
1311 2571 1374 2589 vcro
1385 2567 1493 2589 senatus
1505 2560 1625 2587 consulta
1641 2559 1734 2586 video!

940 2602 993 2629 Sed
1005 2603 1134 2637 apertius,
1147 2610 1228 2637 quam
1241 2608 1442 2636 proposueram.
1474 2601 1498 2625 3.
1515 2599 1572 2633 Ego
1582 2598 1677 2633 Arpini
1690 2606 1735 2623 vo-

942 2639 966 2666 lo
977 2648 1035 2666 csse
1047 2640 1134 2675 pridie
1147 2639 1216 2672 kalg
1235 2638 1333 2664 deinde
1344 2638 1446 2664 circum
1459 2635 1568 2663 villulas
1579 2640 1683 2662 nostras
1694 2643 1736 2660 cr-

940 2686 1008 2710 rare.
1021 2685 1089 2713 quus
1101 2678 1224 2705 visurum
1236 2684 1277 2703 me
1289 2680 1380 2712 postea
1394 2674 1546 2710 desperavi.
1580 2673 1680 2709 Εὐγενῆ
1693 2676 1735 2699 tua
