1941 3052
2 418 3 422 ’
45 425 103 447 nas,
126 416 224 443 liberos
245 416 454 447 arbitrabantur;

2 450 4 481 s
45 458 85 481 tra
116 453 284 480 latrocinium
310 458 388 480 tuum
413 454 470 479 suis
491 453 604 479 decretis
627 453 775 488 legatisque
795 452 843 478 de-

2 497 4 519 ὶ
45 491 192 522 fenderant,
216 495 241 517 et
260 490 407 521 absentem.
430 491 552 525 principe
567 490 615 517 Cn.
633 491 760 525 Pompeio
775 489 843 516 refe—

2 542 4 560 i
46 533 119 556 rente
135 533 160 555 et
175 528 208 554 de
223 537 332 563 corpore
348 528 511 563 reipublicae
527 533 634 554 tuorum
646 527 777 554 scelerum
792 527 842 553 tela

2 566 5 591 ᾖ*
45 566 200 597 revellente,
218 570 384 592 revocarunt.

2 631 4 638 ,Ἰ
45 605 74 630 in
89 603 189 630 Palatio
205 612 263 629 mea
278 603 374 630 domus
391 602 511 633 ardebat,
531 612 582 629 non
598 611 661 628 casu
678 602 777 637 aliquo,
795 601 843 628 sed

412 156 597 184 ORATIO
626 158 674 184 IN
706 157 736 184 L.
770 155 1003 183 PISONEM.

46 234 130 258 tatum
159 237 237 256 nemo
265 228 382 263 aspexit,
412 229 460 264 qui
490 237 541 255 non
568 233 685 265 gemeret
709 228 842 254 desiderio

46 268 113 294 mei:
137 268 215 294 cuius
231 266 343 293 consilio
359 275 445 301 quum
462 267 615 292 universam
635 265 839 300 rempublicam,

46 310 103 332 tum
133 304 208 331 illam
233 304 319 339 ipsam
345 304 439 330 urbem
465 305 642 330 meminerant
666 312 726 330 esse
751 312 842 329 serva-

45 347 108 369 tam.
151 342 193 368 Me
214 342 333 368 inaurata
353 345 439 367 statua
460 341 601 374 donarant,
634 349 676 367 me
701 345 841 375 patronum

2 376 4 402 1'
45 388 131 406 unum
156 379 318 411 asciverant3
356 387 369 405 a
395 387 437 404 me
461 387 490 405 se
516 379 612 405 habere
638 379 729 409 vitam,
759 377 842 404 fortu-

486 425 528 442 me
549 420 574 442 et
595 420 758 450 praesentem
780 424 843 441 con-

425 567 467 592 26.
481 566 520 591 An
532 570 560 591 tu
572 574 629 591 eras
640 564 743 595 consul,
757 573 842 599 quum

3 645 5 678 ζ
45 641 157 677 ignibus
178 641 292 672 iniectis,
315 641 459 675 instigante
471 639 514 665 te?
542 639 652 675 Ecquod
669 640 696 665 in
712 639 760 665 bac
776 639 843 665 urbe

45 679 134 705 maius
150 686 279 713 umquam
295 678 450 704 incendium
468 677 526 708 fuit,
543 678 587 703 cui
603 686 655 703 non
671 676 765 703 consul
777 676 844 702 sub-

3 741 5 747 ,
45 715 167 742 venerit?
195 715 228 742 At
248 719 276 741 tu
292 715 338 741 illo
352 715 412 749 ipso
427 719 544 749 tempore
560 714 632 749 apud
647 723 754 740 socrum
770 718 842 739 tuam

4 784 5 793 ἶ
45 761 128 788 prope
144 762 158 779 a
173 752 241 779 meis
253 752 373 783 aedibus,
387 753 465 778 cuius
476 752 586 778 domum
598 751 630 778 ad
642 760 729 777 meam
741 748 843 777 exh'au-

4 793 6 800 '
46 790 166 817 riendam
182 789 351 825 patefeceras,
370 789 491 820 sedebas,
506 798 558 815 non
570 789 723 819 exstinctor,
737 788 784 814 sed
795 797 843 814 au-

45 832 101 854 ctor
116 827 241 858 incendii,
259 831 285 853 et
299 827 421 853 ardentes
438 826 509 853 faces
522 826 600 852 furiis
612 826 747 853 Clodianis
759 834 842 860 paene

4 880 5 887 1
45 865 105 900 ipse
121 864 214 891 consul
229 864 409 890 ministrabas.
432 864 488 890 XII.
499 863 539 890 An
551 872 614 890 vero
624 863 729 898 reliquo
740 868 843 897 tempo-

3 898 5 939 }
45 911 74 929 re
88 901 227 929 consulem
244 906 269 928 te
287 902 433 936 quisquam
449 900 544 927 duxit‘?
578 902 723 936 quisquam
736 901 783 927 tibi
796 909 843 935 pa-

4 944 5 959 *
45 939 117 966 ruit‘?
140 940 285 974 quisquam
297 940 324 965 in
335 939 436 965 curiam
450 939 566 965 venienti
578 937 742 965 assurrexit?
766 939 843 973 quis-

4 981 5 1006 ]
45 985 125 1012 quam
138 976 288 1003 consulenti
300 976 515 1011 respondendum
523 975 644 1010 putavit‘?
658 975 842 1002 numerandus

45 1019 86 1041 est
99 1014 146 1040 ille
160 1022 247 1041 annus
262 1013 378 1049 denique
394 1014 421 1040 in
432 1013 578 1048 republica,
592 1022 677 1048 quum
690 1013 842 1039 obmutuis-

5 1048 6 1063 ³
45 1056 86 1078 set
96 1056 215 1082 senatus,
229 1051 328 1077 iudicia
339 1052 540 1082 conticuissent,
555 1055 703 1077 maererent
715 1051 786 1082 boni,
801 1051 842 1076 vis

5 1090 6 1097 ¹
45 1088 177 1116 latrocinii
189 1089 268 1115 vestri
281 1093 333 1115 tota
343 1089 413 1115 Urbe
425 1089 545 1115 volitaret
557 1097 642 1123 neque
653 1089 720 1114 civis
732 1097 803 1114 unus
810 1096 843 1114 ex

44 1127 159 1158 civitate,
183 1126 231 1152 sed
252 1126 309 1160 ipsa
325 1126 419 1153 civitas
435 1131 481 1153 tuo
496 1131 522 1153 et
538 1126 646 1153 Gabinii
662 1125 757 1152 sceleri
769 1125 842 1152 furo-

5 1177 7 1179 ·
45 1165 121 1199 rique
131 1163 275 1190 cessisset?

99 1202 141 1229 27.
158 1201 192 1228 At
207 1209 240 1227 ne
255 1205 311 1227 tum
323 1201 433 1236 quidem
445 1201 588 1232 emersisti,
603 1199 734 1227 lutulente
746 1200 843 1227 Caeso-

46 1239 117 1270 nine,
135 1247 168 1265 ex
184 1239 342 1265 miserrimis
357 1243 467 1265 naturae
479 1243 539 1265 tuae
550 1238 684 1269 sordibus,
697 1247 782 1273 quum
795 1246 843 1264 ex-

45 1281 163 1312 perrecta
179 1276 285 1302 tandem
302 1276 389 1302 virtus
400 1275 544 1302 clarissimi
556 1276 615 1307 viri,
629 1275 749 1301 celeriter
760 1280 785 1301 et
797 1283 842 1301 ve-

45 1322 105 1340 rum
122 1314 248 1344 amicum,
266 1318 292 1340 et
306 1314 406 1348 optime
421 1314 546 1340 meritum
559 1313 645 1339 civem
657 1317 683 1339 ct
693 1322 774 1339 suum
787 1313 842 1347 pri-

6 1382 7 1385 ,
45 1352 147 1378 stinum
167 1359 267 1377 morem
283 1351 437 1386 requisivit:
465 1359 551 1385 neque
566 1355 607 1377 est
622 1350 666 1377 ille
682 1351 722 1376 vir
734 1359 839 1384 passm,

44 1389 73 1415 in
94 1397 123 1415 ea
140 1388 285 1423 republica,
303 1397 385 1423 quam
401 1389 460 1423 ipse
475 1388 610 1414 decorarat
625 1393 705 1422 atque
721 1392 839 1419 auxerat,

45 1426 149 1452 diutius
170 1430 319 1452 vestrorum
340 1425 472 1452 scelerum
489 1430 592 1460 pestem
612 1425 723 1452 morari:
755 1434 840 1460 quum

45 1467 134 1490 tamen
160 1463 214 1495 ille,
241 1463 449 1498 qualiscumque
473 1467 523 1494 est,
549 1463 596 1498 qui
621 1467 662 1489 est
687 1463 720 1488 ab
743 1471 797 1488 uno
817 1467 842 1488 te

44 1500 215 1535 improbitate
227 1501 323 1532 victus,
337 1500 479 1531 Gabinius,
493 1500 601 1536 collegit
612 1501 670 1535 ipse
682 1509 720 1531 se,
730 1501 784 1531 vix,
794 1500 840 1526 sed

44 1537 151 1573 collegit
163 1542 249 1564 tamen
261 1542 286 1564 et
296 1542 384 1564 contra
397 1547 477 1564 suum
489 1537 622 1569 Clodium,
632 1538 748 1573 primum
756 1538 843 1563 simu-

45 1575 105 1606 late,
119 1575 216 1602 deinde
227 1584 279 1602 non
292 1575 413 1606 libenter,
427 1575 460 1601 ad
471 1580 621 1602 extremum
634 1580 721 1602 tamen
734 1584 780 1610 pro
792 1575 839 1602 Cn.

44 1612 171 1647 Pompeio
185 1621 246 1639 vere
261 1612 487 1647 vehementerque
499 1613 638 1649 pugnavit.
661 1612 720 1644 Quo
731 1612 841 1647 quidem

44 1649 72 1676 in
87 1649 240 1685 spectaculo
256 1651 321 1677 mira
334 1650 426 1685 populi
441 1651 549 1677 Romani
562 1650 682 1685 aequitas
694 1654 758 1676 erat.
780 1650 842 1676 Uter

44 1695 136 1714 eorum
148 1687 270 1722 perisset,
284 1692 420 1723 tamquam
434 1687 538 1719 lanista,
551 1688 578 1714 in
590 1687 723 1714 eiusmodi
736 1688 792 1722 pari
801 1687 843 1713 lu-

43 1732 119 1752 crum
140 1724 196 1751 fieri
217 1725 340 1759 putabat:
376 1725 553 1752 immortalem
570 1734 633 1751 vero
647 1729 800 1760 quaestum,
818 1725 841 1751 si

44 1765 157 1797 uterque
182 1762 329 1789 cecidisset.
360 1764 402 1790 28.
425 1762 477 1789 Sed
498 1762 544 1789 ille
565 1766 652 1789 tamen
678 1762 773 1798 agebat
793 1762 842 1788 ali-

44 1799 124 1835 quid:
157 1800 282 1826 tuebatur
302 1800 485 1826 auctoritatem
500 1800 602 1826 summi
619 1800 679 1826 viri.
705 1800 768 1826 Erat
784 1800 841 1834 ipse

44 1836 198 1868 sceleratus,
220 1841 276 1864 erat
294 1837 438 1873 gladiator3
470 1846 532 1864 cum
552 1837 680 1864 scelerato
700 1841 798 1868 tamen,
817 1842 842 1863 et

44 1882 106 1901 cnm
122 1874 179 1909 pari
194 1873 338 1910 gladiatore
354 1875 499 1910 pugnabat.
530 1875 580 1906 Tu,
597 1875 699 1902 scilicet
710 1875 790 1902 homo
801 1883 842 1901 re-

45 1910 160 1947 ligiosus
170 1916 196 1938 et
205 1916 324 1943 sanctus,
338 1911 442 1943 foedus,
455 1912 528 1947 quod
541 1921 599 1939 meo
610 1913 742 1948 sanguine
756 1913 783 1938 in
795 1921 842 1947 pa-

43 1949 130 1975 ctione
141 1949 339 1983 provinciarum
351 1949 443 1980 iceras,
458 1949 578 1985 frangere
590 1949 708 1976 noluisti.
731 1949 842 1976 Caverat

44 1986 116 2012 enim
133 1986 185 2012 sibi
201 1986 247 2012 ille
262 1987 380 2013 sororius
391 1986 503 2018 adulter,
518 1991 555 2018 ut,
569 1987 592 2013 si
605 1987 652 2013 tibi
664 1987 839 2022 provinciam,

44 2023 67 2049 si
93 2023 253 2054 exercitum.
280 2023 304 2049 si
324 2024 466 2058 pecuniam
488 2028 604 2058 ereptam
625 2032 659 2050 ex
679 2024 842 2059 reipublicae

44 2060 195 2086 visceribus
211 2060 338 2092 dedisset,
356 2061 477 2087 omnium
498 2069 609 2088 suorum
625 2061 757 2088 scelerum
773 2061 843 2088 soci-

45 2106 91 2124 um
114 2102 138 2124 te
166 2097 370 2133 adiutoremque
390 2098 541 2132 praeberes.
577 2099 669 2133 Itaque
685 2099 712 2125 in
733 2098 779 2125 illo
800 2102 843 2124 tu-

44 2134 132 2162 multu
155 2134 229 2162 fracti
251 2135 349 2162 fasces:
381 2135 450 2162 ictus
463 2135 533 2170 ipse,
565 2135 686 2170 quotidie
697 2135 756 2166 tela.
776 2135 843 2170 lapi-

43 2171 100 2204 des,
119 2172 211 2208 fugae3
233 2172 417 2207 deprehensus
432 2172 549 2207 denique
564 2181 625 2199 cum
643 2172 711 2199 ferro
721 2173 754 2199 ad
765 2181 843 2200 sena-

43 2212 100 2236 tum
123 2210 160 2241 is,
177 2218 257 2244 quem
275 2209 307 2236 nd
323 2209 372 2236 Cn.
389 2210 546 2244 Pompeium
563 2210 772 2237 interimendum
788 2210 843 2237 col—

44 2245 160 2274 locatum
183 2247 267 2273 fuisso
287 2246 434 2273 constabat.
466 2247 536 2274 Xlll.
554 2249 596 2274 ⁴29.
616 2247 649 2274 Et
664 2249 727 2283 quis
738 2248 843 2274 audivit

43 2291 97 2311 non
113 2284 191 2311 modo
206 2285 335 2311 actionem
352 2284 479 2319 aliquam,
498 2288 544 2311 aut
560 2284 724 2316 relationem,
737 2285 784 2311 sed
796 2293 843 2311 vo-

43 2329 102 2348 cem
112 2322 230 2353 omnino,
244 2326 289 2348 aut
300 2321 436 2356 querelam
449 2321 541 2348 tuam?
559 2322 792 2349 consulemtnmte
800 2322 843 2349 fu-

42 2358 99 2386 isse
115 2362 202 2394 putas,
215 2359 294 2386 cuius
306 2360 332 2385 in
345 2359 466 2394 imperio,
479 2359 527 2394 qui
542 2359 747 2394 rempublicam,
764 2368 843 2386 sena-

42 2399 88 2423 tus
98 2397 280 2423 auctoritatem
293 2401 420 2427 servarat.
434 2395 570 2432 [idemque
585 2397 612 2422 in
624 2395 718 2433 ltalin,]
730 2398 843 2432 quium-

44 2441 92 2460 nes
102 2434 224 2460 omnium
235 2434 355 2470 gentium
369 2439 456 2469 partes
468 2433 842 2468 tribustriumpliisdevinxe-

43 2474 93 2502 rat,
110 2470 134 2497 is
145 2479 174 2497 se
184 2471 211 2498 in
224 2471 332 2506 publico
339 2471 558 2498 tutostatuitcsse
565 2479 615 2497 non
623 2470 720 2505 posse?
737 2471 841 2497 Antum

44 2507 123 2534 eratis
133 2508 266 2540 consules,
279 2517 374 2544 quum,
387 2517 558 2543 quacumque
568 2508 601 2534 de
613 2517 640 2534 re
652 2508 764 2534 verbum
773 2508 842 2534 facc-

43 2551 73 2571 re
82 2546 227 2580 coeperatis
237 2545 386 2572 autreferre
392 2545 424 2572 ad
431 2550 563 2576 senatum,
571 2549 684 2572 cunctus
690 2545 754 2572 ordo
760 2545 842 2571 recla-

43 2581 142 2613 mabat,
155 2582 373 2618 ostendebatque,
388 2583 455 2610 niliil
467 2591 526 2610 esse
537 2592 584 2609 vos
595 2587 709 2614 acturos,
723 2583 774 2609 nisi
787 2583 842 2617 pri-

44 2625 78 2645 us
93 2617 126 2645 de
142 2627 183 2646 me
194 2620 373 2647 retulissetis?
391 2629 477 2656 quum
490 2629 546 2652 vos,
558 2628 723 2655 quamquam
737 2619 841 2646 foedere

44 2654 164 2683 obstricti
179 2657 350 2689 tenebamini,
368 2661 456 2685 tamen
471 2666 568 2693 cupere
585 2666 632 2684 vos
647 2657 780 2688 diceretis,
793 2657 841 2683 sed

45 2690 103 2729 lege
118 2693 262 2728 impediri?
294 2696 336 2722 30.
353 2694 426 2728 Quae
439 2695 480 2722 lex
491 2695 603 2731 privatis
615 2694 770 2722 hominibus
782 2703 841 2721 csse

1051 156 1069 183 C
1084 155 1105 182 A
1120 156 1149 182 P.
1184 157 1199 182 9
1219 171 1256 175 -
1276 157 1317 182 15.
1638 156 1687 182 549

893 227 937 254 lex
952 236 1004 253 non
1021 227 1169 258 videbatur,
1187 227 1276 254 inusta
1293 235 1340 262 per
1354 235 1455 257 servos,
1469 226 1552 252 incisa
1564 234 1611 260 per
1622 226 1686 257 vim,

893 265 1017 300 imposita
1030 273 1076 299 per
1088 264 1264 295 latrocinium,
1278 264 1383 291 sublato
1394 268 1496 295 senatu,
1510 263 1597 298 pulsis
1609 272 1622 289 e
1635 263 1690 290 foro

894 303 971 329 bonis
991 302 1126 332 omnibus,
1149 307 1224 337 capta
1240 301 1377 337 republica
1392 306 1481 328 contra
1496 310 1589 327 omnes
1607 300 1687 336 leges,

895 339 969 366 nullo
980 340 1077 374 scripta
1089 348 1175 365 more:
1199 340 1266 365 banc
1277 340 1324 374 qui
1336 348 1364 365 se
1377 343 1494 365 metuere
1505 338 1631 369 dicerent,
1641 339 1690 364 bos

894 376 1027 407 consules,
1050 386 1100 402 non
1122 376 1209 402 dicam
1231 377 1313 403 animi
1330 377 1483 407 hominum,
1501 375 1548 402 sed
1564 375 1625 402 fasti
1641 375 1689 401 ulli

895 414 962 440 ferre
983 413 1113 448 possunt?
1142 414 1218 444 Nam,
1241 415 1264 440 si
1280 414 1354 440 illam
1375 414 1460 449 legem
1477 422 1529 440 non
1545 413 1688 447 putabatis,

894 460 964 486 quae
979 456 1034 477 erat
1049 455 1138 477 contra
1153 460 1246 478 omnes
1262 451 1344 487 legeS,
1362 451 1508 477 indemnati
1527 451 1595 476 civis
1611 455 1691 485 atque

894 489 990 524 integri
1006 489 1100 523 capitis
1112 488 1296 523 bonorumque
1308 489 1450 515 tribunicia
1462 488 1628 523 proscriptio,
1643 488 1691 513 hac

894 531 981 552 tamen
1002 526 1121 552 obstricti
1143 527 1264 560 pactione
1284 526 1460 552 tenebamini:
1493 526 1554 560 quis
1576 534 1623 551 vos
1639 533 1691 551 non

894 563 973 589 modo
984 563 1116 594 consules,
1131 563 1178 589 sed
1191 563 1287 589 liberos
1300 563 1384 589 fuisse
1395 567 1479 598 putet,
1492 571 1608 597 quorum
1616 571 1691 588 mens

894 600 974 627 fuerit
998 609 1124 635 oppressa
1149 601 1281 635 praemio,
1309 600 1401 636 lingua
1426 601 1531 626 astricta
1553 598 1692 626 mercede?

894 638 941 664 Sin
963 638 1036 664 illam
1058 647 1105 664 vos
1125 638 1174 664 soli
1196 637 1280 673 legem
1303 638 1450 672 putabatis:
1483 638 1628 672 quisquam
1644 645 1691 662 vos

893 675 1017 701 consules
1034 680 1097 701 tunc
1112 675 1205 706 fuisse,
1223 680 1268 701 aut
1284 684 1355 701 nunc
1371 684 1429 701 esse
1440 675 1593 701 consulares
1606 679 1689 709 putet,

893 713 939 747 qui
957 713 1014 738 eius
1030 713 1154 743 civitatis¹
1175 713 1201 738 in
1217 713 1308 747 quain
1321 713 1472 746 principum
1487 721 1597 738 numero
1608 711 1691 737 vultis

889 757 1010 779 esse‚n0n
1019 749 1098 785 leges,
1109 758 1159 776 non
1168 750 1354 780 institutamon
1363 758 1456 779 mores,
1463 758 1513 775 non
1522 750 1577 775 iura
1586 748 1692 775 noritis‘?

894 789 934 812 31.
953 788 1002 817 An,
1020 796 1105 821 quum
1118 787 1357 821 proficiscebamini
1370 786 1489 821 paludati
1501 787 1527 812 in
1541 786 1691 821 provincias

894 824 936 850 vel
955 828 1067 858 emptas,
1084 824 1123 850 vel
1137 829 1248 859 ereptas,
1262 824 1386 850 consules
1399 833 1445 850 vos
1457 824 1601 858 quisquam
1614 828 1692 857 puta-

894 861 950 887 vit‘?
977 862 1078 896 ltaque,
1095 862 1181 892 credo.
1199 862 1222 888 si
1239 862 1329 887 minus
1346 861 1494 896 frequentia
1511 870 1559 886 sua
1572 865 1691 886 vestrum

893 907 1031 934 egressum
1043 899 1160 925 ornando
1172 904 1251 934 atque
1262 898 1433 930 celebrando,
1456 903 1481 924 at
1491 898 1627 924 ominibus
1639 897 1693 924 sal-

894 941 945 962 tem
962 937 1048 967 bonis,
1063 936 1235 967 utconsules,
1255 945 1306 963 non
1321 937 1492 967 tristissimis,
1507 940 1535 962 ut
1548 936 1636 962 hostes
1647 940 1693 961 aut

893 973 1041 1009 proditores
1053 974 1293 1009 prosequebantur.

947 1011 1017 1038 XIV.
1031 1012 1106 1038 Tune
1118 1012 1206 1042 etiam,
1220 1011 1449 1038 immanissimum
1461 1019 1489 1036 ac
1505 1010 1692 1037 foedissimum

893 1054 1052 1080 monstrum,
1076 1058 1158 1075 ausus
1175 1058 1202 1074 es
1220 1058 1310 1075 meum
1326 1049 1475 1075 discessum
1493 1048 1579 1078 illum,
1598 1052 1692 1073 testem

893 1086 1002 1113 sceleris
1017 1091 1043 1112 et
1057 1086 1223 1112 crudelitatis
1239 1091 1309 1118 tuae,
1328 1086 1462 1112 maledicti
1480 1090 1505 1112 et
1515 1085 1693 1111 contumeliae

895 1123 950 1150 loco
967 1123 1082 1159 ponere?
1115 1124 1173 1156 Quo
1190 1124 1300 1159 quidem
1317 1129 1434 1158 tempore
1450 1124 1517 1157 cepi,
1531 1127 1618 1158 patres
1630 1131 1693 1148 con-

893 1162 995 1196 scripti,
1013 1161 1130 1188 fructum
1146 1161 1323 1188 immortalem
1336 1161 1417 1187 vestri
1430 1162 1455 1187 in
1468 1169 1510 1186 me
1522 1165 1547 1186 et
1558 1161 1657 1186 amoris
1669 1164 1694 1186 et

893 1199 1001 1232 iudicii,
1024 1200 1072 1234 qui
1092 1208 1143 1225 non
1156 1199 1409 1229 admurmuratione,
1424 1198 1470 1224 sed
1485 1206 1547 1224 voce
1558 1202 1583 1224 et
1594 1197 1694 1224 clamo-

894 1245 930 1268 re,
948 1237 1043 1263 abiecti
1059 1236 1175 1263 hominis
1192 1241 1217 1263 et
1232 1237 1357 1263 semivivi
1376 1236 1492 1262 furorem
1505 1235 1693 1270 petulantiam-

893 1283 946 1309 que
964 1274 1091 1310 fregistis.
1128 1276 1169 1301 32.
1187 1274 1226 1300 Tu
1240 1274 1341 1300 luctum
1354 1278 1472 1304 senatus,
1487 1277 1514 1299 tu
1527 1273 1691 1299 desiderium

893 1313 1026 1346 equestris
1042 1311 1153 1342 ordinis,
1170 1316 1199 1338 tu
1211 1312 1363 1346 squalorem
1375 1311 1473 1341 ltaliae,
1488 1315 1515 1336 tu
1527 1311 1616 1336 curiae
1628 1310 1694 1336 taci-

893 1350 1047 1376 turnitatem
1064 1358 1189 1380 annuam,
1209 1353 1236 1375 tu
1253 1349 1391 1375 silentium
1408 1353 1567 1383 perpetuum
1580 1347 1693 1373 iudicio-

893 1396 953 1413 rum
974 1396 1003 1412 ac
1025 1386 1083 1417 fori,
1107 1390 1135 1412 tu
1156 1390 1241 1412 cetera
1261 1386 1307 1413 illa
1328 1387 1355 1412 in
1374 1386 1508 1412 maledicti
1527 1385 1582 1411 loco
1598 1393 1690 1419 pones,

893 1433 961 1459 quae
988 1432 1064 1450 meus
1089 1423 1226 1450 discessus
1252 1423 1415 1458 reipublicae
1442 1423 1551 1449 vulnera
1579 1421 1694 1448 inflixit?

893 1462 945 1493 Qui
967 1462 988 1487 si
1005 1461 1255 1488 calamitosissimus
1273 1461 1382 1492 fuisset;
1407 1465 1493 1486 tamen
1511 1459 1692 1485 misericordia

893 1499 1007 1535 dignior.
1025 1508 1107 1534 quam
1124 1498 1294 1529 contumelia,
1312 1503 1337 1524 ct
1351 1506 1413 1524 cum
1429 1497 1512 1533 gloria
1529 1497 1618 1531 potius
1634 1504 1693 1522 esse

893 1537 1061 1567 coniunctus,
1085 1545 1165 1571 quam
1188 1545 1249 1562 cum
1271 1536 1368 1571 probro
1389 1539 1534 1570 putaretur,
1553 1539 1632 1569 atque
1648 1533 1693 1560 ille

893 1574 976 1606 dolor,
994 1582 1071 1600 mous
1087 1574 1234 1604 dumtaxat,
1253 1578 1372 1599 vestrum
1384 1573 1493 1608 quidem
1506 1571 1594 1598 scelus
1606 1580 1635 1597 ac
1646 1571 1694 1597 de-

893 1612 975 1638 decus
992 1611 1144 1637 baberetur.
1175 1610 1265 1643 Quum
1278 1620 1349 1642 vcro,
1363 1610 1483 1645 (forsitan
1497 1610 1554 1640 boc,
1568 1609 1640 1644 quod
1652 1609 1694 1635 di-

893 1654 985 1676 cturus
1001 1657 1071 1680 sum,
1090 1648 1213 1674 mirabile
1229 1649 1322 1674 auditu
1338 1657 1397 1674 esse
1413 1647 1543 1678 videatur,
1561 1647 1608 1672 sed
1623 1650 1693 1672 certe

893 1687 921 1713 id
941 1687 1037 1717 dicam,
1061 1686 1133 1721 quod
1154 1685 1260 1719 scntio,)
1275 1694 1360 1721 quum
1377 1685 1456 1711 tantis
1472 1694 1484 1710 a
1502 1684 1586 1715 vobis,
1605 1688 1693 1719 patres

893 1724 1045 1759 conscripti,
1069 1723 1206 1750 beneficiis
1227 1723 1336 1749 affectus
1353 1723 1414 1753 sim,
1434 1723 1512 1748 tantis
1530 1721 1691 1748 bonoribus:

893 1770 945 1788 non
958 1761 1037 1788 modo
1048 1760 1121 1787 illam
1133 1760 1310 1787 calamitatem
1319 1769 1377 1786 esse
1385 1769 1436 1786 non
1444 1760 1521 1789 duco,
1531 1759 1588 1789 scd,
1597 1758 1693 1793 siquid

893 1799 959 1826 milii
976 1803 1064 1834 potest
1079 1807 1092 1825 a
1109 1798 1247 1833 republica
1259 1807 1318 1825 csse
1329 1798 1491 1827 seiunctum.
1504 1796 1576 1831 quod
1589 1797 1635 1822 vix
1647 1805 1694 1831 po-

893 1841 956 1868 test,
980 1836 1105 1872 privatim
1117 1836 1149 1862 ad
1163 1845 1251 1862 meum
1265 1844 1360 1862 nomen
1371 1834 1535 1871 augendum,
1549 1834 1692 1868 optandam

892 1875 962 1901 duco
987 1874 1054 1900 milii
1081 1873 1165 1900 fuisse
1190 1874 1265 1900 illam
1291 1872 1523 1908 expetendamque
1548 1871 1691 1898 fortunam.

894 1914 935 1938 33.
948 1911 1044 1947 Atque,
1059 1916 1088 1937 ut
1100 1916 1176 1938 tunm
1191 1911 1367 1937 laetissimum
1379 1910 1451 1936 diem
1464 1918 1525 1936 cum
1539 1909 1694 1935 tristissimo

894 1958 953 1976 mco
974 1949 1117 1980 conferam,
1141 1953 1231 1975 utrum
1253 1948 1359 1975 tandem
1382 1948 1451 1974 bono
1467 1948 1524 1973 viro
1539 1952 1564 1973 ct
1579 1947 1693 1981 sapienti

893 1986 1039 2022 optabilius
1052 1990 1139 2021 putas,
1154 1987 1194 2012 sic
1204 1986 1277 2012 exire
1288 1994 1302 2011 e
1314 1985 1407 2020 patria,
1421 1990 1450 2011 ut
1461 1993 1553 2011 omnes
1565 1985 1608 2010 sui
1620 1985 1693 2010 cives

893 2024 1017 2054 salutem,
1032 2023 1252 2053 incolumitatem,
1267 2023 1382 2049 reditum
1395 2027 1543 2057 precentur.
1557 2021 1630 2056 quod
1643 2022 1694 2047 nii-

895 2061 922 2088 hi
938 2061 1047 2093 accidit;
1075 2069 1117 2092 an,
1134 2061 1207 2096 quod
1223 2061 1272 2087 tibi
1289 2060 1467 2095 proficiscenti
1484 2059 1581 2089 evcnit,
1597 2063 1625 2085 ut
1636 2067 1693 2084 om·

895 2107 941 2125 nes
957 2102 1167 2129 exsecrarentur,
1186 2098 1254 2124 male
1271 2102 1450 2133 precarentur,
1465 2105 1545 2123 unam
1558 2097 1606 2122 tibi
1619 2096 1691 2122 illam

894 2137 965 2162 viam
978 2140 1003 2162 et
1015 2140 1171 2171 perpetuam
1183 2144 1242 2161 csse
1255 2134 1372 2161 vellent‘?
1393 2135 1467 2164 Mihi,
1482 2134 1588 2160 medius
1601 2133 1690 2162 fidius,

894 2174 920 2200 in
938 2178 1009 2200 tanto
1023 2173 1144 2199 omnium
1162 2172 1315 2199 mortalium
1331 2172 1401 2202 odio,
1419 2172 1490 2197 iusto
1502 2171 1655 2205 pracsertim
1668 2175 1693 2196 ct

894 2211 997 2241 debito.
1024 2211 1137 2245 quaevis
1163 2210 1225 2246 fuga
1251 2210 1351 2245 potius,
1378 2217 1459 2244 quam
1481 2208 1535 2234 ulla
1557 2208 1692 2243 provincia

894 2253 963 2274 essct
975 2248 1097 2281 optatior.

950 2285 1008 2311 XV.
1027 2284 1079 2310 Sed
1096 2292 1175 2319 perge
1193 2292 1279 2318 porro.
1302 2284 1367 2309 Nam
1380 2283 1402 2308 si
1415 2282 1482 2308 illud
1496 2291 1584 2308 mcum
1598 2282 1692 2307 turbu-

895 2321 1075 2348 lentissimum
1098 2326 1204 2355 tempus
1220 2320 1391 2355 profectionis
1408 2324 1452 2346 tuo
1469 2319 1692 2353 tranquillissimo

895 2363 1018 2394 praestat,
1037 2358 1103 2393 quid
1120 2357 1253 2384 conferam
1272 2358 1384 2391 rcliqnn,
1398 2357 1504 2391 quaein
1519 2361 1542 2382 tc
1553 2356 1691 2382 dedecoris

894 2396 971 2431 plena
985 2395 1101 2426 fuerunt,
1116 2397 1142 2422 in
1155 2403 1198 2421 mc
1209 2394 1366 2429 dignitatis?
1387 2395 1427 2420 34.
1442 2393 1688 2421 MeKalcndislnn..

893 2434 940 2468 qui
952 2433 1010 2459 dics
1022 2437 1081 2467 post
1091 2433 1194 2458 obitum
1206 2440 1385 2466 occasumque
1397 2435 1516 2457 nostrum
1529 2431 1692 2465 reipublicae

895 2471 998 2506 primus
1025 2470 1124 2500 iunxit,
1153 2469 1388 2504 frequentissimus
1413 2472 1536 2498 senatus.
1559 2476 1691 2494 concursu

894 2508 992 2538 ltalinc,
1020 2507 1150 2534 refert-nte
1175 2507 1326 2533 clarissimo
1351 2511 1430 2540 atquc
1456 2505 1602 2531 fortissimo
1624 2505 1689 2536 viro,

893 2546 922 2571 P.
946 2545 1066 2575 Lentulo,
1084 2545 1266 2571 consentiente
1283 2543 1382 2578 populo
1399 2544 1525 2572 nomano,
1544 2547 1623 2577 atquc
1640 2551 1690 2569 una

894 2591 957 2608 voce
972 2583 1113 2609 revocavit.
1151 2582 1192 2608 Me
1208 2582 1277 2607 idem
1294 2586 1403 2607 sffliatus
1415 2581 1513 2607 exteris
1526 2580 1688 2610 nationibus.

893 2628 936 2646 mo
958 2619 1051 2655 legatis
1075 2619 1331 2655 magistratibusque
1348 2618 1446 2645 nostris
1461 2618 1615 2644 auctoritate
1631 2626 1688 2647 sua,

892 2657 1080 2684 consularibus
1098 2657 1201 2687 litteris.
1221 2665 1281 2687 non,
1300 2660 1330 2682 ut
1345 2660 1373 2682 tu
1385 2655 1497 2682 lnsubcr
1507 2654 1595 2682 dicere
1607 2663 1690 2681 ausus

892 2703 929 2726 es,
952 2695 1074 2722 orbatum
1091 2695 1184 2730 patria.
1202 2693 1259 2725 scd,
1278 2698 1306 2720 ut
1321 2698 1430 2720 senatus
1445 2692 1491 2720 illo
1503 2692 1562 2727 ipso
1573 2698 1690 2728 tempore
