1941 3052
405 110 520 137 CATO

83 183 190 210 aetatis:
216 190 250 209 ne
265 190 296 208 ea
310 181 422 217 quidem
437 186 605 217 quaeruntur
619 191 632 208 a
645 187 794 215 senectute,
818 186 881 209 sunt
907 183 909 208 ζ

83 225 200 247 extrema
212 219 344 254 quaedam
359 218 449 245 studia
460 220 619 245 senectutis:
643 228 714 255 ergo,
723 220 880 254 utsuperio-

82 266 142 284 rum
155 261 270 284 aetatum
281 256 370 283 studia
382 256 516 287 occidunt,
528 257 567 282 sic
580 256 706 284 occidunt
716 258 881 283 etiamsene-

82 295 172 321 ctutis.
204 294 281 326 Quod
293 302 379 329 quum
390 295 488 324 evenit,
502 294 610 320 satietas
622 295 692 320 vitae
704 298 810 329 tempus
822 303 880 320 ma-

83 337 173 358 turum
189 332 282 358 mortis
298 331 382 357 affert.
423 331 497 357 XXI.
519 332 560 356 77.
579 331 712 365 Equidem
724 340 777 357 non
789 331 876 362 video,

81 378 143 400 cur,
166 369 233 404 quid
249 370 307 403 ipse
323 369 436 395 sentiam
448 368 481 394 de
497 372 594 399 morte,
612 377 663 394 non
676 368 789 394 audeam
801 369 879 395 vobis

82 406 255 441 dieere:quod
267 415 297 432 eo
309 405 406 432 melius
418 405 486 431 mihi
501 413 609 431 cernere
622 405 723 436 videor,
739 415 793 441 quo
804 406 837 432 ab
849 414 879 432 ea

554 111 697 138 MAIOR
726 111 777 137 DE
808 111 1089 138 SENECTUTE.
1122 112 1213 139 CAP.

907 214 909 270 ἐ
931 223 1041 246 vinculis
1056 222 1240 248 relaxaverint.

82 444 193 478 propius
205 443 311 470 absum.
334 444 390 478 Ego
402 447 504 469 vestros
518 447 615 477 patres,
630 443 657 468 P.
670 443 769 477 Scipio,
785 448 876 478 tuque,
899 448 907 458 ἰ

82 481 111 508 C.
124 480 211 511 Laeli,
229 481 301 507 viros
313 480 479 506 clarissimos
491 480 614 514 mihique
626 481 819 511 amicissimos,
837 481 879 506 vi-
899 485 900 494 ³

81 526 144 545 vere
155 518 282 544 arbitror:
305 522 331 544 et
341 526 400 544 eam
410 517 522 552 quidem
537 518 629 548 vitam,
642 526 711 552 quae
723 523 763 544 est
775 517 830 544 sola
837 518 880 544 vi-
906 533 907 536 =

81 560 106 582 ta
118 555 291 581 nominanda.
332 555 408 586 Nam,
422 555 488 580 dum
500 563 594 580 sumus
607 555 634 580 in
645 554 688 580 his
700 555 879 581 inelusicom-

80 592 197 628 pagibus
209 592 340 627 corporis,
353 600 464 618 munere
475 591 592 626 quodam
604 593 771 618 necessitatis
782 597 807 618 et
817 601 879 627 gra-

80 639 108 656 vi
123 638 202 664 opere
221 629 423 665 perfungimur:
451 633 491 655 est
506 630 576 655 enim
592 630 700 655 animus
711 629 834 656 caelestis
846 638 879 655 ex
898 635 907 667 ἐκ

81 667 212 694 altissimo
223 667 361 693 domicilio
372 666 633 701 (lepressusetquasi
641 666 780 693 demersus
789 668 816 693 in
826 672 879 693 ter-

81 713 147 736 ram,
162 704 250 731 locum
261 704 370 730 divinae
378 708 486 731 naturae
493 705 697 738 aeternitatique
703 705 876 730 contrarium.

81 741 133 768 Sed
149 742 229 768 credo
259 741 324 768 deos
340 741 504 768 immortales
521 742 650 776 sparsisse
666 742 770 768 animos
781 743 808 768 in
820 750 879 768 cor-

79 788 143 814 pora
156 779 286 809 humana,
299 784 329 805 ut
339 784 437 809 essent,
451 780 498 814 qui
511 783 592 805 terras
604 783 750 809 tuerentur,
763 780 876 814 quique,

79 816 236 843 caelestium
252 816 374 843 ordinem
390 816 615 851 contemplantes,
635 817 805 850 imitarentur
815 825 877 842 eum
899 813 900 819 ¹

80 855 150 880 vitae
162 854 240 881 modo
252 859 331 889 atque
342 854 499 881 constantia.
540 855 594 880 Nec
610 862 652 880 me
667 853 755 880 solum
771 855 837 880 ratio
849 862 878 880 ae

79 891 227 926 disputatio
250 890 372 926 impulit,
401 896 429 918 ut
450 893 485 917 ita
505 891 656 923 crederem,
684 891 731 917 sed
751 891 878 917 nobilitas

79 930 160 955 etiam
174 937 343 955 summorum
355 928 580 964 philosophorum
595 933 621 955 et
632 929 784 955 auctoritas.

135 1002 879 1039 78.AudiebamPythagoramPyfflagoreosque,incolas

79 1049 163 1076 paene
175 1045 293 1072 nomm,
310 1041 359 1076 qui
374 1045 464 1067 essent
479 1040 563 1067 Italici
575 1041 731 1075 philosophi
742 1040 878 1075 quondam

79 1079 219 1109 nominati,
233 1086 383 1113 numquam
394 1078 543 1109 dubitasse,
557 1079 880 1113 quinexuniversamen-

78 1120 104 1143 te
123 1115 217 1141 divina
232 1115 365 1142 delibatos
380 1116 485 1141 animos
496 1115 668 1142 haberemus.
710 1116 880 1142 Demonstra—

79 1153 178 1179 bantur
193 1153 261 1179 mihi
278 1157 427 1187 praeterea,
445 1161 514 1188 quae
530 1153 651 1179 Socrates
667 1161 794 1188 supremo
809 1154 879 1179 vitae

79 1190 123 1217 die
139 1190 172 1216 de
189 1190 388 1216 immortalitate
405 1191 557 1217 animorum
574 1190 761 1221 disseruisset,
783 1191 819 1220 is,
832 1190 879 1225 qui

78 1232 149 1254 esset
160 1228 280 1253 omnium
294 1227 880 1262 sapientissimusoraculoApollinisiudica-

79 1270 133 1292 tus.
155 1264 227 1297 Quid
240 1264 342 1291 mutta‘?
356 1265 400 1291 Sic
413 1265 480 1291 mihi
493 1266 625 1300 persuasi,
639 1266 780 1295 sicsentio,
794 1273 878 1300 quum

79 1307 150 1329 tanta
165 1302 287 1328 celeritas
299 1303 451 1328 animorum
463 1303 512 1332 sit,
527 1307 597 1329 tanta
612 1304 740 1329 memoria
752 1303 880 1337 praeteri—

79 1345 167 1366 torum
183 1338 390 1375 futurorumque
406 1339 562 1374 prudentia,
579 1344 616 1367 tot
627 1345 709 1370 artes,
728 1345 815 1367 tantae
826 1340 880 1366 sci-

79 1377 180 1408 entiae,
195 1381 231 1403 tot
243 1377 364 1409 inventa,
388 1386 439 1403 non
452 1386 531 1412 posse
542 1386 600 1404 eam
613 1382 744 1409 naturam,
758 1386 827 1413 quae
839 1386 881 1403 res

79 1423 124 1442 eas
139 1414 287 1447 contineat,
306 1424 365 1442 esse
377 1415 530 1442 mortalem:
553 1423 694 1451 quumque
705 1424 812 1450 semper
823 1415 881 1451 agi-

79 1458 151 1480 tetur
165 1454 286 1484 animus,
305 1462 353 1480 nec
370 1454 536 1494 principium
549 1457 636 1480 motus
650 1453 760 1484 habeat,
778 1453 841 1488 quia
853 1461 881 1478 se

79 1491 137 1526 ipse
148 1495 266 1523 moveat3
281 1500 313 1517 ne
325 1491 405 1517 finem
419 1491 530 1526 quidem
542 1491 697 1517 habiturum
709 1499 768 1517 esse
782 1495 880 1520 motus,

80 1528 145 1563 quia
162 1537 311 1563 numquam
331 1537 360 1554 se
371 1529 429 1563 ipse
441 1529 475 1555 sit
487 1528 644 1560 relicturus3
667 1532 702 1560 et,
715 1537 801 1563 quum
815 1528 883 1553 sim-

81 1565 145 1600 plex
165 1567 250 1592 animi
270 1570 364 1592 natura
380 1570 464 1597 esset,
482 1574 569 1601 neque
589 1565 699 1592 haberet
714 1566 741 1592 in
758 1574 787 1591 se
800 1565 883 1600 quid-

79 1612 162 1638 quam
174 1603 325 1630 admixtum
337 1603 431 1638 dispar
442 1604 484 1629 sui
496 1608 576 1638 atque
588 1602 731 1634 dissimile,
745 1611 796 1629 non
804 1611 882 1638 posse

80 1649 142 1667 cum
162 1640 264 1667 dividi.-
297 1641 369 1676 quod
386 1642 409 1667 si
422 1649 472 1667 non
484 1641 583 1676 possit,
602 1649 653 1667 non
666 1649 744 1675 posse
757 1641 879 1666 interire:

81 1686 232 1714 magnoque
255 1686 315 1704 esse
336 1683 508 1713 argumento,
530 1678 652 1705 homines
668 1679 737 1704 scire
754 1677 882 1713 pleraque

80 1720 154 1746 ante,
178 1723 260 1750 quam
281 1717 335 1742 nati
354 1717 422 1746 sint,
439 1716 511 1751 quod
528 1716 581 1742 iam
602 1716 692 1750 pueri,
710 1724 796 1750 quum
813 1720 882 1741 artes

80 1752 207 1779 difficiles
219 1752 338 1784 discant,
353 1754 387 1780 ita
399 1753 523 1780 celeriter
534 1762 575 1779 res
590 1753 804 1779 innumerabiles
815 1753 883 1779 arri-

80 1791 164 1825 piant,
178 1795 208 1817 ut
218 1799 263 1817 eas
275 1799 326 1817 non
340 1795 395 1817 tum
408 1792 527 1826 primum
540 1791 661 1826 accipere
670 1790 821 1821 videantur,
835 1790 882 1816 sed

80 1828 220 1854 reminisci
231 1832 257 1854 et
267 1828 411 1854 recordari.
434 1829 502 1854 llaec
514 1828 632 1855 Platonis
645 1828 708 1854 fere.
740 1828 826 1854 XXII.
838 1829 880 1854 79.

81 1865 161 1900 Apud
173 1865 380 1900 Xenophontem
396 1870 485 1892 autem
498 1867 615 1892 moriens
627 1865 713 1902 Cyrus
726 1866 882 1892 maiorhaec

81 1903 158 1929 dicit.
185 1903 270 1928 Nolite
281 1904 417 1932 arbitrari,
430 1912 444 1929 o
455 1905 517 1929 mihi
529 1906 659 1930 carissimi
671 1905 728 1936 filii,
743 1912 789 1933 me,
804 1912 882 1937 qnam

80 1950 97 1967 a
119 1941 190 1966 vobis
215 1941 368 1970 discessero,
396 1948 523 1974 nusquam
542 1945 588 1966 aut
611 1942 710 1966 stultum
728 1943 790 1974 sore.
832 1941 883 1967 Nec

80 1980 155 2008 enim,
167 1979 227 2003 dum
238 1986 308 2003 eram
320 1978 455 2007 vobiscum,
468 1979 583 2003 animum
590 1986 671 2003 meum
681 1980 817 2008 videbatis,
829 1981 881 2008 sed,

80 2023 136 2041 eum
152 2023 204 2041 esse
214 2017 242 2040 in
252 2016 298 2040 hoc
310 2023 427 2048 corpore,
440 2023 473 2041 ατ
484 2017 517 2040 iis
528 2016 614 2044 rebus,
628 2023 693 2048 quas
702 2016 828 2047 yerebam,
842 2017 883 2040 in-

81 2053 240 2086 telliyebatis.
275 2051 396 2078 Eumdem
409 2054 488 2085 iqitar
498 2060 551 2077 esse
562 2053 690 2082 creditum,
703 2054 779 2078 etiam
789 2054 813 2078 si
823 2053 882 2077 nnl-

81 2091 134 2115 lam
144 2091 269 2116 videbitis.
291 2091 331 2114 80.
348 2089 399 2115 Nec
411 2098 470 2115 vero
481 2090 612 2115 clarorum
623 2091 737 2115 virorum
748 2093 804 2122 post
814 2097 882 2114 mor-

82 2131 129 2153 tem
144 2128 251 2153 honores
259 2131 452 2160 permanerent,
470 2129 493 2152 si
503 2127 568 2152 nihil
579 2135 665 2152 eornm
677 2128 791 2159 ipsorum
801 2128 882 2152 ‹in-imi

80 2165 220 2198 efficerent,
237 2173 288 2197 qno
302 2166 401 2190 diutius
416 2166 563 2189 memoriam
577 2166 619 2190 sni
630 2169 777 2190 teneremus.
818 2163 882 2190 Mihi

80 2204 182 2236 quidem
201 2209 341 2235 numquam
361 2203 515 2234 persuaderi
533 2203 628 2234 potuit,
650 2203 762 2232 animos,
784 2203 845 2226 (Iam
856 2203 881 2226 in

82 2240 232 2272 corporibus
246 2243 327 2265 essent
338 2239 502 2268 mortalibus,
519 2241 618 2270 vicem,-
639 2241 838 2272 qnnmeoeissent
849 2247 882 2263 ea·

81 2278 122 2306 iis,
135 2278 224 2302 entori:
239 2284 285 2302 nec
295 2284 364 2306 vero,
378 2281 431 2302 tam
441 2278 556 2302 animum
566 2284 618 2302 esse
624 2277 791 2308 insipientem,
805 2283 881 2308 qnam

81 2322 115 2340 ea>
130 2315 262 2346 insipienti
278 2321 383 2346 corpore
398 2315 531 2345 erasissem
556 2315 600 2339 sed
610 2321 688 2346 qaum
699 2315 767 2338 omni
777 2315 882 2338 adnuim—

82 2353 148 2377 titme
165 2352 281 2384 corporis
301 2351 425 2376 liberatus
438 2359 520 2383 paras
535 2354 558 2375 et
574 2352 670 2383 inteyer
685 2359 737 2377 esse
752 2352 880 2383 coepisset,

82 2392 135 2414 tum
145 2396 197 2414 esse
207 2390 354 2421 sapientem.
394 2390 474 2421 Atque
483 2390 568 2417 etiam,
579 2396 658 2421 quum
668 2389 776 2414 ttoniinis
787 2392 882 2413 natura

81 2429 161 2451 morte
176 2426 339 2455 dissolvitur,
358 2429 501 2451 ceterarum
516 2433 602 2450 rerum
612 2427 774 2458 perspicuam
787 2429 882 2458 estque

82 2470 197 2496 quaeque
211 2464 357 2490 discedant:
377 2464 470 2488 abeunt
481 2464 547 2487 enim
559 2463 621 2487 illuc
631 2464 730 2491 onznia,
749 2464 814 2487 unde
824 2466 881 2487 orla

82 2503 156 2525 sunt:
181 2501 284 2526 animus
301 2503 386 2526 autem
397 2501 479 2530 solas,
496 2508 541 2525 nec
554 2508 632 2532 quum
643 2501 727 2527 adest.
744 2508 789 2525 nec
805 2507 881 2532 quum

82 2538 202 2566 discedit,
228 2541 345 2570 apparet.
387 2537 442 2562 Iam
462 2545 521 2563 vero
541 2538 644 2566 vidctis,
661 2537 726 2562 nilnt
740 2545 792 2562 esse
806 2538 882 2562 morti

83 2578 136 2599 eam
146 2575 236 2604 simile,
249 2583 327 2608 quam
336 2582 458 2601 somnum.
490 2575 529 2599 84.
545 2574 622 2607 Atqui
633 2575 811 2599 dormientium
823 2576 882 2599 ani-

82 2613 118 2636 mi
137 2613 249 2637 maaeime
269 2613 402 2638 declarant
417 2613 576 2637 divinitatem
592 2619 680 2637 snam:
711 2611 791 2637 ntulta
806 2613 880 2640 enim,

82 2656 161 2681 quum
170 2650 270 2675 remissi
279 2653 302 2675 et
313 2650 386 2676 tiberi
396 2653 463 2680 sunt,
475 2651 565 2682 sntio-a
574 2650 740 2682 prospiciunt.

783 2647 823 2674 Ex
833 2656 883 2682 quo
911 2667 912 2673 .

1248 115 1276 139 19
1297 128 1332 132 —
1353 115 1393 139 -23,
1662 116 1725 141 {267

932 184 1096 216 intelliyitur,
1113 186 1201 217 quales
1215 187 1297 217 saturi
1311 187 1376 214 sint,
1393 193 1469 218 quam
1484 193 1510 210 se
1521 185 1599 218 plone
1611 188 1723 217 corporis

1284 221 1381 253 Quare,
1397 224 1421 248 si
1431 223 1492 248 haec
1503 224 1539 247 ila
1550 226 1621 252 sune,
1639 224 1676 248 sic
1688 231 1725 247 me

932 259 1043 288 colitote,
1060 263 1087 284 ut
1102 261 1189 284 deum:
1215 261 1255 285 sin
1269 268 1320 285 una
1336 264 1371 285 est
1389 262 1540 285 interiturus
1554 261 1656 285 animus
1668 267 1724 284 cnm

933 304 1049 327 corpore,
1066 304 1109 321 vos
1121 300 1203 321 tamen
1213 298 1272 322 deos
1284 301 1408 326 verentes,
1427 299 1472 330 qui
1483 297 1548 322 hanc
1559 305 1654 322 omnem
1663 298 1724 329 pal-

907 342 908 347 *
932 333 1099 358 chritnclinem
1114 337 1216 358 tuentur
1231 338 1252 359 et
1270 338 1371 366 requnt,
1384 336 1530 359 memoriam
1540 336 1622 359 nostri
1631 336 1672 366 pie
1684 336 1723 358 in-

930 371 1071 402 violateque
1090 372 1231 396 servabitis.
1271 370 1356 405 Cyrus
1376 370 1485 405 quidem
1511 370 1575 396 haec
1596 371 1721 397 moriens.

931 407 996 437 Nos,
1015 407 1038 432 si
1054 406 1151 440 placet.
1171 411 1257 432 nostra
1275 407 1424 433 videamus.
1465 407 1561 433 XXIII.
1582 409 1623 433 82.
1640 408 1723 433 Nemo

931 452 1061 477 umquam
1073 444 1149 473 mihi,
1164 444 1263 479 Scipio.
1278 444 1463 479 persuadebit.
1477 450 1522 471 aut
1533 450 1634 479 patrem
1645 450 1722 471 tuum

929 480 1054 506 Paullum
1071 486 1116 507 aut
1131 481 1198 507 duos
1215 490 1293 512 avos,
1312 481 1434 507 Paullum
1451 487 1476 508 et
1491 481 1659 511 Africanum.
1679 487 1723 508 aut

931 518 1048 544 Africani
1060 523 1170 552 patrem,
1188 524 1232 545 aut
1242 524 1381 553 patruum,
1396 524 1439 545 aut
1452 518 1549 545 multos
1559 524 1723 554 praestantes

932 556 1017 586 viros,
1031 564 1099 590 quos
1110 564 1266 582 enumerare
1279 565 1329 582 non
1342 561 1381 582 est
1393 565 1513 586 necesse,
1527 561 1596 582 tanta
1609 565 1667 582 esse
1678 565 1722 582 co-

931 597 1014 623 natos,
1027 601 1096 627 quae
1108 593 1139 619 ad
1152 594 1313 627 posteritatis
1326 594 1480 619 memoriam
1493 595 1667 628 pertinerent,
1681 594 1723 619 ni-

930 631 953 655 si
970 630 1058 656 animo
1074 635 1212 656 cernerent
1227 631 1406 665 posteritatem
1418 630 1450 656 ad
1462 639 1490 656 se
1501 632 1644 665 pertinere.
1683 631 1722 656 An

930 676 1037 698 censes,
1055 667 1093 701 (ut
1109 667 1141 693 de
1158 676 1199 693 me
1220 669 1277 702 ipso
1293 667 1396 702 aliquid
1412 676 1483 694 more
1495 677 1590 694 senum
1604 667 1723 703 glorier.)

931 713 972 730 me
985 709 1069 730 tantos
1083 704 1185 730 labores
1196 704 1307 731 diurnos
1318 710 1512 740 nocturnosque
1519 705 1591 731 domi
1599 704 1723 731 militiae-

930 750 982 776 que
998 747 1187 776 suscepturum
1209 741 1306 772 fuisse,
1330 744 1352 769 si
1375 742 1470 768 iisdem
1492 742 1591 768 linibus
1611 742 1722 778 gloriam

931 787 1032 809 meam,
1055 779 1157 813 quibus
1172 780 1269 810 vitam,
1292 788 1379 805 essem
1399 779 1606 806 terminaturus?
1631 780 1723 805 Nonne

931 816 1029 842 melius
1042 816 1125 842 multo
1137 816 1240 847 fuisset,
1253 817 1364 843 otiosam
1376 821 1487 843 aetatam
1502 821 1526 843 et
1537 817 1654 850 quietam
1667 817 1724 842 sine

931 853 986 879 ullo
1011 853 1099 879 labore
1123 859 1148 880 et
1169 855 1336 880 contentione
1357 853 1512 880 traducere?
1541 853 1607 884 Sed,
1635 854 1724 879 nescio

931 890 1079 925 quomodo,
1097 892 1217 919 animus,
1240 892 1346 926 erigens
1362 900 1404 921 se,
1422 891 1602 925 posteritatem
1619 898 1725 925 semper

932 929 966 954 ita
977 928 1172 962 prospiciebat,
1186 929 1277 963 quasi.
1294 937 1378 963 quum
1390 929 1550 954 excessisset
1561 936 1574 953 e
1588 928 1653 954 vita.
1669 932 1724 953 tum

931 965 1049 1000 denique
1062 966 1183 992 victurus
1195 970 1274 991 esset.
1305 965 1380 997 Quod
1394 965 1504 1000 quidem
1517 966 1543 991 ni
1556 965 1590 991 ita
1603 973 1630 990 se
1643 964 1725 990 habe—

932 1007 984 1033 ret,
1002 1007 1032 1029 ut
1048 1003 1131 1029 animi
1149 1002 1313 1029 immortales
1325 1008 1426 1033 essent,
1445 1002 1516 1028 haud
1527 1003 1622 1036 optimi
1633 1003 1726 1028 cuius-

931 1048 984 1075 que
999 1041 1106 1066 animus
1123 1041 1241 1066 maxime
1257 1040 1290 1066 ad
1306 1040 1531 1066 immortalitatem
1543 1039 1643 1074 gloriae
1658 1040 1726 1065 nite-

931 1082 1013 1104 retur.
1054 1079 1095 1103 83.
1123 1077 1213 1109 Quid?
1232 1077 1304 1112 quod
1320 1077 1537 1112 sapientissimus
1552 1077 1668 1111 quisque
1683 1085 1727 1101 ae-

930 1115 1064 1149 quissimo
1084 1116 1173 1141 animo
1193 1116 1318 1145 moritur,
1338 1114 1516 1141 stultissimus
1537 1112 1728 1148 iniquissimo?

932 1153 1024 1178 Nonne
1035 1152 1114 1178 vobis
1126 1152 1232 1179 videtur
1244 1153 1350 1178 animus
1362 1153 1393 1183 is,
1407 1153 1454 1186 qui
1467 1151 1528 1186 plus
1539 1155 1629 1177 cernat
1639 1155 1663 1176 et
1672 1150 1728 1176 lon-

931 1190 1006 1225 gius,
1031 1189 1135 1220 videre,
1158 1198 1186 1215 se
1207 1189 1239 1215 ad
1264 1189 1372 1216 meliora
1390 1189 1536 1224 proficisci:
1569 1188 1614 1214 ille
1628 1193 1726 1214 autem.

932 1228 1010 1253 cuius
1021 1227 1142 1253 obtusior
1153 1228 1188 1253 sit
1199 1228 1282 1257 aciCS,
1297 1236 1348 1253 non
1361 1226 1470 1252 videre‘?
1490 1225 1624 1260 Equidem
1635 1224 1728 1251 efferor

932 1264 1022 1291 studio
1049 1269 1138 1299 patres
1151 1269 1266 1294 vestros,
1285 1273 1353 1299 quos
1367 1263 1437 1290 colui
1451 1268 1475 1289 et
1487 1263 1585 1292 (lilexi,
1600 1262 1725 1288 videndi:

933 1310 1021 1336 neque
1037 1310 1100 1328 vero
1116 1310 1160 1328 eos
1176 1301 1263 1328 solum
1280 1302 1423 1327 convenire
1437 1309 1515 1329 aveo,
1533 1308 1601 1335 quos
1614 1301 1670 1334 ipse
1682 1308 1727 1325 co-

932 1341 1023 1375 gnovi,
1040 1339 1087 1365 scd
1100 1339 1160 1365 illos
1171 1339 1260 1369 ctiam,
1277 1339 1309 1365 dc
1321 1339 1422 1373 quibus
1433 1337 1525 1364 audivi
1538 1341 1563 1363 ct
1577 1337 1628 1372 legi
1639 1337 1728 1371 etipse

933 1377 1092 1411 conscripsi.
1128 1376 1185 1408 Quo
1200 1376 1310 1411 quidem
1323 1385 1365 1402 me
1378 1375 1590 1410 proficiscentem
1604 1373 1674 1400 haud
1686 1382 1728 1400 sa-

934 1423 966 1440 ne
980 1415 1043 1449 quis
1062 1413 1138 1440 facile
1151 1415 1301 1441 retraxerit.
1326 1422 1412 1448 neque
1425 1417 1560 1447 tamquam
1573 1411 1672 1437 Peliam
1688 1419 1729 1437 re-

933 1452 1045 1478 coxerit.
1085 1450 1162 1483 Quod
1174 1452 1196 1477 si
1207 1452 1270 1486 quis
1287 1450 1354 1477 ‹lcus
1367 1450 1434 1476 mihi
1448 1450 1582 1485 largiatur,
1597 1453 1625 1474 ut
1636 1457 1668 1475 cx
1681 1448 1729 1474 hac

934 1494 1017 1515 aetate
1029 1497 1214 1523 repuerascam
1226 1494 1251 1514 et
1264 1489 1289 1514 in
1297 1489 1374 1514 cunis
1382 1488 1497 1523 vagiant,
1511 1486 1588 1513 valde
1596 1494 1727 1512 recusem.

935 1527 989 1553 Nec
1005 1535 1068 1552 vero
1084 1525 1180 1557 velim,
1196 1526 1274 1560 quasi
1286 1525 1400 1551 decurso
1411 1526 1510 1559 spatio.
1529 1523 1561 1550 ad
1580 1531 1699 1550 carceres
1715 1531 1729 1548 a

934 1564 1006 1590 calce
1022 1564 1149 1590 revocari.
1191 1564 1231 1589 84.
1252 1563 1321 1595 Quid
1339 1563 1410 1588 enim
1425 1562 1503 1588 habet
1514 1562 1567 1587 vita
1579 1559 1731 1587 commodi?

935 1601 1001 1636 quid
1014 1610 1064 1627 non
1078 1602 1167 1635 potius
1180 1600 1297 1627 laboris?
1316 1600 1368 1626 Sed
1383 1600 1477 1626 habeat
1489 1607 1566 1626 sane:
1588 1598 1730 1624 habetcer-

936 1644 959 1665 te
972 1644 1059 1665 tamen
1071 1643 1116 1665 aut
1127 1639 1274 1664 satietatem
1303 1637 1481 1663 autmodum.
1514 1635 1729 1662 Nonlubetenim

935 1676 1003 1702 mihi
1020 1676 1157 1710 deplorare
1178 1676 1272 1705 vitam,
1294 1674 1365 1710 quod
1383 1674 1475 1703 multi,
1488 1679 1513 1700 et
1526 1674 1543 1699 ii
1554 1673 1638 1701 docti.
1652 1680 1730 1706 saepe

936 1713 1068 1739 fecerunt:
1089 1722 1176 1748 neque
1188 1722 1229 1739 me
1242 1713 1344 1739 vixisse
1356 1713 1486 1747 poenitctz
1503 1711 1630 1745 qnoniam
1644 1710 1677 1735 ita
1691 1710 1731 1735 vi-

935 1753 976 1782 xi,
995 1756 1024 1777 ut
1038 1760 1089 1777 non
1106 1750 1202 1777 frustra
1215 1759 1256 1776 me
1269 1755 1359 1776 natum
1372 1750 1534 1776 existimem:
1548 1752 1618 1774 etex
1629 1747 1681 1773 vita
1697 1747 1730 1773 ita

934 1788 1053 1819 discedo,
1068 1793 1203 1823 tamquam
1216 1797 1249 1814 ex
1260 1787 1385 1822 hospitio,
1400 1784 1729 1820 nontamquamexdomo.

935 1826 1123 1853 Commorandi
1135 1826 1208 1851 enim
1220 1830 1313 1851 natura
1327 1824 1511 1851 deversorium
1525 1822 1611 1852 nobis,
1626 1821 1732 1848 nonha-

936 1863 1038 1890 bitandi
1055 1861 1164 1899 [locum]
1177 1862 1260 1889 dedit.
1291 1862 1313 1887 O
1325 1861 1492 1897 praeclarum
1504 1860 1587 1889 diem,
1601 1868 1685 1894 quum
1699 1858 1731 1885 ad

936 1901 1002 1927 illud
1018 1901 1144 1927 divinum
1156 1901 1306 1926 animorum
1319 1899 1464 1926 concilium
1479 1903 1639 1931 coetumque
1652 1895 1732 1932 proti-

934 1939 1029 1969 ciscar,
1042 1946 1184 1973 quumque
1196 1947 1229 1964 cx
1241 1937 1289 1963 hac
1301 1937 1377 1963 turbu
1388 1933 1729 1962 etcolluvioncdiscedam!

935 1976 1090 2002 Proflciscar
1105 1976 1177 2002 enini
1195 1984 1246 2001 non
1263 1974 1294 2001 ud
1312 1983 1357 2000 eos
1373 1973 1460 2000 solum
1482 1974 1567 2003 viros,
1587 1971 1733 2006 dequibus

934 2018 994 2040 ante
1005 2013 1077 2044 ‹lixi3
1102 2021 1195 2039 verum
1208 2013 1287 2038 etiam
1299 2011 1331 2038 ad
1344 2012 1470 2038 Catonem
1483 2018 1582 2039 mcum,
1596 2018 1650 2044 quo
1657 2017 1734 2034 nemo

936 2051 976 2077 vir
991 2050 1085 2076 melior
1097 2055 1175 2076 natus
1187 2055 1235 2079 est,
1250 2058 1328 2076 nemo
1339 2048 1631 2084 pietati-praestantior:
1655 2046 1734 2072 cuius

934 2097 947 2113 a
959 2096 1002 2114 me
1013 2095 1111 2122 eorpus
1123 2092 1271 2114 crematum
1283 2091 1337 2119 est3
1355 2086 1436 2121 (quod
1448 2090 1538 2111 contra
1549 2084 1639 2110 (locuit
1653 2082 1686 2109 ab
1702 2082 1733 2108 il-

935 2125 958 2151 Ιο
974 2133 1064 2151 mcum
1073 2124 1091 2159 :)
1111 2124 1218 2151 unimus
1231 2132 1294 2150 vero
1306 2132 1357 2150 non
1370 2132 1412 2150 me
1423 2122 1564 2151 deserens,
1582 2120 1630 2147 sed
1643 2128 1733 2154 respe-

933 2167 1023 2192 ctans,
1038 2163 1063 2187 in
1075 2170 1104 2187 ca
1117 2161 1234 2196 profecto
1247 2160 1301 2187 loca
1313 2160 1452 2190 discessit,
1466 2168 1520 2194 quo
1532 2158 1598 2185 mihi
1614 2158 1665 2192 ipsi
1676 2165 1733 2182 cer-

934 2199 1013 2225 nebat
1027 2207 1086 2224 esse
1102 2198 1274 2224 veniendum.
1315 2198 1400 2230 Quem
1412 2205 1462 2232 ego
1473 2205 1562 2223 meum
1574 2203 1666 2221 casum
1682 2193 1734 2219 sor-

934 2237 995 2263 titer
1011 2235 1079 2262 serre
1096 2236 1171 2262 visus
1187 2244 1262 2261 sum:
1290 2244 1341 2261 non
1353 2243 1407 2269 qno
1419 2242 1505 2269 aequo
1517 2234 1606 2259 animo
1621 2231 1730 2260 serrium

934 2273 981 2299 sed
995 2282 1036 2299 nie
1049 2274 1106 2308 ipse
1117 2272 1288 2301 consolabar.
1302 2273 1475 2302 existimans,
1490 2280 1540 2297 non
1555 2269 1732 2304 longinquum

935 2311 1003 2337 inter
1014 2319 1062 2337 nos
1073 2310 1226 2344 digressum
1239 2314 1263 2336 ct
1277 2309 1429 2336 discessum
1442 2308 1506 2334 sore.
1547 2309 1588 2333 85.
1605 2306 1650 2332 llis
1665 2305 1733 2331 mihi

935 2348 1029 2377 rebus.
1043 2347 1148 2382 Scipio,
1166 2347 1202 2382 (id
1215 2347 1286 2373 cuim
1301 2351 1324 2372 te
1335 2355 1397 2372 cum
1410 2345 1499 2372 Laelio
1509 2344 1636 2371 admirari
1648 2342 1733 2369 solere

934 2385 1051 2420 dixisti.)
1073 2384 1141 2411 lex-is
1161 2389 1201 2410 cst
1217 2389 1355 2411 senectus.
1375 2391 1423 2409 nce
1438 2382 1526 2408 solum
1543 2390 1593 2407 non
1611 2379 1731 2407 molesta.

934 2422 981 2449 sed
997 2423 1078 2449 etiam
1097 2422 1225 2448 iucunda.
1265 2420 1341 2453 Quod
1358 2421 1380 2446 si
1399 2421 1424 2446 in
1443 2420 1491 2445 hoc
1506 2427 1578 2447 erro.
1591 2417 1663 2452 quod
1676 2418 1732 2443 ani-

935 2469 992 2486 mos
1012 2459 1152 2486 hominum
1172 2458 1336 2485 immortales
1347 2466 1406 2484 csse
1416 2456 1538 2485 credam.
1559 2454 1681 2482 tulwntcr
1691 2463 1734 2481 er-

935 2506 975 2528 ro;
1000 2505 1048 2523 nce
1063 2497 1131 2523 milii
1144 2497 1215 2523 hunc
1226 2504 1355 2525 errorem,
1373 2503 1428 2529 quo
1438 2493 1567 2521 delector.
1581 2491 1646 2518 dum
1660 2492 1731 2519 vivo.

935 2535 1086 2569 extorqueri
1108 2534 1176 2561 volo.
1218 2533 1265 2559 Sin
1287 2537 1421 2560 mortuus.
1443 2532 1482 2566 (ut
1503 2529 1613 2565 quidum
1635 2529 1732 2556 muniti

936 2571 1091 2606 philosophi
1115 2571 1246 2605 censent.)
1261 2569 1328 2597 nihil
1350 2570 1479 2595 sontium:
1504 2576 1554 2594 non
1577 2575 1677 2595 vereor.
1701 2574 1732 2592 uc

910 2633 912 2639 ‚
937 2609 1008 2635 hunc
1032 2617 1147 2636 errorem
1175 2617 1264 2635 mcum
1291 2607 1387 2633 mortui
1413 2604 1568 2641 philosophi
1593 2603 1730 2631 irrideant.

936 2646 1012 2679 Quod
1025 2647 1047 2673 si
1066 2655 1117 2673 non
1129 2654 1225 2673 sumus
1238 2644 1402 2672 immortales
1415 2643 1512 2674 futuri,
1529 2647 1616 2669 tumen
1629 2641 1731 2668 exstin-

1459 2691 1504 2715 ¹59
1516 2688 1527 2699 ⁶
