1941 3052
348 148 675 175 EPISTOLARUM
705 148 758 175 AD

58 222 123 248 culis
133 219 290 256 propediem
301 224 437 254 exspecta.
467 220 501 246 Et
511 224 613 251 tamen,
629 218 697 254 quid
707 219 808 254 cogites
819 218 853 245 de

57 258 174 285 adventu
194 262 252 288 tuo,
275 257 363 284 scribe
379 257 412 283 ad
432 265 490 283 nos.
530 257 597 282 Nam
620 256 687 282 mihi
707 257 853 291 Pomponia

58 295 176 323 nuntiari
191 295 285 326 iussit,
306 299 331 321 te
342 303 434 320 mense
448 294 562 326 Quintili
577 294 676 320 Romae
692 293 757 320 fore.
797 293 827 320 Id
839 302 853 319 a

57 333 111 360 tuis
123 332 227 363 litteris,
241 341 309 367 quas
320 331 353 358 ad
365 340 407 357 me
417 331 450 357 de
461 330 593 357 decessu*
605 336 650 357 tuo
662 331 783 362 miseras,
796 330 855 357 dis-

57 369 192 404 crepabat.
235 371 276 396 ⁴2.
297 370 408 399 Paetus,
426 373 456 395 ut
466 373 542 394 antea
553 368 586 395 ad
597 373 622 395 te
633 369 744 403 scripsi,
760 377 854 395 omnes

59 407 151 437 libros,
160 415 228 441 quos
240 405 320 433 frater
331 415 397 432 suus
409 405 572 440 reliquisset,
586 406 654 431 mihi
665 405 784 432 donavit.
802 406 854 431 lloc

58 443 133 471 illius
149 452 250 470 munus
270 445 298 470 in
316 449 361 470 tua
381 443 522 478 diligentia
542 443 660 477 positum
684 447 733 469 est.
773 442 801 469 Si
812 451 854 468 me

58 489 141 512 amas,
150 489 222 511 cura,
232 486 261 507 ut
271 485 464 507 conserventur
474 485 499 507 et
510 480 543 506 ad
555 489 597 506 me
609 479 785 514 perferantur.
801 480 855 506 Hoc

59 518 127 545 mihi
139 518 207 544 nihil
219 523 306 553 potest
317 526 375 544 esse
386 518 502 554 gratius:
516 522 541 543 et
562 526 647 552 quum
659 518 784 547 Graecos,
797 522 855 543 tum

58 564 122 582 vero
140 555 284 591 diligenter
299 556 407 582 Latinos
427 559 457 581 ut
471 563 613 581 conserves
633 553 726 580 velim.
767 555 855 580 Tuum

58 601 118 619 esse
130 593 179 619 hoc
191 592 385 619 munusculum
397 592 506 627 putabo.
532 591 573 618 Ad
583 591 725 618 Octavium
737 591 799 617 dedi
813 591 856 618 lit-

58 635 142 657 teras:
156 639 218 656 cum
230 631 289 665 ipso
301 629 368 656 nihil
379 638 452 656 eram
464 629 578 656 locutus.
617 629 710 664 Neque
721 629 793 655 enirn
806 629 856 655 ista

59 671 103 694 tua
116 668 221 703 negotia
234 666 411 702 provincialia
422 675 480 693 esse
492 666 629 701 putabam,
638 674 726 700 neque
738 670 762 692 te
776 667 803 692 in
816 671 856 692 to-

59 705 216 731 culionibus
237 704 381 731 habebam.
421 704 474 730 Sed
493 704 605 738 scripsi,
627 707 657 730 ut
671 703 769 734 debui.
792 703 857 730 dili-

60 747 163 778 genter.

112 812 141 832 ΙΙ.
170 813 200 835 (In
210 812 325 833 Tusculano,
334 813 421 833 Metello,
431 812 512 830 Afranio
524 818 570 829 coss.
581 811 638 834 694.)

118 895 140 920 l.
163 889 252 924 Cura,
265 892 361 919 amabo
371 897 410 923 te,
427 892 582 919 Ciceronem
594 897 727 920 nostrum.
765 892 797 919 Ei
809 901 857 919 nos

60 933 198 959 συννοσεῖν
209 930 344 956 videmur.
385 931 411 957 2.
428 931 595 964 Πελληναίων
606 931 634 956 in
646 930 772 956 manibus
783 934 858 956 tene—

60 968 135 999 bam,
158 973 184 994 et
199 967 308 994 hercule
323 975 453 1003 magnum
471 976 597 994 acervum
613 967 767 994 Dicaearchi
789 968 858 994 mihi

60 1011 120 1033 ante
130 1005 212 1040 pedes
227 1010 423 1032 exstruxeram.
463 1004 486 1032 O
497 1014 626 1041 magnum
639 1005 789 1032 hominem!
807 1009 857 1031 eta

60 1051 114 1079 quo
125 1042 210 1069 multo
221 1042 298 1077 plura
310 1042 439 1069 didiceris
447 1063 453 1073 .
466 1051 548 1078 quam
560 1042 593 1069 de
604 1042 728 1069 Procilio.
760 1047 858 1078 Κοριν-

59 1081 129 1108 θίων
139 1085 165 1107 et
175 1080 320 1113 Ἀθηναίων
332 1086 397 1115 puto
408 1089 451 1107 me
462 1080 560 1107 Romae
572 1080 681 1107 habere.
721 1080 789 1107 Mihi
800 1088 858 1106 cre-

60 1117 107 1149 de,
124 1117 211 1153 leges:
230 1117 295 1144 haec
310 1117 405 1150 doce03
429 1117 563 1144 mirabilis
578 1118 621 1144 vir
639 1122 689 1144 est.
727 1117 855 1153 ‘anidvsffi

59 1156 84 1182 si
99 1155 179 1182 homo
194 1159 278 1186 esset,
296 1163 358 1181 eum
369 1155 458 1190 potius
471 1155 582 1191 legeret,
600 1163 682 1190 quam
694 1164 776 1181 unam
788 1154 859 1181 litte—-

60 1201 117 1219 ram
128 1192 270 1224 scriberet,
284 1193 331 1227 qui
344 1201 386 1218 me
397 1192 509 1227 epistola
521 1193 626 1227 petivit,
635 1192 668 1219 ad
680 1197 713 1224 te,
727 1197 757 1219 ut
767 1192 855 1224 video,

59 1230 184 1256 cominus
199 1230 320 1256 accessit.
361 1230 522 1256 Coniurasse
538 1229 660 1261 mallem,
682 1239 764 1265 quam
779 1231 858 1256 resti-

60 1268 126 1294 tisse
140 1267 331 1298 coniurationi,
354 1267 377 1293 si
398 1266 476 1293 illum
492 1267 561 1293 mihi
578 1267 743 1294 audiendum
764 1272 859 1302 putas-

61 1313 128 1331 sem.
169 1306 194 1331 3.
216 1305 252 1330 De
269 1303 366 1335 Lollio,
389 1313 472 1330 sanus
487 1313 539 1331 non
555 1313 597 1330 es:
618 1305 651 1331 de
669 1305 745 1336 vino,
767 1305 856 1332 laudo.

60 1341 112 1368 Sed
126 1341 193 1370 heus
205 1346 242 1371 tu,
256 1341 354 1376 ecquid
367 1341 452 1373 vides,
466 1341 524 1368 Kal.
537 1342 792 1373 venire,Antonium
806 1351 857 1369 non

62 1378 171 1405 venire‘?
191 1378 296 1405 iudices
311 1378 389 1414 cogi‘?
408 1379 475 1405 Nam
492 1380 527 1405 ita
542 1379 575 1405 ad
587 1388 629 1405 me
641 1381 762 1411 mittunt,
781 1381 859 1416 Nigi-

60 1416 136 1443 dium
149 1416 246 1442 minari
258 1416 285 1442 in
296 1417 432 1447 concione,
441 1425 469 1443 se
481 1416 609 1448 iudicem,
618 1418 665 1451 qui
678 1426 729 1444 non
742 1417 856 1449 affuerit,

59 1453 295 1488 compellaturum.
337 1453 423 1480 Velim
435 1459 533 1485 tamen,
546 1454 648 1489 siquid
660 1459 700 1481 est
710 1455 743 1481 de
750 1455 858 1482 Antonii

60 1491 193 1522 adventu,
211 1490 283 1525 quod
299 1490 432 1522 audieris,
450 1491 553 1518 scribas
568 1492 601 1518 ad
616 1500 672 1523 me,
690 1497 716 1518 et
730 1493 858 1527 quoniam

60 1528 114 1555 huc
130 1537 182 1555 non
199 1528 289 1559 venis,
311 1536 407 1555 coenes
427 1529 500 1564 apud
517 1537 564 1555 nos
579 1530 674 1565 utique
688 1530 777 1565 pridie
798 1529 857 1557 Kal.

60 1566 131 1593 Cave
142 1565 219 1593 aliter
230 1564 322 1592 facias.
363 1565 442 1597 Cura,
455 1571 485 1593 ut
497 1566 596 1594 valeas.

115 1635 271 1659 ¹1¹·(Rumne,
281 1638 367 1657 Metello,
377 1638 456 1655 Atrflmu
467 1645 512 1656 νειμ.
524 1639 581 1660 υ94.>

241 1680 411 1707 CICERO
441 1680 613 1708 ATTICO
646 1681 673 1708 S.

118 1718 141 1743 t.
162 1713 297 1749 Primum,
314 1719 457 1752 utopinor,
471 1718 618 1755 εὐαγγέλια.
643 1718 768 1746 Valerius
779 1719 859 1746 abso-

62 1754 134 1781 lutus
149 1759 190 1781 est
205 1755 344 1782 Hortensio
359 1755 530 1782 defendente.
571 1756 600 1782 ld
616 1756 749 1783 iudicium
765 1757 858 1784 Attilio

60 1791 239 1818 condonatum
250 1793 407 1827 putabatur3
421 1793 603 1828 etEpicratem
614 1795 746 1829 suspicor,
755 1795 858 1821 utscri-

61 1828 116 1860 bis,
139 1828 272 1856 lascivum
287 1829 381 1856 fuisse.
422 1830 528 1857 Etenim
544 1831 612 1858 mihi
623 1832 726 1868 caligae
738 1832 810 1863 eius,
829 1837 859 1858 ut

60 1865 158 1893 fasciae
171 1871 298 1899 cretatae,
316 1876 368 1894 non
384 1867 536 1902 placebant.
576 1868 648 1901 Quid
661 1870 710 1900 sit,
727 1869 855 1901 sciemus,

59 1911 145 1939 quum
162 1905 279 1931 veneris.
318 1906 344 1931 2.
367 1905 554 1932 Fenestrarum
570 1907 710 1942 angustias
727 1907 800 1942 quod
817 1916 858 1934 re-

60 1940 216 1976 prehendis,
224 1942 322 1968 scitote
330 1941 545 1977 Κύρουπαιὸειάν
556 1943 762 1978 reprehendere.
778 1945 855 1976 Nam.

59 1986 146 2013 quum
157 1986 207 2014 ego
219 1978 290 2004 idem
302 1979 371 2005 istuc
385 1979 517 2011 dicerem,
535 1979 622 2016 Cyrus
637 1981 737 2013 aiebat,
755 1981 859 2008 virida-

60 2015 162 2041 riorum
170 2015 375 2049 διαφάσειςΙθῑίε
387 2015 537 2043 luminibus
548 2025 600 2044 non
612 2022 665 2044 tam
677 2027 736 2044 esse
747 2027 856 2046 suaves.

59 2052 167 2079 Etenim
178 2052 244 2079 ἔστω
256 2052 316 2087 ὄψις
326 2054 372 2088 μὲν
382 2053 398 2087 ἡ
409 2065 438 2084 α,
450 2054 479 2080 τὸ
492 2054 518 2080 δὲ
530 2054 662 2089 ὁρώμενον
673 2055 701 2091 β,
712 2065 740 2092 y·
757 2056 859 2087 ἀκτῖνες

60 2089 87 2116 δὲ
99 2089 114 2115 δ
123 2090 166 2116 καὶ
178 2099 196 2116 e.
236 2089 319 2116 Vides
329 2090 401 2116 enim
414 2095 510 2117 cetera.
542 2091 624 2123 Nam,
642 2093 665 2118 si
677 2092 730 2118 κατ’
744 2092 858 2120 εἰδώλων

59 2126 204 2162 ἐμπτώσεις
219 2126 389 2158 videremus,
406 2127 484 2154 valde
501 2128 651 2156 laborarent
665 2130 760 2156 εἴδωλα
772 2131 799 2157 in
811 2139 859 2157 an-

59 2164 172 2200 gustiis:
187 2172 259 2190 nunc
270 2164 298 2190 fit
310 2164 397 2199 lepide
409 2165 454 2191 illa
467 2166 568 2199 ἔκχυσις
579 2166 725 2193 radiorum.
765 2168 858 2194 Cetera

59 2201 84 2228 si
100 2201 319 2236 reprehenderis.
343 2210 394 2228 non
412 2201 480 2228 feres
500 2204 623 2234 tacitum,
647 2205 700 2230 nisi
721 2205 788 2239 quid
809 2206 859 2232 erit

60 2238 203 2270 eiusmodi,
216 2239 289 2274 quod
300 2239 359 2265 sine
370 2244 480 2274 sumptu
491 2241 588 2276 corrigi
602 2242 695 2276 possit.
734 2244 759 2268 3.
775 2242 858 2269 Venio

61 2283 133 2303 nunc
148 2276 181 2302 ad
198 2285 318 2302 mensem
336 2277 489 2303 Ianuarium
501 2282 526 2304 et
536 2278 568 2304 ad
580 2278 728 2306 ὑπόστασιν
740 2284 857 2306 nostram

60 2314 234 2343 αοπολιτειάν,
248 2314 275 2340 in
286 2317 516 2348 ᾳιιεΣωκραηκῶς
527 2314 563 2345 εἰς
574 2315 757 2352 ἑκάτερον,εοᾱ
770 2322 857 2344 tamen

61 2349 94 2377 ad
105 2355 269 2382 extremum,
287 2356 316 2377 ut
332 2351 371 2377 illi
387 2351 522 2382 solebant,
540 2353 584 2386 τὴν
600 2352 771 2388 finiti-novum».

61 2395 104 2414 res
118 2395 182 2414 sane
203 2389 293 2424 magni
309 2388 427 2415 consilii.
469 2390 535 2415 Nam
551 2394 597 2416 aut
613 2389 714 2416 fortiter
730 2392 858 2418 resisten-

61 2423 126 2451 dum
137 2429 177 2452 est
189 2424 241 2461 legi
253 2426 386 2461 agrariam
405 2427 432 2452 in
449 2435 503 2461 quo
513 2431 553 2453 est
563 2427 696 2461 quaedam
707 2428 854 2460 dimicatio,

61 2461 108 2488 sed
120 2461 197 2496 plena
210 2463 312 2490 laudis:
326 2468 371 2490 aut
382 2464 592 2498 quim-endum
606 2465 679 2499 quod
690 2470 730 2492 est
741 2475 792 2492 non
799 2466 857 2492 dis-

61 2498 164 2531 simile,
181 2504 261 2535 atque
276 2501 314 2527 ire
326 2501 352 2527 in
364 2500 502 2527 Solonium
519 2506 564 2528 aut
575 2502 699 2528 Antium:
716 2508 761 2529 aiut
776 2504 855 2529 etiam

61 2535 258 2570 adiuvandum3
272 2538 344 2572 quod
356 2546 370 2564 a
382 2547 424 2564 me
435 2539 656 2565 aiuntCaesarem
667 2540 707 2565 sic
717 2545 857 2574 exspectn—

62 2580 103 2604 το,
123 2578 153 2600 ut
171 2582 223 2601 non
243 2574 358 2602 dubitet.
401 2576 466 2602 Nam
485 2575 535 2603 tuit
553 2576 624 2610 apud
642 2585 684 2602 me
699 2577 853 2610 Cornelius-3

62 2608 134 2636 hunc
144 2610 205 2637 dico
216 2611 342 2644 Balbum,
356 2612 478 2639 Caesaris
491 2613 661 2640 familiarem.
702 2615 727 2640 ls
738 2614 857 2640 aflirmn-

62 2645 107 2673 bat
120 2646 199 2674 illum
213 2650 341 2676 omnibus
356 2650 383 2676 in
400 2651 481 2676 rebus
497 2660 556 2677 meo
571 2656 596 2677 et
613 2652 731 2686 l'ompeii
744 2652 857 2678 consilio

62 2691 175 2711 usurum
190 2684 369 2722 daturumque
384 2696 507 2723 operam,
524 2693 554 2715 ut
566 2697 628 2715 cum
641 2689 768 2724 Pompeio
777 2689 857 2716 Cras-

812 2355 858 2381 ssst
878 2349 880 2366 ³

787 147 1167 174 ATTICUMLIB.11.
1199 148 1399 175 Epa—5.
1651 150 1696 176 827

905 228 966 245 sum
981 219 1166 254 coniungeret.
1207 219 1255 245 Hic
1275 223 1339 246 sunt
1357 219 1436 246 haec:
1459 219 1612 246 coniunctio
1632 220 1700 246 mihi

905 265 1011 282 summa
1022 265 1084 282 cum
1096 256 1236 291 Pompeio;
1253 257 1277 282 si
1288 256 1388 291 placet,
1407 257 1487 283 etiam
1498 265 1560 283 cum
1573 257 1698 289 Caesare3

906 293 1008 320 reditus
1020 294 1047 319 in
1059 294 1172 329 gratiam
1182 302 1244 319 cum
1256 294 1389 325 inimicis,
1410 303 1464 329 pax
1474 303 1536 320 cum
1548 294 1702 321 multitudi-

906 339 948 362 ne,
961 331 1107 357 senectutis
1118 331 1213 357 otium.
1239 331 1291 357 Sed
1304 340 1346 357 me
1357 332 1491 362 κατακλεὶς
1502 340 1560 358 mea
1571 331 1617 358 illa
1628 340 1703 358 com-

906 373 1003 399 movet,
1017 376 1086 403 quae
1097 372 1137 394 est
1148 368 1175 394 in
1187 367 1256 394 libro
1267 377 1302 394 ιιι.

962 406 1062 431 Interea
1074 414 1173 435 cursus,
1185 415 1248 439 quos
1257 409 1342 438 prima
1355 415 1370 431 a
1381 410 1456 438 parte
1468 408 1592 437 iuventae,

962 451 1074 476 quosque
1083 445 1146 469 adeo
1158 445 1246 469 consul
1256 446 1350 469 virtute
1360 446 1496 476 animoque
1505 446 1600 476 petisti,

961 482 1005 506 hos
1014 483 1095 506 retine
1105 485 1181 513 utque
1192 489 1257 513 unqe
1266 483 1361 512 santam
1373 482 1510 513 laudesque
1520 482 1652 507 bonorum.

906 517 975 543 Haec
987 517 1055 543 mihi
1066 525 1152 552 quum
1164 518 1191 543 in
1203 525 1234 543 eo
1246 516 1322 548 libro,
1332 518 1359 543 in
1371 526 1424 552 quo
1437 517 1519 543 multa
1531 523 1594 544 sunt
1604 519 1703 553 scripta

907 554 1137 590 ἀριστοκρατικῶς,
1149 554 1268 589 Calliope
1279 555 1337 589 ipsa
1350 555 1566 589 praescripserit,
1582 564 1633 582 non
1644 556 1705 591 opi-

907 600 956 618 nor
966 600 1025 629 esse
1036 591 1227 622 dubitandum,
1241 593 1307 626 quin
1318 601 1425 627 semper
1435 592 1513 618 nobis
1525 592 1649 620 videatur

963 632 1000 659 εἷς
1012 628 1103 658 οἰωνὸς
1114 629 1228 663 ἄριστος,
1240 629 1392 664 ἀμύνεσθαι
1404 630 1463 663 περὶ
1475 629 1580 665 πάτρης.

907 666 959 692 Sed
975 666 1040 692 haec
1056 666 1286 692 ambulationibus
1307 666 1501 701 Compitaliciis
1521 675 1702 693 reservemus.

907 704 947 729 Tu
968 703 1056 738 pridie
1076 703 1234 738 Compitalia
1259 709 1402 730 memento.
1442 704 1583 730 Balineum
1604 704 1704 731 calfieri

908 741 1022 767 iubebo:
1035 745 1061 767 et
1070 741 1376 775 PomponiamTerentia
1388 746 1474 776 rogat:
1489 747 1600 768 matrem
1608 741 1705 768 adiun—

908 787 1013 814 gemus.
1056 778 1231 813 Θεοφράστου
1244 779 1305 814 περὶ
1315 780 1461 814 φιλοτιμίας
1472 778 1535 805 affer
1546 779 1614 805 mihi
1626 779 1659 805 de
1672 778 1705 805 li-

909 815 965 842 bris
976 814 1069 847 Quinti
1083 814 1183 842 fratris.

960 893 1000 914 1v.
1029 895 1057 917 (ιη
1068 895 1185 915 Tusculano,
1196 895 1282 915 emm,
1292 895 1362 913 Bibulo
1373 902 1419 912 sm.
1431 897 1487 916 695.)

1092 929 1258 956 CICERO
1291 929 1461 956 ATTICO
1495 930 1522 956 S.

967 977 990 1001 i.
1012 971 1115 1002 Fecisti
1134 975 1202 1001 mihi
1222 980 1391 1011 pergratum,
1414 975 1487 1010 quod
1503 975 1656 1010 Serapionis
1673 975 1707 1002 li-

909 1013 989 1039 brum
1005 1013 1038 1039 ad
1055 1022 1097 1039 me
1111 1013 1225 1039 misisti:
1244 1021 1278 1039 ex
1292 1022 1346 1048 quo
1361 1013 1472 1047 quidem
1484 1022 1534 1049 ego
1545 1013 1627 1048 (quod
1639 1014 1708 1039 inter

909 1059 957 1077 nos
970 1050 1330 1085 liceatdicere)millesimam
1338 1055 1440 1085 partem
1448 1051 1495 1077 vix
1507 1050 1639 1086 intelligo.
1656 1051 1707 1077 Pro

909 1097 940 1115 eo
951 1088 1002 1114 tibi
1012 1093 1181 1123 praesentem
1192 1089 1336 1123 pecuniam
1348 1087 1417 1114 solvi
1429 1089 1571 1122 imperavi,
1580 1092 1647 1114 netu
1659 1096 1707 1114 ex-

908 1134 1024 1161 pensum
1041 1126 1201 1152 muneribus
1217 1125 1310 1152 ferres.
1350 1126 1521 1160 Atquoniam
1533 1134 1707 1151 nummorum

910 1164 1010 1190 mentio
1021 1162 1088 1190 facta
1100 1168 1153 1190 est:
1167 1163 1262 1190 amabo
1274 1168 1388 1194 te,cura,
1402 1168 1432 1189 ut
1442 1172 1504 1189 cum
1517 1163 1625 1193 Titinio,
1639 1171 1708 1197 quo·

909 1210 963 1236 quo
977 1200 1056 1227 modo
1067 1201 1176 1235 poteris,
1190 1201 1333 1236 transigas.
1367 1200 1393 1227 Si
1407 1201 1434 1227 in
1446 1209 1485 1231 eo,
1499 1200 1572 1235 quod
1583 1200 1708 1226 ostende-

909 1243 957 1269 rat,
971 1247 1023 1265 non
1035 1243 1099 1271 stat,
1114 1238 1183 1264 mihi
1195 1239 1312 1265 maxime
1324 1238 1419 1273 placet,
1436 1246 1475 1269 ea.
1488 1246 1557 1273 quae
1570 1237 1638 1264 male
1650 1246 1708 1263 eni-

909 1281 952 1311 pta
964 1281 1041 1307 sunt,
1059 1275 1150 1307 reddi,
1167 1276 1191 1302 si
1205 1275 1339 1302 voluntate
1351 1276 1513 1310 Pomponiae
1525 1275 1582 1301 fieri
1593 1275 1704 1309 poterit:

909 1314 932 1339 si
945 1322 977 1339 ne
990 1313 1016 1339 id
1027 1313 1149 1348 quidem,
1158 1314 1263 1339 nummi
1275 1314 1365 1348 potius
1377 1313 1531 1343 reddantur,
1540 1321 1622 1347 quam
1634 1312 1708 1338 ullus

909 1351 945 1377 sit
959 1350 1115 1385 scrupulus.
1156 1350 1239 1377 Valde
1256 1350 1305 1377 hoc
1322 1350 1403 1376 velim
1415 1355 1488 1381 ante,
1506 1358 1588 1384 quam
1600 1349 1708 1384 protici-

909 1397 997 1419 scare,
1010 1393 1142 1419 amanter,
1156 1393 1186 1414 ut
1196 1388 1280 1418 soles,
1298 1387 1497 1423 diligenterque
1508 1387 1645 1414 conficias.
1680 1388 1705 1413 2.

909 1425 1021 1453 Clodius
1036 1434 1113 1462 ergo,
1131 1430 1161 1452 ut
1175 1426 1228 1456 ais,
1246 1425 1279 1451 ad
1296 1424 1457 1461 Tigranem?
1472 1424 1573 1455 Velim,
1595 1424 1708 1460 Syrpiae

909 1463 1076 1490 conditione:
1097 1462 1145 1489 sed
1158 1462 1235 1489 facile
1251 1464 1346 1497 patior.
1386 1462 1622 1489 Accommodatius
1634 1462 1706 1488 enim

910 1501 989 1527 nobis
1004 1501 1054 1527 erit
1064 1500 1096 1527 ad
1109 1500 1221 1526 liberam
1235 1500 1394 1535 legationem
1407 1505 1514 1534 tempus
1526 1499 1593 1525 illud
1602 1520 1608 1530 ,
1621 1507 1707 1534 quum

909 1544 936 1565 et
945 1538 1063 1570 Quintus
1075 1543 1163 1564 noster
1175 1539 1242 1568 iam,
1259 1543 1287 1564 ut
1298 1546 1452 1572 speramuS,
1472 1538 1497 1563 in
1514 1538 1567 1563 otio
1578 1536 1708 1563 consede-

911 1577 945 1602 rit
959 1581 998 1607 et,
1019 1577 1069 1602 iste
1085 1575 1209 1602 sacerdos
1225 1576 1311 1601 Bonae
1331 1575 1396 1601 deae
1412 1575 1490 1601 cuius
1511 1574 1584 1600 modi
1600 1574 1708 1600 futurus

910 1615 953 1644 sit,
962 1614 1115 1640 scierimus.
1132 1614 1232 1639 Interea
1244 1612 1354 1647 quidem
1366 1621 1428 1638 cum
1437 1613 1522 1638 Musis
1535 1620 1581 1637 nos
1592 1611 1708 1638 delecta-

910 1651 1002 1677 bimus
1013 1651 1103 1677 animo
1115 1659 1210 1685 aequo,
1224 1651 1307 1676 immo
1323 1659 1385 1676 vero
1401 1651 1480 1676 etiam
1491 1649 1620 1685 gaudenti
1633 1658 1662 1675 ac
1675 1648 1709 1675 li-

910 1689 994 1715 benti.
1035 1689 1128 1723 Neque
1140 1688 1207 1714 milii
1221 1696 1349 1722 umquam
1363 1688 1451 1713 veniet
1464 1688 1489 1713 in
1503 1692 1618 1713 mentem
1630 1687 1709 1713 Cras-

909 1735 939 1753 so
951 1725 1072 1752 invidere
1085 1734 1172 1760 neque
1184 1726 1333 1760 poenitere,
1351 1724 1424 1759 quod
1440 1734 1453 1750 a
1469 1733 1511 1750 me
1528 1725 1585 1759 ipse
1598 1733 1648 1750 non
1660 1724 1709 1750 de-

909 1764 1048 1790 sciverim.
1067 1765 1091 1789 3.
1100 1764 1135 1789 De
1144 1762 1392 1796 Geoyr111›l1iu‚dabo
1402 1762 1617 1797 opera111,11ttibi
1629 1762 1709 1788 satis-

910 1801 1020 1827 faciam:
1039 1800 1086 1827 scd
1098 1799 1166 1826 nihil
1178 1801 1243 1826 certi
1255 1800 1392 1834 polliceor.
1434 1800 1560 1833 Magnum
1572 1808 1640 1834 opus
1652 1804 1706 1829 est;

909 1838 957 1865 sed
970 1844 1067 1868 tamen,
1081 1843 1109 1864 ut
1121 1838 1208 1868 iubes.
1222 1837 1334 1868 curabo,
1349 1842 1377 1863 ut
1391 1837 1472 1863 liuius
1485 1837 1709 1871 peregrinationis

909 1876 1019 1911 aliquod
1035 1875 1084 1902 tibi
1099 1883 1168 1910 opus
1184 1880 1280 1901 exstet.
1322 1876 1345 1901 4.
1367 1875 1406 1900 Tu
1423 1874 1559 1909 quidquid
1571 1874 1709 1909 indagaris

909 1914 942 1940 de
955 1913 1103 1948 republica,
1119 1918 1144 1939 et
1156 1913 1273 1939 maxime
1284 1921 1352 1947 quos
1363 1911 1488 1938 consules
1501 1911 1604 1937 futuros
1619 1916 1707 1946 putes,

910 1951 998 1981 facito,
1012 1956 1041 1977 ut
1051 1951 1149 1977 sciam:
1164 1950 1269 1977 tametsi
1285 1950 1375 1976 minus
1387 1958 1448 1975 sum
1459 1950 1595 1975 curiosus.
1622 1948 1709 1975 Statui

909 1989 996 2018 enim,
1013 1988 1081 2014 nihil
1095 1988 1147 2014 iam
1159 1987 1192 2013 de
1205 1987 1343 2022 republica
1355 1987 1481 2022 cogitare.
1522 1988 1547 2013 5.
1570 1987 1708 2012 Terentiae

909 2025 1008 2052 saltum
1020 2026 1221 2060 perspeximus.
1243 2024 1314 2057 Quid
1326 2024 1453 2060 quaeris?
1462 2025 1567 2050 l‘raeter
1577 2031 1707 2058 quercum

910 2063 1078 2089 Dodonaeam
1099 2062 1167 2089 nihil
1188 2062 1389 2093 desideramus,
1412 2070 1466 2096 quo
1488 2062 1579 2087 minus
1595 2061 1707 2095 Epirum

910 2101 997 2135 ipsam
1014 2100 1152 2134 possidere
1167 2100 1319 2126 videamur.
1361 2101 1385 2125 6.
1409 2099 1461 2125 Nos
1473 2100 1580 2125 circiter
1592 2098 1650 2124 Kal.
1664 2102 1708 2123 aut

910 2138 936 2164 in
954 2138 1095 2164 Formiano
1111 2137 1227 2168 erimus,
1245 2142 1291 2163 aut
1307 2137 1333 2163 in
1351 2137 1523 2171 Pompeiano.
1565 2136 1618 2164 Tuv
1641 2136 1663 2161 si
1681 2135 1707 2160 in

911 2175 1051 2201 Formiano
1064 2183 1115 2201 non
1131 2175 1246 2204 erimus.
1265 2175 1288 2200 si
1305 2183 1352 2200 nos
1368 2182 1455 2202 amaS.
1475 2174 1501 2199 in
1515 2174 1707 2207 Pompeianum

911 2212 1009 2238 venito.
1045 2211 1073 2238 ld
1084 2216 1110 2238 et
1121 2211 1199 2237 nobis
1211 2212 1261 2237 erit
1273 2211 1471 2245 periucundum
1483 2216 1508 2236 et
1519 2211 1568 2236 tibi
1582 2220 1632 2236 non
1645 2217 1708 2235 sano

909 2249 1031 2275 (levium.
1071 2249 1097 2274 7.
1120 2249 1154 2274 De
1167 2257 1251 2277 muro.
1266 2249 1397 2282 imperavi
1411 2247 1562 2277 Philotimov
1577 2256 1609 2273 ne
1622 2248 1708 2280 impe-

909 2287 992 2316 diret,
1006 2294 1060 2321 quo
1074 2286 1165 2311 minus
1178 2285 1204 2311 id
1217 2285 1302 2315 lieret,
1319 2285 1391 2319 quod
1407 2285 1455 2311 tibi
1470 2285 1615 2310 videretur.
1657 2284 1705 2311 Tu.

908 2332 1018 2353 censeo,
1042 2328 1129 2349 mnu-n
1145 2322 1276 2348 adhibens
1294 2322 1421 2348 Vettium.
1463 2322 1509 2347 llis
1527 2321 1706 2355 temporibus,

910 2366 962 2387 tam
974 2360 1057 2386 ‹lubin
1070 2361 1123 2386 vita
1134 2360 1228 2394 optimi
1240 2360 1382 2393 cuiusque.
1401 2359 1490 2393 magni
1503 2359 1614 2384 aestimo
1626 2358 1708 2384 unius

909 2399 1018 2424 aestatis.
1034 2397 1150 2423 fructum
1167 2396 1313 2431 palaestrae
1327 2396 1472 2423 Palatinae:
1491 2395 1538 2421 sed
1557 2397 1590 2421 ita
1608 2401 1705 2424 tamen.

909 2441 938 2461 ut
955 2434 1022 2461 nihil
1040 2435 1130 2460 minus
1148 2434 1243 2464 velim,
1261 2442 1343 2469 quam
1360 2434 1533 2468 Pomponium
1550 2438 1575 2459 et
1591 2440 1706 2467 puerum

910 2481 1011 2499 versari
1023 2481 1050 2498 in
1062 2472 1156 2498 timore
1168 2472 1271 2498 ruinae,

962 2563 988 2583 v.
1018 2564 1046 2585 (Ιιι
1057 2563 1137 2582 Antiati.
1148 2564 1180 2581 Cn
1188 2569 1233 2581 mn.
1245 2563 1313 2580 Hilnilo
1324 2570 1369 2579 inu.
1380 2563 1436 2582 wls.)

1091 2605 1259 2633 CICERO
1294 2604 1460 2631 ATTlCO
1493 2603 1522 2631 S.

966 2654 988 2679 4,
1010 2648 1102 2687 (“ιιμίο
1113 2651 1250 2686 equidem,
1264 2656 1289 2677 ct
1306 2652 1358 2677 ium
1370 2650 1474 2685 pridem
1485 2651 1575 2685 cupio.
1590 2649 1707 2677 Alexan-

907 2689 993 2716 driam
1006 2689 1193 2725 reliquamque
1207 2690 1358 2724 Aegyptum
1371 2689 1467 2718 visere.
1481 2693 1507 2714 et
1517 2688 1599 2714 simul
1612 2687 1645 2714 nb
1657 2687 1705 2714 huc

1427 2738 1471 2761 1⁰4
1489 2736 1499 2746 ·
