1941 3052
556 116 608 142 DE
638 115 755 142 FATO
787 117 867 142 LIB.
898 116 1077 143 SINGUL.

88 187 142 213 sint
157 184 283 221 intelligi.
322 185 415 220 Itaque
431 185 538 212 dicebat
551 186 714 218 Carneades,
734 195 765 213 ne
780 186 884 221 Apolli-

89 232 150 250 nem
169 222 279 257 quidem
301 221 391 249 futura
407 231 485 257 posse
501 223 603 255 dicere,
627 224 680 250 nisi
701 233 744 255 ea,
767 233 882 259 quorum

87 269 197 287 caussas
208 264 302 287 natura
314 261 348 286 ita
360 261 516 291 contineret,
532 266 562 287 ut
571 269 601 287 ea
613 261 670 287 fieri
681 270 790 287 necesse
802 266 882 288 esset.

87 299 128 324 33.
151 297 222 330 Quid
233 298 305 323 enim
316 302 439 332 spectans
451 297 518 324 deus
529 299 587 332 ipse
598 298 706 329 diceret,
716 298 880 329 Marcellum,

86 343 158 366 eum,
170 335 218 369 qui
229 339 268 361 ter
278 334 371 361 consul
383 334 443 366 suit,
457 336 484 361 in
496 336 563 362 mari
573 344 632 362 esse
644 335 812 370 periturum?
822 337 884 362 Erat

85 372 198 407 quidem
209 372 258 398 hoc
271 380 365 398 verum
376 380 409 398 ex
420 373 587 403 aeternitate,
604 374 652 399 sed
666 382 775 399 caussas
787 373 813 399 id
825 373 884 399 effi-

85 410 186 436 cientes
206 418 259 436 non
279 409 404 436 habebat.
444 411 482 436 Ita
500 418 533 436 ne
553 411 694 444 praeterita
714 410 825 445 quidem
841 419 880 440 ea,

84 455 201 482 quorum
213 446 286 473 nulla
297 448 374 483 signa
385 451 522 482 tamquam
531 448 643 483 vestigia
650 452 793 479 exstarent,
801 447 883 482 Apol-

86 484 134 510 lini
146 489 207 510 nota
219 493 278 511 esse
287 484 426 511 censebat:
444 489 543 519 quanto
556 485 646 511 minus
658 484 757 511 futura.
799 484 884 511 Caus-

85 522 124 548 sis
139 522 211 548 enim
227 521 409 548 efficientibus
424 530 561 556 quamque
577 530 633 548 rem
652 523 781 557 cognitis,
804 530 882 556 posse

84 558 203 593 denique
213 560 290 590 sciri,
308 559 375 594 quid
391 558 512 585 futurum
523 564 604 585 esset.
644 560 714 595 Ergo
725 568 774 585 nec
787 559 820 585 de
831 558 883 585 Oe-

85 595 184 631 dipode
194 596 475 631 potuisseApollinem
487 597 649 631 praedicere,
659 596 742 622 nullis
753 597 780 623 in
793 605 881 623 rerum

84 638 178 660 natura
189 634 294 660 caussis
305 634 479 668 praepositis,
496 643 544 660 cur
559 634 592 660 ab
608 642 638 660 eo
654 639 756 668 patrem
768 633 882 660 interfici

84 679 194 697 necesse
209 676 292 697 esset:
315 679 364 697 nec
377 671 528 706 quidquam
544 671 688 698 eiusmodi.
729 671 788 697 XV.
809 670 883 702 Quo-

84 709 164 739 circa,
178 709 201 734 si
213 708 319 739 Stoicis,
332 710 380 743 qui
391 709 480 735 onmia
493 708 545 735 fato
557 708 614 734 fieri
625 708 727 740 dicunt,
741 713 882 734 cousenta-

84 754 166 772 neum
180 751 233 777 est,
250 746 407 772 huiusmodi
422 746 529 772 oracula
544 751 698 780 ceteraque,
714 754 782 780 quae
794 745 827 771 ad
839 745 882 771 di-

85 784 248 810 vinationem
264 783 396 818 pertinere
412 784 552 813 dicuntur,
573 783 760 817 comprobare:
784 783 817 808 iis
833 791 882 808 au-

83 825 147 852 tem,
163 821 221 855 qui,
235 829 303 856 quae
314 820 402 847 sutura
413 826 485 852 sunt,
498 829 527 847 ea
541 829 601 847 vera
613 829 672 846 esse
683 829 717 846 ex
727 820 881 846 aeternitate

83 858 186 889 dicunt,
196 867 247 884 non
255 858 326 884 idem
337 858 483 884 dicendum
495 862 547 890 est;
564 857 634 888 vide,
644 866 735 884 nenon
742 857 835 883 eadem
847 857 882 883 sit

83 895 192 922 illorum
208 904 301 921 caussa
319 900 345 922 et
359 895 520 922 Stoicorum.
561 895 593 921 Hi
609 896 681 921 enim
693 900 823 930 urgentur
834 903 882 920 an·-

82 933 204 968 gustius3
217 932 326 959 illorum
337 933 403 959 ratio
414 932 500 959 soluta
512 941 542 958 ac
553 931 637 958 libera
649 937 699 958 est.
740 933 781 958 34.
804 931 881 964 Quod

82 970 107 996 si
117 969 278 996 concedatur
289 970 358 996 nihil
370 978 448 1004 posse
460 970 582 1000 evenire,
604 970 658 996 nisi
670 978 764 996 caussa
776 974 882 996 antece-

82 1007 174 1039 dente;
198 1007 265 1042 quid
280 1007 447 1042 proficiatur,
465 1008 488 1033 si
504 1016 534 1033 ea
551 1016 646 1033 caussa
659 1016 710 1034 non
722 1016 755 1034 ex
766 1007 880 1033 aeternis

81 1045 187 1071 caussis
199 1049 258 1080 apta
270 1044 391 1072 dicatur?
405 1045 505 1071 Caussa
517 1050 607 1071 autem
618 1053 647 1071 ea
659 1050 707 1075 est,
721 1054 790 1080 quae
802 1044 829 1070 id
841 1043 881 1070 ef-

82 1082 146 1113 ficit,
155 1083 234 1108 cuius
245 1087 285 1108 est
294 1091 402 1115 caussa:
417 1081 553 1109 utvulnus
563 1083 665 1113 mortis,
679 1082 798 1108 cruditas
810 1090 881 1108 mor-

82 1119 126 1151 bi,
144 1120 216 1155 ignis
228 1119 340 1146 ardoris.
381 1120 473 1154 Itaque
485 1128 537 1146 non
548 1120 588 1146 sic
598 1128 694 1146 caussa
706 1119 822 1155 intelligi
833 1119 881 1145 de-

82 1157 135 1188 bet,
148 1162 190 1188 ut,
206 1157 279 1192 quod
295 1157 394 1192 cuique
406 1157 557 1188 antecedat,
576 1157 603 1183 id
619 1158 643 1183 ei
659 1166 754 1183 caussa
771 1157 818 1187 sit,
832 1156 880 1182 sed

82 1193 155 1229 quod
166 1195 264 1229 cuique
276 1194 423 1221 efficienter
433 1194 584 1220 antecedat:
603 1203 663 1226 nee,
681 1194 753 1229 quod
769 1195 795 1220 in
807 1202 881 1220 cam-

81 1240 148 1266 pum
164 1231 363 1263 descenderim,
380 1231 407 1257 id
423 1231 507 1258 fuisse
522 1241 645 1263 caussae,
669 1240 717 1258 cur
732 1232 786 1266 pila
804 1231 881 1257 lude-

82 1277 153 1295 rem:
172 1277 220 1295 nec
232 1269 368 1295 Hecubam
379 1278 503 1295 caussam
516 1270 638 1295 interitus
651 1268 734 1295 fuisse
747 1269 878 1299 Troianis,

81 1305 154 1341 quod
165 1306 349 1332 Alexandrum
360 1307 497 1342 genuerit:
520 1315 568 1333 nec
583 1306 753 1342 Tyndareum
766 1307 881 1342 Agame-

81 1344 187 1374 mnoni,
204 1343 276 1378 quod
289 1343 538 1379 Clytaemnestram.
580 1344 632 1370 lloc
648 1345 720 1370 enim
733 1344 811 1370 modo
823 1344 881 1369 via-

81 1386 234 1416 torqueque
246 1381 313 1407 bene
327 1381 438 1407 vestitus
450 1390 545 1407 caussa
555 1382 699 1416 grassatori
712 1381 795 1407 fuisse
807 1381 881 1408 dice-

81 1423 137 1449 tur,
160 1426 209 1444 cur
219 1418 252 1444 ab
264 1427 295 1445 eo
306 1418 476 1453 spoliaretur.
517 1420 556 1445 35.
581 1419 622 1445 Ex
638 1419 687 1445 hoc
702 1427 799 1455 genere
812 1418 880 1446 illud

81 1460 120 1482 est
131 1455 226 1482 Ennii:

121 1493 224 1519 Utinam
238 1501 268 1518 ne
281 1495 306 1519 in
317 1501 418 1519 nemore
428 1493 496 1519 Pelio
505 1495 638 1519 set-aribus

119 1539 192 1557 caesa
203 1532 339 1556 accidisset
349 1531 458 1564 cibi'eqna
469 1532 503 1556 ad
514 1533 610 1556 terrain
622 1531 720 1557 trabes!

80 1567 169 1594 Licuit
180 1566 222 1593 vel
234 1566 328 1598 altius,
347 1568 450 1594 Utinam
461 1576 491 1593 m·
503 1570 528 1593 in
540 1568 607 1594 Pelio
618 1573 680 1594 nuta
692 1569 745 1594 ulla
759 1577 877 1602 umquam

79 1609 142 1631 esset
153 1605 245 1631 arbor!
255 1605 336 1631 etiam
347 1613 438 1639 supra,
450 1605 553 1632 Utinam
564 1614 593 1631 ne
604 1610 666 1631 esse!
678 1614 747 1631 mons
760 1607 827 1632 ullus
834 1606 879 1631 1¹*-

81 1642 144 1668 Ic'us!
155 1641 335 1677 similiterque
345 1642 483 1677 superiora
496 1647 659 1677 repetentem
671 1642 777 1678 regredi
789 1643 880 1669 intini-

82 1683 106 1706 te
118 1678 189 1705 licet.

117 1717 185 1743 Neve
195 1718 253 1743 inde
266 1718 339 1742 navis
349 1718 508 1743 inchoandae
519 1719 655 1743 caeo'rdium

117 1756 245 1787 coepisset.

80 1790 214 1823 Quorsum
227 1790 292 1817 haec
302 1790 462 1825 praeterita?
481 1790 549 1824 Quia
561 1792 685 1826 sequitur
697 1791 775 1823 illud,

118 1828 184 1855 Nam
195 1831 334 1863 numquam
344 1830 406 1855 hera
417 1838 508 1855 errans
520 1832 575 1856 mea
586 1831 658 1855 eloneo
669 1832 771 1863 efferret
780 1832 876 1863 pedem,

116 1866 215 1897 Mede'a,
228 1868 313 1892 animo
324 1875 409 1899 αεῃνο,
421 1870 507 1892 amore
515 1876 591 1892 saeco
600 1869 691 1893 saucia
698 1877 705 1898 ,-

80 1911 142 1934 non,
151 1907 181 1929 ut
192 1911 237 1929 eae
249 1911 291 1929 res
301 1911 425 1929 caussam
436 1902 560 1930 afferrent
570 1904 678 1930 amoris.
696 1903 766 1930 XVI.
780 1905 821 1930 36.
835 1905 880 1930 In-

80 1945 181 1966 teresse
192 1944 282 1967 autem
291 1940 374 1971 aiunt,
384 1945 474 1966 utrum
485 1941 620 1967 eiusmodi
631 1941 698 1976 quid
708 1941 752 1971 sit,
761 1942 879 1976 sinequo

80 1977 186 2012 aliquid
197 1976 268 2003 effici
279 1985 331 2004 non
343 1977 437 2012 possit,
452 1986 485 2003 an
495 1978 644 2009 eiusmodi,
658 1986 712 2013 quo
723 1978 827 2013 aliquid
839 1978 880 2004 el'-

80 2014 124 2041 fici
136 2023 244 2041 necesse
255 2015 300 2042 sit.
337 2014 416 2041 Nulla
432 2015 515 2050 igitur
530 2023 622 2041 earum
633 2020 674 2042 est
684 2024 793 2046 caussa,
811 2024 880 2050 quo-

80 2052 153 2079 niam
165 2051 239 2078 nulla
253 2061 312 2079 eam
324 2060 379 2078 rem
391 2060 439 2078 sua
450 2052 476 2078 vi
488 2051 583 2083 efficit,
599 2053 678 2078 cuius
690 2052 790 2079 dicitur
800 2062 880 2079 caus-

80 2098 123 2116 sa:
138 2097 186 2116 nec
198 2089 234 2121 id,
252 2090 311 2116 sine
321 2097 375 2124 quo
386 2089 527 2124 quippiam
539 2098 591 2116 non
603 2090 640 2120 tit,
654 2098 748 2116 caussa
760 2094 813 2122 est;
831 2089 879 2116 sed

80 2126 121 2157 id,
138 2126 211 2161 quod
221 2135 307 2162 quum
319 2127 445 2158 accessit,
464 2126 504 2157 id,
522 2127 601 2152 cuins
616 2135 711 2153 caussa
726 2131 779 2158 est,
797 2126 880 2153 eflicit

80 2164 242 2191 necessario.
283 2164 408 2191 Nondum
424 2164 495 2190 enim
513 2163 629 2190 ulcerato
643 2164 776 2199 serpentis
788 2173 878 2190 morsu

81 2201 236 2232 Philocteta,
249 2209 318 2236 quae
329 2210 424 2228 caussa
437 2201 462 2227 in
476 2210 564 2227 rerum
577 2206 670 2228 natura
681 2201 876 2232 continebatur,

81 2237 150 2269 fore,
172 2243 201 2265 ut
218 2238 240 2264 is
256 2239 283 2265 in
300 2238 388 2265 insula
401 2239 500 2264 Lemno
513 2238 697 2273 linqueretur?
719 2239 778 2265 Post
789 2244 877 2265 antem

79 2284 175 2302 caussa
188 2275 238 2302 fuit
249 2276 366 2311 propior,
383 2281 407 2302 et
418 2284 480 2301 cum
491 2276 566 2302 exitu
579 2276 703 2302 iunctior.
745 2277 786 2302 37.
803 2277 878 2302 Ratio

80 2313 164 2349 igitur
183 2318 297 2340 eventus
318 2313 403 2348 aperit
426 2321 560 2339 caussam.
600 2313 652 2339 Sed
670 2322 703 2340 ex
723 2314 877 2340 aeternitate

79 2359 142 2377 vera
155 2350 281 2377 fuit-haec
293 2350 454 2377 enuntiatio:
468 2349 662 2385 »Relinquetur
674 2351 700 2377 in
714 2350 801 2377 insula
813 2351 877 2376 l’hi-

81 2387 189 2415 loctetes
198 2398 203 2414 :
212 2398 224 2413 <c
238 2397 287 2414 nec
298 2388 347 2414 hoc
359 2396 392 2414 ex
404 2396 466 2414 vero
478 2389 504 2413 in
518 2387 614 2413 salsum
627 2393 727 2422 poterat
737 2393 876 2414 converte-

80 2433 118 2451 re.
143 2425 257 2452 Necesse
269 2430 308 2451 est
319 2425 391 2451 enim
404 2425 430 2451 in
443 2424 523 2450 rebus
535 2425 674 2451 contrariis
685 2425 791 2451 duabus
803 2425 876 2459 (eon-

80 2462 160 2489 traria
180 2467 268 2489 autem
291 2462 340 2489 hoc
361 2462 418 2488 loco
433 2470 462 2488 ca
478 2461 551 2492 dico,
577 2471 692 2496 quorum
711 2462 824 2488 alterum
840 2464 876 2489 ait

79 2499 156 2534 quid,
170 2499 282 2526 alterum
294 2500 395 2535 negat);
409 2508 442 2525 ex
455 2499 497 2525 liis
509 2499 591 2534 igitur
602 2508 709 2525 neccsse
721 2504 774 2529 cst,
793 2500 876 2526 invito

79 2536 209 2571 Epicuro,
231 2536 345 2564 alterum
366 2545 459 2563 verum
475 2545 547 2567 esse,
570 2536 683 2562 alterum
701 2536 812 2562 salsum:
837 2542 873 2568 ut,

79 2573 269 2601 »Sauciabitur
284 2573 458 2604 Philocteta,«
479 2573 606 2600 omnibus
621 2578 680 2600 ante
696 2573 812 2599 saeculis
829 2583 876 2600 ve-

79 2619 140 2637 rum
152 2610 215 2644 fuit3
239 2611 314 2638 »Non
325 2611 504 2638 sauciabitur:
514 2622 524 2635 α
541 2610 649 2638 falsum.
682 2611 739 2636 Nisi
753 2610 816 2637 l'orte
829 2620 875 2637 vo-

80 2647 171 2675 lumus
180 2648 374 2683 Epicureorum
385 2649 539 2684 opinionem
551 2648 639 2683 sequi,
652 2648 700 2684 qui
713 2647 778 2675 tales
789 2657 875 2676 enun-

1110 119 1134 143 ll
1158 133 1194 136 —
1218 119 1256 144 ¹8.
1667 124 1725 148 ⁴171

936 187 1058 213 tiationes
1069 196 1118 214 nec
1130 197 1206 214 veras
1218 197 1266 215 nec
1278 188 1358 215 falsas
1369 197 1428 216 esse
1442 189 1549 216 dicunt:
1568 195 1625 221 aut,
1643 200 1728 226 quum

936 224 963 250 id
974 224 1071 258 pudet,
1090 225 1157 251 illud
1169 230 1257 252 tamen
1269 226 1376 257 dicunt,
1397 227 1470 262 quod
1480 232 1520 254 est
1531 228 1727 262 impudentius,

936 270 1012 287 veras
1024 270 1083 288 esse
1094 264 1272 290 excontrariis
1284 263 1492 297 disiunctiones3
1507 265 1554 291 sed
1566 274 1635 300 quae
1648 267 1674 292 in
1687 267 1729 293 his

935 304 1070 325 enuntiata
1083 305 1180 330 essent,
1194 309 1287 326 eorum
1299 306 1423 327 neutrum
1436 310 1494 328 esse
1506 311 1610 329 verum.
1651 306 1692 330 38.
1709 306 1730 330 Ο

935 336 1122 362 admirabilem
1139 336 1272 363 licentiam
1285 343 1310 364 et
1326 339 1508 365 miserabilem
1523 340 1656 366 inscitiam
1673 341 1731 367 dis-

934 373 1055 399 serendi!
1077 373 1105 400 Si
1117 375 1188 400 enim
1201 375 1304 410 aliquid
1317 377 1342 401 in
1355 376 1504 410 eloquendo
1516 385 1565 403 nec
1577 386 1670 404 verum
1683 388 1731 405 nec

935 409 1033 436 salsum
1045 415 1097 441 est,
1114 416 1184 437 certe
1197 412 1224 437 id
1235 421 1328 438 verum
1341 422 1392 439 non
1405 418 1453 440 est.
1494 413 1571 446 Quod
1583 420 1670 441 autem
1684 425 1731 442 ve-

935 456 994 473 rum
1006 456 1058 473 non
1069 453 1118 478 est,
1127 451 1174 483 qui
1186 454 1272 483 potest
1283 458 1334 476 non
1347 449 1444 476 falsum
1455 450 1532 477 esse?
1542 456 1587 477 aut
1596 452 1668 486 quod
1681 452 1731 479 fal-

934 493 995 510 sum
1007 493 1058 510 non
1074 491 1127 516 est,
1145 489 1191 520 qui
1208 491 1294 520 potest
1309 496 1361 513 non
1380 496 1472 514 verum
1488 488 1565 514 esse?
1586 490 1731 516 Tenebitur

934 530 996 556 ergo
1010 521 1045 552 id,
1059 522 1131 556 quod
1143 532 1156 548 a
1168 523 1319 559 Chrysippo
1330 524 1497 551 defenditur:
1515 526 1629 552 Omnem
1644 536 1730 553 enun-

934 559 1070 585 tiationem
1082 565 1128 585 aut
1139 569 1229 586 veram
1242 566 1287 587 aut
1299 561 1392 587 falsam
1404 571 1476 589 esse:
1495 564 1561 589 ratio
1574 564 1630 598 ipsa
1642 570 1727 600 coget,

934 601 959 622 et
970 604 1003 622 ex
1014 597 1167 623 aeternitate
1178 598 1310 632 quaedam
1324 608 1384 625 vera
1395 608 1463 629 esse,
1472 605 1497 626 et
1508 609 1537 626 ea
1549 609 1600 626 non
1612 610 1670 627 esse
1683 611 1729 628 ne-

934 642 967 659 xa
979 635 1082 659 caussis
1094 636 1208 661 aeternis
1219 640 1268 661 eta
1281 635 1327 662 sati
1339 638 1497 663 necessitate
1509 646 1566 663 esse
1581 638 1673 664 libera.

989 670 1071 697 XVII.
1093 673 1134 697 39.
1156 672 1194 698 Ac
1209 673 1277 698 mihi
1292 674 1402 708 quidem
1420 674 1539 704 videtur,
1560 684 1645 709 quum
1661 675 1728 702 duae

933 708 1080 734 sententiae
1097 708 1213 736 fuissent
1227 715 1347 736 veterum
1363 711 1598 745 philosophorum,
1618 722 1669 739 una
1684 722 1729 739 eo-

934 754 1007 775 rum,
1024 746 1072 779 qui
1088 752 1228 773 censerent
1243 749 1331 773 omnia
1349 749 1383 774 ita
1400 747 1452 774 sato
1468 749 1537 779 lieri,
1558 755 1585 775 ut
1603 750 1628 775 id
1644 750 1728 776 fatum

934 782 990 807 vim
1001 783 1168 809 necessitatis
1180 784 1296 816 afferret,
1312 786 1403 819 inqua
1415 786 1545 812 sententia
1553 787 1726 816 Democritus,

932 819 1091 850 Heraclitus,
1100 820 1285 854 Empedocles,
1294 822 1448 848 Aristoteles
1456 822 1519 848 t‘uit:
1533 823 1613 850 altera
1625 833 1727 855 eorum,

932 856 1034 890 quibus
1047 857 1202 884 viderentur
1212 859 1271 884 sine
1283 859 1337 885 ullo
1349 859 1401 886 tato
1411 868 1469 885 esse
1480 861 1631 886 animorum
1642 868 1730 888 motus

933 893 1092 920 voluntarii:
1110 895 1289 930 Chrysippus,
1303 901 1439 931 tamquam
1451 897 1550 923 arbiter
1561 898 1727 927 honorarius,

933 931 1054 957 medium
1067 930 1144 957 ferire
1156 932 1290 959 voluisse:
1306 933 1353 959 sed
1365 934 1482 968 applicat
1493 944 1521 960 se
1533 935 1566 960 ad
1577 937 1728 970 eospotius,

932 968 981 1003 qui
1001 969 1160 995 necessitate
1181 975 1268 996 motus
1289 971 1462 997 animorum*
1479 971 1603 998 liberatos
1625 973 1728 1000 volunt.

932 1006 1001 1031 Dum
1012 1011 1100 1032 autem
1115 1007 1205 1032 verbis
1218 1008 1300 1033 utitur
1315 1009 1386 1039 suis,
1407 1008 1542 1035 delabitur
1558 1010 1583 1035 in
1598 1019 1642 1036 eas
1656 1010 1730 1036 difli-

932 1043 1058 1074 cultates,
1084 1048 1111 1070 ut
1127 1046 1313 1071 necessitatem
1327 1045 1646 1073 saticonlirmetinvitus.
1688 1050 1728 1074 40.

932 1081 1020 1115 Atque
1032 1081 1090 1111 hoe,
1104 1081 1127 1107 si
1139 1081 1235 1116 placet,
1248 1083 1328 1117 quale
1339 1083 1387 1113 sit,
1405 1083 1545 1109 videamus
1558 1085 1584 1110 in
1596 1086 1731 1111 assensio-

932 1118 1028 1149 nibus,
1042 1126 1110 1152 quas
1122 1119 1209 1153 prima
1219 1120 1336 1146 oratione
1349 1122 1469 1147 tractavi.
1509 1121 1561 1147 Eas
1573 1123 1645 1148 enim
1657 1128 1730 1149 vete-

933 1164 974 1181 res
986 1155 1035 1186 illi,
1049 1156 1151 1190 quibus
1162 1157 1252 1183 omnia
1265 1157 1316 1184 sato
1328 1158 1385 1184 lieri
1397 1158 1567 1189 videbantur,
1586 1160 1612 1185 vi
1624 1159 1694 1186 estici
1705 1166 1731 1187 et

933 1193 1091 1219 necessitate
1102 1193 1237 1220 dicebant.
1260 1194 1312 1226 Qui
1324 1200 1412 1221 autem
1425 1196 1458 1221 ab
1470 1196 1512 1222 his
1523 1196 1727 1227 dissentiebant,

932 1229 984 1256 fato
999 1231 1169 1257 assensiones
1186 1231 1335 1258 liberabant
1351 1233 1553 1267 negabantque,
1572 1233 1623 1260 sato
1637 1243 1731 1261 assen-

932 1267 1056 1294 sionibus
1067 1268 1203 1299 adhibito,
1222 1270 1408 1296 necessitatem
1420 1270 1453 1296 ab
1466 1270 1508 1296 his
1520 1280 1598 1304 posse
1609 1280 1731 1298 remove-

933 1305 968 1330 ri:
993 1305 1066 1340 iique
1083 1305 1117 1331 ita
1129 1306 1310 1333 disserebant:
1333 1307 1362 1333 Si
1377 1308 1467 1334 onmia
1479 1307 1530 1334 fato
1543 1308 1622 1337 liunt,
1639 1310 1729 1335 onmia

933 1342 1000 1368 tiunt
1010 1351 1105 1368 caussa
1117 1343 1302 1370 antecedente:
1316 1349 1356 1375 et,
1374 1346 1397 1370 si
1413 1346 1561 1379 appetitus,
1582 1346 1625 1372 illa
1637 1347 1727 1377 etiam,

932 1388 1001 1414 quae
1017 1381 1166 1414 appetitum
1182 1386 1347 1416 sequuntur:
1369 1391 1432 1417 ergo
1447 1383 1527 1408 etiam
1548 1384 1728 1410 assensiones.

931 1418 977 1447 At,
996 1417 1020 1442 si
1035 1426 1128 1443 caussa
1144 1420 1279 1453 appetitus
1295 1428 1345 1445 non
1360 1425 1400 1446 est
1411 1420 1460 1446 sita
1475 1420 1499 1445 in
1512 1420 1603 1450 nohis,
1622 1429 1655 1446 ne
1671 1421 1729 1455 ipse

932 1454 1042 1489 quidem
1055 1456 1191 1489 appetitus
1202 1461 1242 1482 cst
1255 1457 1380 1483 innostra
1393 1462 1530 1491 potestate.
1571 1458 1647 1489 Quod
1659 1459 1682 1484 si
1695 1459 1728 1484 ita

932 1497 980 1522 est,
995 1492 1083 1518 ncilla
1096 1493 1217 1527 quidem,
1229 1502 1298 1528 quae
1310 1495 1430 1528 appetitu
1441 1494 1604 1523 efliciuntur,
1617 1501 1680 1521 sunt
1691 1496 1730 1521 si-

932 1534 956 1555 ta
969 1529 995 1555 in
1008 1529 1095 1556 nobis.
1123 1531 1179 1557 Non
1192 1536 1255 1557 suut
1267 1532 1349 1566 igitur
1361 1540 1448 1566 neque
1460 1533 1629 1558 assensiones
1640 1541 1729 1567 neque

932 1566 1049 1592 actiones
1062 1567 1087 1593 in
1101 1572 1187 1594 nostra
1200 1573 1337 1603 potestate.
1378 1569 1418 1595 Ex
1430 1578 1483 1603 quo
1495 1569 1622 1599 eflicitur,
1642 1575 1669 1596 ut
1681 1579 1729 1596 nec

933 1603 1099 1630 laudationes
1112 1605 1196 1631 iustae
1208 1606 1262 1632 sint
1273 1615 1321 1631 nec
1334 1607 1544 1640 vituperationes
1556 1616 1603 1633 nec
1616 1607 1729 1633 honores

932 1650 980 1667 nec
991 1641 1137 1676 supplicia.
1173 1643 1249 1675 Quod
1261 1652 1345 1678 quum
1360 1644 1486 1669 vitiosum
1498 1645 1542 1673 sit,
1555 1644 1730 1678 probabiliter

931 1678 1055 1705 concludi
1072 1684 1179 1713 putant,
1203 1690 1255 1707 non
1270 1681 1360 1707 omnia
1376 1680 1428 1707 sato
1448 1682 1518 1711 lieri,
1541 1690 1728 1716 quaecumque

932 1716 1004 1742 liant.
1046 1716 1139 1743 xvul.
1157 1718 1197 1744 41.
1221 1718 1391 1753 Chrysippus
1403 1723 1491 1744 autem
1503 1727 1587 1753 quum
1599 1724 1625 1745 et
1637 1728 1730 1745 ncces-

931 1753 1036 1779 sitatem
1059 1754 1235 1789 improbaret,
1258 1760 1283 1781 et
1303 1755 1370 1781 nihil
1394 1755 1473 1782 vellet
1493 1756 1552 1781 sine
1569 1758 1728 1791 praepositis

931 1791 1035 1816 caussis
1051 1793 1173 1823 evenire,
1195 1801 1352 1819 caussarum
1368 1802 1465 1828 genera
1480 1794 1638 1828 distinguit,
1661 1800 1688 1820 ut
1704 1799 1729 1820 et

932 1829 1117 1855 necessitatem
1128 1829 1251 1865 effugiat,
1269 1835 1294 1856 et
1309 1831 1418 1856 retineat
1431 1830 1525 1857 satum.
1565 1832 1728 1857 Caussarum

931 1866 1013 1896 enim,
1028 1866 1125 1900 inquit,
1139 1867 1206 1893 aliae
1217 1873 1280 1893 sunt
1291 1867 1423 1902 perfectae
1434 1873 1458 1894 et
1470 1868 1646 1903 principales:
1661 1868 1729 1895 aliae

931 1902 1090 1929 adiuvantes
1102 1909 1126 1930 et
1138 1905 1286 1938 proximae.
1312 1905 1491 1937 Quamobrem
1502 1914 1587 1940 quum
1599 1906 1726 1934 dicimus,

930 1941 1020 1966 onmia
1033 1940 1084 1967 fato
1097 1942 1153 1968 lieri
1165 1943 1269 1968 caussis
1281 1942 1511 1973 antecedentibus,
1525 1952 1575 1969 non
1589 1943 1638 1969 hoc
1651 1943 1728 1969 intel-

932 1976 980 2013 ligi
997 1977 1137 2010 volumus,
1155 1981 1259 2006 caussis
1275 1979 1400 2014 perfectis
1415 1985 1440 2006 et
1452 1980 1662 2015 principalibus,
1681 1980 1728 2006 sed

930 2015 1035 2041 caussis
1045 2015 1248 2048 adiuvantibus,
1258 2017 1509 2044 antecedentilmset
1522 2018 1660 2052 proximis.
1678 2019 1728 2044 lta—

930 2061 983 2086 que
996 2052 1035 2078 illi
1047 2054 1156 2084 rationi,
1169 2063 1251 2089 quam
1264 2054 1354 2090 paullo
1366 2060 1425 2081 ante
1436 2055 1570 2085 conclusi,
1585 2056 1624 2081 sic
1634 2064 1727 2081 occur—

931 2089 977 2120 rit,
991 2089 1018 2115 Si
1029 2091 1119 2116 onmia
1131 2090 1184 2117 sato
1196 2092 1272 2122 liant,
1285 2093 1363 2126 sequi
1377 2092 1443 2118 illud
1455 2092 1580 2126 quidem,
1599 2097 1626 2118 ut
1637 2094 1726 2118 onmia

930 2127 1035 2152 caussis
1052 2127 1115 2153 liant
1130 2130 1301 2163 antepositis,
1324 2138 1416 2154 verum
1431 2138 1482 2155 non
1495 2129 1690 2164 principalibus
1702 2135 1726 2155 ct

931 2162 1065 2197 perfectis,
1074 2164 1121 2190 sed
1133 2165 1326 2191 adiuvantibus
1337 2171 1362 2192 et
1373 2167 1513 2200 proximis.
1534 2168 1606 2198 Quae
1617 2167 1639 2191 si
1653 2167 1725 2200 ips-ie

931 2209 982 2226 non
994 2201 1048 2226 sint
1060 2201 1086 2226 in
1099 2207 1185 2228 nostra
1199 2207 1335 2236 potestate,
1353 2211 1404 2228 non
1416 2204 1547 2238 sequitur,
1562 2209 1588 2229 ut
1601 2213 1632 2229 ne
1644 2212 1724 2237 appe-

931 2238 994 2263 titus
1006 2237 1116 2272 quidem
1129 2240 1164 2264 sit
1177 2240 1202 2265 in
1216 2244 1302 2265 nostra
1315 2244 1453 2274 potestate.
1494 2241 1525 2266 At
1539 2241 1586 2266 hoe
1598 2249 1724 2274 sequere-

931 2279 986 2305 tur,
1009 2275 1032 2300 si
1048 2276 1137 2301 omnia
1154 2275 1279 2310 perfectis
1295 2282 1320 2302 ct
1337 2277 1533 2311 principalibus
1547 2279 1650 2303 caussis
1668 2278 1724 2302 tier·

929 2312 1090 2343 diceremus,
1104 2318 1140 2343 nt,
1154 2322 1238 2348 quum
1253 2314 1300 2339 lun·
1312 2322 1422 2340 caussae
1434 2323 1484 2340 non
1497 2320 1585 2340 essent
1599 2316 1623 2340 in
1637 2320 1724 2340 nostra

930 2354 1071 2383 potestate,
1097 2359 1128 2376 uc
1151 2350 1194 2376 ille
1216 2351 1326 2385 quidem
1349 2356 1418 2377 esset
1431 2352 1456 2377 in
1478 2357 1565 2377 nostra
1586 2357 1723 2385 potestate.

905 2403 907 2408 .
930 2388 970 2412 42.
983 2387 1162 2418 Quamobrem
1173 2389 1221 2422 qui
1236 2389 1268 2414 ita
1282 2388 1363 2414 sutum
1378 2388 1556 2416 introducunt,
1567 2394 1593 2414 ut
1606 2389 1724 2414 necessi-

929 2429 1008 2450 tutem
1020 2424 1177 2460 adiungunt,
1187 2426 1213 2451 in
1225 2435 1270 2451 eos
1283 2425 1381 2451 valebit
1395 2425 1438 2450 illu
1449 2425 1595 2451 ‹mum-lusio.
1612 2427 1663 2457 Qui
1676 2434 1723 2451 nu-

929 2466 981 2487 tem
997 2470 1107 2487 caussas
1122 2462 1308 2489 antecedentes
1326 2471 1376 2488 non
1392 2462 1480 2488 dicent
1496 2462 1624 2496 perfectas
1637 2471 1723 2497 neque

929 2498 1101 2533 principales,
1117 2500 1142 2525 in
1155 2509 1199 2525 eos
1212 2500 1279 2526 nihil
1293 2500 1401 2525 valebit.
1429 2499 1504 2531 Quod
1517 2501 1588 2525 enim
1600 2500 1724 2526 dicuntur

928 2538 1097 2562 assensiones
1110 2537 1164 2563 lieri
1177 2546 1281 2563 caussis
1292 2537 1457 2571 antepositis,
1473 2536 1497 2562 nl
1509 2537 1588 2571 ‹piale
1600 2539 1643 2567 sit,
1659 2537 1723 2563 saci-

929 2573 951 2599 le
963 2583 976 2598 a
988 2582 1016 2599 se
1029 2573 1158 2608 explicari
1171 2580 1254 2609 putat.
1283 2575 1347 2600 Num
1362 2582 1526 2608 quiunquam
1539 2575 1658 2600 assensio
1671 2584 1721 2600 non

928 2611 1011 2645 possit
1023 2611 1079 2637 lieri
1093 2612 1144 2637 nisi
1155 2617 1285 2637 commota
1299 2612 1369 2642 viso,
1385 2616 1482 2640 tamen,
1495 2620 1580 2645 quum
1594 2611 1619 2637 id
1633 2613 1721 2638 visum

927 2649 1078 2683 proximam
1099 2657 1222 2675 caussam
1241 2648 1348 2679 habeat,
1372 2657 1423 2675 non
1440 2648 1630 2683 principalem,
1655 2649 1721 2675 ham·

1474 2698 1517 2721 ¹37
1530 2696 1540 2706 ⁸
