1941 3052
316 144 406 171 PRO
438 144 569 170 DOMO
602 143 690 171 SUA
722 144 779 170 AD
811 144 1131 173 PONTIFICES.
1167 146 1263 173 CAP.
1299 148 1325 173 21
1351 148 1449 173 —22

115 215 212 243 XXIV.
229 216 270 243 62.
292 214 365 242 Nihil
382 220 436 242 erat
452 215 534 241 latum
555 215 587 241 de
607 223 663 242 me:
686 224 739 242 non
760 215 852 242 adesse

60 262 131 280 eram
143 254 247 279 iussus:
264 261 316 279 non
327 253 433 279 citatus.
455 252 615 279 Abfueram:
634 261 704 279 eram
717 253 795 279 etiam
808 257 853 280 tuo

61 291 160 317 iudicio
170 289 403 320 civis-incolumis,
417 299 502 325 quum
514 289 610 316 domus
622 290 648 316 in
659 289 770 321 Palatio,
789 290 853 316 villa

60 329 87 355 in
99 327 264 358 Tusculano,
282 327 362 353 altera
374 327 407 354 ad
419 327 530 354 alterum
542 327 693 359 consulem,
711 327 854 354 transfere—

60 365 146 396 batur,
168 364 399 391 senatusconsulta
420 364 557 391 volabant:
580 364 719 391 columnae
739 373 854 391 marmo—

60 411 119 429 reae
134 410 168 429 ex
182 402 295 428 aedibus
311 403 378 428 meis
395 402 560 436 inspectante
576 402 676 436 populo
687 403 804 428 Romano
820 401 853 428 ad

59 448 166 466 socrum
177 439 296 466 consulis
307 439 493 474 portabantur.-
507 440 533 466 in
546 439 660 465 fundum
672 444 760 465 autem
772 439 853 465 vicini

59 477 178 504 consulis
190 485 242 503 non
252 478 462 503 instrumentum
474 481 519 503 aut
528 481 680 503 ornamenta
695 476 787 507 villae,
806 476 853 502 sed

59 515 138 541 etiam
159 514 266 541 arbores
286 514 528 541 transferebantur:
549 522 635 549 quum
651 515 709 548 ipsa
726 513 789 539 villa
802 522 853 539 non

60 551 172 587 praedae
183 552 338 586 cupiditate,
347 552 423 587 (quid
435 552 506 578 enim
518 555 573 577 erat
583 551 695 586 praedae
701 550 723 585 5⁷)
734 550 781 576 sed
792 551 853 576 odio

60 593 86 616 et
94 589 251 615 crudelitate
263 589 386 616 funditus
397 592 568 615 everteretur.
594 589 695 614 Domus
705 587 815 614 ardebat
825 588 853 613 in

58 626 159 653 Palatio
179 635 230 653 non
252 626 372 658 fortuito,
396 626 443 653 sed
464 626 550 653 oblato
571 625 707 652 incendio:
728 624 853 651 consules

59 664 237 698 epulabantur
256 669 282 691 et
302 665 330 691 in
351 664 548 690 coniuratorum
567 662 744 698 gratulatione
763 670 854 688 versa-

59 701 170 733 bantur,
184 710 270 736 quum
281 701 346 728 alter
356 710 384 727 se
396 700 524 728 Catilinae
533 700 652 731 delicias,
666 699 731 726 alter
743 699 852 734 Cethegi
873 707 875 713 ’

59 739 249 765 consobrinum
261 738 345 765 fuisse
356 738 464 764 diceret.
491 739 531 764 63.
545 738 616 763 Hanc
627 746 676 772 ego
687 737 751 768 vim,
765 737 854 771 ponti-

60 776 132 807 fices,
146 776 195 802 hoc
205 776 302 807 scelus,
312 776 384 802 hunc
396 775 521 806 furorem,
531 783 590 801 meo
600 783 708 809 corpore
719 775 850 809 opposito,

58 850 189 885 impetum
199 850 402 881 discordiarum,
411 858 518 876 omnem
529 850 576 876 diu
587 849 723 875 collectam
736 849 789 874 vim
801 849 854 874 im-

58 888 216 923 proborum,
233 896 302 923 quae
312 888 470 918 inveterata,
487 895 641 921 compresso
651 886 712 913 odio
723 891 802 921 atque
815 891 854 912 ta-

58 925 118 957 cito,
132 925 184 951 iam
196 925 365 960 erumpebat,
380 929 454 951 nacta
466 929 518 951 tam
531 924 644 950 audaces
655 924 746 954 duces,
760 923 852 958 excepi

58 971 118 989 meo
127 971 244 997 corpore.
275 964 305 989 In
316 971 358 989 me
369 971 423 989 uno
433 962 586 989 consulares
599 961 681 992 faces,
699 962 781 987 iactae
797 970 854 986 ma-

58 1000 140 1026 nibus
156 1000 322 1027 tribuniciis:
344 1001 372 1026 in
388 1009 430 1026 me
446 1000 548 1030 omnia,
569 1007 638 1034 quae
653 1007 702 1034 ego
717 998 853 1034 quondam

58 1037 223 1069 retuderam,
255 1038 445 1064 coniurationis
471 1037 570 1064 nefaria
594 1036 644 1063 tela
664 1036 850 1062 adhaeserunt.
874 1053 875 1071 ἶ
906 1057 957 1079 tur·

58 1074 135 1107 Quod
146 1075 178 1106 si,
192 1079 222 1101 ut
233 1075 325 1101 multis
338 1075 491 1102 fortissimis
503 1075 567 1101 viris
579 1073 688 1109 placuit,
697 1074 723 1099 vi
735 1078 761 1100 et
771 1073 852 1099 armis

58 1116 147 1139 contra
167 1113 222 1138 vim
243 1112 376 1139 decertare
397 1112 557 1143 voluissem,
580 1116 625 1137 aut
644 1111 769 1137 vicissem
791 1119 853 1137 cum

59 1158 154 1185 magna
164 1150 344 1176 internecione
355 1149 551 1184 improborum,
574 1149 621 1174 sed
637 1153 725 1174 tamen
740 1148 851 1178 civium,

58 1191 111 1218 aut,
119 1187 264 1214 interfectis
275 1187 352 1214 bonis
362 1187 497 1217 omnibus,
505 1186 577 1221 quod
589 1186 643 1212 illis
655 1186 853 1220 optatissimum

58 1228 121 1255 erat,
134 1233 187 1251 una
198 1233 258 1251 cum
272 1224 409 1259 republica
420 1224 607 1251 concidissem.
648 1225 689 1250 64.
712 1223 851 1254 Videbam,

58 1262 121 1288 vivo
132 1266 225 1288 senatu
237 1262 391 1297 populoque
401 1262 527 1292 Romano,
541 1260 655 1288 celerem
667 1260 734 1287 milii
746 1269 853 1286 summa

58 1307 120 1325 cum
131 1298 260 1335 dignitate
271 1299 402 1325 reditum:
419 1308 466 1326 nec
477 1298 669 1334 intelligebam,
684 1298 739 1324 fieri
750 1298 853 1323 diutius

58 1345 150 1371 posse,
168 1341 198 1363 ut
209 1337 275 1363 mibi
286 1345 339 1363 non
351 1336 441 1362 liceret
452 1345 510 1362 esse
521 1337 548 1362 in
560 1344 588 1361 ea
604 1335 753 1370 republica,
772 1343 853 1369 quam

57 1374 116 1409 ipse
127 1382 288 1400 servassem.
328 1373 404 1406 Quod
415 1374 438 1400 si
451 1382 502 1400 non
515 1373 617 1403 liceret,
632 1372 767 1398 audieram
779 1377 804 1398 et
817 1372 854 1398 le-

58 1419 158 1447 geram,
172 1410 336 1437 clarissimos
348 1415 451 1437 nostrae
462 1411 578 1437 civitatis
590 1411 660 1436 viros
672 1418 700 1436 se
712 1410 738 1436 in
751 1409 853 1435 medios

58 1448 148 1475 hostes
159 1448 192 1475 ad
204 1449 373 1483 perspicuam
386 1452 497 1474 mortem
510 1456 556 1482 pro
568 1447 654 1473 salute
663 1447 797 1473 exercitus
811 1447 854 1473 in-

57 1486 166 1512 iecisse:
183 1494 240 1522 ego,
254 1494 302 1520 pro
312 1485 398 1512 salute
409 1486 571 1520 reipublicae
584 1485 733 1515 universae,
746 1484 854 1510 dubita-

57 1531 128 1555 rem,
146 1523 195 1550 hoc
197 1507 316 1550 0meliore
326 1523 478 1549 conditione
493 1531 565 1553 esse,
584 1531 665 1557 quam
677 1522 763 1553 Decii,
780 1521 853 1557 quod

56 1560 97 1587 illi
109 1569 142 1587 ne
154 1560 288 1587 auditores
299 1560 409 1595 quidem
421 1569 485 1587 suae
500 1543 613 1596 gloriae,
632 1568 681 1595 ego
696 1560 775 1586 etiam
791 1567 854 1601 spe-

56 1602 140 1625 ctator
154 1607 228 1624 meae
244 1598 331 1624 laudis
346 1606 404 1624 esse
422 1581 589 1633 potuissem?
607 1587 693 1624 XXV.
709 1597 817 1631 Itaque
811 1606 854 1623 in-

57 1635 157 1662 fractus
172 1635 245 1662 furor
260 1639 323 1662 tuus
339 1636 432 1662 inanes
448 1635 560 1662 faciebat
571 1636 698 1669 impetus.
739 1634 852 1660 Omnem

57 1673 128 1700 enim
144 1673 199 1699 vim
215 1673 337 1700 omnium
353 1673 540 1699 sceleratorum
557 1672 686 1698 acerbitas
703 1672 755 1698 mei
773 1680 852 1698 casus

57 1715 205 1745 exceperat.
246 1711 303 1736 Non
315 1715 370 1736 erat
380 1711 407 1736 in
420 1715 472 1737 tam
484 1710 595 1736 immani
608 1710 705 1736 iniuria
718 1710 853 1744 tantisque

57 1748 143 1774 ruinis
154 1755 238 1774 novae
248 1747 399 1774 crudelitati
412 1747 496 1775 locus.
528 1750 570 1774 65.
592 1747 654 1774 Cato
667 1747 751 1773 fuerat
762 1747 852 1781 proxi-

57 1793 128 1812 mus.
157 1785 229 1818 Quid
241 1794 345 1821 ageres,
360 1794 411 1812 non
423 1790 487 1817 erat,
501 1786 554 1812 nisi
566 1789 603 1816 ut,
617 1785 664 1819 qui
676 1785 743 1811 milii
754 1784 811 1810 dux
825 1785 852 1810 in

56 1822 182 1849 omnibus
197 1823 265 1849 meis
281 1823 361 1849 rebus
377 1822 474 1854 fuerat.
496 1823 586 1849 socius
604 1823 675 1848 idem
691 1826 761 1848 esset
781 1822 854 1848 iniu-

57 1859 128 1886 riae‘?
147 1859 236 1892 Quid?
256 1861 350 1886 eiicere
360 1860 472 1895 posses?
492 1861 558 1887 Non.
587 1860 657 1892 Quid
668 1859 748 1895 ergo?
761 1864 853 1886 extru-

56 1896 119 1923 dere
130 1897 162 1923 ad
174 1897 298 1933 Cypriam
311 1898 462 1933 pecuniam.
493 1898 591 1924 Praeda
603 1897 724 1932 perierit:
737 1897 788 1923 alia
800 1906 851 1923 non

56 1934 154 1961 deerit:
172 1934 215 1961 hic
227 1934 305 1961 modo
317 1935 475 1961 amandatus
486 1935 530 1962 sit.
564 1935 607 1961 Sic
620 1935 655 1961 M.
669 1935 731 1962 Cato
746 1935 852 1961 invisus

56 1972 134 2007 quasi
151 1980 198 2006 per
212 1971 372 1998 beneficium
384 1972 502 2008 Cyprum
519 1972 660 2008 relegatur.
702 1973 853 1999 Eiiciuntur

56 2009 196 2043 duo‚quos
207 2009 322 2043 improbi
335 2009 425 2036 videre
437 2018 488 2036 non
500 2014 627 2044 poterant,
636 2009 701 2036 alter
712 2018 759 2044 per
770 2010 853 2036 hono-

16 2068 17 2071 ,
57 2055 112 2072 rcm
125 2046 327 2080 turpissimum,
344 2046 409 2073 alter
425 2055 471 2081 per
487 2047 704 2073 honestissimam
716 2047 853 2073 calamita—

56 2088 120 2110 tem.
151 2085 192 2109 66.
206 2084 302 2118 Atque,
316 2088 344 2110 ut
355 2084 455 2114 scintis,
469 2093 520 2110 non
532 2084 688 2110 bominibus
700 2085 792 2115 istum,
805 2084 852 2110 scd

57 2120 204 2147 virtutibus
217 2120 319 2147 hostem
331 2129 437 2156 semper
449 2121 545 2152 fuisse,
563 2130 604 2148 me
614 2121 741 2156 expulso,
755 2122 852 2148 Catone

57 2157 210 2188 amandato,
234 2158 260 2184 in
276 2167 338 2184 eum
355 2158 444 2193 ipsum
460 2167 489 2185 se
502 2160 644 2190 convertit,
666 2168 720 2194 quo
735 2163 850 2190 auctore,

56 2203 111 2231 quo
120 2195 252 2226 adiutore,
265 2195 292 2221 in
304 2195 478 2222 concionibus
488 2204 526 2227 ea,
542 2205 611 2231 quae
622 2196 738 2232 gerebat,
752 2197 850 2228 omnia,

56 2240 125 2268 quae
135 2237 262 2269 gesserat.
271 2241 299 2258 se
310 2237 335 2259 et
347 2233 440 2259 secisse
452 2238 477 2259 et
489 2233 572 2260 fucere
583 2234 698 2260 dicebat.
718 2234 766 2261 Cn.
775 2234 853 2260 Pom-

56 2270 162 2305 peium,
184 2278 265 2305 quem
281 2271 402 2296 omnium
420 2270 519 2296 iudicio
537 2271 614 2306 longo
629 2271 777 2306 principem
793 2280 852 2298 esso

56 2307 172 2334 civitatis
188 2307 308 2338 videbat,
330 2307 434 2334 diutius
451 2307 532 2334 furori
549 2317 598 2334 suo
609 2309 713 2335 veniam
725 2309 851 2335 daturum

57 2352 108 2371 non
119 2345 306 2371 arbitrabatur.
322 2344 373 2377 Qui
385 2354 417 2371 ex
429 2346 487 2371 cius
498 2345 618 2371 custodia
630 2354 676 2380 per
687 2346 799 2372 insidias
811 2355 853 2372 re-

56 2381 98 2424 gis
110 2382 187 2409 amici
200 2382 295 2413 tilium,
309 2383 422 2413 bostem
430 2383 575 2417 cnptiv,um
590 2384 774 2417 surripuisset,
788 2388 852 2410 etea

57 2418 153 2446 iniuria
165 2420 252 2446 virum
266 2403 441 2446 sortissnnuin
456 2420 614 2451 lnrossisset,
628 2421 746 2454 spe-rexit
756 2421 852 2447 iisdem

57 2463 86 2482 se
100 2457 185 2491 copiis
199 2465 261 2483 cum
277 2457 324 2483 illo
344 2466 421 2492 posse
441 2456 525 2483 conlli¹
520 2466 595 2493 Ιὀι-ο,
618 2457 782 2492 quibuscum
804 2466 853 2493 ego

57 2492 203 2520 noluissem
215 2494 345 2521 bonorum
357 2494 475 2529 peri‹ulo
486 2494 626 2525 dimicare,
648 2499 673 2520 et
691 2495 777 2529 primo
791 2496 853 2530 qui—

57 2529 131 2562 dem,
154 2531 322 2558 adiutoribus
342 2531 514 2558 consulibus:
549 2536 638 2566 postea
660 2531 737 2567 fregit
759 2532 852 2559 foedus

57 2566 202 2595 Gabinius:
224 2569 285 2595 Piso
300 2573 387 2595 tamen
403 2569 429 2595 in
447 2569 498 2595 tide
510 2570 616 2595 innnsit.
656 2570 698 2595 67.
719 2570 791 2602 Quas
803 2570 852 2596 ista

58 2608 114 2631 tum
135 2605 242 2637 caedes,
265 2614 331 2641 quas
353 2606 541 2641 lapidationes,
564 2615 632 2642 <pins
654 2606 730 2642 fugas
751 2606 849 2638 ftwceiit.

57 2648 137 2676 quam
149 2641 226 2669 facile
236 2625 305 2670 i'erro
315 2643 535 2679 quotidianisque
548 2644 663 2675 insidiis,
677 2652 762 2679 quum
775 2645 825 2670 iam
838 2653 852 2671 a

58 2678 212 2706 firmissimo
222 2679 314 2708 robore
324 2681 461 2716 copiarum
472 2690 583 2708 suarum
595 2681 703 2708 relictus
714 2686 793 2713 essct,
802 2682 850 2709 Cn

1649 150 1697 175 483

904 216 1061 250 Pompeium
1078 215 1135 243 foro
1144 217 1272 252 curiaque
1282 218 1393 252 privarit
1404 217 1569 252 domumque
1580 219 1700 245 coniece-

905 253 947 283 rit,
961 253 1077 279 vidistis.
1112 254 1153 280 Ex
1163 263 1217 289 quo
1227 254 1346 281 iudicare
1357 256 1477 290 potestis,
1490 260 1589 290 quanta
1601 257 1642 282 vis
1654 256 1699 282 illa

905 290 985 316 fuerit
994 291 1083 317 oriens
1095 295 1120 317 et
1130 297 1296 327 congregata,
1310 301 1395 327 quum
1407 293 1471 319 haec
1483 293 1529 320 Cn.
1541 293 1698 328 Pompeium

904 329 1028 354 terruerit
1039 328 1091 354 iam
1103 328 1227 355 distracta
1238 334 1263 355 et
1274 331 1414 356 exstincta.

960 381 1056 408 XXVI.
1070 384 1110 408 68.
1127 383 1180 409 Hoc
1192 383 1259 409 vidit
1272 384 1299 410 in
1310 384 1440 410 sententia
1451 383 1562 410 dicenda
1574 383 1700 409 Kalendis

904 419 1033 445 Ianuariis
1053 420 1094 445 vir
1113 420 1350 455 prudentissimus,
1374 426 1400 447 et
1418 430 1504 456 quum
1526 421 1698 455 reipublicae,

905 461 961 482 tum
978 457 1059 488 milii,
1078 462 1134 483 tum
1150 458 1229 483 etiam
1246 459 1350 484 veritati
1362 459 1557 489 amicissimus,
1573 459 1602 484 L.
1616 458 1698 487 Cotta,

904 494 952 528 qui
968 493 1053 529 legem
1070 494 1102 520 de
1117 504 1176 521 meo
1191 495 1278 521 reditu
1295 495 1430 522 ferendam
1447 505 1499 522 non
1513 496 1631 522 censuit:
1653 496 1701 530 qui

905 539 948 556 me
959 531 1129 558 consuluisse
1140 532 1317 566 reipublicae.
1331 534 1445 559 cessisse
1458 534 1621 568 tempestati,
1634 533 1702 559 ami-

905 568 1003 594 ciorem
1015 568 1091 595 vobis
1102 570 1251 604 ceterisque
1265 570 1385 601 civibus,
1408 580 1489 605 quam
1506 571 1572 596 mihi
1588 579 1618 596 ac
1633 571 1701 596 meis

906 606 1050 637 exstitisse,
1064 607 1099 637 vi,
1113 607 1203 637 armis,
1217 606 1384 633 dissensione
1396 608 1535 634 bominum
1548 607 1580 633 ad
1592 607 1700 633 caedem

906 643 1026 668 instituta
1043 652 1165 678 novoque
1181 644 1319 670 dominatu
1336 644 1447 679 pulsum
1459 654 1517 671 esse
1528 645 1609 671 dixit:
1633 644 1700 671 nihil

905 680 938 705 de
950 688 1008 705 meo
1019 681 1104 714 capite
1116 682 1237 715 potuisse
1254 681 1328 707 ferri:
1352 682 1419 708 niliil
1435 691 1493 708 esse
1509 683 1641 716 scriptum
1655 686 1702 708 aut

905 725 983 751 posse
995 717 1095 743 valere:
1117 719 1205 744 omnia
1217 723 1307 745 contra
1319 718 1390 754 leges
1403 728 1558 754 moremque
1570 720 1701 745 maiorum

905 758 1017 784 temme,
1035 755 1200 786 turbulente,
1219 764 1265 790 per
1276 757 1343 786 vim,
1361 765 1407 790 per
1420 756 1535 783 furorem
1547 765 1605 782 esse
1616 766 1632 776 ε
1615 762 1699 792 Desta.

173 814 178 819 .
462 813 467 818 .
487 813 492 818 .
655 812 659 817 .
874 798 875 807 ¹
905 791 981 823 Quod
993 792 1017 817 si
1029 791 1073 818 illa
1086 792 1129 818 lex
1139 797 1222 823 esset,
1241 802 1288 819 nee
1304 777 1401 819 referre
1417 794 1450 820 ad
1465 799 1588 820 senatum
1603 802 1702 819 consu-

59 813 92 839 ab
107 822 228 840 omnium
246 813 376 840 bonorum
397 812 547 839 cervmibus
568 812 669 846 depuli,
692 820 853 846 omnemque
873 833 875 840 ,

907 828 952 860 les,
967 838 1014 854 nec
1025 831 1185 856 sententiani
1196 830 1284 856 dicere
1295 831 1348 856 sibi
1361 831 1452 857 licere.
1469 840 1585 866 quorum
1598 836 1702 857 utrum-

905 875 957 901 que
969 875 1054 901 quum
1067 867 1152 898 lieret,
1170 877 1222 894 non
1233 873 1366 902 oportere,
1384 873 1414 894 ut
1424 869 1457 894 de
1468 878 1510 895 me
1523 868 1566 894 lex
1578 868 1699 899 ferretur,

905 904 1025 930 decerni:
1039 913 1072 930 ne
1083 904 1136 935 illa,
1149 914 1218 940 quae
1230 905 1303 931 nulla
1315 911 1393 936 esset,
1402 914 1460 932 esse
1474 906 1516 932 lex
1528 906 1701 932 iudicaretur.

906 941 1042 967 Sententia
1053 942 1153 973 verior,
1170 943 1289 978 gravior,
1308 943 1410 974 utilior,
1429 943 1522 970 melior
1538 943 1702 978 reipublicae

906 978 979 1004 nulla
992 987 1050 1005 esse
1062 980 1156 1013 potuit.
1192 981 1314 1006 Hominis
1326 981 1396 1006 enim
1408 981 1507 1007 scelere
1519 986 1544 1006 et
1555 980 1643 1006 furore
1655 989 1702 1007 no-

905 1020 971 1047 tato,
985 1016 1083 1042 similis
1095 1026 1108 1042 a
1119 1018 1257 1052 republica
1269 1017 1342 1044 labes
1354 1019 1380 1044 in
1392 1023 1528 1053 posterum
1541 1018 1702 1044 demoveba-

992 1056 1033 1080 69.
1051 1055 1144 1089 Neque
1155 1055 1205 1081 hoc
1216 1055 1264 1081 Cn.
1278 1056 1430 1090 Pompeius,
1446 1057 1493 1090 qui
1504 1056 1702 1082 ornatissimam

905 1090 937 1117 de
950 1100 991 1117 me
1003 1092 1161 1118 sententiam
1173 1092 1254 1123 dixit.
1268 1101 1370 1128 vosque
1381 1094 1527 1128 pontifices,
1544 1093 1591 1128 qui
1603 1102 1644 1119 me
1657 1102 1704 1119 ve-

905 1129 968 1154 stris
980 1129 1119 1155 sententiis
1130 1130 1388 1165 auctoritatibusque
1403 1130 1574 1161 defendistis,
1593 1139 1645 1156 non
1661 1130 1703 1156 vi-

905 1165 984 1192 distis
993 1187 998 1197 ,
1017 1166 1090 1193 illam
1102 1175 1160 1193 esse
1172 1167 1288 1198 nullam,
1306 1173 1385 1202 atque
1397 1178 1455 1194 esse
1467 1169 1556 1203 potius
1568 1167 1702 1194 flammam

907 1204 1047 1238 temporis,
1070 1204 1241 1231 interdictum
1262 1206 1384 1237 sceleris,
1408 1214 1499 1232 vocem
1521 1205 1631 1232 furoris:
1655 1205 1702 1231 sed

906 1242 1096 1275 prospexistis,
1116 1251 1148 1268 ne
1163 1251 1215 1277 qua
1231 1243 1368 1277 popularis
1380 1244 1405 1269 in
1419 1253 1465 1269 vos
1477 1243 1621 1278 aliquando
1631 1243 1703 1269 invi-

905 1278 949 1304 dia
961 1279 1133 1310 redundaret,
1150 1280 1173 1306 si
1184 1280 1242 1306 sine
1254 1281 1346 1315 populi
1360 1280 1458 1307 iudicio
1470 1281 1584 1307 restituti
1598 1280 1703 1306 videre-

906 1324 976 1342 mur.
1017 1317 1172 1351 Eodemque
1183 1318 1308 1348 consilio,
1322 1319 1357 1344 M.
1370 1318 1473 1349 Bibuli,
1487 1318 1627 1344 fortissimi
1640 1318 1700 1349 viri,

905 1358 1014 1379 senatus
1030 1355 1189 1380 sententiam
1205 1360 1313 1381 secutus
1328 1360 1380 1385 est,
1400 1360 1428 1382 ut
1444 1365 1490 1381 vos
1506 1356 1538 1381 de
1555 1364 1612 1380 mea
1623 1355 1703 1381 domo

905 1391 1071 1417 statueretis:
1089 1400 1140 1418 non
1152 1392 1224 1427 quod
1236 1392 1384 1424 dubitaret,
1400 1393 1467 1428 quin
1479 1393 1511 1419 ab
1523 1394 1573 1419 isto
1585 1392 1651 1418 nibil
1665 1392 1703 1418 le-

904 1428 1000 1463 gibus,
1015 1428 1081 1454 nibil
1095 1429 1284 1465 religionibus,
1303 1430 1370 1456 nibil
1384 1431 1440 1456 iure
1452 1435 1523 1456 esset
1534 1435 1636 1459 actum,
1654 1430 1702 1456 sed

906 1474 938 1491 ne
954 1465 1016 1500 quis
1032 1466 1145 1492 oriretur
1159 1466 1305 1501 aliquando
1318 1468 1423 1493 intanta
1437 1468 1556 1494 ubertate
1567 1467 1703 1501 improbo-

905 1511 974 1534 rum,
988 1504 1035 1537 qui
1048 1504 1074 1529 in
1087 1504 1153 1530 meis
1165 1504 1277 1530 aedibus
1289 1504 1407 1539 aliquam
1419 1505 1574 1540 religionem
1586 1504 1702 1530 residere

905 1540 1013 1567 diceret.
1049 1541 1115 1567 Nam
1129 1541 1213 1576 legem
1225 1542 1335 1577 quidem
1349 1543 1426 1568 istam
1439 1543 1540 1568 nullam
1553 1550 1620 1571 esse,
1634 1550 1703 1576 quo-

905 1579 1074 1613 tiescumque
1085 1579 1117 1604 de
1131 1588 1172 1605 me
1183 1584 1292 1605 senatus
1303 1581 1461 1606 sententiam
1473 1580 1553 1610 dixit,
1571 1580 1648 1605 toties
1661 1580 1703 1605 iu-

904 1615 1012 1647 dicavit,
1026 1616 1153 1650 quoniam
1165 1616 1275 1651 quidem
1287 1618 1386 1652 scripto
1398 1617 1443 1643 illo
1456 1618 1532 1643 istius
1543 1617 1701 1643 sententiam

905 1653 992 1679 dicere
1005 1653 1152 1680 vetabatur.
1187 1655 1229 1680 70.
1244 1654 1331 1689 Atque
1343 1655 1409 1680 liano
1422 1664 1476 1680 reni
1490 1664 1536 1688 par
1547 1654 1614 1680 illud
1626 1655 1703 1680 simi-

907 1690 942 1722 le,
961 1691 1022 1717 l'iso
1033 1695 1058 1717 et
1069 1691 1216 1723 Gabinius,
1231 1692 1306 1718 vidit.
1348 1693 1474 1718 Ilomines
1488 1692 1576 1727 legum
1589 1692 1703 1718 iudicio-

905 1737 1020 1763 rumque
1041 1733 1203 1761 metuentes,
1229 1738 1315 1764 quum
1338 1729 1574 1764 frcqiwntissimus
1594 1735 1702 1755 senatus

905 1774 958 1796 eos,
974 1770 1002 1792 ut
1013 1765 1045 1792 de
1058 1775 1098 1792 me
1110 1766 1247 1797 referrent,
1260 1767 1379 1801 quotidie
1392 1766 1528 1802 flagitaret,
1543 1775 1594 1793 non
1606 1776 1633 1793 sc
1647 1776 1700 1793 rem

905 1803 1055 1838 improbare
1076 1803 1213 1835 dicebant,
1235 1805 1282 1830 sed
1299 1804 1355 1839 lege
1372 1805 1449 1831 istius
1466 1804 1599 1839 impediri.
1640 1805 1703 1830 Erat

892 1841 954 1869 dioc
967 1850 1070 1868 verum.
1087 1842 1152 1868 Nam
1166 1842 1389 1876 impediebantur,
1400 1851 1492 1868 verum
1504 1851 1533 1868 ea
1546 1841 1701 1878 lege,quam

905 1879 976 1905 idem
988 1879 1037 1905 iste
1048 1879 1081 1905 de
1092 1879 1246 1906 Macedonia
1257 1879 1388 1915 Syriaque
1401 1880 1505 1906 tulerat.

961 1937 1070 1963 xxvn.
1092 1937 1164 1963 llanc
1176 1942 1218 1964 tu.
1236 1938 1265 1964 P.
1278 1937 1403 1969 Lentule,
1422 1946 1508 1972 neque
1520 1938 1640 1972 privatus
1657 1946 1703 1963 ne·-

904 1983 957 2010 quc
968 1974 1062 2001 consul
1076 1974 1160 2011 legem
1172 1984 1231 2001 csse
1244 1983 1372 2010 umquam
1386 1976 1492 2010 putasti.
1509 1976 1574 2001 Nam
1587 1975 1702 2001 tribunis

905 2012 991 2048 plebis
1004 2011 1189 2043 referentibus,
1203 2013 1362 2039 sententiam
1375 2013 1407 2038 de
1419 2022 1460 2038 me
1472 2012 1628 2047 designatus
1640 2022 1702 2038 ron·

904 2049 947 2076 sul
959 2058 1038 2084 saepe
1049 2050 1155 2076 dixisti:
1179 2059 1211 2076 ex
1224 2050 1350 2076 Kalendis
1363 2051 1500 2079 ianuariis,
1514 2050 1602 2084 quoad
1615 2049 1703 2084 perfe-

904 2091 944 2113 cta
956 2095 997 2113 res
1009 2091 1057 2118 est,
1070 2087 1156 2113 deme
1167 2087 1291 2118 retulisti,
1307 2088 1391 2123 legem
1405 2087 1589 2122 promulgasti.
1605 2087 1699 2113 tulisti:

903 2133 1018 2159 quorum
1032 2125 1093 2156 tibi,
1111 2125 1133 2150 si
1146 2130 1216 2151 esset
1228 2125 1273 2151 illa
1287 2125 1341 2154 lex.
1359 2125 1425 2151 nibil
1439 2125 1537 2151 liceret.
1579 2125 1610 2150 At
1623 2125 1701 2150 etiam

904 2163 935 2194 Q.
944 2161 1076 2192 Metellus,
1085 2162 1185 2197 collega
1199 2167 1271 2192 tuus,
1281 2163 1321 2188 vir
1331 2162 1508 2191 clarissimus,
1521 2170 1601 2196 quani
1616 2162 1701 2195 legem

904 2208 963 2225 esse
975 2199 1097 2225 homines
1109 2199 1269 2225 alienissimi
1286 2209 1299 2225 n
1313 2200 1339 2225 1‘.
1354 2199 1446 2225 Clodio
1462 2200 1622 2229 iudicarent,
1642 2200 1702 2224 Piso

904 2241 929 2262 et
939 2236 1086 2266 Gabinius,
1104 2245 1162 2262 eam
1175 2236 1276 2262 nullam
1288 2245 1360 2265 esse,
1376 2237 1454 2262 frater
1467 2238 1493 2262 Ρ.
1507 2236 1602 2264 Clodii,
1616 2245 1700 2271 ιμιιιιιι

904 2273 936 2300 de
949 2282 991 2299 mo
1002 2273 1034 2299 nd
1048 2278 1170 2299 senatum
1188 2278 1275 2299 tecum
1293 2282 1344 2300 una
1360 2274 1464 2303 retulit,
1482 2274 1618 2299 iudicavit.
1658 2274 1700 2298 7¹.

903 2310 954 2336 Sed
967 2311 1024 2341 isti,
1043 2311 1090 2345 qui
1102 2310 1187 2336 Clodii
1201 2310 1272 2346 leges
1289 2311 1448 2341 timuerunt,
1471 2310 1700 2345 qucmadmodum

903 2353 1003 2374 ceteras
1015 2347 1210 2373 observarunt?
1230 2348 1344 2373 Senatus
1361 2348 1484 2383 quidem,
1501 2349 1580 2373 «atius
1591 2353 1629 2373 est
1641 2357 1701 2382 grn-

905 2385 1048 2411 vissimum
1060 2384 1190 2410 iudicium
1203 2385 1235 2410 de
1247 2385 1303 2410 iure
1317 2385 1414 2421 legum.
1431 2385 1656 2420 quotiescumqiu·
1667 2384 1701 2410 de

905 2431 947 2448 mc
961 2421 1101 2447 consultus
1117 2426 1170 2452 est,
1194 2423 1270 2448 toties
1286 2431 1343 2447 υιιιιι
1361 2422 1460 2448 millum
1483 2431 1541 2447 esse
1561 2422 1699 2448 iudicarit.

904 2459 979 2491 Quod
993 2459 1062 2485 idem
1075 2464 1112 2489 tu,
1128 2458 1248 2487 Lentule,
1263 2459 1354 2485 vidisti
1367 2461 1392 2485 in
1405 2468 1433 2485 en
1447 2459 1601 2494 Ιυμικιμιιιιιι
1613 2459 1646 2485 de
1658 2468 1700 2485 uie

905 2497 1000 2523 tulisti.
1023 2497 1088 2523 Nam
1102 2505 1152 2523 non
1165 2501 1204 2522 est
1216 2497 1250 2522 ita
1264 2496 1355 2527 latum,
1370 2502 1397 2522 nt
1410 2497 1475 2522 milii
1489 2497 1597 2523 Romam
1611 2498 1700 2523 venire

906 2533 1004 2563 liceret,
1017 2533 1064 2560 sed
1077 2543 1109 2560 ur
1124 2543 1268 2560 vENtnttu.
1303 2535 1359 2560 Non
1372 2534 1443 2560 enim
1457 2534 1564 2560 voluisti
1577 2534 1613 2565 id,
1627 2534 1699 2569 quod

906 2571 1013 2602 licebat,
1028 2571 1107 2602 ferre,
1121 2576 1149 2597 ut
1162 2571 1263 2597 liceret:
1281 2571 1327 2597 sed
1343 2580 1384 2597 me
1397 2572 1430 2597 ita
1442 2580 1501 2598 esse
1513 2571 1538 2597 in
1551 2572 1696 2606 republica,

905 2609 990 2643 magis
1008 2613 1035 2634 ut
1051 2609 1194 2634 arcessitus
1210 2609 1322 2643 imperio
1344 2609 1435 2643 populi
1453 2609 1562 2635 Romani
1584 2609 1696 2639 viderer,

903 2654 984 2681 quam
997 2645 1028 2671 nd
1041 2645 1279 2672 administrandam
1291 2646 1425 2672 civitatem
1438 2647 1585 2672 restitutus.

959 2684 1001 2709 72.
1024 2683 1099 2709 {Iunc
1111 2688 1138 2710 tu
1150 2684 1238 2714 etiam,
1253 2688 1402 2718 portentosa
1414 2685 1506 2719 pestis,
1519 2683 1639 2710 exsulem
1652 2692 1699 2718 np-

1431 2733 1460 2756 «31
1479 2731 1489 2741 ⁸
