1941 3052
240 99 288 123 73⁴3
815 99 855 122 80.
888 96 921 121 M.
954 96 983 122 Τ.

294 167 322 187 Χ.
339 166 355 186 A
364 167 381 186 l(
389 167 414 186 (ι’.
431 166 533 187 Plancum
543 181 548 189 ,
559 165 646 184 laudnt·
657 164 704 183 riu·
715 164 827 184 xnluntntc*
838 164 945 184 ius-min·
956 164 1028 191 reipu-

241 202 318 224 Μία-ιν,
330 200 458 228 praemi-nl·
470 203 546 220 nctintn
557 206 657 225 uper-n,
669 206 727 218 nnnrn
739 206 824 225 opu-ram
837 204 965 225 rupert-ro
975 204 994 218 et
1007 199 1028 219 in
1056 216 1058 245 Ι

240 237 320 256 incud-
332 234 443 262 rrpnldlra
453 241 542 261 prr-‹rn-
553 233 619 252 inlu-t.
1049 210 1051 254 Ι

455 271 541 289 (tt-ann,
553 270 736 288 t½nu‚it1·=.‹,··,n
754 271 806 290 HL]
1049 257 1051 333 l

437 311 602 339 Cicutio
641 312 827 339 PLANCO.
1056 342 1057 347 ,

296 354 317 377 l.
338 347 397 376 Etsi
409 351 473 376 satis
485 358 517 375 ex
530 349 628 375 Furnio
640 354 728 375 nostro
739 357 890 383 cognoram.
904 358 972 385 quac
984 355 1028 376 tua
1049 343 1058 370 ll

240 388 376 417 voluntas,
393 386 464 421 quod
481 385 624 412 consilium
636 386 668 411 de
681 386 817 421 republica
829 392 912 413 esset:
930 392 1026 418 tamen,
1049 381 1057 416 Ιι

237 426 290 451 tuis
304 424 397 450 litteris
410 423 492 453 lectis,
502 422 634 457 liquidius
644 423 677 448 dc
689 428 740 449 toto
749 432 830 450 sensu
843 429 887 450 tuo
900 424 1027 451 iudicavi.

236 461 424 493 Qumnobrem.
437 469 601 495 quamquam
614 460 640 486 in
653 469 705 486 uno
717 460 816 495 praelio
825 462 914 487 omnis
926 461 1028 488 fortuna
1050 464 1051 468 ’

238 498 401 533 reipublicae
411 497 555 532 disceptat,
574 497 654 532 (quod
671 498 795 532 quidem,
812 507 897 533 quum
915 498 978 524 baec
991 498 1029 524 le-

236 545 326 570 ⁴ueros,
346 536 397 561 iam
414 534 550 561 decretum
563 535 710 561 arbitrabar
722 534 801 570 forez)
817 541 904 562 tamen
920 536 977 570 ipsa
991 535 1029 562 fa·
1048 534 1051 560 l

237 582 291 602 ina,
315 580 384 607 quae
400 571 432 597 de
449 576 492 598 tua
508 572 643 598 voluntate
659 572 838 607 percrebruit,
860 582 984 609 magnam
1000 582 1028 600 es
1048 598 1057 610 Η

237 609 342 635 laudem
358 614 528 635 consecutus.
568 610 659 644 ltaque
674 610 697 635 si
713 609 850 636 consulem
868 611 964 637 Romae
981 611 1028 637 ba-
1048 614 1057 631 *ἒ

236 647 404 677 imisscmus,
427 646 590 673 declaratum
601 647 714 673 essetab
726 652 819 673 senatu
830 656 892 674 cum
905 648 957 674 tuis
972 657 1028 674 ma·
1048 646 1057 674 i}

234 685 296 719 gni>-
309 683 469 714 honoribus,
483 692 563 718 quam
575 689 666 719 gratus
677 689 748 711 esset
757 690 868 711 conatus
879 690 905 711 et
915 694 1028 720 appara-
1048 680 1057 718 l,

235 726 277 747 tus
290 725 362 747 tuns.
401 720 485 747 Cuius
497 721 534 747 rei
547 730 597 747 non
610 721 688 747 modo
700 730 751 748 non
764 724 898 756 praeteriit
910 728 1025 757 tempus,

235 758 327 784 sedne
339 763 472 784 maturum
485 758 595 792 quidem
607 759 685 784 etiam
699 767 778 789 nunc,
792 768 851 785 mco
861 760 972 794 quidem
985 760 1027 786 iu-

234 795 314 825 dicio.
333 795 391 821 fuit.
432 796 456 821 Is
467 796 538 821 enim
550 795 667 830 (lenique
679 796 761 822 bonos
773 797 840 823 mihi
853 797 936 823 videri
949 797 1024 827 solet,

234 833 282 867 qui
294 840 345 858 non
358 837 464 867 propter
474 841 549 867 spem
562 832 644 859 futuri
656 833 789 860 beneficii.
798 834 844 860 sed
852 839 959 869 propter
970 843 1027 860 ma-

233 878 286 905 gna
302 870 396 896 merita
411 869 490 895 claris
506 870 573 895 viris
587 869 706 896 defertur
716 875 741 896 et
752 870 840 897 datur.
881 873 905 898 9..
927 872 1023 903 Quare,
1046 863 1056 900 ll

233 907 270 933 sit
281 906 359 933 modo
369 906 459 942 aliqua
471 906 633 941 respublica,
647 908 673 933 in
685 916 737 942 qua
750 907 833 934 honos
847 907 951 935 elucere
963 917 1026 943 pos·
1054 906 1055 909 ’

216 953 221 960 ¹
233 944 277 974 sit,
290 944 430 975 omnibus,
444 944 614 975 mihicrede,
630 944 807 979 amplissimis
820 945 966 972 honoribus
977 946 1025 972 ab-
1046 939 1047 966 l

233 980 360 1007 undabis.
391 982 415 1007 Is
426 986 529 1012 autem,
548 982 595 1016 qui
611 990 671 1008 vere
687 982 816 1016 appellari
832 988 918 1017 potest
929 983 1022 1013 honos.

233 1027 284 1044 non
298 1019 502 1045 invitamentum
515 1018 547 1044 ad
560 1024 678 1053 tempus,
696 1019 743 1045 sed
759 1025 902 1054 perpetuae
917 1021 1024 1046 virtutis

233 1060 274 1082 est
284 1057 444 1090 praemium.
476 1055 665 1088 Quamobrem,
680 1057 717 1082 mi
728 1056 832 1087 Plance.
846 1058 972 1084 incumbe
985 1063 1024 1084 to-

233 1097 259 1118 to
270 1098 375 1127 pectore
385 1093 418 1119 ad
432 1092 550 1125 laudem,
564 1093 679 1119 subveni
695 1094 807 1128 patriae,
825 1094 956 1129 opitulare
969 1094 1024 1121 col-

233 1129 320 1165 legae3
339 1130 460 1156 omnium
476 1131 597 1165 gentium
613 1139 774 1157 consensum
789 1136 815 1158 et
836 1132 1023 1158 incredibilem
1052 1127 1054 1158 l

232 1168 456 1201 conspirationem
472 1167 580 1194 adiuva.
621 1168 661 1194 Me
674 1173 779 1194 tuorum
791 1169 964 1196 consiliorum
977 1169 1024 1195 ad-
1052 1161 1054 1203 l

233 1204 359 1235 tutorem.
377 1204 517 1239 dignitatis
533 1204 676 1235 fautorem,
693 1205 820 1232 omnibus
838 1207 865 1232 in
882 1207 962 1233 rebus
975 1207 1024 1233 tibi

232 1241 429 1267 amicissimum
449 1241 693 1276 fidelissimumque
713 1251 868 1278 cognosces.
916 1244 957 1270 Ad
980 1252 1025 1270 eas
1046 1255 1047 1265 π

231 1279 304 1304 enim
315 1287 434 1309 caussas,
447 1279 548 1313 quibus
561 1279 686 1305 internos
698 1288 787 1306 amore
798 1289 902 1311 sumus,
915 1281 1022 1311 officiis,
1046 1294 1048 1303 1

232 1320 362 1342 vetustate
373 1316 519 1347 coniuncti,
533 1317 632 1350 patriae
643 1317 738 1343 caritas
749 1318 875 1344 accessit:
889 1327 973 1353 eaque
985 1318 1026 1344 ef—
1046 1316 1055 1339 l*

232 1351 307 1383 fecit,
324 1357 353 1379 ut
364 1357 436 1379 tuam
449 1354 530 1380 vitam
542 1353 700 1380 anteferrem
712 1362 796 1380 meae.
836 1363 875 1382 ιιι.
891 1356 1024 1382 Kalendas
1046 1359 1055 1384 »l

231 1389 342 1424 Aprilis.
1046 1391 1055 1402 ”

284 1468 325 1487 ΧΙ.
343 1468 420 1488 ΛΚΘ.
439 1468 530 1489 Gratia-
545 1469 591 1494 agit
604 1469 771 1491 benevolentiae
782 1469 909 1494 Ciceronis,
927 1472 949 1490 et
962 1477 1025 1491 nuum
1054 1467 1055 1476 ¹

230 1503 254 1522 in
263 1509 329 1529 remp.
341 1503 438 1524 studium
446 1503 572 1530 pollicetur.

361 1541 390 1563 (ln
399 1540 534 1564 Allobrogibus
542 1555 547 1562 ,
561 1541 624 1559 occisis
634 1542 700 1563 Pansa,
711 1542 774 1560 Hirtio
783 1549 829 1560 coss.
841 1543 896 1562 711.)

288 1622 311 1647 l.
330 1615 501 1647 Immortales
513 1629 562 1657 ago
573 1621 622 1648 tibi
633 1622 732 1657 gratias
744 1630 890 1658 agamque,
903 1621 969 1648 dum
981 1622 1024 1648 vi-

230 1665 304 1690 vam,
319 1667 380 1684 nam
392 1658 538 1684 relaturum
549 1659 741 1690 me,aflirmare
752 1668 804 1686 non
816 1667 937 1694 possum.
953 1660 1024 1686 Tan-

230 1694 264 1720 tis
276 1695 348 1720 enim
361 1696 414 1721 tuis
425 1695 521 1721 officiis
534 1704 586 1722 non
598 1695 691 1722 videor
701 1696 769 1723 mihi
783 1696 944 1731 respondere
960 1706 1024 1732 pos-

230 1739 272 1763 se;
291 1731 343 1758 nisi
361 1731 438 1763 forte,
456 1737 485 1759 ut
500 1737 527 1759 tu
538 1734 700 1768 gravissime
711 1733 944 1768 disertissimeque
955 1735 1023 1761 scri-

229 1768 323 1802 psisti,
341 1769 375 1795 ita
391 1777 521 1795 sensurus
536 1778 578 1801 es,
596 1775 626 1796 ut
640 1779 682 1796 me
698 1770 795 1797 referre
808 1772 921 1807 gratiam
932 1777 1020 1806 putes.
1050 1774 1053 1804 1

229 1813 315 1840 quum
328 1807 455 1833 memoria
467 1807 571 1833 tenebo.
611 1807 640 1833 Si
656 1807 689 1833 de
701 1807 750 1834 filii
762 1809 801 1834 tui
812 1808 941 1843 dignitate
952 1813 1023 1835 esset

229 1847 332 1874 actum,
350 1843 494 1869 amabilius
509 1849 578 1870 certe
594 1844 662 1871 nihil
678 1844 764 1871 facere
779 1846 923 1880 potuisses.
964 1847 1022 1872 Pri-

230 1887 288 1905 mae
303 1885 363 1906 tuae
378 1881 523 1907 sententiae
539 1881 652 1907 infinitis
666 1890 728 1908 cum
739 1882 912 1913 muneribus,
932 1888 1022 1918 poste—
1043 1903 1044 1908 ,

229 1917 312 1943 riores
332 1917 365 1943 ad
387 1922 492 1952 tempus
513 1918 708 1953 arbitriumque
733 1920 881 1946 amicorum
901 1929 1020 1947 meorum

229 1954 405 1989 compositae,
427 1955 511 1981 oratio
525 1955 558 1981 de
574 1964 615 1982 me
630 1955 739 1982 assidua
754 1961 780 1983 et
795 1962 922 1991 perpetua
934 1958 1021 1993 iurgia
1042 1967 1044 2000 i

228 1999 290 2017 cum
305 1991 526 2018 obtrectatoribus
541 1998 648 2027 propter
663 2001 704 2019 me
718 1994 858 2020 notissima
868 1995 936 2020 mihi
946 2000 1019 2021 sunt.
1048 2014 1051 2042 Ι

229 2028 287 2054 Non
302 2028 445 2055 mediocris
461 2029 613 2056 adhibenda
625 2030 692 2056 mihi
703 2035 743 2057 est
753 2040 829 2062 cura,
848 2036 877 2058 ut
888 2032 1022 2066 reipubli-

228 2073 274 2091 cae
286 2074 327 2092 me
339 2066 426 2092 civem
437 2066 550 2101 dignum
564 2068 617 2093 tuis
629 2067 755 2094 laudibus
767 2073 910 2103 praestem,
919 2070 1020 2096 inami-

227 2103 290 2129 citia
311 2107 355 2129 tua
377 2112 522 2130 memorem
542 2109 621 2139 atque
636 2110 752 2140 gratum.
791 2105 868 2138 Quod
883 2106 1019 2141 reliquum
1041 2109 1050 2136 ἰ

227 2144 280 2171 est,
294 2144 370 2166 tuum
381 2150 480 2167 munus
492 2146 565 2167 tuere
576 2146 601 2168 et
612 2151 667 2173 me,
681 2142 718 2173 si,
735 2151 816 2177 quem
828 2152 886 2169 esse
898 2143 1017 2175 voluisti,

227 2185 289 2203 eum
305 2178 379 2204 exitu
395 2178 530 2213 rebusque
546 2180 698 2214 cognoscis,
720 2179 834 2206 defende
850 2189 879 2206 ac
898 2182 1017 2216 suscipe.

226 2215 252 2240 2.
273 2213 362 2246 Quum
378 2215 536 2241 Rhodanum
552 2217 642 2250 copias
658 2217 836 2248 traiecissem,
857 2217 1018 2253 fratremque

226 2259 288 2277 cum
300 2252 388 2278 tribus
399 2252 522 2278 millibus
533 2255 655 2288 equitum
666 2255 867 2288 praemisissem
875 2276 881 2285 ,
900 2256 958 2290 ipse
969 2256 1020 2282 iter

226 2288 259 2314 ad
275 2289 405 2315 Mutinam
421 2289 579 2325 dirigerem,
603 2291 630 2317 in
646 2291 740 2317 itinere
772 2291 805 2318 de
820 2292 922 2326 praelio
939 2292 1016 2324 facto,

227 2326 359 2361 Brutoque
371 2332 396 2353 et
406 2327 507 2353 Mutina
518 2327 659 2354 obsidione
671 2328 791 2355 liberatis
813 2329 916 2356 audivi.
952 2330 1019 2356 Ani-

226 2363 366 2395 madverti,
383 2363 488 2390 nullum
500 2364 583 2391 alium
594 2370 731 2400 receptum
742 2367 888 2393 Antonium
905 2366 1019 2402 reliqui-

226 2408 322 2434 asque,
339 2409 409 2435 quae
419 2410 481 2428 cum
493 2411 523 2428 eo
534 2407 636 2433 essent,
651 2402 762 2433 habere,
777 2404 830 2429 nisi
841 2404 869 2430 in
880 2404 923 2430 his
934 2405 1018 2439 parti—

226 2435 291 2462 bus:
312 2437 434 2473 duasque
449 2439 474 2464 ei
489 2448 550 2473 spes
565 2448 624 2465 esse
639 2440 801 2474 propositas,
824 2449 906 2467 unam
922 2441 1018 2476 Lepidi

227 2473 322 2506 ipsius,
336 2474 444 2501 alteram
456 2477 600 2502 exercitus.
635 2476 713 2508 Quod
723 2477 856 2511 quaedam
866 2487 929 2513 pars
939 2487 1017 2505 exer-
1044 2498 1047 2515 ,

225 2509 295 2535 citus
311 2519 362 2537 non
378 2513 468 2538 minus
483 2512 582 2539 furiosa
597 2518 650 2544 est,
673 2522 755 2548 quam
770 2516 892 2548 quicum
902 2516 1016 2542 Antonio
1044 2525 1046 2552 ρ

226 2544 346 2576 fuerunt,
369 2549 516 2582 equitatum
537 2551 673 2583 revocavi,
698 2551 756 2585 ipse
777 2552 803 2577 in
824 2551 1016 2588 Allobrogibus

225 2583 345 2613 constiti,
368 2589 398 2610 ut
413 2586 524 2619 proinde
540 2587 573 2613 ad
588 2588 678 2614 omnia
689 2593 797 2622 paratus
809 2596 909 2620 essem,
927 2598 957 2616 ac
973 2598 1015 2616 res
1036 2594 1045 2616 ἔκ

226 2627 268 2646 me
280 2625 406 2647 moneret.
446 2622 473 2648 Si
483 2622 572 2650 nudus
583 2624 636 2650 huc
646 2633 674 2650 se
685 2625 817 2651 Antonius
827 2626 958 2653 conferet:
976 2626 1016 2653 fa-

1046 1410 1055 1434 3,
1077 1400 1145 1426 mihi
1162 1399 1275 1426 laetitiae
1291 1404 1335 1426 tua
1351 1399 1468 1435 dignitas
1483 1399 1581 1430 afferat,
1599 1408 1680 1434 quam
1696 1404 1721 1426 et
1731 1408 1790 1425 esse
1802 1400 1864 1429 iam,

1052 1568 1054 1574 ,
1076 1558 1135 1575 rum
1157 1549 1183 1575 in
1204 1548 1399 1584 rempublicam
1411 1549 1510 1575 eximia
1531 1548 1647 1583 quadam
1668 1548 1864 1585 magnitudine,

1052 1598 1054 1604 ν
1076 1592 1132 1613 tum
1144 1586 1286 1612 verborum
1298 1586 1689 1621 sententiarumquegravitate.
1710 1585 1787 1618 Quod
1799 1585 1866 1612 mihi

1042 1923 1044 1931 ¹
1073 1921 1135 1947 dius
1151 1920 1322 1951 reddidisset,
1340 1929 1439 1955 easque
1451 1920 1586 1955 legissem,
1600 1919 1754 1946 incredibili
1764 1919 1864 1955 gaudio

1048 2050 1051 2068 ι
1072 2041 1165 2059 omnes
1181 2033 1325 2067 participes
1336 2041 1410 2058 meae
1422 2031 1577 2066 voluptatis.
1598 2031 1708 2057 Interim
1718 2030 1752 2057 ad
1762 2039 1805 2057 me
1816 2038 1864 2056 ve·

1049 2075 1050 2085 ¹
1073 2071 1113 2096 nit
1126 2070 1263 2096 Munatius
1279 2074 1376 2098 noster,
1394 2075 1423 2095 ut
1438 2073 1591 2095 consuerat:
1617 2073 1643 2094 at
1657 2076 1707 2104 ego
1721 2069 1746 2094 ei
1762 2067 1862 2094 litteras
1898 2075 1901 2080 ’

1040 2151 1049 2167 t¹
1072 2144 1232 2174 Varisidius,
1256 2144 1338 2178 idque
1358 2143 1412 2170 sibi
1424 2152 1438 2169 a
1455 2148 1479 2170 te
1499 2143 1655 2169 mandatum
1670 2150 1730 2169 esse
1744 2141 1860 2168 dicebat.

1047 2269 1049 2278 v
1070 2257 1125 2282 cuit
1136 2255 1224 2286 nobis,
1238 2261 1266 2282 ut
1277 2256 1365 2282 statim
1377 2255 1410 2281 ad
1421 2253 1861 2289 Cornutumpraetoremurbanum

1047 2286 1049 2310 ἶ
1071 2293 1170 2319 litteras
1182 2292 1360 2319 deferremus:
1383 2293 1440 2327 qui,
1453 2291 1526 2327 quod
1535 2290 1660 2318 consules
1670 2290 1788 2321 aberant,
1796 2298 1861 2316 con—

1046 2343 1048 2347 v
1069 2329 1158 2356 sulare
1173 2338 1274 2356 munus
1288 2329 1438 2356 sustinebat
1448 2337 1520 2355 more
1531 2328 1672 2354 maiorum.
1694 2327 1810 2354 Senatus
1819 2332 1861 2354 est

1044 2553 1045 2558 ¹
1067 2554 1159 2588 Itaque
1174 2561 1217 2579 res
1231 2552 1313 2579 dilata
1328 2557 1369 2578 est
1382 2552 1409 2578 in
1419 2555 1566 2586 posterum.
1596 2550 1634 2576 Εο
1645 2555 1734 2576 autem
1744 2549 1789 2576 die
1799 2558 1858 2575 ma·-

1043 2641 1045 2650 ι
1066 2628 1113 2662 qui
1134 2635 1221 2662 quum
1239 2627 1324 2662 gratia
1344 2625 1483 2655 effecisset,
1501 2630 1530 2651 ut
1549 2632 1598 2651 sua
1618 2624 1750 2651 sententia
1768 2624 1856 2659 prima

1014 96 1289 122 ‹tltzssttoxtss

1048 169 1058 203 l}
1080 165 1131 191 eil«-
1143 168 1178 191 ml
1191 165 1283 191 videor
1293 174 1341 200 per
1351 174 1393 191 me
1404 167 1536 193 sustinere
1548 175 1638 201 pnsse.
1657 174 1767 201 remque
1778 166 1870 208 publi·

1080 212 1138 228 cam
1159 211 1192 229 cx
1214 207 1300 228 vestra
1319 204 1448 229 sententia
1470 203 1669 233 administrare,
1691 213 1816 239 quamvis
1837 203 1871 230 ab

1081 240 1199 266 exercitu
1213 239 1306 274 Lepidi
1323 241 1479 274 recipiatur:
1498 241 1520 266 si
1538 250 1599 266 vero
1612 241 1749 275 copiarum
1765 240 1870 275 aliquid

1080 285 1172 302 secum
1184 276 1306 306 adducet,
1320 281 1345 302 et
1363 277 1385 303 si
1397 277 1500 303 decima
1514 277 1583 312 legio
1595 283 1715 304 veterana
1724 298 1729 306 .
1742 286 1811 312 quae
1824 286 1871 304 no-

1056 318 1057 326 *
1080 318 1132 339 stra
1143 322 1222 348 opera
1235 319 1354 340 revocata
1365 323 1426 340 cum
1439 314 1550 348 reliqui-⁴
1561 319 1608 343 est,
1617 314 1649 340 ad
1661 314 1785 341 eumdem
1798 314 1872 341 furo-

1081 360 1135 377 rem
1149 350 1269 379 redierit.
1284 356 1370 377 tamen
1380 372 1385 380 ,
1403 361 1434 377 nc
1446 352 1512 386 quid
1524 352 1675 377 detrimenti
1688 352 1744 381 fiat,
1762 351 1872 378 dabitur
1930 356 1935 381 Ι

1079 397 1158 422 opera
1170 396 1183 413 a
1197 396 1247 417 me.
1262 387 1343 422 idque
1355 397 1396 414 mr.-
1408 394 1602 422 praestaturum
1615 397 1700 423 spero.
1713 389 1778 414 dum
1792 389 1871 415 istinc
1929 386 1941 411 1¹

1079 426 1171 459 copiae
1187 425 1364 455 traiiciantur,
1381 426 1592 460 coniunctaeque
1607 426 1748 452 nobiseum
1764 425 1871 452 facilius
1929 420 1941 459 ,ἶ

1080 462 1198 497 perditos
1209 463 1371 496 opprimant.
1412 465 1436 488 3.
1454 463 1505 488 linc
1517 463 1565 489 tibi
1578 462 1704 497 spondeo,
1719 463 1755 489 mi
1767 463 1868 492 cicero.

1080 508 1166 534 ιιι-(μιν
1179 500 1298 525 animum
1311 508 1359 525 nec
1370 499 1536 535 diligentiam
1554 501 1619 526 mihi
1631 499 1794 526 defuturam.
1817 501 1871 526 Cu·
1925 467 1941 743 i

1080 537 1124 571 pio
1136 536 1302 562 mehercules
1314 536 1414 563 nullam
1427 537 1561 563 residuam
1573 537 1783 563 sollicitudinem
1795 546 1867 569 esse;

1056 580 1057 594 1
1079 574 1125 599 scd
1142 575 1164 599 si
1183 574 1275 603 fuerit,
1293 583 1341 600 nec
1356 575 1458 603 animo,
1477 583 1524 600 nec
1540 574 1741 600 benevolentiae
1758 583 1806 601 nec
1822 583 1869 609 pa-

1080 612 1186 637 tientiae
1197 611 1358 645 cuiusquam
1371 620 1418 646 pro
1431 611 1506 637 vobis
1517 611 1620 637 cedam.
1652 612 1688 637 Do
1698 611 1809 646 quidem
1820 620 1870 647 ego

1078 657 1195 683 operam,
1206 653 1234 674 ut
1245 649 1324 674 etiam
1333 649 1463 683 Lepidum
1475 648 1507 674 ad
1521 649 1601 675 liuius
1613 649 1650 674 rei
1662 649 1815 675 societatem
1829 649 1870 675 in-

1078 687 1171 715 citem,
1189 686 1333 720 omniaque
1344 687 1369 711 ei
1380 686 1509 720 olm-quia
1522 686 1661 720 polliceor.
1675 687 1698 712 si
1711 686 1788 712 modo
1800 695 1869 712 rem-

1079 723 1214 757 publicam
1237 724 1368 756 rcspicere
1391 723 1470 749 volet.
1511 723 1572 749 Utor
1591 724 1616 749 in
1634 723 1682 748 bac
1698 732 1725 749 re
1740 723 1870 749 adiutori—

1055 771 1057 783 1
1078 761 1129 786 bus
1143 760 1387 795 interpretibusque
1399 760 1476 786 fratre
1492 770 1562 790 meo,
1580 765 1605 786 et
1617 760 1757 786 Laterense
1767 766 1792 786 et
1803 761 1870 786 Fur-

1079 798 1122 823 nio
1134 802 1231 823 nostro.
1274 798 1328 823 Non
1347 806 1388 822 me
1405 798 1551 832 impedient
1566 798 1684 832 privatae
1698 797 1867 827 offensiones,
1934 796 1938 817 l

1054 844 1055 850 ¹
1077 843 1130 869 quo
1143 835 1232 860 minus
1244 843 1290 869 pro
1302 835 1466 869 reipublicae
1477 835 1562 860 salute
1573 835 1652 860 etiam
1663 843 1724 860 cum
1738 835 1870 861 inimicis-

1077 881 1145 897 snno
1156 872 1331 898 consentiam.
1371 872 1446 904 Quod
1459 873 1480 898 si
1494 872 1560 898 nihil
1573 871 1716 906 profecero,
1730 871 1869 898 nihilomi-

1077 918 1127 935 nus
1145 910 1262 935 maximo
1277 917 1337 935 sum
1353 910 1442 935 animo
1457 915 1482 935 et
1498 910 1595 935 maiore
1612 909 1721 935 fortasse
1735 918 1796 935 cum
1810 917 1867 935 mea

1075 945 1159 981 gloria
1174 946 1249 973 vobis
1261 945 1433 972 satisfaciam.
1475 947 1525 972 Fac
1541 946 1643 977 valeas,
1661 955 1758 981 meque
1775 951 1869 972 mutuo

1076 983 1183 1019 diligas.

1128 1078 1171 1098 xil
1196 1078 1272 1098 ΛΚΕ.
1289 1078 1369 1097 (ὶι-ιιιι
1384 1077 1470 1097 nen-tui
1486 1076 1563 1097 Phoci
1577 1076 1664 1098 tinen·
1679 1077 1758 1101 fuine.
1778 1082 1798 1098 et
1814 1084 1870 1104 quae

1075 1113 1124 1133 eiu·
1139 1112 1211 1137 gutia
1221 1112 1244 1132 in
1255 1116 1332 1132 sen-tu
1343 1117 1391 1132 net·
1401 1112 1455 1135 nint.
1467 1112 1578 1136 signifieat
1587 1117 1608 1132 et
1618 1112 1644 1132 nd
1655 1112 1789 1133 liberandam
1800 1119 1866 1139 remp.

1076 1148 1182 1168 hortatur.
1211 1150 1298 1171 (Roman,
1308 1149 1374 1169 Paua.
1385 1149 1447 1167 {tirno
1456 1156 1503 1166 con.
1515 1151 1569 1170 111.)

1256 1200 1445 1228 CICERO
1484 1200 1693 1227 PLANCO.

1134 1253 1156 1277 t.
1179 1247 1240 1277 Etsi
1261 1249 1425 1285 reipublicae
1445 1258 1540 1276 caussa
1556 1250 1672 1277 maxime
1687 1249 1805 1286 gaudere
1820 1249 1868 1277 de-

1076 1288 1135 1319 beo,
1153 1293 1256 1315 tantum
1271 1288 1296 1314 ei
1313 1293 1336 1314 te
1352 1287 1490 1322 praesidii,
1505 1292 1606 1314 tautum
1617 1288 1676 1322 opis
1687 1287 1809 1314 attulisse
1820 1296 1868 1314 ex-

1077 1326 1168 1352 tremis
1180 1333 1263 1360 paene
1275 1325 1455 1360 temporibus:
1479 1330 1565 1351 tamen
1578 1326 1613 1351 ita
1625 1329 1649 1351 tc
1661 1326 1868 1351 victoremcom-

1076 1363 1186 1398 plectar,
1214 1362 1352 1397 republica
1377 1367 1540 1397 recuperata,
1569 1367 1599 1388 ut
1619 1371 1744 1398 magnam
1765 1367 1867 1397 partem

1076 1443 1101 1464 et
1117 1437 1233 1464 futuram
1249 1436 1445 1472 amplissimam
1461 1436 1591 1472 intelligo.
1613 1436 1683 1463 Cave
1694 1437 1766 1463 enim
1777 1441 1864 1471 putes,

1077 1474 1146 1501 ullas
1161 1483 1291 1509 umquam
1309 1474 1408 1500 litteras
1423 1475 1562 1510 gratiores,
1575 1482 1656 1509 quam
1669 1479 1736 1501 tuas.
1751 1474 1777 1500 in
1789 1482 1866 1500 sena-

1077 1517 1104 1538 tu
1115 1520 1173 1538 esse
1185 1512 1316 1538 recitatas
1339 1511 1422 1546 quue
1433 1512 1544 1547 contigit
1554 1520 1639 1546 quum
1646 1512 1800 1537 meritorum
1808 1515 1867 1538 tuo—

1075 1623 1185 1658 quidem
1202 1624 1312 1649 minime
1328 1631 1438 1653 novum.
1455 1624 1502 1658 qui
1517 1627 1543 1649 et
1558 1628 1582 1649 te
1598 1631 1704 1650 nossem
1719 1627 1745 1649 et
1759 1627 1866 1649 tuarum

1076 1660 1222 1686 litterarum
1239 1660 1273 1686 ad
1288 1668 1330 1686 me
1346 1660 1490 1686 missarum
1501 1660 1633 1694 promissa
1644 1660 1829 1686 meminissem
1840 1664 1867 1686 et

1075 1697 1202 1724 haberem
1218 1706 1232 1723 a
1249 1697 1348 1723 Furnio
1364 1702 1453 1723 nostro
1468 1702 1512 1723 tua
1527 1698 1635 1731 penitus
1649 1696 1761 1723 consilia
1772 1697 1866 1732 cogni-

1074 1740 1109 1761 ta.
1136 1734 1188 1761 Sed
1205 1735 1310 1761 senatui
1327 1735 1425 1760 maiora
1437 1734 1495 1760 visa
1506 1738 1577 1764 sunt,
1591 1742 1673 1768 quam
1684 1738 1759 1760 erant
1768 1742 1866 1768 exspe-

1073 1777 1154 1799 ctata:
1177 1780 1229 1798 non
1245 1780 1298 1806 quo
1314 1779 1442 1806 umquam
1453 1770 1486 1797 de
1497 1776 1542 1797 tua
1554 1770 1689 1797 voluntate
1699 1770 1862 1797 dubitasset:

1073 1809 1120 1836 sed
1137 1817 1193 1840 nec,
1211 1814 1342 1844 quantum
1354 1808 1439 1835 facere
1451 1817 1552 1843 posses,
1570 1816 1627 1839 nec.
1640 1807 1730 1843 quoad
1740 1807 1865 1843 progredi

1074 1846 1167 1876 velles,
1180 1846 1347 1881 exploratum
1358 1847 1423 1872 satis
1430 1845 1554 1872 hahebat.
1576 1847 1601 1871 2.
1614 1845 1862 1880 ltaquequuma.d.

1074 1892 1120 1910 vn.
1146 1883 1209 1910 idus
1224 1883 1330 1918 Apriles
1347 1891 1424 1909 mane
1440 1882 1508 1909 mihi
1523 1887 1582 1908 tuas
1594 1881 1694 1908 litteras
1705 1883 1741 1908 M.
1762 1881 1865 1908 Varisi-

1073 1967 1134 1984 sum
1149 1957 1249 1984 elatus:
1276 1966 1416 1993 quumque
1431 1965 1527 1993 magna
1543 1956 1688 1983 multitudo
1701 1957 1864 1991 optimorum

1073 1996 1192 2022 virorum
1209 2000 1234 2021 et
1248 1996 1350 2021 civium
1366 2003 1408 2021 me
1419 1994 1498 2021 domo
1508 1993 1660 2025 deduceret,
1674 1993 1726 2020 feci
1737 1994 1864 2020 continuo

1072 2112 1144 2133 tuas:
1177 2106 1312 2133 nihildum
1332 2107 1404 2133 enim
1419 2106 1530 2132 sciebat.
1556 2106 1623 2132 Nam
1638 2105 1671 2131 ad
1687 2113 1729 2131 me
1743 2105 1863 2140 primum

1072 2181 1164 2208 Paullo
1179 2186 1239 2216 post
1255 2181 1325 2207 idem
1341 2181 1409 2207 mihi
1420 2181 1556 2207 Munatius
1567 2188 1611 2206 eas
1623 2179 1723 2206 litteras
1734 2178 1862 2215 legendas

1071 2219 1153 2249 dedit,
1167 2227 1234 2253 quas
1246 2219 1298 2253 ipsi
1310 2219 1430 2248 miseras,
1443 2222 1467 2244 et
1478 2226 1532 2248 eas,
1545 2225 1613 2252 quas
1623 2215 1742 2251 publice.
1764 2218 1789 2242 3.
1801 2215 1862 2242 Pla-

1069 2368 1198 2394 continuo
1221 2371 1382 2393 convocatus
1408 2366 1588 2401 frequensque
1607 2365 1733 2391 convenit
1751 2369 1860 2399 propter

1069 2403 1168 2430 famam
1183 2409 1263 2439 atque
1273 2404 1500 2438 exspectationem
1511 2407 1617 2429 tuarum
1629 2401 1786 2428 litterarum.
1807 2401 1860 2428 Re-

1068 2442 1156 2468 citatis
1171 2441 1276 2472 litteris,
1292 2441 1381 2468 oblata
1395 2440 1490 2475 religio
1504 2439 1620 2466 Cornuto
1630 2444 1670 2465 est
1680 2438 1859 2473 pullariorum

1068 2478 1216 2510 admonitu,
1234 2487 1287 2505 non
1301 2478 1367 2504 satis
1382 2477 1526 2513 diligenter
1535 2484 1598 2502 eum
1609 2476 1739 2510 auspiciis
1749 2483 1858 2510 operam

1067 2516 1188 2542 dedisse:
1220 2516 1302 2550 idque
1323 2523 1337 2541 a
1352 2519 1441 2542 nostro
1455 2513 1568 2548 collegio
1587 2512 1790 2547 comprobatum
1805 2517 1856 2539 est.

1066 2598 1119 2626 gna
1139 2590 1208 2616 mihi
1226 2598 1275 2624 pro
1295 2594 1340 2615 tua
1356 2589 1485 2624 dignitate
1500 2587 1633 2614 contentio
1647 2595 1710 2613 cum
1724 2586 1854 2613 Servilio:
