1941 3052
242 136 290 160 6ίῦ
813 134 854 157 68.

243 204 314 231 Bruti
327 203 400 229 salus
411 212 468 229 cora
480 203 526 232 nit,
542 203 588 237 qui
602 206 712 236 possunt
723 202 807 227 Cassii
821 210 915 227 nomen
927 201 1034 227 ulisse?
1060 203 1062 232 ζ

242 242 280 268 An
293 250 393 270 eorum,
408 241 453 275 qui
469 240 587 274 utrisque
599 240 679 265 armis
692 238 801 264 vacant‘!
819 239 875 264 Non
890 247 987 269 vereor,
1001 247 1033 265 nc

241 279 352 305 acerbus
363 279 429 303 civia
441 278 584 311 ‹piisqunm
597 277 706 302 istorum
720 276 766 306 sit,
780 276 825 310 qui
837 276 890 301 otio
900 275 1034 302 delectan-
1060 302 1062 312 k

242 321 293 342 tur.
316 316 403 341 Tertio
415 323 475 340 voro
485 314 574 348 geum-i
588 322 638 339 non
651 313 765 339 militum
779 316 971 343 veteranorum.
985 313 1032 339 sed

240 352 529 387 importunissimorum
547 350 677 380 bostium,
701 350 781 384 cupio
795 358 876 384 quam
892 351 1033 376 acerbissi-

242 399 314 416 muni
331 389 447 414 dolorem
465 389 578 414 inurcrc.
618 388 798 422 Quamquam.
817 392 903 422 patres
917 388 1033 414 conscri-

241 427 292 461 pti,
310 433 451 460 quousque
465 424 586 450 dicemus
601 425 744 450 sententias
761 428 943 451 veteranorum
963 425 1034 451 arbi-

241 463 327 490 tratu‘?
346 462 421 494 Quod
437 470 528 488 eorum
549 465 649 488 tanturn
666 461 802 488 fastidium
814 466 865 492 est.
883 470 951 497 quac
963 466 1032 488 tanta

240 500 400 533 arrogantia,
421 504 448 525 ut
457 499 490 525 ad
501 499 640 525 arbitrium
653 499 759 525 illorum
772 500 942 533 imperatores
953 500 1032 526 etiam
1054 515 1055 537 ζ

239 536 408 573 deligamus?
446 538 486 563 39.
508 537 564 572 Ego
575 541 661 562 autem
673 536 826 571 (dicendum
839 541 878 563 cst
892 537 973 566 enirn,
988 545 1033 571 pa·
1054 542 1055 549 ¹

240 579 292 601 tres
308 574 464 608 conscripti,
487 573 558 608 quod
575 574 680 608 sentio.)
701 582 751 600 non
768 578 820 600 tam
840 578 977 600 veteranos
992 575 1034 600 in·
1060 578 1062 614 j

239 611 352 638 tuendos
364 611 440 637 nobis
451 611 571 642 arbitror,
585 619 665 646 quam
677 611 742 646 quid
755 612 853 637 tirones
865 611 972 642 milites,
986 610 1032 638 llos
1060 619 1061 633 ¹

240 649 342 680 Italiac,
360 648 426 684 quid
442 657 524 676 novae
541 648 672 685 legiones,
693 648 727 675 ad
743 648 906 676 liberandam
920 649 1032 685 patriam
1060 635 1062 673 ,Ι

955 766 1068 779 r——zae‘ae

890 132 924 157 M.
958 131 988 157 T.
1023 132 1295 159 CICERONIS

1085 203 1280 236 paratissimae,
1301 203 1367 237 quid
1388 208 1482 230 cuncta
1503 204 1574 231 Italia
1595 205 1628 232 de
1645 211 1730 231 vestra
1746 207 1874 239 gravitate

1084 241 1189 265 sentiat.
1231 240 1302 266 Nihil
1314 241 1385 266 enim
1397 249 1502 276 semper
1513 241 1598 268 floret:
1621 248 1690 269 aetas
1702 239 1820 270 suci-edit
1831 252 1876 270 ae-

1085 277 1143 302 tati:
1165 276 1212 302 diu
1235 276 1351 312 legiones
1372 278 1490 304 Caesaris
1511 280 1666 314 viguerunt:
1694 289 1764 306 uum·
1786 283 1875 312 vigent

1085 314 1192 343 Pansae,
1207 314 1297 349 vigent
1308 315 1392 345 IIirtii,
1407 316 1620 350 vigemssamris
1632 318 1688 346 tilii.
1702 318 1876 350 viuentl'lon·

1084 352 1120 376 ci:
1136 351 1245 377 vincunt
1256 360 1375 382 numero,
1386 353 1495 379 vincunt
1505 354 1649 380 aetatibus:
1663 356 1789 381 nimirum
1796 356 1875 382 etiam

1084 389 1235 414 auctoritate
1248 389 1366 415 vincunt.
1407 390 1434 416 ld
1446 391 1516 416 enim
1529 391 1629 416 bellum
1641 398 1745 425 gerunt.
1758 392 1830 427 quod
1842 393 1876 418 ab

1083 426 1209 451 omnibus
1219 426 1345 459 gentibus
1355 427 1550 461 comprobatur.
1591 429 1680 463 ltaque
1692 429 1733 455 hiis
1745 430 1874 463 promissa

1084 464 1287 497 suntpraemia:
1306 463 1359 489 illis
1371 464 1513 498 persoluta.
1554 465 1686 491 Fruamur
1698 466 1739 492 his
1751 467 1799 493 illi.
1817 476 1876 501 pcr-

1084 500 1221 526 solvantur
1233 500 1287 530 his,
1305 509 1373 535 quae
1384 501 1587 536 spopondimus.
1629 503 1656 528 Id
1666 503 1737 529 enim
1749 503 1813 530 deos
1825 505 1875 530 im-

1085 537 1207 563 mortales
1218 545 1296 571 spero
1306 539 1501 573 aequissimum
1513 539 1638 565 iudicare.

1140 575 1180 601 40.
1202 573 1274 606 Quae
1284 583 1369 610 quum
1382 576 1416 601 ita
1427 576 1492 606 sint,
1508 585 1565 602 eam
1575 597 1580 605 ,
1592 585 1673 611 quam
1685 576 1755 607 dixi.
1769 583 1875 604 senten-

1085 612 1147 638 tiam
1172 612 1256 643 vobis,
1270 617 1357 647 patres
1370 614 1522 648 conscripti,
1534 622 1630 641 censeo
1640 614 1872 650 comprobandam.

1070 767 1136 779 ou—
1149 772 1171 774 ψ

1035 984 1080 1009 68.

779 1047 812 1075 Μ.

843 1047 1010 1076 TULLII
1044 1048 1065 1075 (ἶ

1083 1047 1336 1076 ICERONIS

1036 1123 1079 1144 IN

530 1183 585 1231 Μ.
708 1183 746 1231 Α
826 1182 864 1231 N

951 1184 990 1232 T
1071 1184 1105 1232 O

1189 1182 1579 1232 NIUM

703 1275 1027 1314 PHILIPPICA
1066 1276 1407 1314 DL'ODECIMA.

289 1433 366 1454 ΛΚΕ.
385 1434 460 1454 Pansa
474 1433 566 1454 consule
578 1433 605 1454 de
619 1433 699 1459 legatis
713 1433 793 1454 iterum
808 1434 834 1454 ad
845 1433 965 1454 Antonium
980 1433 1029 1454 mit-

236 1468 309 1489 tendis
324 1469 444 1493 referente,
461 1469 562 1493 fuerunt,
578 1468 616 1495 qui
627 1470 652 1490 P.
664 1469 783 1490 Sennium
795 1473 816 1489 et
827 1469 954 1490 Ciceronem
971 1469 1030 1490 mitti

235 1502 325 1523 vellent.
350 1504 405 1523 Post
419 1503 459 1523 hos
475 1503 606 1524 sententiam
621 1508 711 1529 rogatus
726 1504 775 1531 ipse
789 1504 882 1529 Cicero,
897 1504 1030 1529 leg-tionem

235 1545 278 1558 uun
294 1539 356 1558 modo
371 1545 554 1566 supervacaneam
569 1542 591 1559 et
604 1539 719 1563 inutilem,
735 1540 774 1559 sed
784 1539 850 1560 etiam
861 1543 944 1566 turpem
956 1539 1030 1567 pemi-

235 1573 361 1599 ciosemque
371 1573 419 1594 fore
429 1574 535 1594 ostendit.
564 1574 627 1598 Quod
639 1574 657 1594 si
668 1574 768 1595 habenda
776 1574 838 1601 pacis
848 1575 905 1595 ratio
916 1575 954 1599 nit,
963 1582 987 1595 se
997 1579 1030 1595 t·-

234 1614 282 1629 men
293 1608 421 1629 mittendum
433 1615 482 1629 esse
490 1612 563 1634 negat,
574 1609 612 1635 qui
623 1613 644 1629 et
655 1609 787 1634 legationem
797 1609 1029 1637 semper-dissuaserit,

234 1645 257 1663 et
271 1643 320 1664 sine
332 1643 392 1664 vitae
402 1643 501 1671 periculo
512 1643 572 1664 mitti
581 1648 686 1671 nequeat,
702 1644 839 1672 reipublicae
848 1651 900 1665 vero
910 1644 1028 1671 plurimum

233 1677 277 1699 iam
287 1679 393 1705 prodesse
403 1678 482 1706 possit.

288 1731 309 1758 Ι.
333 1733 356 1757 I.
378 1728 440 1758 Etsi
454 1732 565 1758 minime
576 1732 669 1759 decere
680 1732 798 1763 videtur,
812 1737 900 1767 patres
910 1734 1029 1760 conscri-

232 1768 281 1804 pti,
290 1767 355 1799 falli,
364 1769 460 1804 decipi,
473 1778 559 1796 errare
570 1778 642 1800 eum,
654 1771 698 1796 cui
709 1778 757 1797 vos
769 1771 894 1796 maximis
905 1778 984 1805 saepe
995 1770 1028 1797 de

233 1805 314 1832 rebus
326 1807 524 1833 assentiamini:
541 1807 663 1833 consolor
674 1815 716 1833 me
728 1812 828 1838 tamen,
842 1808 968 1842 quoniam
981 1816 1028 1834 vo-

233 1842 338 1870 biscum
353 1844 451 1878 pariter
464 1848 489 1870 et
504 1852 556 1870 una
571 1853 633 1870 cum
649 1845 848 1879 sapientissimo
862 1844 971 1871 consule
987 1853 1029 1871 er-

233 1881 300 1906 ravi.
328 1881 395 1907 Nam
405 1890 490 1916 quum
502 1881 556 1908 duo
566 1881 720 1908 consulares
731 1890 806 1916 spem
819 1882 944 1908 honestae
955 1883 1028 1916 pacis

233 1917 309 1944 nobis
325 1918 488 1945 attulissent:
511 1918 583 1954 quod
602 1923 676 1945 erant
697 1918 840 1945 familiares
856 1919 891 1945 M.
908 1920 1026 1950 Antonii,
1049 1927 1051 1947 t

231 1955 304 1989 quod
316 1954 463 1986 domestici,
473 1964 550 1982 nosse
561 1955 669 1991 aliquod
680 1957 738 1982 eius
751 1956 938 1991 vulnus,quod
951 1957 1027 1983 nobis

232 1992 354 2028 ignotum
365 1998 442 2023 esset,
452 1992 624 2019 videbantur:
637 1993 708 2028 apud
719 1993 833 2020 alterum
844 2002 920 2024 uxor.
935 1994 1024 2020 liberi:

232 2029 310 2060 alter,
323 2030 442 2065 quotidie
455 2030 553 2056 litteras
565 2031 677 2061 mittere,
691 2031 821 2065 accipere,
839 2036 927 2065 aperte
940 2031 1026 2057 favere

231 2066 354 2093 Antonio.
390 2069 415 2094 2.
430 2068 463 2094 Hi
472 2067 562 2094 subito
573 2067 671 2094 hortari
682 2067 715 2094 ad
727 2076 828 2103 pacem,
841 2068 913 2103 quod
924 2069 1026 2095 iamdiu

232 2112 283 2130 uon
295 2103 433 2135 fecissent,
452 2113 503 2131 non
519 2106 577 2131 sine
592 2113 686 2131 caussa
698 2105 868 2132 videbantur.
907 2106 1027 2132 Accessit

231 2141 324 2168 consul
335 2141 460 2169 hortator.
491 2142 524 2169 At
537 2143 584 2177 qui
595 2142 708 2169 consul‘?
723 2142 750 2169 Si
763 2143 932 2177 prudentiam
943 2151 1026 2178 quae-

230 2178 325 2210 rimus,
337 2180 384 2214 qui
396 2180 506 2206 minime
519 2179 576 2206 salli
590 2184 692 2214 posset:
714 2180 738 2206 si
750 2181 888 2211 virtutem,
905 2181 953 2215 qui
964 2180 1026 2207 nul-

231 2215 283 2242 lam
295 2224 386 2251 pacem
399 2217 528 2252 probaret,
543 2217 595 2243 nisi
606 2217 720 2244 Antonio
729 2217 839 2244 cedente
849 2222 928 2252 atque
939 2219 1023 2244 victo:

230 2253 253 2279 si
265 2254 478 2289 magnitudinem
489 2255 584 2285 animi,
602 2255 649 2289 qui
663 2254 806 2289 praeferret
817 2260 928 2281 mortem
940 2256 1026 2281 servi-

231 2290 290 2317 tuti.
312 2291 364 2317 Vos
376 2296 474 2323 autem,
487 2297 575 2326 patres
586 2292 742 2326 conscripti,
756 2301 807 2318 non
819 2296 871 2318 tam
884 2293 1025 2319 immemo-

231 2336 272 2353 res
284 2333 432 2355 vestrorum
443 2330 665 2364 gravissimorum
676 2329 841 2356 decretorum
848 2329 1022 2361 videbamini,

229 2372 320 2399 quam,
333 2374 381 2400 spe
392 2366 469 2392 allata
480 2366 633 2398 deditionis,
646 2375 727 2401 quam
739 2367 817 2392 amici
829 2375 920 2401 pacem
932 2366 1025 2402 appel-

231 2400 322 2433 larent,
338 2403 371 2429 de
381 2403 565 2438 imponendis,
584 2412 635 2430 non
646 2404 679 2430 de
690 2403 852 2438 accipiendis
865 2404 969 2439 legibus
979 2413 1024 2431 co-

229 2439 322 2472 gitare.
362 2440 479 2467 Auxerat
499 2445 586 2467 autem
603 2449 689 2467 meam
703 2441 813 2475 quidem
833 2449 923 2475 spem,
945 2441 1024 2467 credo

232 2475 294 2501 item
307 2481 435 2509 vestram,
452 2478 524 2513 quod
535 2478 645 2504 domum
659 2478 767 2504 Antonii
778 2477 901 2504 afflictam
915 2479 1024 2505 maesti-

232 2512 266 2537 tia
278 2513 432 2545 audiebam,
451 2515 587 2541 Iamentari
603 2523 727 2541 uxorem:
750 2514 793 2540 hic
812 2516 892 2541 etiam
908 2515 1023 2542 fautores

231 2548 346 2579 Antonii,
359 2558 473 2584 quorum
484 2553 512 2578 in
523 2552 601 2578 vultu
612 2552 732 2578 habitant
741 2551 812 2578 oculi
824 2553 885 2582 mei,
893 2552 1023 2579 tristiores

231 2584 364 2612 videbam.
405 2589 429 2613 3.
450 2587 526 2620 Quod
540 2590 563 2615 si
579 2598 632 2616 non
646 2590 682 2616 ita
696 2593 748 2619 est,
771 2597 818 2614 cur
833 2597 847 2615 a
857 2589 953 2616 Pisone
968 2594 994 2615 et
1008 2597 1022 2615 a

231 2621 327 2648 Caleno
338 2623 520 2657 potissimum,
533 2632 581 2652 cur
591 2626 641 2653 hoc
652 2631 783 2661 tempore.
799 2634 848 2652 cur
858 2630 911 2652 tam
922 2627 1023 2661 impro-

232 2660 301 2690 viso,
318 2668 366 2686 cur
380 2665 434 2687 tam
449 2667 556 2696 repente
571 2664 643 2697 pacis
658 2668 699 2690 est
714 2662 781 2689 facta
802 2662 920 2689 mentio?
939 2664 1023 2699 Negat

1083 1436 1143 1462 Piso
1153 1436 1222 1462 scire
1232 1444 1270 1466 se,
1284 1440 1361 1471 negat
1372 1435 1480 1462 audisse
1489 1434 1653 1471 quidquam:
1666 1435 1870 1470 negatCalenus

1082 1482 1136 1499 rem
1153 1472 1236 1500 ullam
1253 1482 1348 1500 novam
1364 1472 1468 1499 allatam
1489 1480 1558 1499 esse.
1598 1473 1685 1507 Atque
1699 1472 1727 1498 id
1742 1481 1812 1499 nunc
1828 1480 1875 1499 ne-

1082 1515 1158 1546 gant,
1177 1515 1349 1545 posteaquam
1366 1518 1413 1536 nos
1428 1510 1602 1545 pacificatoria
1614 1509 1875 1545 legationeimplica-

1083 1553 1122 1574 tos
1134 1553 1236 1582 putant.
1277 1547 1347 1580 Quid
1357 1555 1420 1583 ergo
1430 1556 1498 1582 opus
1509 1552 1550 1573 est
1562 1555 1630 1573 novo
1639 1546 1759 1575 consilio,
1772 1548 1795 1573 si
1807 1547 1834 1573 in
1846 1555 1874 1573 re

1082 1585 1269 1611 nihilomnino
1280 1585 1342 1611 novi
1353 1584 1411 1610 est‘?
1449 1585 1480 1611 11.
1497 1585 1612 1619 Decepti,
1625 1584 1737 1619 decepti,
1751 1585 1871 1618 inquam.

1081 1631 1192 1653 sumus,
1209 1627 1297 1657 patres
1312 1622 1467 1656 conscripti:
1490 1622 1595 1648 Antonii
1611 1626 1651 1647 est
1664 1626 1720 1647 acta
1735 1629 1830 1647 caussa
1839 1622 1873 1647 ab

1081 1660 1174 1686 amicis
1190 1660 1262 1690 eius,
1279 1667 1332 1685 non
1348 1658 1464 1694 publica.
1504 1657 1581 1690 Quod
1596 1658 1719 1684 videbam
1731 1657 1870 1693 equidem:

1081 1696 1127 1723 sed
1139 1697 1216 1731 quasi
1228 1704 1276 1731 per
1285 1695 1427 1731 caliginem
1439 1696 1643 1730 praestrinxerat
1653 1696 1736 1721 aciem
1747 1696 1830 1721 animi
1841 1696 1871 1721 D.

1080 1734 1153 1760 Bruti
1165 1733 1248 1760 salus.
1288 1733 1364 1765 Quod
1375 1734 1399 1759 si
1414 1733 1440 1759 in
1453 1732 1522 1759 bello
1533 1732 1590 1759 dari
1602 1733 1693 1758 vicarii
1704 1732 1827 1763 solerent,
1841 1732 1874 1759 Ii—

1081 1771 1173 1797 benter
1188 1779 1242 1801 me,
1260 1775 1290 1797 ut
1304 1771 1333 1797 D.
1349 1771 1447 1796 Brutus
1462 1770 1638 1799 emitteretur,
1656 1777 1703 1804 pro
1715 1769 1760 1795 illo
1770 1769 1872 1796 includi

1080 1813 1192 1843 paterer.
1234 1809 1257 1834 4.
1279 1808 1366 1843 Atque
1378 1807 1425 1833 hac
1437 1815 1500 1833 voce
1510 1806 1542 1839 Q.
1555 1807 1622 1833 Fufii
1634 1807 1704 1841 capti
1715 1815 1824 1859 sumusg
1843 1816 1873 1832 ne

1049 1845 1051 1851 ⁴
1079 1848 1103 1872 si
1112 1855 1129 1872 a
1139 1846 1242 1872 Mutina
1252 1847 1353 1879 quidem
1364 1847 1507 1874 recesserit,
1525 1846 1658 1870 audiemus
1667 1846 1814 1870 Antonium:
1842 1853 1872 1870 ne

1079 1885 1103 1909 sa*
1112 1886 1139 1909 in
1149 1887 1252 1909 senatus
1262 1885 1363 1916 quidem
1371 1886 1518 1915 potestatem
1530 1884 1646 1914 [uturum
1655 1889 1681 1907 se
1691 1880 1808 1907 dia-erit?
1819 1881 1872 1907 Du-

1080 1929 1140 1946 rum
1152 1920 1305 1946 videbatur:
1324 1920 1412 1954 itaque
1427 1918 1501 1945 fracti
1512 1927 1622 1944 sumus:
1639 1919 1781 1944 cessimus.
1820 1918 1872 1945 Re-

1079 1957 1148 1984 cedit
1158 1958 1240 1993 igitur
1250 1966 1264 1983 a
1276 1956 1395 1983 Mutina?
1415 1957 1513 1983 Nescio.
1552 1955 1629 1982 Paret
1638 1954 1761 1982 senatui?
1782 1955 1870 1983 Credo.

1079 1995 1168 2030 inquit
1186 1994 1313 2021 Calenus:
1335 1996 1378 2020 sed
1393 1996 1443 2023 ita,
1458 1998 1487 2019 ut
1502 1995 1751 2026 teneatdiqniunem.
1790 1992 1872 2019 Valde

1079 2031 1187 2058 hercule
1202 2032 1278 2058 vobis
1294 2030 1468 2058 laborandum
1483 2034 1536 2061 est,
1559 2034 1646 2064 patres
1663 2030 1820 2064 conscripti,
1842 2034 1872 2056 ut
1914 2050 1918 2058 ,.

1078 2074 1194 2096 vestram
1209 2069 1366 2105 dignitatem
1376 2068 1516 2098 amittatis,
1533 2075 1603 2102 quae
1614 2067 1730 2093 maxima
1740 2071 1794 2097 ost,
1816 2067 1872 2093 Au-

1078 2107 1152 2137 tonii,
1159 2115 1228 2142 quae
1238 2114 1326 2141 neque
1336 2110 1377 2132 est
1387 2105 1441 2131 ulla
1452 2112 1539 2140 neque
1549 2113 1608 2130 esse
1617 2108 1711 2139 potest,
1719 2104 1868 2130 retineatis:

1078 2148 1107 2170 ut
1122 2153 1179 2170 eam
1195 2152 1242 2179 per
1258 2152 1304 2170 vos
1319 2146 1470 2177 recuperet,
1486 2150 1568 2177 quam
1579 2149 1628 2176 per
1637 2149 1666 2167 se
1676 2140 1801 2175 perdidit.
1841 2140 1869 2167 Si

1077 2182 1166 2208 iacens
1186 2181 1326 2207 vobiscum
1346 2179 1450 2215 aliquid
1469 2184 1570 2215 ageret,
1603 2177 1723 2204 audirem
1744 2177 1868 2204 fortasse:

1076 2227 1241 2253 quamquam
1251 2217 1309 2253 (sed
1320 2217 1370 2244 hoc
1381 2216 1450 2243 malo
1461 2215 1557 2251 dicere)
1567 2215 1699 2242 audirem.
1732 2214 1817 2241 Stanti
1829 2223 1871 2241 re-

1076 2256 1227 2282 sistendum
1242 2259 1294 2286 est,
1312 2259 1358 2281 aut
1371 2253 1539 2280 concedenda
1553 2261 1607 2279 una
1621 2257 1683 2279 eum
1697 2251 1826 2287 dignitate
1837 2251 1870 2279 li-

1076 2293 1173 2319 bertas.
1213 2293 1238 2319 5.
1260 2292 1294 2319 At
1308 2301 1361 2318 non
1376 2296 1417 2317 est
1431 2291 1575 2326 integrum.
1614 2289 1762 2316 Constituta
1774 2288 1870 2325 legatio

1075 2334 1126 2356 est.
1165 2329 1236 2362 Quid
1249 2334 1337 2356 autem
1351 2329 1485 2364 integrum
1496 2336 1549 2354 non
1558 2331 1599 2353 est
1609 2326 1731 2361 sapienti,
1744 2326 1817 2361 quod
1827 2334 1870 2353 r&

1075 2367 1151 2393 stitui
1169 2366 1274 2402 potest?
1293 2366 1420 2393 Cuiusvis
1434 2365 1552 2392 hominis
1568 2367 1610 2390 est
1628 2371 1727 2389 errare:
1753 2363 1866 2395 nullius,

1075 2405 1128 2430 nisi
1148 2404 1316 2439 insipientis,
1336 2404 1365 2430 in
1385 2411 1472 2429 errore
1490 2408 1668 2437 perseverare.
1708 2400 1868 2427 Posteriores

1075 2442 1147 2468 enim
1162 2441 1334 2477 cogitationes
1349 2440 1389 2475 (ut
1403 2439 1488 2474 aiunt)
1507 2438 1680 2473 sapientiores
1695 2436 1782 2464 solent
1795 2445 1866 2464 esse.

1074 2479 1201 2505 Discussa
1216 2482 1256 2504 est
1270 2477 1317 2504 illa
1330 2476 1428 2513 caligo,
1445 2484 1525 2511 quam
1537 2474 1628 2509 paullo
1637 2479 1697 2500 ante
1707 2474 1778 2500 dixi:
1795 2473 1868 2501 dilu-

1075 2517 1126 2547 xit,
1144 2520 1227 2550 patet,
1241 2515 1366 2541 videmus
1377 2514 1478 2544 omnia,
1491 2520 1578 2546 neque
1589 2520 1636 2546 per
1646 2520 1694 2538 nos
1704 2511 1806 2542 solum,
1818 2511 1866 2538 sed

1074 2553 1250 2579 admonemur
1259 2561 1274 2578 a
1285 2552 1392 2578 nostris.
1431 2549 1588 2576 Attendistis
1600 2548 1690 2583 paullo
1698 2552 1772 2579 ante,
1789 2557 1866 2583 prae-

1074 2590 1233 2616 stantissimi
1248 2590 1298 2615 viri
1313 2597 1383 2624 quae
1396 2592 1467 2614 osset
1476 2587 1568 2613 oratio.
1607 2586 1748 2616 Maestam,
1765 2586 1863 2620 inquit.

1073 2626 1184 2653 domum
1203 2626 1313 2657 offendi,
1335 2625 1488 2660 coniugem,
1511 2623 1619 2650 liberos.
1658 2622 1866 2649 Admirabantur

1073 2663 1136 2690 boni
1152 2663 1216 2694 viri,
1238 2663 1397 2690 accusabant
1410 2662 1502 2692 amici,
1519 2659 1592 2696 quod
1606 2668 1654 2695 spe
1666 2660 1739 2694 pacis
1755 2659 1866 2698 legatio-
