1941 3052
370 122 740 149 ACADEMICORUM
770 121 975 148 PRIORUM
1005 121 1086 148 LIB.

78 204 108 222 ea
124 203 186 229 pars
200 192 365 220 defensionis
376 193 557 228 relinquatur,
571 193 637 229 quid
649 193 871 228 impedietactio-

79 240 140 258 nem
152 232 219 261 eius,
233 231 280 265 qui
292 230 442 265 probabilia
454 232 585 266 sequitur,
600 231 673 257 nulla
685 230 871 265 reimpedien-

79 268 122 295 tc‘?
149 269 205 294 109.
223 268 289 299 Hoc,
307 268 409 302 inquit,
424 269 514 303 ipsum
526 268 664 303 impediet,
677 268 750 303 quod
762 272 868 299 statuet,

80 314 113 332 ne
124 305 152 332 id
163 304 284 340 quidem,
297 305 371 340 quod
382 305 483 339 probet,
496 314 574 340 posse
586 306 700 340 percipi.
736 306 790 332 Iam
802 305 871 331 istuc

79 348 104 370 te
127 351 236 378 quoque
263 342 394 376 impediet
417 343 444 368 in
465 342 626 378 navigando,
653 343 680 369 in
696 342 869 373 conserendo,

79 381 107 406 in
119 388 202 406 uxore
215 379 347 410 ducenda,
362 380 389 406 in
401 379 680 414 liberisprocreandis,
689 380 871 414 plurimisque
893 406 895 413 ,

79 418 107 444 in
121 417 212 447 rebus,
230 418 256 443 in
272 417 374 451 quibus
387 417 455 443 nihil
467 426 590 452 sequere,
602 422 707 452 praeter
720 416 870 452 probabile.

132 455 166 480 Et
180 459 268 481 tamen
285 454 353 480 illud
369 455 497 480 usitatum
514 460 540 481 et
554 463 633 489 saepe
648 455 819 489 repudiatum
830 462 872 480 re-

80 491 146 521 fers,
172 500 224 518 non
240 496 270 518 ut
280 492 431 526 Antipater,
448 491 509 523 sed,
526 497 555 518 ut
567 493 618 522 ais,
633 493 763 526 pressius.
805 492 871 517 Nam

79 529 249 563 Antipatrum
270 529 478 563 reprehensum,
500 529 573 564 quod
593 529 706 560 diceret,
732 532 872 555 consenta-

79 575 161 593 neum
172 575 231 592 esse
242 566 280 597 ei,
293 567 341 600 qui
353 566 509 597 affirmaret,
523 566 592 593 nihil
604 575 682 601 posse
696 566 873 601 comprehen-

79 603 121 634 di,
135 603 163 630 id
175 604 266 638 ipsum
277 603 371 629 saltem
382 603 470 629 dicere
483 612 561 638 posse
572 604 777 638 comprehendi;
800 602 873 638 quod

80 641 134 675 ipsi
145 641 276 667 Antiocho
287 641 388 676 pingue
401 641 551 671 videbatur,
564 645 590 667 et
601 641 653 667 sibi
666 642 756 675 ipsum
768 645 874 667 contra-
894 647 895 651 ¹

80 679 161 704 rium.
188 679 245 704 Non
260 678 332 704 enim
343 683 429 713 potest
440 679 630 704 convenienter
641 678 704 708 dici,
719 678 787 704 nihil
799 686 874 704 com-

80 715 212 750 prehendi
224 724 316 750 posse,
339 717 362 741 si
377 715 526 750 quidquam
538 715 730 750 comprehendi
741 724 820 749 posse
831 715 875 741 di-

79 758 165 779 catur.
206 752 253 779 Illo
265 752 342 779 modo
354 753 443 787 potius
457 757 532 787 putat
546 752 698 788 urgendum
715 752 798 778 fuisse
810 752 874 779 Car-

81 790 207 816 neadem:
230 798 315 824 quum
326 791 456 824 sapientis
468 789 574 816 nullum
585 789 722 816 decretum
737 798 796 816 esse
811 798 874 824 pos-

80 828 124 857 sit,
139 827 431 861 nisicomprehensum,
445 828 770 862 perceptum,cognitum;
788 827 873 854 uthoc

81 866 170 899 ipsum
192 864 338 894 decretum,
361 864 433 898 quod
454 865 583 898 sapientis
604 869 686 894 esset,
710 864 778 890 nihil
794 873 872 899 posse

81 902 197 937 percipi,
216 901 341 927 fateretur
351 909 411 927 esse
423 906 593 936 perceptum:
616 901 728 936 proinde
741 902 820 936 quasi
830 910 874 927 sa-

80 940 158 974 piens
170 938 276 964 nullum
290 938 364 964 aliud
378 938 514 964 decretum
531 938 635 970 habeat,
650 944 675 965 et
685 940 744 965 sine
758 939 874 965 decretis

82 977 163 1002 vitam
182 984 260 1011 agere
276 976 374 1010 possit!
399 977 456 1002 110.
473 976 527 1002 Sed
543 981 572 1002 ut
586 976 631 1002 illa
646 976 727 1003 habet
745 976 875 1011 probabi-

80 1013 128 1044 lia,
142 1022 195 1040 non
209 1017 346 1048 percepta;
364 1013 403 1039 sic
415 1013 463 1039 hoc
475 1014 575 1048 ipsum,
589 1013 657 1040 nihil
669 1022 748 1048 posse
760 1014 873 1048 percipi.

80 1051 147 1077 Nam
163 1051 187 1076 si
203 1051 230 1076 in
243 1050 293 1077 hoc
305 1050 414 1077 haberet
425 1051 586 1086 cognitionis
598 1056 696 1082 notam,
709 1051 803 1078 eadem
816 1056 875 1078 ute-

81 1093 153 1114 retur
169 1088 196 1114 in
211 1089 317 1114 ceteris.
358 1087 444 1120 Quam
463 1089 591 1123 quoniam
608 1097 660 1115 non
677 1089 771 1120 habet,
789 1090 875 1115 utitur

80 1124 279 1160 probabilibus.
319 1126 411 1160 Itaque
438 1134 491 1152 non
517 1127 625 1157 metuit,
652 1135 685 1152 ne
710 1126 875 1153 confundere

79 1163 169 1190 omnia
182 1162 305 1189 videatur
315 1167 341 1189 et
352 1163 451 1189 incerta
463 1162 585 1190 reddere.
607 1164 664 1190 Non
679 1165 761 1194 enim,
778 1172 876 1199 quem-

80 1200 240 1231 admodum,
254 1201 278 1226 si
289 1201 441 1235 quaesitum
453 1209 486 1226 ex
497 1209 527 1226 eo
538 1202 582 1231 sit,
595 1200 733 1227 stellarum
745 1210 875 1228 numerus

80 1246 142 1273 par,
161 1246 194 1263 an
209 1238 296 1272 impar
306 1238 354 1264 sit:
378 1238 456 1268 item,
473 1238 497 1264 si
508 1237 541 1264 de
551 1237 641 1265 officio
655 1239 803 1274 multisque
814 1238 875 1265 aliis

79 1275 114 1301 de
126 1275 221 1305 rebus,
238 1275 265 1301 in
282 1275 384 1310 quibus
401 1280 521 1302 versatus
536 1277 752 1311 exercitatusque
764 1277 812 1307 sit,
829 1285 876 1302 ne-

80 1313 149 1339 scire
165 1321 193 1338 se
212 1312 292 1339 dicat.
333 1313 362 1339 In
379 1313 488 1339 incertis
504 1313 576 1339 enim
589 1313 656 1339 nihil
669 1319 709 1340 est
720 1314 872 1348 probabile:

80 1351 108 1376 in
123 1350 226 1384 quibus
242 1354 331 1376 autem
346 1355 400 1381 est,
418 1351 445 1376 in
462 1350 505 1376 his
518 1359 569 1377 non
580 1350 666 1377 deerit
679 1351 809 1386 sapienti,
826 1360 876 1378 nec

79 1387 147 1422 quid
158 1386 246 1418 faciat,
262 1395 311 1414 nec
321 1387 387 1422 quid
400 1388 568 1423 respondeat.

138 1426 194 1451 111.
212 1425 250 1451 Ne
262 1424 335 1451 illam
347 1425 458 1460 quidem
471 1426 685 1460 praetermisisti,
700 1425 820 1457 Luculle,
833 1434 876 1452 re-

81 1462 286 1496 prehensionem
298 1462 436 1493 Antiochi,
449 1463 508 1498 (nec
520 1463 632 1490 mirum:
656 1464 683 1489 in
696 1464 791 1498 primis
802 1465 875 1490 enim

80 1504 120 1526 est
135 1499 256 1534 nobilis,)
278 1508 330 1534 qua
342 1499 444 1526 solebat
455 1500 543 1526 dicere
558 1500 720 1531 Antiochus,
734 1501 874 1528 Philonem

80 1537 198 1563 maxime
209 1536 405 1571 perturbatum.
427 1537 516 1570 Quum
531 1538 603 1564 enim
614 1543 767 1565 sumeretur
777 1547 872 1570 unum,
896 1561 898 1565 .

80 1582 139 1600 esse
154 1573 287 1608 quaedam
304 1573 370 1601 falsa
381 1575 452 1601 visa:
475 1574 604 1606 alterum,
621 1575 689 1602 nihil
702 1584 732 1602 ea
743 1576 849 1602 differre
861 1585 874 1603 a

81 1611 165 1643 veris,
183 1620 234 1638 non
246 1612 392 1643 attendere,
406 1613 532 1647 superius
544 1612 611 1639 illud
618 1622 648 1640 ea
655 1621 803 1641 reaseesse
810 1622 875 1641 con-

79 1657 201 1680 cessum,
219 1649 290 1684 quod
307 1649 443 1676 videretur
458 1658 516 1677 esse
527 1651 659 1686 quaedam
675 1652 702 1678 in
715 1653 786 1678 vivis
797 1652 875 1678 diffe-

81 1687 178 1717 rentia,
197 1694 255 1713 eam
272 1686 328 1714 tolli
344 1687 438 1719 altero,
458 1696 511 1722 quo
527 1693 607 1724 neget
622 1689 679 1715 visa
696 1698 709 1715 a
724 1689 799 1716 falsis
811 1698 873 1716 vera

80 1723 200 1750 differre:
234 1724 302 1750 nihil
317 1729 370 1751 tam
387 1733 547 1761 repugnare.
588 1726 616 1752 ld
634 1727 668 1752 ita
685 1732 768 1757 esset,
786 1728 809 1753 si
827 1736 874 1753 nos

81 1770 175 1787 verum
189 1763 298 1788 omnino
309 1761 473 1789 tolleremus.
514 1763 570 1790 Non
584 1762 707 1790 tacimus.
742 1765 808 1791 Nam
821 1769 874 1791 tam

80 1807 151 1829 vera,
177 1807 258 1833 quam
280 1799 345 1825 salsa
366 1800 512 1827 cernimus.
552 1800 603 1827 Sed
618 1801 750 1835 probandi
770 1802 875 1837 species

79 1841 133 1862 est:
155 1836 323 1871 percipiendi
333 1837 442 1872 signum
455 1837 560 1864 nullum
574 1838 715 1865 habemus.

135 1872 248 1900 XXXV.
273 1875 328 1900 ⁴⁴2.
350 1874 387 1900 Ac
408 1875 476 1900 mihi
497 1875 589 1901 videor
609 1876 690 1902 nimis
706 1877 785 1902 etiam
803 1885 874 1903 nunc

80 1918 158 1945 agere
174 1910 274 1937 ieiune.
314 1910 405 1943 Quum
421 1912 456 1938 sit
467 1913 539 1938 enim
551 1921 672 1947 campus,
687 1913 713 1939 in
725 1922 778 1948 quo
790 1915 875 1948 possit

80 1946 214 1973 exsultare
232 1948 329 1974 oratio:
362 1956 411 1974 cur
429 1957 487 1974 eam
505 1954 589 1975 tantas
602 1950 627 1975 in
640 1951 792 1983 angustia&
810 1952 873 1978 etin

80 1985 231 2011 Stoicorum
249 1984 358 2012 dumeta
376 1985 583 2020 compellimus?
606 1987 634 2012 Si
649 1983 721 2013 enim
733 1988 800 2014 mihi
811 1997 873 2014 cum

80 2022 254 2056 Peripatetico
277 2030 319 2048 res
339 2027 422 2053 esset,
440 2023 488 2057 qui
505 2023 531 2049 id
549 2024 649 2058 percipi
665 2032 743 2058 posse
761 2025 870 2056 diceret,

80 2062 148 2093 quod
170 2062 320 2092 impressum
339 2065 401 2086 esset
422 2069 434 2085 e
448 2069 521 2091 cero,
539 2069 627 2095 neque
643 2061 783 2088 adhiberet
800 2062 874 2089 illam

80 2105 205 2132 magnam
220 2097 415 2127 accessionem,
433 2106 482 2130 quo
497 2100 569 2123 morio
585 2100 697 2131 imprimi
706 2108 755 2124 non
765 2105 847 2132 posse!
858 2109 875 2126 (ι

79 2136 158 2168 salso,
190 2142 252 2160 cum
264 2134 383 2168 simplici
396 2134 504 2161 homine
515 2134 675 2170 simpliciter
686 2145 807 2171 agerem,
826 2145 874 2163 nec

81 2179 178 2207 magno
185 2179 264 2206 opere
274 2171 473 2202 contenderem,
487 2177 567 2206 atquc
579 2173 668 2203 etiam,
682 2174 714 2202 si,
732 2182 816 2208 quum
825 2182 874 2209 ego

80 2208 148 2235 nihil
161 2208 278 2235 dicerem
291 2217 369 2243 posse
383 2209 694 2243 comprehendi,diceret
703 2210 756 2240 ille,
766 2211 868 2245 sapien·
897 2210 906 2222 ”

79 2251 132 2273 tem
145 2245 280 2272 interdum
293 2247 411 2281 opinari,
434 2255 484 2272 non
497 2255 688 2282 repugnarem:
717 2249 873 2282 pracsertim

80 2291 113 2310 ne
141 2283 276 2310 Carneade
297 2283 409 2318 quidem
434 2283 497 2309 huic
521 2284 576 2310 loco
597 2284 674 2310 valde
695 2291 872 2320 repugnante.

79 2321 157 2347 Nunc
170 2320 236 2355 quid
253 2320 338 2347 facere
355 2320 483 2355 possum‘?
513 2322 569 2347 113.
593 2321 696 2353 Quaero
707 2323 872 2357 enim,quid

79 2358 128 2389 sit,
145 2357 218 2393 quod
233 2358 425 2393 comprehendi
443 2359 537 2392 possit.
579 2359 729 2393 Respondet
741 2360 808 2386 mihi
821 2369 872 2386 nou

79 2395 234 2422 Aristoteles
249 2400 295 2422 aut
310 2395 524 2430 Theophrastus,
544 2404 576 2421 nc.
588 2395 749 2422 Xenocrates
761 2397 871 2432 quidem

79 2436 125 2459 aut
140 2432 259 2465 Polemo,
283 2433 389 2468 sedqui
402 2434 488 2458 minor
499 2433 593 2458 ctiam:
628 2435 784 2463 toleret-mn,
797 2437 873 2467 quinio
895 2461 897 2469 Α

78 2471 172 2503 fulsum
182 2478 234 2495 esse
245 2479 295 2496 non
304 2473 390 2503 possit.
431 2470 504 2496 Nihil
520 2470 654 2496 eiusmodi
668 2470 785 2497 invenio.
823 2472 873 2497 ltn-

78 2514 131 2541 que
153 2506 288 2542 incognito
307 2508 436 2534 nimirum
453 2507 596 2536 assentiar,
616 2507 642 2533 id
658 2512 711 2535 ost.
729 2508 870 2542 opinabor.
895 2509 903 2521 '¹

78 2543 132 2569 lloc
153 2543 220 2570 mihi
241 2548 267 2570 et
281 2544 463 2580 Peripatetici,
484 2549 509 2570 et
526 2550 603 2571 vetus
619 2544 761 2570 Academia
776 2554 872 2571 conce·
894 2553 896 2566 ’1

78 2580 131 2607 dit:
162 2589 209 2607 vos
223 2582 340 2617 negatis,
357 2582 506 2609 Antiochus
519 2583 544 2607 in
557 2583 666 2616 primis,
680 2582 727 2616 qui
740 2591 782 2608 me
794 2582 870 2609 vuldo

80 2622 182 2649 movet,
200 2617 242 2644 vel
258 2619 330 2653 quod
346 2620 434 2645 amavi
452 2619 601 2650 homiuem,
619 2620 690 2645 sicut
701 2619 746 2645 ille
757 2628 813 2650 me,
829 2619 869 2646 vel

78 2654 151 2690 quod
166 2656 200 2681 ita
212 2654 311 2687 iudico,
323 2656 869 2691 politissimunictacutissimumomnium

1118 122 1154 148 11.
1186 122 1247 149 EP.
1269 124 1301 149 32
1321 138 1357 142 —
1378 124 1419 149 36.
1666 124 1710 148 991

922 197 1027 219 nostrae
1046 193 1191 219 memoriae
1215 193 1449 228 philosophorum.
1489 192 1510 219 A
1526 201 1580 228 quo
1595 193 1715 228 primum

923 239 1035 264 quaero,
1054 239 1107 265 quo
1123 230 1230 257 tandem
1246 231 1325 256 modo
1336 232 1371 257 sit
1381 232 1440 257 eius
1453 230 1622 260 Academiae,
1636 231 1716 256 cuius

923 276 982 293 esse
1002 276 1031 294 se
1043 268 1215 302 profiteatur?
1254 268 1286 294 Ut
1296 269 1416 294 omittam
1432 267 1498 294 alia:
1530 268 1595 294 haec
1606 268 1668 297 duo,
1683 268 1716 294 de

923 305 1024 340 quibus
1036 306 1137 340 agitur,
1155 306 1217 339 quis
1229 314 1358 340 umquam
1369 305 1438 331 dixit
1448 310 1494 332 aut
1505 306 1602 331 veteris
1614 305 1717 331 Acade-

924 343 992 368 miae
1009 347 1053 368 aut
1070 342 1323 377 Peripateticorum?
1348 343 1389 368 vel
1402 343 1428 368 id
1441 342 1527 369 solum
1540 343 1643 377 percipi
1654 351 1718 376 pos-

923 388 960 409 se,
975 379 1046 414 quod
1059 385 1128 406 esset
1140 389 1234 405 verum
1249 380 1308 409 tale,
1324 380 1402 414 quale
1415 380 1511 405 falsum
1524 388 1583 405 esse
1595 388 1718 414 nonpos-

923 421 976 449 set3
1004 416 1045 442 vel
1058 418 1206 451 sapientem
1219 417 1419 451 nihilopinari?
1448 417 1523 443 Certe
1536 426 1623 443 nemo.
1665 417 1718 443 llo-

925 462 985 479 rum
998 459 1123 480 neutrum
1140 459 1200 480 ante
1217 455 1349 480 Zenonem
1365 462 1463 490 magno
1477 463 1556 489 opere
1574 453 1717 480 defensum

924 496 973 517 est.
995 491 1052 526 Ego
1064 496 1151 517 tamen
1167 496 1311 526 utrumque
1322 500 1415 518 verum
1429 497 1506 526 puto:
1528 500 1576 517 nec
1583 492 1643 517 dico
1651 497 1719 518 tem-

924 529 996 563 poris
1007 537 1115 561 caussa:
1142 528 1189 554 sed
1202 529 1236 554 ita
1252 529 1329 563 plane
1341 529 1434 563 probo.
1475 529 1599 555 XXXVI.
1616 530 1670 555 111.
1684 528 1719 554 11-

901 555 903 592 ,1
925 565 971 592 lud
987 565 1054 591 ferre
1074 574 1126 592 non
1142 574 1263 600 possum,
1305 567 1356 595 Tu,
1376 575 1461 601 quum
1474 575 1516 592 me
1528 567 1663 601 incognito
1675 575 1720 591 as-

901 595 903 621 1
925 603 1019 630 sentiri
1030 608 1112 633 vetes,
1127 603 1209 637 idque
1221 604 1411 637 turpissimum
1422 612 1480 629 esse
1491 604 1564 629 dicas
1576 609 1601 629 et
1616 603 1719 638 plenis-

902 660 903 671 ,
925 642 1025 666 simum
1047 641 1218 670 temeritatis,
1232 646 1334 667 tantum
1351 641 1401 667 tibi
1417 650 1537 676 arroges,
1555 646 1585 666 ut
1600 649 1718 675 exponas

901 694 903 712 t
925 677 1097 711 disciplinam
1109 679 1265 712 sapientiae,
1279 683 1400 704 naturam
1412 687 1501 704 rerum
1512 679 1634 704 omnium
1645 677 1720 704 evol-

901 715 903 728 ⁴
926 723 986 745 vas,
1005 723 1092 740 mores
1109 714 1207 749 fingas.
1227 715 1292 741 lines
1308 716 1439 741 bonorum
1457 715 1644 749 malorumque
1655 724 1719 741 con-

902 746 903 779 ]
925 752 1034 782 stituas,
1051 751 1138 777 officia
1155 752 1306 781 describas,
1324 761 1405 787 quam
1418 754 1500 779 vitam
1513 753 1658 787 ingrediar.
1672 752 1719 778 de—

926 789 1017 815 finias:
1041 789 1167 823 idemque
1186 790 1265 815 etiam
1281 790 1439 824 disputandi
1454 795 1479 816 et
1494 789 1664 824 intelligendi
1677 790 1720 815 iu-

925 826 1027 852 dicium
1039 826 1114 852 dicas
1126 831 1150 852 te
1162 831 1187 852 et
1198 827 1340 852 artilicium
1353 827 1527 853 traditurum:
1546 827 1678 861 perficies.
1692 831 1721 852 ut

925 872 983 899 ego,
998 864 1048 889 ista
1058 864 1267 890 innumerabilia
1279 864 1468 899 complectens,
1483 872 1617 898 nusquam
1630 862 1721 889 labar?

926 900 994 927 nibil
1005 900 1117 934 opiner‘?
1137 900 1211 932 Quae
1223 901 1329 927 tandem
1340 911 1370 927 ea
1381 907 1420 927 est
1431 901 1586 935 disciplina,
1599 901 1720 935 adquam

926 947 968 964 me
980 938 1107 969 deducas,
1121 939 1145 964 si
1155 938 1188 964 ab
1200 938 1249 964 hac
1261 938 1442 965 abstraxeris‘.³
1456 939 1562 969 Vereor,
1581 947 1612 964 ne
1624 938 1721 964 subar-

926 980 1050 1011 roganter
1065 975 1157 1006 facias,
1170 976 1193 1002 si
1207 975 1310 1002 dixeris
1322 981 1406 1003 tuam.
1447 976 1529 1010 Atqui
1541 977 1575 1002 ita
1587 976 1661 1001 dicas
1673 984 1722 1001 ne-

903 1043 905 1052 ,
926 1022 1000 1039 cesse
1017 1018 1066 1039 est.
1089 1014 1182 1048 Neque
1199 1022 1262 1039 vero
1272 1018 1300 1039 tu
1314 1013 1397 1045 solus,
1412 1013 1458 1039 sed
1470 1014 1502 1039 ad
1514 1022 1591 1039 suam
1604 1014 1720 1047 quisque

926 1051 1021 1085 rapiet.
1064 1052 1120 1076 115.
1144 1051 1214 1086 Age,
1236 1052 1357 1077 restitero
1379 1051 1577 1085 Peripateticis,
1599 1051 1646 1085 qui
1667 1050 1721 1076 sibi

926 1097 989 1114 cum
1013 1088 1164 1114 oratoribus
1189 1089 1376 1123 cognationem
1401 1097 1474 1119 esse,
1501 1089 1549 1123 qui
1574 1088 1659 1114 claros
1680 1089 1722 1113 vi—

926 1134 982 1157 ros,
999 1134 1012 1151 a
1027 1134 1056 1151 se
1070 1126 1223 1157 instructOS,
1240 1126 1330 1152 dicant
1342 1126 1538 1160 rempublicam
1550 1134 1629 1160 saepe
1636 1125 1723 1151 rexis-

926 1171 969 1189 se:
1002 1163 1156 1189 sustinuero
1171 1163 1332 1197 Epicureos,
1352 1169 1388 1190 tot
1403 1172 1475 1189 meos
1494 1163 1653 1189 familiares.
1668 1167 1721 1188 tam

904 1219 905 1229 ,
927 1200 1024 1230 bonos,
1042 1205 1095 1227 tam
1113 1201 1181 1227 inter
1197 1210 1226 1226 se
1237 1206 1356 1227 amantes
1372 1201 1457 1227 viros:
1481 1200 1591 1227 Diodoto
1602 1200 1669 1235 quid
1683 1199 1722 1226 fa-

904 1234 905 1239 *
926 1238 996 1264 ciam
1008 1237 1109 1267 Stoico,
1126 1246 1207 1272 quem
1220 1247 1233 1264 a
1249 1246 1331 1272 puero
1345 1238 1457 1265 audivi?
1476 1240 1524 1273 qui
1536 1246 1641 1263 mecum
1655 1238 1723 1263 vivit

927 1279 964 1302 tot
979 1275 1080 1301 annos'?
1105 1276 1152 1310 qui
1164 1275 1265 1301 habitat
1276 1276 1348 1310 apud
1360 1275 1419 1302 nie?
1439 1284 1521 1310 quem
1533 1280 1558 1301 et
1569 1275 1686 1301 admiror
1697 1280 1723 1301 et

904 1320 905 1330 ¹
927 1312 1030 1348 diligo‘?
1044 1314 1092 1347 qui
1104 1313 1153 1339 ista
1162 1312 1473 1339 Antiochiacontemnit‘!
1489 1314 1592 1342 Nostra,
1603 1313 1719 1346 inquies,

927 1350 982 1376 sola
994 1358 1055 1376 vera
1067 1354 1139 1376 sunt.
1179 1350 1255 1377 Certe
1267 1350 1332 1380 sola,
1346 1351 1369 1376 si
1381 1359 1453 1376 vera.
1484 1350 1562 1376 Plura
1575 1350 1647 1375 enim
1660 1357 1721 1375 vera

927 1387 1107 1421 discrepantia
1119 1396 1178 1413 esse
1190 1396 1240 1414 non
1253 1392 1375 1423 possunt.
1417 1389 1509 1414 Utrum
1524 1388 1605 1422 igitur
1616 1388 1723 1413 nosim-

929 1424 1071 1459 pudentes,
1085 1425 1132 1460 qui
1146 1424 1199 1451 labi
1211 1425 1350 1457 nolumus,
1365 1434 1397 1451 an
1409 1425 1618 1459 illiarrogantes,
1631 1425 1723 1459 quisi-

927 1462 955 1489 bi
967 1463 1158 1497 persuaserint,
1172 1463 1240 1489 scire
1246 1472 1275 1489 se
1282 1462 1352 1489 solos
1362 1462 1470 1489 omnia?
1485 1463 1542 1488 Non
1551 1471 1591 1488 me
1598 1462 1721 1496 quidem,

927 1500 1026 1535 inquit,
1040 1500 1087 1526 sed
1099 1500 1398 1534 sapientemdicoscire.
1420 1500 1541 1535 Optime:
1561 1508 1655 1533 nempe
1673 1500 1722 1525 ista

926 1538 1009 1568 scire,
1026 1546 1095 1572 quae
1106 1538 1207 1564 suntin
1220 1543 1263 1564 tua
1278 1537 1434 1572 disciplina.
1465 1538 1518 1563 110(-
1530 1538 1723 1571 primumqua-

904 1594 905 1610 ,
929 1574 951 1602 le
963 1580 1017 1605 est,
1036 1585 1049 1601 a
1062 1584 1113 1601 non
1125 1576 1246 1609 sapiente
1257 1575 1387 1611 explicari
1399 1574 1578 1610 sapientiam?
1601 1574 1652 1600 Sed
1665 1574 1723 1600 dis-

896 1625 905 1639 «
926 1612 1054 1640 cedamus
1065 1622 1079 1639 a
1091 1613 1308 1649 nobismetipsis:
1334 1613 1367 1639 de
1378 1614 1499 1648 sapiente
1512 1613 1666 1647 loquamur:
1689 1611 1722 1637 de

897 1663 898 1676 i
926 1660 981 1685 quo
996 1651 1035 1685 (ut
1050 1660 1130 1686 saepe
1147 1652 1198 1677 iam
1214 1651 1282 1683 dixi)
1301 1652 1390 1677 omnis
1407 1651 1471 1677 haec
1487 1650 1610 1685 quaestio
1624 1655 1674 1675 est.

985 1690 1040 1714 116.
1067 1689 1095 1715 In
1116 1694 1168 1715 tres
1189 1690 1272 1724 igitur
1288 1694 1375 1723 partes
1391 1693 1417 1714 et
1431 1697 1444 1714 a
1461 1687 1598 1722 plerisque
1614 1692 1638 1713 et
1650 1696 1662 1713 a
1675 1695 1723 1713 no-

927 1726 1096 1760 bismetipsis
1111 1726 1255 1752 distributa
1272 1727 1403 1761 sapientia
1419 1730 1469 1752 est.
1511 1725 1631 1751 Primum
1647 1733 1719 1759 ergo,

927 1763 950 1789 si
963 1763 1062 1798 placet,
1075 1772 1144 1798 quae
1156 1763 1189 1789 de
1201 1769 1292 1790 natura
1309 1772 1397 1789 rerum
1409 1769 1473 1789 sunt
1484 1763 1614 1797 quaesita,
1630 1762 1724 1787 videa-

928 1809 1002 1827 mus:
1028 1800 1103 1827 velut
1119 1801 1186 1827 illud
1203 1806 1272 1827 ante.
1314 1801 1394 1827 Estne
1405 1801 1550 1835 quisquam
1564 1804 1635 1825 tanto
1648 1798 1723 1825 inna-

927 1843 970 1865 tus
981 1846 1078 1869 errore,
1092 1843 1121 1865 ut
1132 1839 1186 1864 sibi
1200 1847 1228 1864 se
1241 1838 1285 1864 illa
1298 1840 1366 1864 scire
1379 1837 1560 1872 persuaserit?
1576 1838 1723 1871 Nonquac-

927 1884 955 1902 ro
976 1876 1091 1902 rationes
1111 1884 1164 1906 eas,
1187 1885 1256 1911 quae
1277 1885 1311 1902 ex
1333 1877 1485 1902 coniectura
1504 1874 1633 1909 pendent,
1654 1882 1723 1909 quae

926 1913 1158 1947 disputationibus
1175 1913 1227 1939 huc
1243 1919 1268 1940 et
1285 1913 1349 1939 illuc
1361 1913 1516 1943 trahuntur,
1531 1911 1633 1938 nullam
1645 1912 1723 1938 adhi-

927 1950 990 1977 bent
1014 1951 1195 1985 persuadendi
1217 1951 1412 1977 necessitatem.
1454 1952 1610 1977 Geometrae
1632 1950 1723 1984 provi-

926 1987 1019 2018 deant,
1033 1989 1120 2022 quise
1133 1988 1290 2023 profitentur
1302 1997 1353 2014 non
1367 1988 1542 2023 persuadere.
1557 1986 1604 2012 sed
1616 1995 1720 2021 cogere,

926 2030 952 2051 et
965 2025 1013 2060 qui
1024 2026 1113 2052 omnia
1127 2026 1217 2055 vobis,
1235 2034 1304 2060 quae
1316 2026 1487 2055 describunt,
1501 2025 1624 2059 probant.
1666 2024 1722 2050 Non

926 2071 1027 2096 quaero
1047 2071 1081 2089 ex
1102 2063 1144 2088 his
1157 2063 1201 2089 illa
1224 2063 1300 2089 initia
1323 2063 1586 2089 mathematicorum:
1619 2062 1722 2096 quibus

927 2108 979 2125 non
994 2100 1143 2129 concessis,
1159 2099 1277 2135 digitum
1289 2100 1414 2135 progredi
1427 2109 1478 2126 non
1490 2104 1612 2134 possunt.
1655 2099 1722 2124 l'nn-

927 2141 995 2162 ccum
1005 2145 1074 2167 esse,
1087 2137 1159 2171 quod
1172 2137 1386 2171 magnitudinem
1398 2137 1500 2163 nullam
1514 2136 1620 2164 habent.
1635 2141 1723 2162 arti-1·—

927 2176 1052 2203 mitatem,
1070 2178 1095 2200 et
1110 2175 1189 2208 quusi
1202 2174 1407 2204 libramentum,
1424 2175 1450 2200 in
1463 2183 1516 2208 quo
1528 2173 1600 2199 nulla
1612 2173 1722 2199 omnino

925 2210 1076 2237 crassitudo
1087 2211 1135 2237 sit:
1159 2213 1351 2241 lineamentum,
1370 2211 1566 2246 longitudinem
1581 2210 1721 2236 latitudine

925 2253 1070 2274 carentem.
1113 2248 1181 2273 llaec
1196 2257 1282 2283 quum
1300 2257 1361 2274 vcra
1373 2257 1432 2274 esse
1443 2257 1613 2274 concessero:
1638 2248 1661 2273 si
1673 2246 1721 2272 ad-

927 2285 1016 2311 iiciam
1032 2285 1231 2315 iusiurandum,
1243 2286 1427 2320 sapientemne
1439 2286 1524 2320 prius,
1536 2284 1722 2320 qinnnArchi-

896 2307 905 2359 p
926 2322 1018 2348 medes
1043 2331 1074 2348 eo
1100 2323 1264 2356 inspectante
1293 2323 1409 2349 rationes
1432 2331 1525 2348 omnes
1547 2322 1722 2355 descripserit

903 2372 904 2376 =
925 2368 979 2389 ens,
995 2359 1097 2394 quibus
1111 2359 1236 2389 eflicitur,
1251 2359 1344 2386 multis
1360 2360 1483 2394 partibus
1497 2359 1580 2385 solem
1593 2360 1720 2384 maiorem

925 2405 998 2426 csse,
1018 2405 1100 2431 quam
1111 2402 1221 2426 terram,
1237 2398 1386 2423 iuraturum
1400 2397 1495 2431 putas?
1515 2397 1543 2422 Si
1560 2397 1659 2424 lecerit.
1676 2405 1721 2421 so-

927 2434 978 2460 lem
999 2434 1103 2468 ipsum,
1122 2443 1203 2468 quem
1220 2434 1301 2460 deum
1317 2439 1408 2460 censet
1427 2443 1500 2463 csse,
1518 2434 1718 2467 contempserit.

928 2472 983 2497 117.
1006 2471 1082 2503 Quod
1097 2472 1120 2497 si
1136 2472 1307 2507 geometricis
1323 2472 1472 2497 rationibus
1488 2480 1538 2497 non
1551 2477 1590 2497 est
1601 2470 1720 2496 creditu-

927 2517 981 2538 rus,
997 2517 1066 2543 quae
1082 2509 1137 2534 vim
1148 2509 1261 2535 nili-runt
1273 2510 1298 2535 in
1311 2509 1440 2536 docendo,
1455 2518 1501 2534 vos
1514 2509 1565 2542 ipsi
1578 2508 1716 2534 utdicitis:

925 2555 973 2571 nae
991 2546 1035 2571 ille
1053 2546 1130 2580 1011μο
1149 2547 1248 2576 aberit.
1267 2551 1295 2573 ut
1311 2546 1477 2580 argumentis
1493 2546 1582 2572 credat
1599 2545 1720 2580 philoso-

901 2590 902 2613 1
924 2583 1052 2617 phorum:
1072 2589 1125 2612 aut,
1138 2584 1161 2610 si
1173 2589 1213 2610 est
1224 2584 1386 2613 crediturus,
1400 2592 1514 2618 quorum
1528 2581 1719 2618 potissimum?

922 2620 1018 2646 Umnin
1032 2620 1205 2656 physicorum
1219 2621 1278 2647 licet
1294 2620 1439 2655 explicare.
1479 2620 1530 2646 Sed
1547 2620 1655 2656 longum
1667 2624 1716 2646 est.

900 2667 901 2681 l
922 2658 1025 2690 Quaero
1040 2662 1136 2689 tamen,
1150 2667 1230 2693 quem
1242 2663 1379 2693 sequntur.
1421 2658 1504 2694 Finge
1517 2658 1636 2693 aliquem
1648 2665 1718 2684 nunc
