1941 3052
232 137 292 162 toto
794 133 849 157 ttti.
884 131 919 157 M.

283 205 338 231 XV.
353 206 392 231 tt,
405 204 493 235 (tinum
511 203 593 236 igitur
603 210 632 227 en
644 202 687 231 sit.
700 209 781 236 quam
793 201 916 235 exposui.
932 200 1014 227 forma

228 248 348 271 ruiturae·v
369 243 401 270 si,
417 246 443 266 ut
457 241 531 266 initio
542 240 609 268 dixi,
623 238 703 264 simul
721 244 799 273 atque
811 243 884 264 ortus
895 243 974 266 esset.
987 247 1015 263 se

226 281 342 314 qui-tqm·
357 282 527 310 cognosceret
544 276 715 310 iudicareque
735 280 836 309 posset,
854 283 922 309 quae
939 276 980 300 vis
991 280 1017 301 et

227 318 307 342 totius
327 321 395 340 esset
416 319 522 339 naturae
543 318 567 338 et
588 313 703 347 partium
725 312 908 347 singularum.
930 313 1016 338 conti·

227 362 280 379 nuo
296 353 404 380 videret,
418 350 483 384 quid
495 349 628 377 eser-thoe,
641 349 712 383 quod
720 349 1015 383 quuerimuffimnnium

228 399 329 418 rerum,
347 397 413 422 quas
425 387 590 421 expetimus,
608 395 745 412 summum
759 391 784 412 et
795 386 935 412 ultimum:
968 394 1016 412 nec

227 426 279 453 ulln
294 427 318 451 in
332 434 357 450 re
370 433 477 459 pen-vare
491 428 588 458 posset.
621 424 697 449 Nunc
710 433 771 449 vero
782 433 794 448 a
807 424 894 458 primo
904 422 1014 458 quidem

227 462 384 489 mirabiliter
403 461 504 486 ocu-ulta
527 465 619 486 natura
635 465 688 490 est.
706 469 754 486 nec
774 461 891 495 perspici
909 469 956 486 nec
971 469 1016 486 co-

225 500 316 533 gnosci
329 503 423 533 potest.
452 497 688 533 Progredicntibus
699 503 786 524 alitem
799 498 940 528 aetatibus,
954 506 1016 523 sen-

225 538 290 565 sim.
304 536 410 562 tardeve
423 535 520 570 potius,
536 535 614 569 quusi
627 536 804 569 nosmetipsos
815 535 1014 570 cognoscimus.

226 575 314 608 ltaque
332 573 374 598 illa
392 573 476 606 prima
493 572 702 602 commendatio,
719 581 788 607 quae
799 581 813 598 u
826 577 918 599 natura
933 572 1015 598 nostri

226 611 290 637 fan-tn
304 615 343 636 est
355 610 440 639 nobis,
457 610 553 635 incerta
565 614 589 636 ct
600 609 712 635 obscura
727 614 780 636 est:
798 611 956 644 primusque
968 618 1016 644 ap-

226 649 323 683 petitus
341 647 384 673 ille
396 648 478 673 animi
491 651 593 673 tantum
609 647 677 681 agit,
704 652 732 673 ut
745 646 813 673 salvi
825 651 903 681 atque
919 647 1015 682 integri

224 694 282 711 esse
299 685 444 719 possimus
485 684 573 716 Quum
586 689 674 710 autem
686 684 818 718 dispicere
830 684 978 719 coepimuS,
991 688 1016 710 et

224 723 331 752 sentire,
346 721 412 756 quid
424 721 519 752 simus,
533 721 635 756 etquid
648 721 1015 748 aninuintibusceterisdiffe-

225 768 328 789 minua,
347 763 403 785 tum
415 767 444 785 ea
456 759 533 793 sequi
546 759 705 793 incipimus,
719 758 751 784 ad
763 767 831 794 quae
843 759 896 785 nati
908 767 1013 785 sumus.

224 798 264 823 42.
289 796 375 829 Quam
398 795 605 822 similitudinem
623 796 747 822 videmus
764 797 790 822 in
806 796 913 822 bestiis:
946 804 1015 830 quae

224 835 324 869 primo,
344 834 370 859 in
386 842 439 868 quo
457 833 512 859 loco
529 838 603 859 natae
615 838 691 864 sunt,
709 842 742 860 ex
753 842 784 860 eo
794 842 823 859 se
834 842 885 859 non
896 841 1015 859 commo-

224 876 299 897 vent:
325 870 422 896 deinde
436 879 485 896 suo
496 879 619 905 quaeque
631 871 749 905 appetitu
762 875 897 897 movetur:
923 879 1015 905 serpe-

225 917 251 934 re
263 907 435 943 anguiculos,
451 916 512 933 nare
526 908 683 938 anaticulas,
697 907 802 934 evolare
817 907 942 937 merulas,
956 916 1015 934 cor—

224 945 305 972 nibus
317 946 354 971 uti
368 944 492 971 videmus
505 945 595 973 boves,
607 954 688 979 nepas
696 945 805 975 aculeis.
814 954 889 971 suam
897 945 1014 979 denique

223 978 322 1017 c'uique
338 987 458 1008 naturam
470 990 528 1008 csse
540 982 572 1008 ad
585 982 733 1008 vivendum
745 982 852 1008 ducem.
892 982 965 1014 Quae
977 983 1015 1008 si-

224 1019 349 1046 militudo
374 1020 400 1045 in
423 1028 519 1054 genere
540 1020 619 1046 etiam
642 1019 758 1046 humano
779 1024 895 1054 apparet.
936 1020 1013 1045 Parvi

223 1057 296 1083 enim
317 1057 404 1091 primo
423 1062 481 1083 ortu
503 1058 541 1083 sic
563 1058 661 1087 iacent,
679 1062 815 1091 tamquam
831 1057 940 1083 omnino
956 1057 1014 1082 sinc
1043 1075 1045 1083 ,

433 1094 522 1125 Quum
539 1099 626 1120 autem
643 1093 763 1128 paullum
781 1094 913 1120 firmitatis
924 1102 1015 1120 acces·
1043 1102 1045 1129 ς

223 1094 313 1120 animo
330 1094 393 1120 sint.

222 1132 300 1161 serit,
317 1136 342 1157 et
353 1131 442 1157 animo
456 1136 567 1158 utuntur
578 1136 603 1157 et
613 1131 752 1162 sensibus,
776 1132 1012 1166 connitunturque,

223 1173 251 1194 ut
276 1176 334 1194 sese
349 1169 462 1203 erigant.
486 1173 510 1194 et
530 1168 655 1194 manibus
674 1173 798 1200 utuntur;
831 1173 857 1194 et
871 1177 916 1194 eos
932 1176 1015 1203 agno-

221 1210 313 1235 scunt,
332 1214 344 1231 a
360 1206 461 1240 quibus
476 1205 635 1238 educantur3
658 1205 755 1231 deinde
771 1205 930 1240 aequalibus
940 1205 1015 1231 dele-

221 1248 339 1272 ctantur‚
362 1242 528 1277 libenterque
540 1252 568 1268 se
579 1251 640 1268 cum
654 1242 695 1269 his
706 1248 882 1279 congregant,
895 1242 1014 1277 dantque

221 1288 250 1306 se
271 1279 303 1305 ad
329 1279 489 1311 ludendum,
523 1279 736 1314 fabellarumque
757 1280 893 1306 auditione
908 1279 1015 1306 ducun-

222 1322 277 1349 tur',
309 1316 396 1352 deque
417 1326 460 1346 eo,
483 1317 554 1351 quod
573 1318 639 1351 ipsis
655 1322 776 1352 superat,
794 1317 854 1343 aliis
870 1317 1014 1352 gratificari

223 1354 329 1386 volunt,
357 1353 627 1388 animadvertuntque
643 1363 685 1385 ea,
704 1363 772 1389 quae
788 1354 861 1380 domi
873 1354 953 1385 fiunt,
965 1363 1014 1380 cu-

222 1392 333 1421 riosius,
352 1391 538 1426 incipiuntque
553 1393 727 1418 commentari
743 1391 848 1426 aliquid
859 1396 884 1418 et
894 1391 1011 1424 discere;

220 1433 245 1455 et
261 1436 366 1459 eorum,
383 1437 451 1463 quos
463 1428 568 1459 vident,
587 1429 681 1455 volunt
691 1438 743 1456 non
756 1430 878 1464 ignorare
890 1429 1011 1461 nomina,

220 1466 377 1500 quibusque
392 1466 473 1492 rebus
488 1474 550 1491 cum
566 1465 726 1501 aequalibus
742 1466 891 1496 decertant,
904 1467 928 1492 si
940 1467 1014 1492 vice-

220 1503 282 1533 rint,
296 1502 409 1529 efferunt
420 1511 448 1529 se
461 1502 573 1534 laetitia,
597 1503 1013 1538 victi,debilitanturanimosque

220 1539 378 1566 demittunt:
407 1548 521 1575 quorum
538 1541 596 1567 sine
607 1549 701 1567 caussa
714 1540 770 1567 fieri
782 1540 850 1567 nihil
861 1541 1013 1576 putandum

220 1582 270 1604 est.
311 1578 351 1603 43.
366 1577 413 1603 Est
433 1578 505 1604 enim
526 1583 619 1604 natura
635 1578 674 1604 sic
688 1583 813 1613 generata
829 1579 871 1604 vis
883 1578 1011 1608 hominis,

220 1619 250 1640 ut
266 1613 299 1640 ad
314 1622 420 1640 omnem
436 1615 563 1641 virtutem
581 1615 782 1650 percipiendam
795 1615 861 1641 facta
873 1615 1010 1642 videatur:

219 1651 254 1678 ob
271 1660 384 1686 eamque
399 1660 522 1678 caussam
539 1653 615 1686 parvi
627 1653 757 1678 virtutum
769 1652 931 1683 simulacris,
944 1661 1013 1687 qua-

220 1697 280 1715 rum
302 1689 329 1715 in
349 1697 378 1714 se
398 1689 497 1715 habent
512 1690 630 1720 semina,
648 1690 707 1715 sine
722 1689 842 1716 doctrina
858 1694 1010 1716 moventur.

220 1726 287 1752 Sunt
307 1726 378 1752 enim
395 1727 481 1761 prima
501 1726 631 1753 elementa
652 1731 776 1753 naturae:
807 1727 910 1761 quibus
926 1727 1012 1753 auctis

221 1763 329 1789 virtutis
347 1764 426 1797 quasi
441 1772 547 1790 carmen
564 1763 687 1790 efficitur.
727 1764 794 1790 Nam
809 1772 895 1798 quum
910 1764 946 1790 ita
957 1764 1012 1790 nati

221 1799 337 1835 factique
348 1800 448 1830 simus,
462 1805 491 1826 ut
502 1805 527 1826 et
537 1800 634 1836 agendi
646 1800 764 1835 aliquid,
782 1805 808 1827 et
817 1798 950 1836 diligendi
962 1800 1013 1826 ali-

220 1846 302 1871 quos,
320 1842 346 1864 et
362 1836 543 1868 liberalitatis,
561 1842 586 1864 et
597 1837 751 1864 referendae
762 1838 862 1873 gratiae
877 1838 1010 1872 principia

221 1875 248 1900 in
262 1874 340 1900 nobis
359 1875 570 1905 contineremus,
584 1879 663 1909 atque
679 1874 712 1900 ad
727 1875 876 1905 scientiam,
894 1874 1013 1909 pruden—

220 1911 293 1941 tiam,
308 1910 500 1941 fortitudinem,
513 1916 588 1946 aptos
609 1912 712 1938 animos
733 1911 909 1942 haberemus,
923 1921 937 1938 a
948 1920 1013 1938 con—

220 1948 363 1982 trariisque
379 1948 459 1974 rebus
475 1948 589 1975 alienos:
627 1957 679 1974 non
691 1949 749 1975 sine
760 1957 855 1975 caussa
867 1957 926 1979 eas,
943 1957 1011 1984 quas

219 1984 291 2014 dixi,
310 1985 337 2010 in
353 1986 444 2019 pueris
460 1986 589 2011 virtutum
605 1986 684 2020 quasi
701 1985 863 2012 scintillulas
875 1986 1009 2017 videmus,

219 2030 233 2048 e
245 2021 346 2057 quibus
358 2021 466 2048 accendi
478 2022 633 2057 philosophi
645 2023 710 2049 ratio
721 2023 809 2053 debet,
822 2028 930 2054 meam,
943 2032 1012 2058 qua-

219 2060 243 2085 si
263 2058 358 2089 deum,
376 2058 472 2085 ducem
495 2059 680 2094 subsequens,
701 2059 733 2086 ad
751 2065 860 2086 naturae
872 2061 1011 2095 perveniat

219 2100 379 2122 extremum.
421 2096 501 2127 Nam,
525 2101 553 2123 ut
572 2105 652 2131 saepe
672 2098 725 2123 iam
748 2097 820 2128 dixi,
844 2097 949 2124 infirma
965 2107 1011 2124 ae·

219 2138 270 2159 tate
286 2132 477 2168 imbecillaque
493 2138 581 2160 mente
592 2134 634 2160 vis
647 2139 755 2160 naturae
766 2135 845 2169 quasi
856 2143 904 2169 per
914 2135 1011 2171 caligi-

219 2178 280 2197 nem
294 2171 421 2197 cernitur.
452 2170 541 2203 Quum
553 2175 642 2197 autem
653 2171 827 2207 progrediens
838 2172 1012 2199 confirmatur

218 2207 339 2238 animus,
352 2208 473 2243 agnoscit
484 2207 529 2234 ille
540 2208 652 2243 quidem
663 2214 772 2235 naturae
784 2209 849 2239 vim,
863 2209 911 2235 sed
923 2210 967 2240 ita,
981 2215 1011 2236 ut

218 2244 342 2280 progredi
364 2245 448 2279 possit
469 2244 589 2281 longius,
612 2254 660 2280 per
679 2254 708 2272 se
723 2247 758 2272 sit
772 2250 859 2273 tamen
876 2246 1008 2274 inchoata.

218 2282 288 2308 XVI.
310 2283 350 2308 Η.
368 2282 522 2308 Intrandum
538 2287 578 2309 est
593 2283 676 2318 igitur
691 2284 718 2309 in
734 2291 825 2309 rerum
836 2288 971 2315 naturam,
984 2289 1010 2310 et

218 2319 334 2353 penitus,
348 2318 415 2354 quid
425 2327 455 2345 ea
466 2319 590 2354 postulet,
607 2319 816 2354 pervidendum.
842 2320 926 2347 Aliter
936 2322 1008 2348 enim

218 2357 396 2391 nosmetipsos
411 2365 489 2383 nosse
505 2365 557 2383 non
573 2365 726 2392 possumus.
748 2357 825 2390 Quod
835 2363 1009 2393 praeceptum

217 2393 280 2427 quia
292 2394 380 2420 maius
391 2398 454 2424 erat,
468 2402 550 2428 quam
560 2399 590 2420 ut
600 2394 633 2420 ab
645 2394 754 2421 homine
764 2394 910 2425 videretur,
925 2395 1009 2422 idcir-

217 2437 246 2455 co
271 2431 436 2466 assignatum
460 2436 500 2457 est
527 2431 587 2457 deo.
627 2431 704 2458 Iubet
724 2432 806 2467 igitur
826 2441 875 2458 nos
894 2433 1008 2468 Pythius

218 2466 311 2500 Apollo
332 2476 439 2494 noscere
462 2469 650 2503 nosmetipsos.
691 2468 813 2504 Cognitio
837 2474 926 2496 autem
942 2470 1008 2496 haec

217 2507 257 2528 est
269 2511 330 2534 una,
342 2509 372 2530 ut
383 2505 438 2530 vim
450 2506 533 2532 nostri
544 2506 662 2540 corporis
676 2506 951 2540 animiquenorimus,
964 2515 1008 2533 se-

217 2547 386 2575 quamurque
406 2550 464 2568 eam
480 2543 576 2573 vitam,
592 2550 662 2577 quae
671 2542 753 2568 rebus
764 2543 831 2577 ipsis
843 2543 1006 2577 perfruatur.

217 2575 349 2607 Quoniam
370 2582 457 2604 autem
478 2580 501 2605 is
521 2580 605 2606 animi
628 2580 934 2615 appetitusaprincipio
945 2580 1005 2611 fuit,

216 2617 246 2638 ut
257 2620 299 2643 ea,
324 2621 391 2647 quae
403 2614 473 2645 dixi,
486 2624 568 2650 quam
579 2615 775 2651 perfectissima
785 2621 879 2644 natura
894 2617 1007 2644 habere-

217 2657 292 2675 mus:
319 2650 498 2678 confitendum
508 2658 562 2684 est,
584 2661 670 2688 quum
680 2653 708 2680 id
719 2653 809 2689 adepti
821 2654 908 2681 simus
916 2675 922 2686 ,
934 2655 1007 2690 quod

950 131 979 157 T.
1011 130 1285 157 (ltCEnoxts

1067 201 1215 235 appetitum
1232 201 1279 230 sit,
1295 200 1320 226 in
1331 209 1362 226 eo
1372 201 1450 236 quasi
1463 200 1558 227 ultimo
1567 202 1712 227 connisum
1724 205 1855 231 naturum.

1067 244 1146 272 atque
1160 238 1184 263 id
1197 246 1255 263 esse
1266 246 1403 264 nummum
1416 238 1529 264 bonum:
1543 238 1691 273 quode-erte
1699 239 1857 265 universum

1067 284 1114 301 sua
1137 279 1230 309 quinte
1253 276 1342 309 ipsum
1362 276 1451 309 expeti
1473 280 1498 301 et
1513 280 1619 310 propter
1639 284 1667 301 se
1683 283 1791 301 necesse
1806 281 1855 306 est,

1067 312 1194 346 quoidam
1209 316 1268 338 ante
1279 311 1489 338 demonstratum
1500 318 1553 342 eet.
1574 314 1653 338 etiam
1666 312 1787 345 singulas
1799 313 1858 339 eius

1068 354 1155 384 partes
1176 357 1234 374 esse
1249 357 1296 383 per
1311 356 1338 374 se
1350 349 1523 383 expetendas.
1564 350 1605 375 ⁴5.
1626 350 1654 375 ln
1665 349 1857 376 enumerandi-s

1068 391 1156 412 autem
1176 386 1294 420 corporis
1315 385 1463 412 commodis
1483 386 1505 412 si
1526 387 1588 420 quia
1609 387 1822 420 praetermissam
1844 396 1857 412 a

1069 423 1146 449 nobis
1171 422 1332 457 voluptatem
1354 423 1471 457 putabit,
1490 423 1516 449 in
1533 423 1606 449 aliud
1619 428 1725 458 tempus
1737 425 1859 458 quaestio

1067 460 1215 486 differatur.
1238 460 1330 486 Utrum
1342 461 1413 486 enim
1425 460 1460 486 sit
1475 460 1597 495 voluptas
1610 461 1635 486 in
1649 461 1681 487 iis
1693 460 1858 496 rebus.quae

1069 499 1168 532 primas
1184 497 1334 523 secundum
1351 503 1471 523 naturam
1487 506 1546 523 esse
1561 497 1696 526 diximus.
1714 506 1797 524 necne
1811 499 1854 525 sit.

1068 535 1099 560 ad
1112 534 1147 564 id.
1161 533 1232 569 quod
1247 535 1363 569 agimus,
1377 534 1445 560 nihil
1459 535 1576 561 interest.
1617 534 1645 560 Si
1657 535 1729 561 enim
1740 535 1779 568 (ut
1791 535 1858 561 milit

1067 572 1177 607 quidem
1200 571 1315 607 videtur)
1335 580 1387 598 non
1406 571 1496 606 explet
1511 572 1579 598 bona
1599 577 1707 598 naturae
1723 571 1855 607 voluptas,

1069 610 1124 635 iure
1146 609 1333 643 praetermissa
1356 614 1406 635 cst.
1447 609 1494 635 Sin
1515 610 1592 635 estin
1604 617 1644 638 ea.
1660 608 1731 643 quod
1745 608 1857 643 quidam

1068 646 1169 676 volunt,
1183 646 1250 672 nihil
1264 646 1377 680 impedit
1388 651 1504 672 nostram
1517 645 1856 680 hanccomprehensionem

1066 685 1166 709 summi
1188 683 1261 709 boni.
1301 684 1374 716 Quae
1385 684 1457 710 enim
1469 683 1611 709 constituta
1627 688 1690 709 sunt
1708 683 1794 717 prima
1811 692 1858 710 na-

1067 726 1153 751 turae.
1172 720 1204 747 ad
1216 729 1245 746 ea
1258 721 1280 746 si
1294 720 1416 755 voluptas
1427 721 1582 750 accesserit,
1597 729 1681 746 unum
1693 720 1801 754 aliquod
1813 729 1857 746 ae—

1066 759 1177 785 cesserit
1187 758 1358 784 commodum
1371 759 1503 792 corporis,
1521 766 1608 792 neque
1620 766 1678 784 eam
1689 758 1858 784 constitutio-

1067 805 1126 822 nem
1138 796 1238 821 summi
1251 795 1323 824 boni.
1337 804 1406 830 quae
1417 800 1456 821 est
1468 796 1612 830 proposita,
1629 795 1781 821 mutaverit.

1121 833 1200 859 xvu.
1224 834 1264 859 46.
1287 833 1319 859 Et
1337 832 1425 858 adhuc
1445 832 1556 867 quidem
1574 833 1607 858 ita
1624 831 1702 858 nobis
1718 840 1856 867 progressa

1066 870 1132 896 ratio
1147 874 1200 900 est,
1220 875 1247 896 ut
1262 878 1291 896 ea
1307 869 1451 896 duceretur
1461 870 1549 896 omnis
1560 878 1573 895 a
1586 870 1672 904 prima
1685 869 1858 895 commenda-

1066 909 1137 934 tione
1151 912 1269 933 naturae.
1310 907 1386 933 Nunc
1397 911 1486 933 autem
1498 906 1572 933 aliud
1588 908 1639 932 iam
1651 905 1856 941 argumentandi

1065 953 1212 979 sequamur
1226 952 1326 979 genus.
1344 949 1435 970 utnon
1451 943 1548 974 solum,
1565 946 1628 978 quia
1642 952 1688 969 nos
1699 942 1856 978 diligamus,

1068 982 1114 1007 sed
1131 982 1194 1016 quia
1209 982 1343 1016 cuiusque
1359 982 1442 1016 partis
1458 986 1566 1008 naturae
1581 986 1606 1007 et
1618 983 1644 1007 in
1655 989 1779 1015 corpore.
1792 985 1817 1006 et
1829 981 1855 1006 in

1066 1019 1155 1045 animo
1170 1027 1218 1044 sua
1229 1027 1353 1053 quaeque
1365 1019 1406 1045 vis
1417 1019 1464 1048 sit,
1483 1018 1582 1045 idcirco
1595 1019 1620 1044 in
1636 1018 1678 1044 his
1691 1017 1771 1043 rebus
1782 1026 1858 1043 sum-

1066 1065 1107 1082 ma
1129 1061 1217 1082 nostra
1240 1060 1334 1090 sponte
1355 1064 1520 1082 moveamur.
1561 1056 1646 1090 Atque
1671 1059 1699 1081 ut
1719 1063 1732 1080 a
1748 1063 1857 1089 corpore

1064 1093 1167 1124 ordiar,
1185 1092 1309 1123 videsne.
1327 1098 1365 1124 ut,
1380 1094 1404 1119 si
1415 1102 1467 1128 qua
1483 1094 1509 1119 in
1521 1092 1650 1119 membris
1661 1100 1742 1126 prava
1754 1097 1799 1118 aut
1810 1091 1858 1117 de-

1066 1131 1167 1157 bilitata
1190 1135 1236 1157 aut
1256 1130 1398 1156 imminuta
1421 1131 1488 1160 sint,
1510 1129 1643 1156 occultent
1665 1128 1806 1155 homines?
1830 1134 1857 1154 ut

1065 1168 1144 1194 etiam
1156 1167 1316 1194 contendant
1327 1172 1353 1194 et
1367 1167 1515 1197 elaborent,
1533 1167 1557 1193 si
1572 1166 1677 1193 efficere
1699 1167 1814 1200 possint,
1830 1170 1858 1191 ut

1065 1210 1111 1231 aut
1131 1213 1182 1231 non
1206 1209 1331 1239 appareat
1349 1205 1468 1239 corporis
1484 1205 1594 1234 vitium,
1617 1208 1661 1230 aut
1675 1211 1757 1238 quam
1775 1203 1858 1229 mini-

1066 1251 1141 1268 mum
1162 1242 1305 1277 appareat?
1332 1242 1484 1276 multosque
1499 1242 1579 1268 etiam
1595 1240 1700 1267 dolores
1711 1240 1857 1266 curationis

1065 1288 1159 1306 caussa
1183 1279 1335 1314 perferant?
1364 1284 1406 1309 ut,
1424 1280 1448 1305 si
1463 1280 1522 1313 ipse
1533 1287 1599 1305 usus
1610 1277 1792 1304 membrorum
1805 1285 1856 1304 non

1066 1316 1144 1343 modo
1161 1326 1211 1343 non
1228 1318 1324 1347 maior,
1339 1325 1433 1344 verum
1448 1317 1529 1343 etiam
1540 1317 1627 1342 minor
1638 1315 1745 1341 futurus
1756 1315 1800 1341 sit.
1812 1323 1858 1341 eo-

1066 1363 1125 1381 rum
1147 1359 1234 1381 tamen
1256 1355 1360 1389 species
1380 1353 1413 1380 ad
1430 1359 1551 1380 naturam
1568 1351 1732 1380 revertatur?
1750 1352 1856 1378 Etenim

1064 1400 1150 1427 quum
1165 1400 1258 1418 omnes
1275 1397 1369 1418 natura
1385 1396 1451 1418 totos
1469 1399 1498 1417 se
1509 1389 1673 1426 expetendos
1684 1393 1790 1424 putent,
1809 1397 1858 1415 nec

1065 1429 1091 1455 id
1113 1429 1148 1455 ob
1163 1429 1243 1455 aliam
1260 1437 1324 1459 rem,
1342 1429 1389 1456 sed
1403 1434 1510 1464 propter
1521 1429 1607 1463 ipsos:
1625 1434 1733 1454 necesse
1744 1431 1785 1452 est
1797 1427 1857 1452 eius

1064 1466 1144 1492 etiam
1160 1471 1249 1501 partes
1264 1472 1372 1502 propter
1382 1476 1411 1493 se
1421 1467 1525 1500 expeti,
1542 1464 1615 1501 quod
1627 1464 1783 1490 universum
1795 1472 1858 1498 pro·

1064 1508 1123 1538 pter
1142 1512 1171 1529 se
1191 1509 1341 1538 expetatur.
1383 1505 1423 1531 47.
1447 1502 1538 1535 Quid‘?
1566 1503 1593 1529 in
1614 1506 1687 1528 motu
1702 1501 1770 1526 etin
1786 1506 1856 1527 statu

1064 1542 1182 1576 corporis
1194 1541 1262 1567 nihil
1275 1542 1356 1571 inest.
1374 1540 1447 1576 quod
1458 1537 1791 1567 animadvertendumesse
1799 1538 1856 1572 ipsa

1064 1583 1157 1604 natura
1169 1578 1287 1605 iudicet?
1301 1578 1533 1611 Quemadmodum
1545 1577 1607 1612 quis
1618 1574 1855 1605 ambulet.sedeat‚

1064 1616 1111 1650 qui
1123 1615 1222 1642 ductus
1231 1617 1295 1646 oris,
1308 1617 1356 1651 qui
1368 1616 1461 1642 vultus
1472 1616 1499 1641 in
1514 1622 1622 1650 quoque
1633 1611 1686 1639 sit?
1701 1611 1805 1638 nihilne
1816 1617 1857 1638 est

1064 1653 1091 1679 in
1108 1652 1151 1678 his
1163 1653 1258 1683 rebus,
1270 1653 1342 1687 quod
1353 1652 1468 1688 dignum
1484 1652 1570 1678 libero
1584 1655 1630 1677 aut
1641 1649 1784 1684 indignum
1796 1657 1856 1675 esse

1063 1689 1214 1716 ducamus?
1245 1691 1338 1716 Nonne
1352 1689 1414 1716 odio
1429 1690 1526 1725 dignos
1542 1687 1640 1715 multos
1651 1691 1792 1721 putamus,
1807 1687 1856 1721 qui

1063 1726 1179 1762 quodam
1202 1732 1274 1754 motu
1294 1732 1340 1753 aut
1358 1731 1428 1753 statu
1448 1726 1575 1753 videntur
1594 1730 1704 1751 naturae
1725 1723 1810 1759 legem
1831 1729 1857 1750 et

1063 1763 1173 1790 modum
1184 1763 1396 1799 contempsisse?
1415 1764 1456 1793 Et,
1470 1764 1597 1799 quoniam
1610 1762 1674 1788 haec
1684 1760 1856 1788 deducuntur

1063 1801 1096 1827 de
1107 1809 1225 1836 corpore,
1240 1801 1307 1836 quid
1318 1807 1366 1831 est,
1380 1809 1428 1828 cur
1439 1810 1491 1827 non
1506 1805 1575 1827 recte
1589 1798 1763 1834 pulchritudo
1774 1799 1855 1825 etiam

1063 1839 1121 1873 ipsa
1136 1843 1244 1873 propter
1257 1847 1286 1865 se
1301 1838 1449 1873 expetenda
1464 1836 1595 1864 ducatur?
1623 1836 1690 1862 Nam
1703 1836 1727 1862 si
1738 1837 1856 1871 pravita-

1063 1881 1116 1902 tem
1129 1876 1402 1910 imminutionemque
1412 1876 1531 1910 corporis
1546 1878 1652 1909 propter
1663 1881 1691 1899 se
1699 1872 1855 1909 fugiendam

1063 1917 1203 1947 putamus:
1238 1921 1286 1939 cur
1307 1922 1359 1939 non
1377 1913 1458 1939 etiam
1473 1921 1503 1939 ac
1519 1912 1630 1938 fortasse
1646 1911 1733 1946 magis
1748 1916 1856 1946 propter

1063 1958 1092 1976 se
1103 1949 1202 1977 formae
1213 1949 1372 1985 dignitatem
1384 1948 1549 1985 sequamur‘.>
1571 1953 1610 1979 et,
1623 1948 1646 1974 si
1658 1947 1855 1982 turpitudinem

1064 1986 1184 2023 fugimus
1201 1987 1227 2013 in
1243 1992 1312 2013 statu
1328 1992 1354 2013 et
1365 1992 1439 2014 motu
1449 1987 1581 2022 corporis,
1594 1985 1662 2021 quid
1673 1990 1722 2016 est,
1735 1993 1783 2012 cur
1792 1985 1856 2021 pul-

1062 2024 1244 2051 chritudinem
1266 2033 1318 2051 non
1337 2023 1502 2059 sequamur?
1529 2025 1617 2058 Atque
1628 2023 1708 2049 etiam
1720 2022 1855 2050 valetudi-

1063 2070 1133 2093 nem,
1157 2063 1240 2092 vires,
1264 2062 1425 2088 vacuitatem
1444 2060 1544 2088 doloris
1564 2069 1616 2087 non
1630 2064 1738 2095 propter
1752 2060 1855 2087 utilita-

1062 2104 1114 2125 tem
1135 2098 1233 2129 solum,
1255 2098 1304 2125 sed
1325 2100 1405 2125 etiam
1426 2099 1499 2133 ipsas
1519 2102 1626 2133 propter
1639 2105 1667 2123 se
1682 2102 1850 2132 expetemus.

1061 2136 1193 2168 Quoniam
1209 2136 1281 2162 enim
1298 2141 1391 2162 natura
1406 2137 1465 2162 suis
1478 2134 1606 2162 omnibus
1616 2133 1720 2169 expleri
1730 2134 1853 2169 partibus

1062 2173 1132 2203 vult.
1151 2173 1223 2200 bunc
1233 2178 1332 2200 statum
1343 2174 1462 2209 corporis
1472 2181 1521 2208 per
1530 2181 1559 2199 se
1573 2173 1664 2207 ipsum
1677 2173 1791 2206 expetit,
1803 2173 1853 2207 qui

1061 2215 1101 2237 est
1121 2211 1239 2237 maxime
1249 2219 1263 2236 e
1279 2215 1386 2237 natura:
1417 2218 1487 2245 quae
1497 2214 1549 2237 tota
1559 2208 1742 2244 perturbatur,
1768 2209 1793 2235 si
1807 2213 1853 2236 aut

1061 2256 1173 2283 aegrum
1197 2256 1296 2282 corpus
1321 2253 1374 2279 est,
1405 2252 1451 2274 aut
1475 2246 1548 2273 dolet
1570 2251 1617 2273 aut
1639 2251 1711 2272 caret
1734 2245 1850 2272 viribus.

1062 2285 1156 2310 XVIII.
1190 2286 1232 2311 ⁴8.
1259 2284 1406 2311 Videamus
1429 2285 1514 2311 animi
1533 2289 1634 2319 partes;
1675 2291 1790 2318 quarum
1811 2288 1852 2310 est

1061 2326 1185 2356 aspectus
1206 2321 1349 2348 illustrior:
1375 2330 1444 2357 quae
1468 2330 1523 2356 quo
1542 2325 1606 2347 sunt
1624 2319 1797 2350 excelsiores,
1819 2328 1852 2347 eo

1060 2358 1124 2385 dant
1138 2358 1250 2385 clariora
1268 2359 1368 2385 indicia
1386 2363 1506 2385 naturae.
1546 2358 1646 2384 Tantus
1660 2362 1701 2383 est
1715 2358 1851 2393 igiturin—

1060 2401 1138 2422 natus
1151 2397 1178 2422 in
1191 2396 1269 2423 nobis
1282 2396 1444 2432 cognitionis
1455 2404 1529 2422 amor
1539 2400 1565 2421 et
1573 2394 1715 2424 scientiae,
1732 2399 1761 2421 ut
1771 2402 1851 2421 nemo

1059 2433 1183 2459 dubitare
1206 2434 1300 2468 possit,
1323 2434 1390 2468 quin
1416 2432 1450 2459 ad
1469 2441 1514 2459 eas
1533 2440 1576 2458 res
1596 2431 1736 2458 hominum
1756 2436 1850 2458 natura

1060 2469 1134 2497 nullo
1148 2470 1329 2497 emolumento
1344 2471 1454 2497 invitata
1465 2469 1593 2504 rapiatur.
1631 2467 1808 2500 Videmusne,
1820 2473 1852 2495 ut.

1059 2508 1136 2542 pueri
1155 2515 1188 2534 ne
1208 2507 1369 2534 verberibus
1383 2506 1494 2542 quidem
1508 2514 1523 2532 a
1538 2504 1752 2539 contemplandis
1767 2506 1849 2532 rebus

1059 2544 1303 2580 perquirendisque
1313 2542 1514 2570 deterreantur?
1532 2547 1562 2569 ut
1574 2541 1646 2576 pulsi
1661 2547 1806 2573 recurrant,
1819 2547 1850 2569 ut

1059 2580 1162 2616 aliquid
1176 2582 1245 2608 seire
1259 2589 1288 2608 se
1302 2579 1453 2617 gaudeant?
1484 2584 1513 2606 ut
1528 2579 1589 2605 aliis
1599 2587 1705 2605 narrare
1715 2578 1850 2615 gestiant?

1059 2622 1088 2644 ut
1098 2626 1209 2653 pompa,
1232 2618 1303 2645 ludis
1322 2623 1401 2653 atque
1416 2616 1550 2643 eiusmodi
1564 2615 1725 2651 spectaculis
1739 2621 1849 2643 tene-an-

1059 2660 1115 2686 tur,
1137 2655 1172 2682 ob
1191 2663 1306 2691 eamque
1326 2663 1382 2681 rem
1397 2654 1439 2681 vel
1456 2653 1553 2681 famem
1568 2658 1594 2680 et
1608 2654 1682 2680 sitim
1697 2652 1849 2688 perferant?
