1941 3052
220 146 267 171 632
793 144 834 169 37.
869 143 904 168 M.

219 219 324 250 agatur,
348 223 440 241 verum
461 215 539 240 etiam
562 213 709 248 providere.
732 213 797 247 qnid
819 212 939 238 futurum
960 213 1008 239 sit:

219 252 355 278 ostendam
367 252 419 278 alio
432 252 498 281 loco,
515 255 646 286 «plantum
663 250 756 275 salutis
767 250 918 276 (priimunia
930 250 1012 276 inter—
1032 258 1033 264 ¹

219 291 262 319 sit.
276 289 343 315 ‹luos
355 288 478 315 consult-s
491 289 516 314 in
530 287 664 322 republica
679 287 804 312 Kalendis
817 287 870 312 lan.
883 295 952 312 esse.
985 288 1009 312 15.

219 326 294 358 Quod
306 327 327 352 si
342 327 374 352 ita
386 331 438 355 est.
458 335 507 351 non
525 330 576 350 tnm
594 333 635 350 me
646 323 764 350 officium
776 324 869 349 debuit
880 323 913 349 ad
926 323 1012 349 homi-

221 365 260 390 nis
273 363 348 389 amici
362 363 578 396 f‹›rtunns,1piam
591 360 741 395 respublica
752 360 889 387 consulem
901 360 1013 386 adcom—

221 410 328 427 iuuuem
341 401 452 425 salutem
465 398 658 424 defendendam
672 406 772 424 vocare.
809 399 849 424 lll.
863 398 928 424 Nom
940 397 1012 433 quod

221 438 304 470 legem
317 437 348 462 11⁴·
359 437 460 462 ambitu
473 436 534 465 tuli.
547 440 616 461 certe
628 436 660 461 ita
674 435 735 464 tuli.
751 440 778 460 ut
789 444 855 466 eam,
869 444 950 470 quam
963 435 1013 461 mi·
1034 460 1035 464 ,

221 475 302 500 himet
319 474 369 508 ipsi
383 472 540 507 iampridem
555 472 660 498 tulerim
672 472 704 498 (le
715 473 814 498 civium
828 472 954 507 periculis
966 472 1012 498 de-

221 511 368 540 fendendis,
383 519 433 536 nou
447 510 611 545 abrogarem.
643 510 746 535 Etenim
759 511 781 536 si
796 510 960 545 largitionem
975 509 1013 535 fa-

219 553 286 574 ctam
299 557 356 573 esse
368 547 518 577 confiterer.
534 547 613 582 idque
626 552 694 573 recte
707 546 804 573 factum
816 556 874 573 esse
885 547 1013 573 defende-

220 594 284 614 rem.
303 584 413 611 facerem
431 584 560 619 improbe,
579 584 683 610 etiamsi
699 584 768 610 alius
788 584 872 619 legem
891 584 1009 610 tulisset:

218 631 302 657 quum
316 631 377 648 vero
389 621 455 648 nihil
467 622 640 648 commissum
653 626 741 648 contra
755 621 838 657 legem
851 630 909 647 esse
921 621 1013 647 defen-

219 659 364 694 ‹l:1m.quid
376 659 504 694 est.quod
517 668 602 685 meam
615 659 798 685 defensionem
812 658 873 685 latio
885 658 950 693 legis
962 659 1013 685 im-

220 696 326 731 pediat?
354 698 378 722 6.
393 697 475 730 Negat
486 705 544 722 esse
555 696 676 722 eiusdem
688 697 846 726 severitatis,
860 696 1010 725 Catilinam.

218 734 330 760 exitium
352 728 514 768 reipublicae
531 734 597 760 intra
614 735 716 760 moenia
734 733 901 764 molientem,
923 733 1012 760 verbis
1033 737 1035 762 ξ

218 776 243 797 et
255 780 338 806 paene
349 771 461 805 imperio
472 771 541 797 Urbe
557 771 706 806 expulisse.
725 776 748 797 et
766 780 836 797 nunc
852 780 898 806 pro
912 771 939 797 L.
954 771 1012 796 Mu-

219 817 280 835 rena
292 808 389 834 dicere.
421 809 474 843 Ego
485 814 572 834 autem
587 809 633 834 has
646 813 732 843 partes
744 808 860 834 lenitatis
871 813 895 834 et
907 808 1012 834 miseri-

217 845 331 876 cordiae,
345 854 411 880 quas
424 855 464 871 me
477 850 568 871 natura
581 846 636 880 ipsa
648 846 746 875 docuit,
755 854 861 880 semper
871 846 913 881 egi
927 845 1012 871 liben-

219 887 269 910 ter:
286 882 358 909 illam
372 891 433 909 vero
444 883 582 919 gravitatis
592 883 795 918 severitatisque
808 891 947 917 personam
961 891 1011 909 non
1033 899 1034 904 .

218 920 350 955 appetivi.
373 920 420 946 sed
436 920 468 946 ub
484 920 619 955 republica
636 921 701 946 mihi
719 921 870 955 impositam
883 921 1010 949 sustinui,
1033 938 1041 947 .,

209 958 288 984 'sicut
302 957 384 984 liuius
401 958 506 992 imperii
521 958 651 993 dignitas,
675 958 701 984 in
717 966 825 984 summo
841 957 959 992 periculo
973 958 1013 983 ci—

219 995 302 1025 vium,
317 994 474 1029 postulabat.
496 994 570 1027 Quod
582 996 604 1021 si
618 1000 683 1026 tum,
696 1003 780 1030 quum
793 994 944 1030 respublica
957 995 1011 1020 vim
1032 1009 1041 1022 a

217 1037 244 1059 et
254 1032 422 1058 severitatem
433 1032 609 1064 desiderabat.
623 1033 673 1059 vici
686 1037 816 1063 naturam,
829 1037 854 1058 et
866 1036 918 1058 tam
931 1032 1012 1058 vebe-
1032 1037 1034 1049 ³

219 1078 294 1096 mens
306 1069 357 1101 fui,
375 1078 455 1104 quam
467 1069 592 1105 cogebar.
611 1078 661 1096 non
676 1078 757 1104 quam
770 1069 906 1096 volebam:
929 1078 1008 1100 nunc,

217 1116 302 1142 quum
318 1115 411 1133 omnes
427 1116 470 1133 me
484 1116 594 1133 caussae
609 1107 641 1133 ad
658 1107 867 1133 misericordiam
883 1111 962 1141 atque
978 1106 1011 1132 ad

218 1144 410 1171 humanitatem
423 1149 525 1176 vocent,
541 1150 641 1180 quanto
651 1144 757 1171 tandem
769 1144 859 1171 studio
870 1144 954 1171 debeo
965 1153 1011 1171 na—
1032 1151 1033 1157 ¹

218 1185 291 1208 turae
303 1191 377 1208 meae
387 1182 630 1218 consuetudinique
641 1182 760 1209 servire?
774 1184 811 1209 Ac
822 1183 855 1209 de
866 1183 954 1209 officio
963 1183 1010 1209 de-

218 1218 346 1246 fensionis
358 1228 431 1246 meae
442 1229 471 1246 ac
482 1220 514 1246 de
526 1221 625 1246 ratione
636 1221 813 1247 accusationis
825 1225 884 1246 tuae
899 1219 1010 1247 fortasse

217 1257 296 1283 etiam
308 1256 358 1283 alia
370 1258 396 1283 in
409 1262 482 1292 parte
492 1258 619 1284 orationis
630 1257 774 1284 dicendum
786 1258 863 1284 nohis
874 1258 933 1284 erit.

271 1295 296 1320 7.
319 1293 371 1320 Sed
382 1303 434 1325 me.
448 1294 559 1325 iudices,
574 1304 625 1321 non
638 1295 728 1321 minus
740 1295 856 1322 hominis
868 1295 1011 1330 sapientis-

216 1331 278 1357 simi
298 1336 378 1366 atque
398 1332 575 1363 ornatissimi,
603 1332 661 1358 Ser.
682 1332 810 1367 Sulpicii,
841 1333 1008 1367 conquestio,

215 1376 297 1403 quam
309 1368 416 1395 Catonis
427 1369 560 1396 accusatio
573 1370 770 1396 commovebat:
792 1371 839 1405 qui
850 1370 1010 1406 gravissime

215 1410 241 1431 et
252 1405 422 1432 acerbissime
434 1406 501 1432 ferre
511 1415 540 1433 se
550 1406 631 1438 dixit,
649 1416 704 1438 me,
719 1407 905 1434 familiaritatis
918 1415 1010 1433 neces-

215 1442 396 1478 situdinisque
411 1443 534 1475 oblitum,
551 1453 674 1470 caussam
691 1445 720 1471 L.
735 1445 860 1471 Murenae
875 1449 965 1471 contra
980 1453 1009 1470 se

214 1479 364 1506 defendere.
403 1481 470 1507 Huic
481 1489 542 1516 ego,
556 1481 672 1513 iudices,
685 1481 837 1508 satisfacere
847 1482 936 1517 cupio.
949 1490 1010 1508 vos-

215 1525 268 1551 que
279 1517 406 1544 adhibere
416 1518 538 1545 arbitros.
565 1519 633 1545 Nam
643 1527 729 1554 quum
740 1528 822 1555 grave
833 1524 881 1551 est,
894 1527 955 1545 vere
967 1527 1010 1545 ac-

214 1555 301 1581 cusari
312 1555 339 1581 in
351 1555 480 1587 amicitia.
497 1561 568 1587 tum,
585 1556 689 1583 etiamsi
706 1556 773 1583 falso
788 1557 934 1588 accuseris,
957 1565 1009 1582 non

214 1596 255 1618 est
265 1591 468 1628 negligendum.
509 1594 574 1629 Ego,
587 1593 644 1620 Ser.
657 1593 774 1628 Sulpici,
789 1602 832 1620 me
842 1594 870 1620 in
882 1594 1009 1629 petitione

214 1633 260 1655 tua
274 1629 323 1655 tibi
337 1630 426 1656 omnia
442 1630 530 1657 studia
545 1635 625 1665 atque
635 1631 721 1657 officia
732 1640 780 1666 pro
792 1635 879 1658 nostra
891 1631 1010 1657 necessi-

214 1665 307 1692 tudine
327 1671 352 1692 et
372 1667 498 1694 debuisse
517 1668 643 1694 confiteor
663 1673 688 1694 et
707 1668 871 1703 praestitisse
886 1668 1007 1694 arbitror.

214 1703 287 1729 Nihil
299 1703 347 1730 tibi
358 1704 527 1731 consulatum
539 1705 638 1740 petenti
650 1713 663 1731 a
675 1714 718 1731 me
733 1705 832 1736 defuit,
849 1704 923 1740 quod
938 1709 1009 1731 esset

213 1744 260 1766 aut
274 1740 307 1766 ab
323 1741 408 1767 amico
427 1747 472 1768 aut
487 1750 500 1768 a
516 1743 632 1778 gratioso
647 1747 692 1768 aut
707 1751 721 1768 a
739 1742 849 1769 consule
869 1741 1008 1777 postulan-

213 1777 290 1803 dum.
330 1777 403 1804 Abiit
414 1778 482 1805 illud
494 1784 614 1814 tempus:
626 1784 727 1806 mutata
739 1780 804 1806 ratio
816 1784 865 1806 est.
906 1779 950 1806 Sic
961 1788 1009 1806 ex-

214 1814 313 1846 istimo,
327 1815 366 1841 sic
377 1815 443 1842 mihi
454 1816 609 1850 persuadeo,
623 1825 666 1842 me
677 1817 724 1842 tibi
736 1822 824 1843 contra
837 1817 963 1843 honorem
976 1817 1006 1842 L.

214 1851 352 1883 Murenae,
369 1857 500 1887 quantum
517 1858 545 1880 tu
557 1862 570 1880 a
581 1862 623 1880 me
635 1853 770 1888 postulare
784 1862 868 1880 ausus
885 1854 932 1884 sis,
949 1859 1008 1880 tan-

214 1893 270 1915 tum
282 1888 424 1916 debuisse:
437 1894 526 1916 contra
538 1890 652 1917 salutem
664 1891 732 1917 nihil
743 1891 850 1918 debere.
876 1893 902 1917 8.
915 1891 1007 1926 Neque

213 1926 294 1957 enim,
307 1926 331 1953 si
342 1926 390 1953 tibi
402 1931 468 1959 tum,
481 1936 566 1962 quum
578 1933 680 1963 peteres
690 1928 868 1959 consulatum.
881 1928 953 1959 affui,
966 1928 1008 1955 id-

211 1964 282 1990 circo
293 1972 377 1993 nunc.
393 1972 478 1999 quum
492 1965 628 1991 Murenam
640 1966 730 2000 ipsum
741 1970 830 2000 petas.
847 1965 951 1992 adiutor
963 1974 1007 1992 eo-

211 2002 273 2027 dem
284 2005 360 2035 pacto
370 2009 429 2027 esse
440 2001 533 2029 debeo.
573 2002 661 2037 Atque
672 2002 722 2029 hoc
732 2011 784 2029 non
796 2002 874 2029 modo
885 2012 936 2030 non
950 2002 1007 2029 lau-

211 2038 279 2068 dari,
296 2037 344 2064 sed
356 2047 390 2064 ne
400 2039 509 2066 concedi
520 2040 630 2075 quidem
643 2044 738 2074 potest,
751 2045 789 2071 ut,
803 2041 896 2067 amicis
908 2041 1006 2067 nostris

210 2075 409 2107 accusantibus,
423 2085 475 2103 non
486 2077 564 2103 etiam
577 2076 756 2104 alienissimos
767 2077 954 2104 defendamus.

266 2112 309 2139 IV.
330 2113 396 2139 Mihi
412 2118 502 2140 autem
521 2122 583 2141 cum
598 2114 721 2145 Murena,
746 2114 863 2145 iudices.
885 2120 911 2141 et
927 2120 1005 2142 vetus

209 2153 236 2176 et
255 2158 351 2185 magna
371 2151 487 2177 amicitia
507 2156 561 2182 est.
585 2160 654 2186 quae
674 2152 701 2178 in
718 2152 813 2187 capitis
834 2152 1005 2179 dimicatione

210 2196 224 2213 a
245 2185 302 2213 Ser.
320 2186 442 2222 Sulpicio
461 2197 512 2215 non
533 2188 631 2215 idcirco
651 2189 792 2220 obruetur,
817 2189 889 2224 quod
908 2190 942 2216 ab
960 2198 1002 2216 eo-

209 2223 271 2250 dem
290 2225 317 2251 in
339 2224 446 2252 honoris
466 2227 634 2253 contentione
654 2231 778 2261 superata
799 2232 848 2253 est.
887 2226 961 2259 Quae
981 2227 1004 2253 si

208 2269 304 2288 caussa
315 2270 367 2288 non
378 2267 462 2294 esset,
476 2268 563 2290 tamen
575 2263 616 2290 vel
627 2263 745 2300 dignitas
762 2264 879 2290 hominis
895 2264 937 2290 vel
956 2264 1002 2291 ho-
1032 2292 1034 2294 ,

210 2299 281 2325 noris
295 2299 368 2331 eius,
390 2308 472 2335 quem
491 2300 603 2335 adeptus
623 2305 676 2332 est,
698 2301 848 2336 amplitudo
867 2310 1003 2328 summam

208 2335 276 2362 mihi
290 2336 432 2371 superbiae
447 2337 666 2373 crudelitatisque
683 2337 780 2364 famam
801 2339 958 2370 inussisset.
979 2339 1003 2366 si

210 2372 334 2405 hominis.
348 2378 374 2401 et
386 2375 444 2401 suis
455 2380 480 2401 et
490 2375 583 2410 populi
595 2376 707 2402 Romani
717 2377 880 2402 ornamentis
890 2375 1004 2411 amplis-

207 2410 284 2441 simi,
310 2419 432 2438 caussam
455 2413 521 2439 tanti
541 2412 653 2448 periculi
673 2413 869 2447 repudiassem.
909 2414 1002 2448 Neque

207 2447 279 2473 enim
290 2447 343 2474 iam
354 2449 422 2475 mihi
433 2449 503 2481 licet,
517 2458 604 2485 neque
614 2455 654 2476 est
664 2450 808 2486 integrum,
822 2455 852 2477 ut
862 2459 952 2477 meum
964 2451 1003 2476 la-

208 2482 299 2510 borem
320 2484 459 2513 hominum
478 2487 607 2522 periculis
632 2487 808 2514 sublevandis
831 2496 883 2514 non
902 2489 1003 2522 imper·

207 2520 282 2546 tiam.
322 2521 388 2548 Nam
403 2532 488 2558 quum
504 2525 621 2559 praemia
636 2524 703 2550 mihi
718 2529 789 2551 tanta
803 2533 851 2559 pro
861 2524 910 2551 hac
920 2524 1002 2551 indu—

207 2557 271 2583 stria
281 2558 335 2584 sint
345 2558 414 2591 data,
427 2566 526 2595 quanta
536 2566 612 2588 antea
624 2562 740 2588 nemini:
754 2561 866 2592 labores,
875 2569 922 2596 per
932 2570 1001 2597 quos

206 2602 237 2620 ea
247 2595 358 2629 ceperis,
371 2604 456 2630 quum
468 2598 580 2633 adeptus
590 2599 637 2629 sis,
649 2598 790 2633 deponere,
803 2602 875 2625 esset
883 2599 1000 2626 hominis

207 2635 234 2657 et
245 2631 327 2658 astuti
338 2637 364 2659 et
373 2633 479 2669 ingrati.
501 2635 578 2667 Quod
588 2636 612 2661 si
623 2635 684 2661 licet
693 2635 825 2666 desinere,
839 2636 862 2662 si
873 2640 899 2662 te
909 2641 1002 2662 aucto-

207 2676 236 2695 re
245 2677 372 2705 possum,
388 2671 411 2697 si
423 2671 496 2698 nulla
507 2672 629 2703 inertiae.
647 2671 720 2700 nulla
730 2672 873 2707 superbiae
884 2673 1002 2708 turpitu-

939 143 969 169 T.
1004 143 1281 170 CICERONIS

1032 215 1034 254 1
1063 213 1105 243 do,
1120 213 1192 239 nulla
1205 213 1408 240 inhumanitatis
1419 214 1496 250 culpa
1509 215 1669 251 suscipitur:
1691 224 1740 249 epo
1752 224 1814 243 vero
1827 216 1858 243 li-

1064 250 1155 276 benter
1165 250 1267 276 ‹tc-nino.
1290 253 1313 276 9.
1327 252 1373 277 Sin
1385 256 1471 278 autem
1485 252 1546 287 fuga
1561 253 1656 279 laboris
1667 253 1808 283 desidiam.
1817 262 1859 280 ro-

1064 287 1184 321 pudiutio
1198 287 1351 322 supplicum
1371 289 1539 323 superbiam.
1562 291 1708 316 amicorum
1728 290 1859 324 neglectio

1064 324 1260 358 improbitatem
1272 325 1404 359 coarguit.-
1419 326 1544 352 nimirum
1558 326 1621 353 haec
1631 336 1724 353 caussa
1735 333 1776 353 ent
1785 329 1858 354 eius-

1065 361 1145 389 modi.
1162 370 1243 396 quam
1257 371 1304 388 nec
1316 362 1465 388 industrius
1477 372 1524 389 nec
1537 364 1687 390 misericors
1698 373 1745 390 nec
1755 364 1858 392 officio-

1064 407 1111 424 sus
1128 398 1249 424 deserere
1265 400 1359 433 possit.
1399 400 1486 435 Atque
1502 401 1613 427 huiusce
1628 402 1664 427 rei
1678 403 1856 429 coniecturam

1064 435 1096 461 de
1108 440 1152 461 tuo
1164 437 1250 470 ipsius
1262 436 1360 467 studio,
1373 436 1458 467 Servi.
1474 437 1599 464 facillime
1609 439 1720 473 ceperis.
1757 440 1822 465 Nam
1833 448 1856 466 st

1065 473 1112 499 tibi
1129 482 1238 499 necesse
1253 478 1344 508 putas,
1367 475 1446 500 etiam
1462 474 1622 501 adversariis
1638 477 1783 502 amicorum
1799 481 1858 503 tuo-

1065 519 1137 540 rum.
1156 510 1188 536 de
1201 511 1257 536 iure
1273 510 1491 542 consulentibus,
1509 512 1682 546 respondere,
1700 518 1726 539 et
1741 514 1762 539 si
1780 519 1857 548 turpe

1064 548 1216 577 existimas,
1231 553 1254 573 te
1265 548 1404 578 advocato,
1419 549 1495 575 illurn
1509 550 1606 584 ipsum.
1619 558 1700 584 quem
1711 556 1798 576 contra
1812 560 1857 577 ve-

1065 585 1144 614 neris,
1157 594 1251 611 caussa
1262 585 1368 612 cadere:
1383 585 1435 612 noli
1448 591 1499 612 tarn
1511 595 1570 612 esse
1582 587 1708 617 iniustus,
1721 592 1758 616 ut,
1771 597 1856 623 quum

1065 623 1102 648 tui
1115 622 1200 648 fontes
1218 622 1257 648 vel
1274 623 1390 649 inimicis
1407 623 1460 649 tuis
1475 628 1594 658 pateant,
1617 629 1720 650 nostros
1733 623 1855 661 [rivulo-1]

1064 660 1142 685 etiam
1155 660 1248 686 amicis
1259 665 1337 694 putes
1349 660 1455 686 clausos
1467 669 1525 687 esse
1535 666 1664 696 oportere.
1698 663 1737 687 to.
1750 662 1855 688 Etenim

1064 697 1086 723 si
1100 706 1141 722 me
1154 702 1197 723 tua
1211 697 1376 723 familiaritas
1387 698 1420 723 ab
1432 697 1480 724 hac
1491 707 1585 724 caussa
1598 699 1769 727 removisset.
1792 704 1817 725 et
1833 700 1856 726 si

1065 734 1113 760 hoc
1125 734 1194 760 idem
1206 734 1236 766 Q.
1251 735 1397 765 Hortensio,
1413 735 1447 761 M.
1461 736 1563 765 Crasso.
1577 735 1734 762 clarissimis
1746 737 1820 767 viris,
1833 737 1856 763 si

1065 772 1126 797 item
1143 772 1249 802 ceteris,
1273 781 1286 797 a
1302 772 1403 807 quibus
1420 772 1540 808 intelligo
1551 778 1623 799 tuam
1639 774 1750 808 ffatiam
1767 774 1855 809 magni

1040 827 1041 834 .
1063 809 1210 840 aestimari.
1228 809 1382 836 accidisset:
1400 810 1426 836 in
1437 818 1466 835 ea
1478 810 1584 836 civitate
1595 809 1688 837 consul
1699 810 1856 846 designatus

1040 842 1041 861 1
1063 845 1229 872 defensorem
1242 856 1293 873 non
1306 847 1422 876 haberet.
1440 847 1466 873 in
1478 856 1530 882 qua
1544 848 1643 873 nemini
1656 856 1783 883 umquam
1796 848 1856 875 infi-

1064 892 1106 909 mo
1122 884 1234 909 maiores
1250 884 1332 910 nostri
1349 889 1489 919 patronum
1505 885 1598 911 deesse
1609 885 1760 912 voluerunt.

1064 930 1134 951 vero,
1152 921 1263 952 iudices,
1281 922 1338 956 ipse
1351 930 1392 948 me
1402 922 1582 948 existimarem
1596 921 1737 954 nefarium,
1753 923 1776 949 si
1788 923 1856 949 arni-

1062 966 1101 988 co,
1114 958 1260 989 crudelem,
1274 959 1296 984 si
1310 959 1420 989 misero,
1433 959 1591 994 superbum,
1605 960 1626 985 si
1638 959 1742 986 consuli
1753 959 1856 986 defuis-

1062 1004 1129 1022 sem.
1149 995 1245 1028 Quare.
1254 995 1326 1031 quod
1337 996 1454 1022 dandum
1467 1001 1507 1023 est
1517 997 1658 1027 amicitiae,
1667 996 1738 1033 large
1748 997 1857 1024 dabitur

1063 1041 1076 1058 a
1092 1041 1142 1063 me,
1162 1038 1190 1059 ut
1206 1038 1293 1059 tecum
1309 1042 1399 1069 agam.
1417 1034 1501 1065 Servi,
1520 1043 1571 1060 non
1587 1043 1678 1065 sec-us.
1696 1043 1725 1061 ac
1740 1035 1763 1060 si
1779 1043 1855 1061 meus

1062 1075 1133 1096 esset
1153 1069 1244 1101 frater,
1268 1071 1315 1105 qui
1337 1071 1403 1097 mihi
1425 1076 1465 1097 est
1484 1071 1649 1098 carissimus.
1672 1072 1724 1098 isto
1744 1072 1771 1098 in
1788 1071 1853 1098 loco.

1061 1107 1137 1139 Quod
1154 1107 1327 1134 tribuendum
1342 1113 1382 1134 est
1397 1108 1496 1139 officio.
1520 1108 1595 1139 fidei,
1619 1108 1754 1144 religioni.
1777 1108 1804 1135 id
1820 1109 1855 1135 ita

1062 1144 1230 1177 moderabor,
1250 1152 1278 1172 ut
1294 1146 1475 1178 meminerim,
1493 1154 1535 1174 me
1545 1151 1635 1174 contra
1645 1146 1723 1173 amici
1734 1146 1854 1174 studium

1063 1192 1109 1219 pro
1119 1184 1197 1210 amici
1209 1184 1328 1219 periculo
1338 1184 1435 1210 dicere.

1117 1221 1148 1247 V.
1168 1222 1207 1247 ll.
1229 1221 1363 1257 Intelligo.
1381 1222 1497 1252 iudices.
1515 1226 1568 1248 tres
1584 1222 1665 1248 totius
1677 1221 1854 1248 accusationis

1062 1263 1149 1293 partes
1162 1257 1258 1289 fuisse,
1276 1263 1301 1285 et
1315 1267 1406 1285 earum
1423 1267 1503 1285 unam
1516 1259 1542 1284 in
1554 1258 1760 1294 reprehensione
1775 1259 1852 1285 vitae.

1800 886 1856 921 Ego

1039 1311 1040 1314 =
1061 1296 1169 1322 alteram
1181 1296 1208 1322 in
1222 1296 1388 1322 contentione
1403 1295 1555 1332 dignitatis,
1573 1296 1677 1322 tertiam
1694 1296 1720 1322 in
1735 1296 1856 1322 crimini-

1062 1333 1112 1359 bus
1123 1333 1241 1359 ambitus
1252 1341 1310 1359 esse
1323 1338 1465 1359 versatam.
1499 1334 1586 1368 Atque
1597 1333 1692 1359 harum
1704 1333 1784 1359 trium
1796 1342 1855 1368 par-

1038 1367 1039 1388 ἶ
1061 1371 1128 1396 tium
1139 1371 1224 1405 prima
1236 1370 1290 1401 illa,
1303 1379 1372 1406 quae
1382 1371 1542 1407 gravissima
1552 1379 1612 1397 esse
1621 1370 1744 1401 debebat,
1757 1371 1792 1396 ita
1805 1370 1854 1397 fuit

1061 1408 1165 1434 infirma
1177 1412 1202 1434 et
1214 1407 1293 1438 levis,
1311 1413 1340 1434 ut
1351 1407 1412 1434 illos
1424 1407 1467 1434 lex
1478 1408 1564 1444 magis
1576 1407 1708 1443 quaedam
1718 1412 1855 1434 accusato—

1061 1445 1112 1475 ria,
1129 1453 1210 1479 quam
1227 1453 1288 1471 vera
1303 1444 1480 1472 maledicendi
1491 1445 1602 1472 facultas
1614 1445 1647 1471 de
1659 1445 1711 1471 vita
1723 1445 1753 1472 L.
1766 1445 1856 1471 Mure·

1061 1490 1109 1508 nae
1125 1482 1212 1509 dicere
1227 1481 1330 1517 aliquid
1344 1483 1469 1519 coegerit.
1509 1482 1617 1509 Obiecta
1632 1487 1672 1509 est
1689 1483 1761 1509 enim
1776 1482 1852 1509 Asia:

1060 1527 1129 1555 quae
1144 1520 1177 1546 ab
1193 1519 1243 1546 hoc
1259 1528 1310 1546 non
1327 1519 1360 1546 ad
1376 1519 1540 1555 voluptatem
1555 1524 1581 1546 et
1593 1519 1728 1546 luxuriam
1739 1520 1854 1554 expetita

1060 1561 1107 1587 est.
1117 1556 1163 1583 sed
1174 1557 1201 1583 in
1213 1556 1321 1583 militari
1334 1557 1422 1584 labore
1433 1562 1583 1593 peragrata:
1595 1557 1642 1593 qui
1654 1557 1677 1583 si
1689 1556 1852 1586 adolescens,

1060 1598 1134 1629 patre
1145 1602 1195 1620 suo
1206 1594 1377 1628 imperatore,
1391 1603 1443 1621 non
1455 1595 1610 1627 meruisset;
1627 1598 1673 1620 aut
1684 1594 1796 1625 hostem,
1810 1599 1855 1620 aut

1060 1631 1144 1666 patris
1159 1631 1302 1666 imperium
1318 1632 1454 1662 timuisse,
1478 1637 1523 1658 aut
1537 1640 1551 1658 a
1571 1636 1678 1666 parente
1698 1631 1854 1666 repudiatus

1061 1668 1205 1694 videretur.
1240 1669 1289 1697 An,
1302 1677 1387 1703 quum
1399 1668 1492 1694 sedere
1503 1669 1529 1695 in
1541 1669 1619 1704 equis
1630 1668 1854 1703 triumphantium

1060 1706 1214 1741 praetextati
1225 1705 1397 1740 potissimum
1410 1705 1457 1732 filii
1468 1705 1578 1736 soleant,
1592 1705 1655 1732 huic
1665 1705 1743 1732 donis
1754 1705 1854 1732 milita-

1060 1743 1136 1770 ribus
1146 1743 1229 1777 patris
1245 1742 1413 1777 triumphum
1429 1743 1552 1769 decorare
1568 1742 1726 1778 fugiendum
1743 1742 1808 1773 fuit,
1824 1748 1855 1769 ut

1059 1780 1140 1807 rebus
1162 1781 1339 1806 communiter
1361 1780 1445 1815 gestis
1472 1788 1555 1815 paene
1583 1779 1664 1806 simul
1691 1788 1753 1806 cum
1781 1784 1854 1814 patre

1059 1816 1255 1851 triumpharet?
1286 1819 1325 1843 ⁴2.
1340 1817 1388 1843 Hic
1399 1826 1470 1849 vero,
1483 1817 1596 1848 iudices.
1609 1822 1634 1843 et
1645 1816 1696 1843 fuit
1705 1817 1732 1843 in
1744 1817 1815 1848 Asia,
1829 1822 1854 1843 et

1060 1855 1116 1881 viro
1128 1854 1287 1885 fortissimo.
1301 1855 1404 1889 parenti
1414 1863 1477 1885 suo,
1495 1863 1592 1890 magno
1601 1853 1756 1880 adiumento
1766 1854 1794 1881 in
1807 1863 1854 1889 pe-

1059 1891 1166 1921 riculis,
1189 1891 1284 1918 solatio
1296 1892 1324 1918 in
1341 1891 1491 1922 laboribus,
1513 1891 1684 1927 gratulationi
1700 1892 1727 1918 in
1743 1891 1852 1918 victoria

1059 1928 1119 1955 fuit.
1159 1929 1191 1954 Et
1207 1929 1230 1954 si
1246 1928 1325 1955 habet
1339 1929 1401 1955 Asia
1416 1929 1599 1964 suspicionem
1616 1928 1738 1955 luxuriae
1757 1936 1854 1964 quam-

1057 1966 1129 1997 dam,
1143 1974 1194 1992 uon
1205 1966 1297 1992 Asiam
1308 1974 1457 2000 numquam
1470 1965 1585 1997 vidisse,
1597 1965 1645 1992 sed
1657 1966 1684 1992 in
1695 1966 1758 1992 Asia
1768 1966 1854 1992 conti—

1058 2008 1150 2030 nenter
1162 2003 1263 2029 vixisse
1280 2003 1444 2029 laudandum
1455 2008 1504 2029 est.
1525 2002 1704 2035 Quamobrem
1716 2011 1768 2030 non
1774 2003 1853 2030 Asiae

1058 2049 1154 2067 nomen
1169 2040 1352 2067 obiiciendum
1364 2041 1490 2067 Murenae
1505 2039 1569 2071 fuit,
1590 2048 1623 2066 ex
1637 2048 1690 2075 qua
1705 2039 1763 2066 laus
1774 2039 1854 2067 fami-

1058 2077 1117 2109 liae,
1131 2077 1258 2104 memoria
1269 2078 1370 2113 generi,
1384 2077 1467 2104 honos
1477 2082 1504 2104 et
1512 2077 1597 2114 gloria
1608 2077 1711 2104 nomini
1721 2078 1853 2104 eonstitu-

1056 2120 1082 2141 ta
1097 2119 1151 2142 est:
1174 2114 1222 2141 sed
1233 2114 1342 2150 aliquod
1353 2120 1398 2141 aut
1409 2115 1436 2141 in
1447 2115 1511 2141 Asia
1521 2119 1679 2149 susceptum
1690 2119 1737 2141 aut
1745 2122 1780 2141 ex
1789 2114 1852 2141 Asia

1056 2152 1224 2187 deportatum
1235 2151 1366 2188 flagitium
1377 2160 1407 2179 ac
1416 2151 1544 2179 dedecus.
1584 2152 1715 2178 Meruisse
1729 2159 1793 2178 vero
1802 2152 1851 2178 sti-

1056 2190 1154 2225 pendia
1169 2190 1197 2215 in
1212 2198 1243 2216 eo
1260 2189 1343 2221 bello,
1365 2189 1438 2224 quod
1454 2194 1511 2215 tum
1523 2188 1641 2224 populus
1651 2189 1788 2216 Romanus
1799 2197 1850 2216 non

1055 2227 1135 2254 modo
1149 2227 1312 2257 maximum,
1334 2227 1382 2253 sed
1396 2227 1476 2253 etiam
1485 2226 1573 2253 solum
1583 2226 1705 2262 gerebat,
1727 2226 1849 2259 virtutis;

1056 2269 1129 2299 patre
1157 2264 1317 2298 imperatore
1346 2263 1524 2290 libentissime
1551 2263 1696 2294 meruisse.
1727 2263 1849 2298 pietatis;

1055 2302 1136 2328 finem
1157 2300 1353 2335 stipendiorum
1372 2302 1456 2336 patris
1477 2301 1615 2327 victoriam
1634 2308 1665 2326 ac
1681 2299 1851 2335 triumphum

1055 2338 1149 2370 fuisse,
1162 2338 1296 2364 felicitatis
1307 2337 1368 2364 fuit.
1402 2337 1543 2365 Maledicte
1551 2337 1664 2373 quidem
1674 2336 1773 2364 idcirco
1781 2337 1849 2364 nihil

1054 2376 1082 2402 in
1093 2376 1167 2402 hisce
1177 2376 1260 2402 rebus
1271 2375 1322 2402 loci
1333 2380 1381 2406 est,
1393 2375 1466 2411 quod
1477 2375 1566 2402 omnia
1578 2374 1637 2400 laus
1646 2374 1797 2409 occupavit.

1109 2413 1153 2439 Vl.
1168 2414 1208 2439 ta.
1221 2412 1377 2439 Saltatorem
1389 2412 1692 2448 appellatL.Murenam
1704 2411 1776 2438 Cato.
1793 2411 1851 2438 Ma-

1054 2450 1182 2477 ledictum
1192 2455 1246 2481 est,
1262 2450 1286 2476 si
1300 2458 1362 2476 vere
1375 2450 1514 2480 obiicitur,
1531 2448 1699 2475 vehementis
1712 2453 1850 2475 aecusato-

1053 2488 1104 2514 ris:
1125 2488 1168 2513 sin
1180 2487 1260 2518 falso,
1278 2486 1403 2513 maledici
1413 2485 1608 2513 conviciatoris.
1648 2485 1745 2518 Quare,
1761 2493 1848 2521 quum

1052 2524 1103 2551 ista
1113 2525 1152 2551 sis
1162 2524 1325 2555 auctoritate,
1338 2532 1391 2551 non
1401 2523 1492 2554 debes,
1505 2523 1540 2550 M.
1553 2522 1625 2554 Cato,
1637 2523 1754 2558 arripere
1764 2522 1849 2550 male-

1052 2562 1155 2588 dictum
1175 2569 1209 2588 ex
1230 2561 1308 2588 trivio
1326 2565 1372 2587 aut
1387 2569 1420 2587 ex
1434 2569 1588 2587 scurrarum
1602 2559 1693 2595 aliquo
1711 2560 1844 2592 convivio,

1053 2607 1140 2634 neque
1151 2603 1250 2625 temere
1260 2598 1399 2624 consulem
1409 2597 1503 2633 populi
1513 2597 1626 2624 Romani
1636 2596 1788 2624 saltatorem
1798 2606 1847 2624 vo-

1051 2644 1111 2662 care
1119 2656 1125 2667 ,
1141 2635 1190 2662 sed
1199 2635 1417 2670 circumspicere,
1434 2635 1535 2671 quibus
1551 2639 1687 2670 praeterea
1697 2635 1772 2662 vitiis
1782 2634 1847 2661 affe-

1051 2677 1124 2700 ctum
1135 2680 1194 2699 esse
1205 2680 1314 2700 necesse
1323 2671 1360 2699 sit
1369 2680 1445 2705 eum,
1461 2672 1505 2700 cui
1521 2680 1584 2699 vere
1598 2671 1671 2699 istud
1686 2672 1767 2700 obiici
1783 2680 1846 2707 pos-
