1941 3052
199 169 247 194 352
766 166 806 191 at.
842 165 876 191 M.
911 166 941 191 T.

198 246 307 264 numero
322 238 429 272 lui-oqui·
444 237 583 262 ducimini.
624 236 693 266 Quid
709 234 788 260 vero‘!
805 235 849 260 illa
864 235 987 267 Segesta-

197 284 290 301 norum
307 284 356 301 non
372 275 457 300 solum
475 274 567 299 litu-ris
583 272 674 298 tradita
687 280 772 306 neque
784 276 986 297 commemorata

198 312 299 342 verbis,
320 312 366 337 aed
388 312 478 336 inultis
497 310 591 335 ofliciis
611 309 716 334 illorum
737 313 862 342 usurpata
877 313 902 334 et
915 317 987 334 com-

198 349 303 383 prolmia
317 349 438 381 <enganno
449 363 482 367 —
496 355 563 381 quos
579 346 683 371 tandein
699 345 801 371 fructus
816 346 928 371 huiusce
940 354 986 371 ne-

195 386 368 412 cessitudinis
390 386 414 410 iu
435 385 513 410 istius
529 383 639 417 imperio
654 383 732 408 tulit?
759 383 859 417 Nempe
875 383 923 409 hoc
937 382 987 408 fuit

198 425 265 451 iure,
288 422 401 451 iudices,
420 426 446 447 ut
461 429 493 446 ex
507 421 567 445 sinu
584 420 682 454 patriae
697 420 883 446 nobilissimus
898 419 987 445 adole-

195 469 272 485 κιϊιιῃ
290 464 315 484 et
333 468 346 484 e
364 458 504 491 complexu
524 457 615 482 matris
635 461 741 491 ereptus
765 457 891 483 innocens
914 457 986 483 tilius
1014 484 1016 493 ,

197 498 273 523 mins
292 496 405 521 carnifici
422 495 511 520 Sextio
529 494 679 520 dederetur.
720 495 768 520 Cui
788 495 888 520 civitati
904 495 987 520 maio-

196 543 236 559 res
260 533 340 559 nostri
364 532 493 558 ini-(imos
515 540 591 566 agros
614 536 694 566 atque
712 531 826 566 optimos
848 540 986 558 concesse-

195 575 268 601 ruut;
284 578 364 603 quam
381 569 527 595 immunem
541 577 600 595 esso
615 568 768 595 voluerunt:
786 569 858 599 haee,
875 569 947 604 apud
962 573 986 595 te

194 607 368 640 «agnationis,
386 606 528 637 fidelitatis,
546 606 694 637 vetustatis,
712 607 875 633 auctoritatis
890 615 923 632 ne
937 606 986 632 hoc

193 644 301 678 «pridem
318 644 359 669 ius
374 644 498 675 obtinuit,
515 648 544 669 ut
558 644 639 670 unius
654 644 836 670 honestissimi
851 648 930 678 atque
944 644 986 670 in-

194 681 375 707 nocentissimi
394 681 461 707 civis
479 685 590 707 mortem
610 685 634 707 et
652 682 811 717 sanguninem
831 681 986 716 deprecare-

194 724 243 744 tur.
286 718 398 744 XLVlll.
416 720 472 745 ⁴26.
493 718 551 750 Quo
563 718 718 755 confugient
735 719 818 745 socii‘?
839 727 920 753 quem
935 719 986 744 im-

193 755 352 790 plorabunt?
368 764 420 791 qua
435 764 482 791 spe
496 755 626 791 denique,
647 761 676 782 ut
691 757 780 782 vivere
795 756 890 787 velint,
912 761 986 782 tenc—

193 793 305 824 huntur,
325 794 347 819 si
368 802 414 819 vos
432 802 476 819 eos
495 793 642 819 deseretis?
667 793 706 820 Ad
725 798 846 820 senatum
866 794 982 823 venient,

191 831 238 865 qui
253 830 286 856 de
300 830 379 856 Verre
394 830 558 865 supplicium
574 831 700 857 sumunt?
721 840 772 857 non
787 836 828 857 est
843 831 981 860 usitatum.
1012 864 1014 869 Δ

192 876 243 894 ηοη
254 868 426 894 senatorium.
456 868 496 894 Ad
511 868 640 902 populum
652 869 799 894 Romanum
814 867 985 903 confugient?

192 904 277 931 facilis
295 909 336 931 est
353 914 447 932 caussa
467 905 569 940 populi.
610 906 707 941 Legem
723 906 792 931 enim
807 914 836 931 se
850 905 983 931 sociorum

190 951 285 969 caussa
308 942 421 969 iussisse
444 947 470 969 ct
491 952 537 969 vos
556 943 578 969 ei
600 942 649 979 legi
669 943 794 970 custodes
812 951 841 970 ac
864 942 984 969 vindices

191 980 377 1014 praeposuisse
391 980 470 1006 dicet.
511 981 557 1007 llic
577 980 649 1007 locus
667 986 707 1007 cst
725 982 807 1017 igitur
825 988 910 1011 unuS,
930 988 984 1015 quo

191 1017 356 1053 perfugiant:
372 1017 416 1043 hic
430 1022 531 1052 portus,
549 1018 612 1044 haec
626 1027 681 1048 arx,
699 1018 762 1045 haec
776 1027 820 1044 ara
834 1019 980 1045 sociorum:

189 1063 244 1089 quo
256 1054 366 1089 quidem
382 1063 453 1081 nunc
467 1064 517 1081 nou
533 1056 566 1081 ita
578 1055 745 1091 confugiunt,
762 1060 790 1082 ut
800 1060 876 1082 antea
887 1055 914 1082 in
925 1056 983 1082 suis

190 1092 340 1126 repetendis
354 1092 434 1118 rebus
448 1093 576 1119 solebant.
618 1093 674 1119 Non
689 1098 844 1128 argentum,
869 1102 921 1120 non
935 1101 983 1119 au-

190 1138 258 1160 rum,
275 1138 326 1156 non
342 1134 452 1161 vestem,
468 1138 519 1156 non
535 1130 665 1164 mancipia
681 1135 818 1165 repetunt:
839 1139 891 1157 non
905 1139 983 1157 orna·
1011 1139 1013 1167 3

190 1171 290 1197 menta,
312 1175 381 1201 quae
399 1176 431 1194 ex
446 1167 558 1193 urbibus
573 1167 696 1202 fanisque
710 1172 798 1202 erepta
812 1172 886 1194 sunt.
927 1168 982 1194 Me-

188 1208 267 1230 tuunt
282 1204 402 1230 homines
417 1205 546 1239 imperiti,
563 1213 595 1231 ne
611 1205 662 1231 iam
677 1205 742 1231 haec
756 1205 872 1240 populus
886 1206 982 1232 noma-

188 1249 240 1268 nus
258 1241 382 1268 concedat
401 1246 426 1268 et
444 1242 495 1267 iam
515 1242 571 1268 fleri
590 1241 663 1268 velit.
704 1243 823 1269 Patimur
841 1243 912 1269 enim
928 1243 980 1268 iam

188 1278 287 1305 multos
301 1287 384 1305 annos
399 1283 423 1305 et
437 1279 556 1310 silemus,
573 1288 657 1314 quum
669 1279 818 1312 videamus,
834 1280 867 1306 ad
881 1288 980 1315 paucos

188 1316 309 1342 homiues
328 1325 420 1343 omnes
439 1317 559 1343 omnium
578 1317 715 1343 nationum
734 1318 863 1352 pecunias
886 1325 982 1352 perve-
1010 1331 1011 1339 κ

187 1354 270 1380 nisse.
309 1352 385 1386 Quod
399 1362 429 1380 eo
443 1354 528 1389 magis
543 1353 610 1380 serre
624 1362 710 1389 aequo
722 1355 811 1382 animo
825 1360 904 1390 atque
918 1363 982 1381 con-

186 1390 278 1417 cedere
291 1390 427 1422 videmur,
444 1391 506 1426 quia
522 1399 599 1418 nemo
615 1392 728 1418 istorum
746 1392 912 1423 dissimulat,
934 1400 981 1418 ne-

186 1436 230 1454 mo
244 1427 355 1459 laborat,
377 1432 406 1455 ut
424 1428 536 1455 obscura
554 1438 602 1455 sua
621 1429 754 1464 cupiditas
773 1438 832 1456 esse
847 1429 978 1456 videatur.

187 1466 244 1492 ⁴27.
267 1465 296 1492 In
315 1465 380 1492 urbe
398 1470 486 1492 nostra
505 1465 684 1501 pulcherrima
708 1471 788 1502 atque
810 1467 980 1494 ornatissima

184 1502 256 1537 quod
270 1502 388 1538 signum,
404 1512 472 1538 quae
487 1503 575 1530 tabula
591 1504 659 1538 picta
675 1509 722 1535 est,
739 1513 808 1539 quae
822 1513 873 1531 non
888 1504 921 1531 ab
932 1504 980 1531 ho-

184 1540 272 1566 stibus
292 1540 369 1567 victis
387 1545 462 1576 capta
481 1546 560 1576 atque
578 1541 714 1576 deportata
733 1541 786 1568 sit?
810 1541 845 1568 At
866 1542 978 1568 istorum

184 1577 264 1604 villae
285 1578 418 1605 sociorum
441 1578 660 1605 fidelissimorum
683 1583 709 1606 et
730 1578 855 1614 plurimis
874 1584 900 1606 et
917 1579 980 1614 pul—

183 1614 323 1641 cherrimis
341 1615 435 1650 spoliis
454 1620 561 1642 ornatae
576 1615 739 1651 refertaeque
753 1621 826 1643 sunt.
867 1617 917 1643 Ubi
932 1625 979 1651 pe-

183 1653 276 1679 cunias
290 1657 440 1679 exterarum
455 1654 592 1679 nationum
607 1661 667 1680 esse
680 1654 860 1685 arbitramini,
876 1654 977 1689 quibus

183 1698 255 1716 nunc
268 1698 361 1716 omnes
375 1694 466 1725 egent,
485 1699 571 1725 quum
585 1690 716 1722 Athenas,
737 1691 894 1727 Pergamum
904 1711 910 1722 ,
926 1691 978 1727 Cy-

182 1727 284 1758 zicum,
308 1726 443 1759 Miletum,
469 1727 579 1759 Chium,
605 1727 730 1759 Samum,
758 1733 840 1755 totam
861 1728 977 1763 denique

183 1764 288 1795 Asiam,
303 1764 445 1795 Achaiam,
467 1764 618 1795 Graeciam,
640 1765 760 1792 Siciliam
774 1766 827 1792 iam
841 1766 869 1792 in
882 1767 976 1801 paucis

183 1800 256 1827 villis
270 1801 387 1828 inclusas
398 1810 457 1828 esse
469 1801 600 1828 videatis?
613 1801 665 1829 Sed
677 1802 748 1833 haec,
765 1807 794 1829 ut
804 1803 872 1835 dico,
888 1804 976 1830 omnia

182 1839 235 1864 iam
249 1839 314 1865 socii
328 1839 410 1865 vestri
424 1839 581 1874 relinquunt
594 1844 619 1865 et
634 1839 781 1875 negligunt,
798 1840 910 1867 iudices.
938 1841 976 1867 Ne

182 1875 290 1910 publice
303 1884 317 1902 a
332 1875 432 1911 populo
441 1876 559 1903 Romano
569 1876 755 1912 spoliarentur,
771 1877 868 1904 officiis
881 1886 910 1904 ac
925 1877 976 1904 fide

181 1913 368 1947 providerunt:
394 1922 540 1948 paucorum
554 1914 693 1948 cupiditati
708 1918 778 1946 tum,
798 1923 885 1950 quum
903 1915 977 1942 obsi-

181 1955 250 1976 stere
264 1958 316 1977 non
330 1954 458 1986 poterant,
475 1955 562 1977 tamen
577 1950 700 1978 sufficere
714 1951 804 1987 aliquo
814 1952 892 1979 modo
902 1958 977 1987 pote·-

182 1991 253 2014 rant:
273 1996 344 2014 nunc
359 1996 421 2015 vero
434 1988 487 2014 iam
500 1988 623 2023 adempta
637 1993 678 2015 est
692 1997 743 2015 non
758 1989 837 2016 modo
850 1991 976 2017 resisten-

181 2024 222 2056 di,
243 2033 337 2051 verum
355 2025 435 2052 etiam
453 2025 643 2061 suppeditandi
662 2025 783 2053 facultas.
824 2027 915 2062 ltaque
933 2036 975 2054 res

181 2070 243 2088 suas
257 2062 411 2098 negligunt:
431 2063 572 2098 pecunias,
593 2071 647 2098 quo
660 2064 766 2090 nomine
781 2063 911 2091 iudicium
925 2064 976 2092 hoc

181 2099 342 2133 appellatur,
367 2109 420 2127 non
442 2105 579 2135 repetunt3
605 2100 761 2136 relinquunt
779 2106 805 2127 et
822 2101 972 2138 negligunt.

182 2136 233 2163 Hoc
251 2137 304 2162 iam
323 2141 416 2163 ornatu
435 2137 469 2164 ad
487 2146 534 2164 vos
552 2137 719 2173 confugiunt.
760 2140 817 2165 ⁴28.
844 2140 971 2174 Aspicite,

181 2174 299 2208 aspicite,
315 2174 427 2206 iudices,
443 2175 595 2210 squalorem
609 2175 756 2210 sordesque
771 2177 918 2203 socioruml

236 2211 332 2237 XLIX.
347 2211 476 2239 Sthenius
490 2212 534 2239 hic
547 2212 736 2239 Thermitanus
750 2221 812 2240 cum
827 2213 876 2240 hoc
890 2213 974 2249 capil-

182 2247 206 2274 lo
223 2252 303 2283 atque
321 2253 407 2280 veste,
427 2249 506 2276 domo
524 2258 573 2276 sua
591 2253 643 2276 tota
661 2250 790 2285 expilata,
810 2252 972 2278 mentionem

181 2289 286 2312 tuorum
301 2285 432 2313 furtorum
446 2295 498 2314 non
513 2286 588 2314 facit:
608 2295 667 2314 sese
684 2288 774 2322 ipsum
793 2288 841 2315 abs
859 2293 884 2315 te
898 2297 974 2324 repe·

181 2322 220 2353 tit,
236 2322 303 2349 nihil
318 2323 449 2358 amplius:
465 2328 550 2351 totum
564 2325 636 2351 enim
651 2329 694 2351 tua
710 2325 822 2352 libidine
836 2330 862 2352 et
874 2326 973 2352 scelere

181 2367 214 2386 ex
227 2368 275 2386 sua
290 2361 387 2395 patria,
407 2361 434 2388 in
447 2370 501 2397 qua
515 2361 608 2388 multis
627 2362 773 2389 virtutibus
792 2367 818 2390 et
834 2363 972 2390 beneficiis

181 2395 268 2423 floruit
280 2398 413 2433 princepS,
430 2398 575 2425 sustulisti.
614 2399 686 2426 Dexo
701 2400 751 2431 hic,
767 2409 849 2435 quem
864 2401 970 2432 videtis,

182 2441 232 2459 non
246 2442 315 2468 quae
328 2435 437 2469 publice
450 2436 614 2472 Tyndaride,
630 2445 682 2463 non
696 2445 765 2472 quae
780 2438 905 2472 privatim
919 2438 972 2464 sibi

181 2470 318 2504 eripuisti,
342 2472 389 2498 sed
408 2474 518 2499 unicum
537 2474 618 2500 miser
635 2474 683 2500 abs
701 2479 726 2500 te
740 2474 825 2501 filium
840 2476 970 2510 optimum

181 2511 259 2541 atque
277 2508 526 2537 innocentissimum
544 2510 651 2546 flagitat.
692 2512 750 2538 Non
769 2521 802 2538 ex
820 2512 913 2539 litibus
928 2521 972 2539 ae-

180 2544 294 2570 stimatis
308 2545 361 2571 tuis
375 2547 514 2580 pecuniam
528 2547 647 2579 domum,
664 2548 711 2574 sed
726 2557 758 2575 ex
769 2554 812 2575 tua
822 2549 971 2576 calamitate

179 2580 262 2606 cineri
285 2585 363 2616 atque
382 2584 488 2610 ossibus
507 2584 554 2611 filii
572 2585 616 2611 sui
635 2585 761 2612 solatium
779 2586 838 2613 vult
862 2586 971 2622 aliquod

181 2621 321 2651 reportare.
362 2619 409 2645 Hic
427 2625 478 2647 tam
496 2622 604 2657 grandis
624 2627 686 2648 natu
700 2622 836 2649 Eubulida
850 2623 899 2650 hoc
913 2628 972 2650 tan-

181 2658 237 2680 tum
252 2660 341 2681 exacta
356 2660 438 2682 aetate
453 2657 549 2684 laboris
563 2659 721 2694 itinerisque
735 2661 862 2695 suscepit,
879 2669 931 2687 non
943 2665 971 2687 ut

179 2690 283 2726 aliquid
296 2691 329 2718 de
342 2693 399 2719 suis
409 2693 486 2720 bonis
496 2700 670 2730 recuperaret,
685 2697 733 2724 sed
743 2701 780 2729 ut,
796 2698 898 2733 quibus
907 2707 972 2724 ocu-

976 165 1250 191 (ltili-:noxis

1015 236 1017 254 'r
1040 234 1072 260 lis
1086 241 1208 261 erut-num
1222 236 1338 262 cervices
1353 236 1400 262 filii
1416 237 1456 263 aui
1477 236 1590 267 viderat.
1610 237 1706 266 iisdem
1725 245 1750 266 te
1767 249 1830 268 con-

1038 272 1193 298 demnatum
1211 273 1319 299 videret.
1357 275 1412 300 ⁴29.
1428 274 1455 300 Si
1471 283 1516 309 per
1531 275 1559 301 L.
1576 275 1710 302 Meu-num
1727 277 1829 305 licitum

1014 308 1016 314 ’
1038 314 1117 338 eusci,
1135 309 1250 341 iudiees;
1266 315 1363 336 inatres
1375 310 1491 341 illorum,
1508 320 1603 338 uxorea
1617 322 1775 349 sororesque
1784 324 1831 342 ve-

1040 346 1160 373 niebant:
1176 355 1291 382 quarum
1306 356 1366 377 una.
1382 356 1466 382 quum
1481 357 1531 384 ego
1543 349 1575 375 ad
1591 350 1736 377 Heracliam
1750 358 1828 379 noctu

1038 383 1203 414 accederem,
1224 392 1285 411 curn
1304 385 1430 411 omnibus
1450 387 1575 413 matronis
1593 388 1652 413 eiua
1670 389 1787 416 civitatis
1804 395 1832 416 et

1038 429 1099 446 rum
1119 420 1211 447 inultis
1231 421 1333 448 facibus
1352 422 1417 448 mihi
1436 423 1542 449 obviam
1562 425 1647 454 veuit,
1670 430 1696 451 et
1714 426 1763 456 ita.
1787 435 1830 453 me

1038 467 1113 483 suam
1133 458 1246 485 salutern
1265 459 1415 493 appellans,
1438 464 1463 486 te
1480 468 1561 486 suurn
1579 462 1728 489 carnificem
1743 464 1831 490 nomi-

1039 504 1118 524 nans,
1139 495 1186 522 lilii
1206 505 1301 522 nomen
1321 496 1480 531 implorans,
1501 497 1567 524 mihi
1586 498 1619 524 ad
1638 499 1718 533 pedes
1733 501 1829 527 misera

1038 533 1131 563 iacuit,
1151 533 1230 567 quasi
1249 542 1298 569 ego
1315 534 1429 560 excitare
1443 534 1527 561 lilium
1542 535 1600 561 eiua
1614 536 1647 562 ab
1662 536 1753 563 inferia
1768 546 1830 572 pos-

1038 578 1104 596 sem.
1132 570 1272 597 faciebant
1286 571 1334 597 hoc
1349 571 1419 597 idem
1433 572 1527 598 ceteris
1543 572 1568 598 in
1582 573 1737 600 civitatibus
1749 583 1830 610 gran-

1037 607 1084 633 des
1108 612 1170 634 natu
1194 613 1290 634 matres
1313 613 1337 634 et
1356 609 1418 635 item
1438 609 1543 644 parvuli
1563 609 1639 636 liberi
1653 611 1826 639 miserorum:

1037 653 1152 679 quorum
1180 650 1354 680 utrorumque
1379 651 1450 672 aetas
1477 646 1592 673 laborem
1619 652 1644 674 et
1669 648 1828 676 industriam

1038 690 1136 712 meam.
1163 682 1241 709 fidem
1261 687 1286 709 et
1305 683 1513 710 misericordiam
1532 689 1646 711 vestram
1665 686 1827 720 requirebat.

1039 720 1095 745 ⁴³0.
1112 720 1202 754 ltaque
1215 720 1247 746 ad
1263 729 1313 750 me,
1331 721 1441 751 iudices,
1458 726 1560 756 praeter
1572 726 1672 748 ceteras
1683 722 1751 750 hanc
1760 732 1829 758 que-

1037 757 1176 783 rimoniam
1191 757 1281 783 Sicilia
1295 757 1400 784 detulit.
1441 757 1569 785 Lacrimis
1583 767 1632 795 ego
1645 759 1677 785 ad
1692 759 1754 791 hoc,
1775 769 1828 788 non

1036 793 1119 829 gloria
1134 794 1260 821 inductus
1274 796 1387 822 accessi:
1404 804 1436 822 ne
1450 795 1515 822 falsa
1526 796 1669 827 damnatio,
1685 806 1718 824 ne
1727 806 1826 829 career,

1037 839 1069 857 ne
1082 835 1201 862 catenae,
1223 841 1256 859 ne
1270 832 1391 862 verbera.
1408 841 1440 859 ne
1454 842 1574 865 secures,
1591 843 1624 860 ne
1636 835 1770 861 cruciatus
1784 844 1828 862 so-

1036 869 1151 899 ciorum,
1173 878 1204 896 ne
1218 870 1329 905 sanguis
1348 871 1542 901 innocentium,
1563 880 1595 897 ne
1612 871 1729 907 denique
1746 873 1826 899 etiam

1035 907 1182 941 exsanguia
1200 915 1307 941 corpora
1326 912 1504 938 mortuorum,
1525 917 1558 934 nc
1571 917 1673 935 maeror
1687 914 1826 943 parentum

1035 952 1064 969 ac
1076 944 1286 980 propinquorum
1301 945 1502 981 magistratibus
1518 946 1614 972 nostris
1628 947 1752 981 quaestui
1765 955 1828 981 pos-

1035 985 1075 1007 set
1093 991 1161 1008 esse.
1203 982 1278 1008 Hunc
1296 991 1345 1017 ego
1361 983 1385 1008 si
1404 987 1504 1009 metum
1519 982 1638 1013 Siciliae,
1658 983 1827 1011 damnatione

1034 1019 1123 1050 istius,
1139 1027 1186 1054 per
1200 1024 1314 1046 vestram
1330 1019 1409 1046 iidem
1423 1024 1449 1046 et
1462 1020 1629 1046 severitatem
1640 1020 1768 1051 deiecero,
1784 1021 1828 1047 iu-

1034 1056 1121 1083 dices:
1143 1057 1207 1083 satis
1221 1057 1308 1083 officio
1323 1066 1393 1087 meo,
1414 1057 1479 1083 satis
1494 1057 1600 1084 illorum
1616 1057 1758 1089 voluntati.
1777 1059 1826 1094 qui

1034 1102 1047 1120 a
1063 1103 1104 1120 me
1118 1094 1167 1120 hoc
1181 1094 1341 1129 petiverunt,
1358 1094 1456 1120 factum
1470 1102 1529 1121 esse
1543 1095 1698 1121 arbitrabor.

1088 1131 1118 1158 L.
1136 1133 1192 1158 ⁴3¹.
1212 1131 1377 1166 Quapropter
1390 1132 1508 1166 siquem
1527 1131 1594 1158 forte
1612 1133 1758 1163 inveneris,
1777 1133 1826 1168 qui

1034 1168 1084 1195 hoc
1097 1168 1190 1195 navale
1203 1169 1304 1195 crimen
1318 1174 1427 1195 conetur
1439 1168 1590 1200 defendere.
1606 1170 1629 1196 is
1641 1170 1675 1196 ita
1685 1169 1823 1196 defendat:

1011 1198 1012 1207 ¹
1033 1205 1078 1232 illa
1099 1207 1265 1237 communia,
1293 1215 1362 1241 quae
1385 1206 1418 1233 ad
1440 1215 1563 1233 caussam
1590 1206 1656 1233 nihil
1683 1207 1824 1241 pertinent,

1033 1244 1237 1278 praeterinittat;
1253 1252 1295 1270 me
1308 1243 1415 1278 culpam
1426 1243 1546 1270 fortunae
1557 1245 1701 1279 assignare,
1717 1244 1826 1271 calami—

1034 1285 1113 1307 tatem
1127 1281 1232 1307 crimini
1247 1281 1322 1307 dare:
1344 1289 1385 1307 me
1400 1281 1571 1307 amissionem
1586 1281 1681 1308 classis
1695 1281 1822 1313 obiicere;

1032 1327 1118 1353 quum
1137 1317 1215 1345 multi
1234 1319 1285 1344 viri
1303 1318 1383 1344 fortes
1398 1319 1424 1345 in
1439 1319 1575 1345 communi
1590 1319 1741 1354 incertoque
1755 1319 1826 1354 peri-

1032 1355 1093 1382 culo
1106 1355 1170 1382 belli
1184 1360 1210 1382 et
1224 1360 1289 1382 terra
1304 1360 1329 1382 et
1343 1356 1409 1382 mari
1423 1364 1503 1390 saepe
1517 1355 1682 1382 offenderint.
1717 1356 1825 1383 Nullam

1033 1393 1081 1419 tibi
1096 1393 1193 1419 obiicio
1207 1392 1353 1419 fortunam:
1373 1393 1441 1419 nihil
1460 1398 1512 1423 est,
1532 1393 1604 1428 quod
1622 1398 1769 1420 ceterorum
1783 1402 1825 1420 res

1032 1431 1122 1456 minus
1132 1430 1270 1457 commode
1281 1435 1370 1465 gestas
1381 1429 1512 1465 proferas:
1529 1430 1595 1457 nihil
1606 1435 1655 1462 est,
1671 1430 1744 1466 quod
1753 1430 1825 1458 mul-

1032 1472 1119 1494 torum
1134 1467 1270 1504 naufragia
1285 1467 1405 1494 fortunae
1418 1467 1539 1503 colligas.
1567 1468 1624 1504 Ego
1637 1476 1718 1495 naves
1732 1469 1824 1495 inanes

1032 1505 1117 1531 fuisse
1139 1505 1212 1531 dico:
1238 1505 1352 1541 remiges
1371 1510 1519 1540 nautasque
1541 1505 1680 1532 dimissos:
1705 1505 1824 1541 reliquos

1031 1542 1161 1577 stirpibus
1177 1543 1276 1569 vixisse
1290 1542 1453 1577 palmarum:
1478 1542 1625 1578 praefuisse
1638 1542 1718 1569 classi
1731 1542 1823 1578 populi

1030 1581 1143 1606 Romani
1156 1579 1291 1610 Siculum,
1314 1578 1462 1616 [perpetuo]
1477 1581 1557 1607 sociis
1571 1584 1650 1615 atque
1663 1581 1758 1607 amicis
1771 1580 1825 1616 Sy-

1031 1626 1204 1644 racusanum:
1222 1622 1246 1643 te
1259 1617 1306 1644 illo
1320 1618 1379 1652 ipso
1389 1622 1506 1652 tempore
1515 1617 1756 1652 superioribusque
1765 1617 1824 1644 die-

1031 1654 1082 1681 bus
1105 1654 1232 1681 omnibus
1254 1654 1281 1680 in
1299 1654 1386 1681 littore
1404 1663 1466 1680 cum
1484 1654 1651 1681 mulierculis
1669 1659 1823 1689 perpotasse

1030 1691 1102 1718 dico:
1123 1691 1218 1718 harum
1237 1700 1325 1717 rerum
1344 1692 1465 1718 omnium
1479 1696 1599 1718 auctores
1613 1696 1748 1726 testesque
1761 1700 1823 1727 pro-

1029 1729 1108 1756 duco.
1133 1730 1189 1755 ⁴32.
1200 1729 1271 1755 Num
1286 1729 1334 1755 tibi
1348 1728 1478 1755 insultare
1491 1729 1518 1755 in
1528 1728 1685 1759 calamitate,
1701 1737 1766 1756 num
1780 1729 1823 1756 in·-

1030 1766 1177 1793 tercludere
1194 1765 1349 1801 perfugium
1368 1765 1502 1797 fortunae,
1527 1774 1592 1792 num
1608 1774 1689 1792 casus
1711 1765 1822 1793 bellicos

1029 1803 1188 1839 exprobrare
1201 1807 1246 1830 aut
1259 1804 1373 1830 obiicere
1384 1802 1493 1830 videor?
1505 1803 1622 1830 Tametsi
1632 1802 1720 1830 solent
1730 1803 1758 1830 hi
1769 1803 1823 1830 for-

1029 1846 1120 1867 tunam
1134 1841 1188 1867 sibi
1201 1841 1282 1867 obiici
1297 1840 1375 1872 nolle,
1391 1841 1439 1876 qui
1449 1849 1478 1867 se
1487 1840 1609 1867 fortunae
1618 1841 1820 1872 commiserunt,

1028 1879 1076 1913 qui
1090 1878 1117 1904 in
1132 1879 1191 1904 eius
1205 1877 1332 1913 periculis
1346 1883 1409 1905 sunt
1422 1887 1452 1904 ac
1466 1878 1591 1905 varietate
1604 1879 1711 1904 versati.
1741 1878 1822 1905 Istius

1027 1915 1137 1950 quidem
1159 1915 1316 1942 calamitatis
1339 1920 1400 1942 tuae
1418 1915 1522 1942 fortuna
1539 1915 1671 1950 particeps
1689 1923 1741 1942 non
1759 1915 1820 1942 fuit.

1027 1953 1153 1979 Homines
1167 1953 1238 1979 enim
1252 1954 1279 1979 in
1294 1953 1411 1988 praeliis,
1427 1961 1479 1979 non
1492 1953 1520 1980 in
1533 1953 1674 1984 conviviis,
1690 1952 1754 1979 belli
1768 1951 1822 1980 tor-

1027 1994 1119 2016 tunam
1133 1994 1241 2021 tentare,
1258 1989 1401 2025 periclitari
1414 1989 1509 2017 solent.
1548 1990 1577 2016 ln
1590 1989 1636 2016 illa
1650 1994 1738 2016 autem
1751 1989 1821 2016 cala-

1027 2028 1118 2054 mitate
1132 2036 1184 2054 non
1198 2028 1307 2054 Martem
1327 2027 1411 2054 fuisse
1428 2035 1611 2058 communem,
1631 2026 1680 2054 sed
1692 2027 1820 2054 Venerem

1027 2073 1172 2099 possumus
1191 2064 1288 2091 dicere.
1327 2064 1405 2097 Quod
1422 2065 1446 2091 si
1464 2064 1597 2091 fortunam
1610 2064 1690 2091 obiici
1705 2063 1753 2091 tibi
1766 2072 1820 2091 uon

1026 2106 1140 2137 oportet,
1159 2110 1208 2129 cur
1221 2107 1250 2128 tu
1265 2101 1385 2130 fortunae
1398 2101 1506 2132 illorum
1519 2101 1700 2128 innocentium
1713 2101 1820 2128 veniam

1026 2148 1055 2165 ac
1069 2139 1157 2166 locum
1171 2141 1224 2166 non
1237 2139 1354 2166 dedisti?
1379 2141 1437 2166 ⁴33.
1451 2139 1539 2166 Etiam
1553 2138 1622 2165 illud
1634 2137 1772 2173 praecidas
1787 2137 1821 2165 li-

1025 2181 1079 2208 cet,
1095 2176 1129 2203 de
1142 2177 1185 2203 bis
1198 2176 1271 2211 quod
1285 2175 1450 2211 supplicium
1464 2185 1537 2203 more
1550 2177 1681 2203 maiorum
1694 2183 1820 2210 sumpse-

1025 2215 1062 2241 ris
1081 2214 1225 2249 securique
1243 2214 1423 2248 percusseris,
1443 2213 1542 2240 idcirco
1554 2222 1569 2240 a
1582 2221 1625 2240 me
1638 2213 1666 2240 in
1679 2212 1780 2239 crimen
1792 2217 1819 2240 et

1025 2251 1154 2277 invidiam
1169 2252 1265 2277 vocari.
1288 2251 1344 2277 Non
1359 2251 1387 2277 in
1400 2250 1535 2286 supplicio
1547 2251 1648 2277 crimen
1657 2257 1749 2276 meum
1759 2257 1819 2276 ver-

1025 2289 1103 2315 titur:
1123 2297 1176 2315 non
1194 2296 1243 2324 ego
1260 2289 1347 2315 securi
1361 2296 1429 2323 nego
1443 2295 1607 2323 quemquam
1620 2286 1693 2313 feriri
1706 2286 1816 2314 debere:

1024 2334 1076 2352 non
1091 2333 1140 2362 ego
1153 2329 1254 2352 metum
1272 2334 1306 2352 ex
1323 2334 1351 2352 re
1369 2325 1491 2356 militari,
1511 2333 1564 2351 non
1580 2325 1748 2351 severitatem
1766 2324 1818 2351 im—

1024 2363 1100 2398 perii,
1117 2371 1168 2389 non
1183 2371 1294 2398 poenam
1308 2361 1402 2398 flagitii
1415 2362 1472 2389 tolli
1485 2361 1544 2388 dico
1557 2366 1686 2396 oportere.
1724 2361 1818 2388 Fateor

1023 2409 1076 2427 non
1098 2400 1177 2427 modo
1199 2401 1227 2426 in
1245 2400 1346 2431 socios,
1373 2399 1421 2426 sed
1438 2399 1518 2426 etiam
1534 2399 1563 2425 in
1577 2398 1650 2425 cives
1664 2397 1816 2433 militesque

1023 2442 1126 2464 nostros
1144 2445 1271 2472 persaepe
1288 2445 1347 2463 esse
1365 2445 1457 2463 severe
1470 2444 1500 2462 ac
1513 2435 1684 2462 vehementer
1697 2435 1817 2461 vindica-

1022 2479 1090 2501 tum.
1112 2475 1154 2501 LI.
1167 2474 1254 2507 Quare
1267 2474 1332 2501 haec
1344 2481 1452 2509 quoque
1465 2473 1659 2508 praetermittas
1669 2472 1738 2499 licet.
1759 2472 1816 2508 Ego

1022 2511 1129 2547 culpam
1144 2520 1196 2538 non
1211 2512 1240 2538 in
1255 2511 1405 2541 nauarchis,
1421 2510 1469 2536 sed
1479 2511 1507 2536 in
1518 2514 1542 2536 te
1552 2509 1637 2536 fuisse
1647 2509 1813 2536 demonstro:

1023 2553 1047 2575 te
1053 2550 1137 2584 pretio
1146 2548 1245 2575 milites
1255 2548 1424 2584 remigesque
1432 2547 1569 2574 dimisisse
1579 2555 1670 2582 arguo.
1686 2547 1739 2572 Hoc
1748 2554 1816 2573 nau-

1022 2586 1094 2612 archi
1109 2585 1206 2621 reliqui
1219 2585 1327 2612 dicunt:
1342 2584 1392 2611 hoc
1405 2585 1562 2611 Netinorum
1575 2583 1706 2610 foederata
1718 2583 1814 2610 civitas

1022 2623 1130 2657 publice
1143 2623 1221 2649 dicit:
1237 2623 1288 2649 hoe
1300 2622 1481 2652 Herbitenses,
1497 2621 1547 2648 hoc
1556 2620 1736 2650 Amestratini,
1753 2619 1815 2656 [hoc

1021 2658 1182 2696 Ennenses,]
1201 2660 1252 2686 hoc
1263 2659 1452 2695 Agyrinenses,
1469 2658 1642 2694 Tyndaritani
1654 2657 1763 2692 publice
1770 2655 1814 2683 di-

1021 2701 1098 2724 cunt:
1118 2701 1182 2723 tuus
1195 2696 1312 2732 denique
1325 2697 1414 2727 testis,
1434 2700 1498 2722 tuus
1516 2696 1671 2730 imperator,
1691 2698 1755 2721 tuus
1767 2701 1812 2721 ae-
