1941 3052
218 124 280 148 IU'JG
773 120 828 144 ΗΟ.
863 117 897 143 M.

253 193 320 219 llaec·
330 194 414 219 Imbro,
427 200 491 224 quur·
502 192 548 217 eali,
562 198 674 222 qutun-qua·
685 192 836 213 strumarum
848 189 926 212 libido

252 232 350 255 lutum:
362 234 388 254 a!
401 230 444 254 ullu
458 231 538 252 miv—nt
552 228 628 250 mulia
639 230 662 250 1¹!
671 226 808 257 praeclara
822 226 922 250 reticui.

217 268 392 301 (Ouialiilmrl,
411 264 496 298 inquit
508 261 675 291 Aristoteles,
695 265 719 286 in
735 263 815 289 bom,
834 270 881 286 non
898 263 923 286 ιἰι
940 263 1007 292 rcyt'u

215 306 331 337 apuli-ru
347 302 525 328 insu-rihvrvsj's
544 300 610 325 llaec
627 298 723 324 hahere
739 307 767 323 ue
784 302 917 323 mortuum
930 297 1004 327 (licit,

216 350 284 375 quae
297 350 327 366 nu·
341 339 418 364 vivus
430 337 538 371 quidem
551 336 654 361 (liutius
667 335 789 365 habehat,
805 344 886 369 ‹piiuu
901 334 1007 360 Irueha-
1028 336 1029 346 ¹

217 383 268 404 tur.
312 379 365 401 1412,
387 376 439 400 (Zur
457 375 536 406 igitur
551 373 661 398 divitiae
676 372 880 398 desiderentur?
899 377 944 398 aut
959 372 1006 397 uhi

217 418 356 449 paupertas
372 413 461 438 heatus
472 420 530 435 esse
543 419 592 436 uon
605 409 686 435 sinit?
706 410 811 444 ¹S'ignis.
824 408 912 439 eredo,
930 409 1007 435 tahu-

218 452 259 481 lis,
274 450 354 476 ludis.
395 449 422 474 Si
434 448 496 482 quis
507 453 555 477 est,
568 447 615 481 qui
628 446 670 472 his
681 446 835 476 delectetur,
853 455 940 472 nonne
951 455 1007 472 me-

217 489 268 514 lius
281 492 372 513 tenui-s
385 486 506 511 homines
519 484 741 518 sruuntur,quam
755 483 858 518 itti,qui
868 484 909 509 his
921 483 1007 509 abun-
1028 487 1036 507 ’ζ

215 525 295 550 (ΙυιιιἸ
316 525 359 549 list
374 523 444 548 enim
461 531 552 547 earum
568 521 689 547 omnium
702 530 789 546 rerum
803 526 890 547 nostra
903 521 928 547 in
942 520 1007 546 urbe

215 570 318 588 suiuma
334 561 358 586 iu
372 559 479 594 publico
490 559 575 593 copia.
616 558 689 590 Quae
700 558 747 593 qui
759 559 884 592 privatim
898 558 1004 587 habeut.

216 608 262 625 nec
275 603 326 624 tam
339 597 421 623 multa
432 601 457 622 et
469 606 526 622 raro
538 595 643 625 vident,
659 604 743 630 quum
757 596 782 621 iu
794 604 841 621 sua
853 604 913 621 rura
927 604 1007 621 vene-

216 640 286 662 runt.
326 634 397 666 Quos
410 639 495 660 tamen
511 633 607 668 pungit
623 632 740 667 aliquid,
757 641 856 667 quum,
875 631 919 657 illa
937 631 1007 658 unde

217 673 338 702 habeant,
352 671 532 698 recordantur.
565 671 624 696 Dies
635 669 750 699 deficiat,
764 670 787 695 si
799 669 879 695 velim
892 677 1008 704 pauper-

215 711 275 736 tatis
285 718 407 735 caussam
419 708 572 734 defendere.
600 708 693 741 Aperta
706 707 777 732 enim
790 715 831 732 res
842 711 891 737 est,
903 711 929 732 et
939 715 1008 741 quo-

216 747 279 773 tidie
296 756 342 772 nos
359 747 415 780 ipsa
432 750 524 772 natura
539 744 676 774 admonet,
697 753 778 779 quam
795 744 902 778 paucis,
925 752 1006 778 quam

215 785 305 819 parvis
317 783 396 809 rebus
408 787 491 817 egeat,
505 791 584 817 (luam
598 781 708 807 vilibus.

270 821 393 846 xxxvi.
418 822 472 846 ⁴03.
496 820 564 846 Num
581 818 828 854 igiturignobilitas
839 817 1008 844 authumili-

215 864 254 886 tas
260 858 390 884 autetiam
403 857 539 892 popularis
549 857 660 883 offensio
671 856 818 890 sapientem
830 855 937 881 beatum
948 863 1007 880 esse

215 894 386 930 prohibebit?
401 895 479 925 Vide,
496 904 528 920 ne
544 894 604 929 plus
620 893 815 919 commendatio
830 893 857 918 in
872 892 971 928 vulgus
983 896 1008 918 et

215 933 294 963 haec,
311 941 379 967 quae
391 933 536 966 expetitur,
555 931 638 967 gloria
651 930 786 957 molestiae
800 929 908 959 habeat,
925 938 1006 964 quam

216 970 370 1004 voluptatis.
412 968 555 995 Leviculus
568 977 630 995 sane
643 973 730 994 noster
741 967 941 998 Demosthenes,
959 967 1006 1001 qui

215 1007 261 1033 illo
276 1015 387 1033 susurro
403 1006 528 1032 delectari
544 1015 571 1032 se
587 1005 693 1032 dicebat
707 1013 802 1040 aquam
822 1003 931 1030 ferentis
947 1012 1008 1029 mu-

215 1044 354 1074 lierculae,
368 1048 397 1070 ut
409 1053 464 1070 mos
477 1045 502 1070 in
513 1044 622 1069 Graecia
634 1048 687 1073 cst,
708 1042 957 1076 insusurrantisque
968 1040 1008 1067 al-

215 1082 278 1112 teri,
294 1082 342 1107 llic
356 1086 391 1107 es!
408 1083 449 1107 ille
465 1082 647 1106 Demosthenes.
688 1079 759 1112 Quid
781 1079 829 1105 hoc
851 1077 956 1105 levius?
974 1078 1007 1104 At

214 1124 331 1154 quantus
342 1119 440 1144 orator!
455 1117 506 1144 Sed
519 1118 589 1152 apud
605 1117 670 1143 alios
683 1117 755 1152 loqui
768 1116 894 1142 videlicet
903 1115 1008 1142 didice-

215 1161 262 1185 rat,
277 1164 328 1182 non
341 1155 455 1181 multum
467 1156 523 1189 ipse
534 1164 636 1181 secum.
673 1155 728 1180 tot.
747 1153 956 1189 Intelligendum
967 1157 1007 1179 est

214 1194 309 1228 igitur.
327 1201 374 1218 nec
388 1192 500 1227 gloriam
517 1192 672 1227 popularem
689 1193 774 1226 ipsam
791 1200 838 1226 per
852 1199 911 1217 sese
925 1198 1008 1224 expe-

215 1230 330 1259 tendam,
340 1238 387 1255 nee
399 1229 592 1264 ignobilitatem
604 1228 841 1256 extimescendam.
862 1229 922 1254 Veni
931 1229 1007 1254 „titue-

213 1276 268 1297 mis,
282 1268 369 1301 iuquit
381 1267 558 1293 Democritus:
575 1276 653 1301 neque
664 1276 701 1292 me
711 1269 846 1300 quisquam
859 1263 913 1302 [ibt']
926 1273 1007 1298 agno-

213 1307 258 1330 vit.
299 1304 467 1330 Constantem
480 1304 616 1330 hominem
627 1309 652 1330 et
662 1304 786 1339 gravem!
808 1303 856 1338 qui
866 1302 1004 1338 glorietur,

213 1350 226 1367 a
238 1340 322 1376 gloria
334 1350 361 1367 se
376 1340 505 1368 abfuisse.
546 1342 585 1368 An
598 1341 722 1368 tibicines
737 1341 825 1375 iique,
843 1340 891 1375 qui
907 1339 1006 1365 Iidibus

213 1383 332 1409 utuntur,
349 1387 406 1408 suo,
425 1387 476 1405 non
488 1378 670 1405 multitudinis
682 1378 792 1405 arbitrio
806 1382 900 1404 cantus
912 1384 1008 1403 nume-

213 1424 309 1450 rosque
330 1415 514 1442 moderantur:
538 1417 579 1442 vir
596 1417 718 1450 sapiens,
739 1415 824 1441 multo
839 1419 893 1441 arte
907 1414 1006 1440 maiore

213 1452 362 1487 praeditus,
384 1462 436 1479 non
451 1452 518 1487 quid
534 1454 707 1480 verissimum
726 1453 774 1483 sit,
795 1452 843 1478 sed
858 1451 926 1487 quid
943 1450 1008 1478 velit
1034 1479 1035 1486 ,

1034 1507 1035 1512 .
1058 1489 1116 1520 ille,
1134 1490 1206 1524 quod
1218 1490 1389 1524 quaerimus,
1406 1493 1436 1514 ut
1451 1489 1560 1523 sapiens
1574 1496 1681 1522 semper
1696 1486 1790 1513 beatus
1805 1486 1851 1512 sit.

213 1489 320 1525 vulgus,
330 1490 470 1524 exquiret?
485 1490 524 1516 An
536 1490 686 1526 quidquam
698 1489 816 1520 stultius,
829 1498 925 1524 quam,
939 1497 1006 1523 quos

212 1526 342 1562 singulos,
355 1528 425 1554 sicut
435 1528 570 1562 operarios
582 1528 773 1562 barbarosque,
785 1532 948 1556 contemnaS,
961 1534 1006 1552 eos

212 1564 315 1598 aliquid
331 1569 423 1599 putare
437 1573 496 1591 esse
512 1564 670 1591 universos‘.⁷
690 1565 736 1591 Ille
752 1573 814 1590 vero
830 1569 934 1590 nostras
949 1572 1007 1590 am-
1034 1587 1035 1601 ,

1058 1602 1144 1632 enim,
1158 1600 1296 1627 horribilis
1308 1602 1358 1627 ista
1367 1601 1482 1627 caecitas
1492 1600 1594 1635 quibus
1605 1598 1712 1626 tandem
1723 1602 1794 1624 caret
1805 1605 1853 1624 vo-

212 1601 327 1627 hitiones
344 1601 519 1637 levitatesque
535 1607 698 1633 contemnet,
716 1602 885 1636 honoresque
900 1600 1004 1636 populi,

212 1639 291 1664 etiam
302 1638 371 1665 ultro
382 1638 496 1670 delatos,
515 1639 681 1674 repudiabit:
700 1648 747 1665 nos
761 1644 850 1665 autem
862 1647 907 1664 eos
919 1639 1007 1664 nesci-

213 1684 281 1705 mus,
290 1678 573 1711 antequampoenitere
585 1677 681 1712 coepit,
689 1681 868 1703 contemnere.
890 1677 946 1702 405.
959 1676 1007 1702 Est

212 1712 283 1747 apud
299 1713 461 1740 Heraclitum
476 1714 620 1750 physicum
636 1714 669 1740 de
688 1714 810 1749 principe
825 1713 1005 1748 Ephesiorum
1027 1711 1028 1714 ’

211 1750 385 1777 Hermodoro:
404 1753 534 1778 universos
547 1752 584 1778 ait
597 1751 717 1785 Ephesios
730 1760 782 1777 esse
791 1755 870 1776 morte
880 1752 1007 1776 mulctan-

211 1789 268 1817 dos,
283 1790 362 1821 quod,
379 1797 455 1821 quum
471 1791 573 1815 civitate
587 1790 741 1822 expellerent
752 1789 950 1819 Hermodorum,
969 1791 1006 1814 ita
1026 1781 1029 1811 l

213 1826 289 1851 locuti
299 1828 362 1851 sint:
379 1826 456 1851 Nemo
467 1828 497 1851 de
507 1828 578 1852 uobis
590 1835 655 1852 imus
664 1827 788 1852 excellat:
808 1828 847 1851 sin
859 1827 917 1858 quis
925 1828 1007 1851 exsti·
1026 1831 1028 1862 ξ

214 1864 284 1891 terit,
301 1863 354 1888 alio
369 1865 395 1888 in
410 1864 463 1889 loco
478 1868 501 1889 et
514 1866 584 1896 apud
593 1865 659 1889 alios
669 1866 712 1889 sit.
751 1862 793 1888 An
805 1862 854 1888 hoc
866 1870 918 1888 non
930 1863 966 1888 ita
979 1862 1007 1888 Iit
1026 1867 1028 1882 ἱ

212 1899 286 1924 omni
298 1899 324 1924 in
336 1899 451 1933 populo?
469 1900 562 1927 Nonne
573 1908 680 1927 omnem
691 1900 908 1934 exsuperantiam
920 1900 1007 1926 virtu-

213 1935 247 1961 tis
257 1935 387 1962 oderunt‘?
403 1936 491 1969 Quid‘?
508 1937 640 1964 Aristides
655 1937 734 1972 (malo
745 1937 818 1963 enim
830 1936 1003 1967 Graecorum,

213 1980 295 2006 quam
310 1978 397 1999 nostra
413 1974 540 2009 proferre)
555 1983 642 2001 nonne
652 1974 687 2001 ob
701 1983 759 2001 eam
773 1982 896 2000 caussam
908 1973 1006 2008 expul-

213 2018 260 2034 sus
281 2014 319 2036 est
339 2011 435 2044 patria,
462 2012 534 2046 quod
555 2016 659 2046 praeter
679 2011 789 2038 modum
811 2011 899 2037 iustus
918 2010 1006 2037 esset?

213 2046 325 2078 Quantis
335 2047 416 2082 igitur
428 2049 558 2075 molestiis
569 2053 672 2079 vacant,
680 2049 728 2083 qui
741 2047 931 2074 nihilomnino
943 2056 1005 2074 cum

214 2082 312 2117 populo
323 2084 493 2112 contrahunt!
507 2085 577 2118 Quid
589 2091 629 2112 est
638 2086 711 2112 enim
722 2085 831 2112 dulcius
841 2086 894 2112 otio
906 2085 1006 2111 littera-

214 2120 257 2146 to'?
276 2121 309 2146 iis
324 2120 384 2147 dico
400 2122 506 2153 litteris,
528 2123 630 2158 quibus
646 2123 805 2149 infinitatem
820 2131 910 2149 rerum
925 2127 1005 2157 atque

213 2162 335 2199 naturae,
353 2159 416 2185 etin
428 2159 476 2186 hoc
488 2161 547 2195 ipso
558 2160 659 2187 mundo
670 2160 788 2191 caelum,
807 2165 904 2191 terras,
922 2160 1006 2186 maria

212 2202 409 2229 cognoscimus.

268 2231 402 2259 XXXVll.
426 2234 481 2259 ⁴06.
503 2234 660 2269 Contempto
670 2235 754 2270 igitur
764 2234 872 2263 honore,
886 2238 1006 2260 contem-

212 2272 256 2301 pta
267 2270 346 2295 etiam
358 2271 480 2303 pecunia,
489 2271 554 2305 quid
567 2271 738 2307 relinquitur,
747 2271 1006 2306 quodextimescen-

212 2304 276 2346 dum
288 2305 340 2332 sit‘?
352 2306 588 2339 Exsiliunrcredo,
603 2309 676 2343 quod
687 2309 714 2335 in
727 2309 854 2335 maximis
864 2308 942 2334 malis
953 2307 1005 2334 du-

212 2346 290 2368 citur.
329 2342 357 2368 Id
373 2344 396 2369 si
412 2350 518 2378 propter
533 2345 646 2372 alienam
663 2350 689 2372 et
702 2345 830 2372 offensam
849 2345 942 2380 populi
957 2353 1005 2371 vo-

214 2378 339 2405 luntatem
351 2380 452 2406 malum
463 2386 515 2408 est:
531 2391 612 2416 quam
623 2383 660 2409 sit
669 2391 699 2409 ea
710 2382 913 2413 contemnenda,
926 2381 1006 2416 paul-

214 2414 238 2440 lo
253 2420 311 2441 ante
326 2416 427 2443 dictum
442 2423 491 2445 est.
531 2418 577 2445 Sin
593 2419 687 2446 abesse
704 2421 788 2454 patria
807 2420 937 2445 miserum
953 2423 1002 2450 est,

213 2451 305 2484 plenae
317 2455 475 2481 miserorum
487 2457 641 2490 provinciae
655 2461 730 2488 sunt;
744 2465 779 2483 ex
793 2457 895 2491 quibus
911 2455 1005 2482 admo-

213 2487 277 2529 dum
289 2491 366 2522 pauci
378 2492 404 2517 in
416 2493 528 2526 patriam
539 2498 718 2519 revertuntur.
738 2494 770 2519 At
782 2493 945 2519 mulctantur
955 2493 1004 2519 bo-

214 2533 255 2550 nis
266 2526 381 2553 exsules.
425 2530 479 2555 107.
501 2529 571 2561 Quid
587 2529 662 2556 tum?
677 2539 807 2564 parumne
822 2530 906 2556 multa
920 2529 953 2556 de
964 2535 1005 2556 to-

213 2559 319 2587 leranda
339 2571 490 2598 paupertate
505 2566 650 2593 dicuntur‘?
669 2568 723 2593 lam
739 2575 801 2594 vero
816 2567 958 2598 exsilium,
979 2567 1004 2593 si

213 2606 301 2624 rerum
313 2605 441 2632 naturam,
456 2611 507 2629 uon
521 2604 696 2638 ignominiam
707 2605 825 2630 nominis
834 2604 1001 2639 quaerimus,

213 2640 342 2668 quantum
354 2636 461 2664 demum
472 2648 486 2665 a
497 2645 623 2675 perpetua
635 2642 848 2677 peregrinatione
860 2639 965 2668 differt?
975 2641 1004 2668 in

930 117 961 142 T.
995 116 1272 143 CICERONIS

1057 195 1109 221 qua
1130 192 1228 212 aetates
1243 195 1306 212 suas
1323 186 1477 222 philosophi
1493 186 1656 214 nobilissimi
1674 196 1851 222 consumpse-

1059 229 1128 253 runt.
1144 223 1313 251 Xenocraten.
1327 225 1446 253 Crantor.
1458 224 1599 254 Arcen-itan.
1613 224 1740 260 Lacydes.
1750 225 1852 251 Aristo-

1059 260 1137 289 teles,
1155 260 1368 294 Theophrastus,
1386 261 1468 291 Zeno,
1491 261 1647 290 Cleanthe»,
1669 262 1849 297 Chrysippus.

1059 298 1204 331 Antipater,
1218 297 1376 327 Carneades,
1391 298 1746 328 Panaetius.Clit‹1nincliun,
1765 298 1850 327 Philo.

1059 334 1215 364 Antiochus,
1226 334 1393 364 Posidonius,
1404 335 1614 361 innumerabiles
1625 335 1684 362 alit:
1697 336 1755 370 qui.
1768 334 1851 362 semel

1058 372 1169 404 egressi.
1182 380 1329 406 numquam
1341 371 1451 398 ‹lomurn
1463 377 1638 398 reverterunt.
1659 373 1691 399 At
1700 374 1771 399 enirn
1783 374 1850 401 sine.

1060 409 1205 444 ignominia
1218 409 1228 420 ‘
1241 409 1251 420 ⁴
1272 408 1377 435 astieere
1398 409 1565 443 sapientem?
1586 409 1620 434 de
1640 411 1758 444 sapiente
1779 411 1852 436 enirn

1059 446 1123 472 haec
1134 447 1222 471 omnis
1233 447 1316 472 oratio
1327 451 1366 472 est
1375 467 1380 475 ,
1393 447 1436 472 cui
1451 447 1507 472 iure
1520 446 1545 472 id
1557 445 1676 472 accidere
1688 456 1739 473 non
1751 447 1849 481 possit:

1059 492 1119 509 nam
1133 484 1189 509 iure
1201 483 1369 510 exsulantem
1380 483 1511 509 consolari
1524 492 1575 509 non
1586 488 1698 517 oportet.
1733 485 1789 510 ⁴08.
1803 484 1853 510 1¹0-

1058 526 1157 546 stremo
1171 520 1203 546 ad
1213 530 1306 546 omnes
1318 529 1397 546 casus
1410 520 1535 547 facillima
1548 521 1614 546 ratio
1627 525 1666 546 est
1682 529 1788 550 eorum,
1803 521 1851 555 qui

1058 558 1090 583 ad
1103 557 1265 592 voluptatem
1277 566 1306 584 ea
1320 557 1446 587 referunt,
1457 566 1527 592 quae
1538 562 1690 592 sequuntur
1702 558 1727 584 in
1741 559 1802 587 vita,
1812 563 1850 588 ut,

1035 601 1037 610 ¹
1059 604 1231 630 quocumque
1247 595 1311 621 haec
1328 595 1384 621 loco
1399 595 1584 630 suppeditent.
1609 595 1646 620 ibi
1662 594 1737 621 beaw
1753 601 1854 630 queant

1060 633 1159 658 vivere.
1201 633 1291 667 Itaque
1308 632 1340 658 ad
1355 641 1462 658 ornnem
1483 632 1611 658 rationem
1627 631 1722 658 Teucri
1741 639 1791 658 vox
1808 640 1853 658 ao-

1058 668 1221 696 commodari
1233 674 1326 704 potest,

1132 721 1168 726 —
1182 707 1270 733 I'dtri'a
1282 712 1326 736 cst,
1340 708 1488 740 ubicumque
1498 710 1534 732 eat
1545 708 1611 732 bene.

1058 743 1177 770 Socrates
1189 743 1299 779 quidem
1310 753 1395 779 quum
1408 748 1557 779 rogaretur,
1573 743 1689 769 cuiatem
1700 750 1728 768 se
1739 750 1798 768 esse
1809 741 1852 768 di-

1058 786 1138 811 ceret,
1151 782 1322 810 Mumiunum.
1339 781 1436 816 inquit.
1476 781 1568 807 Totius
1579 781 1651 806 enim
1663 779 1757 806 mundi
1767 787 1796 805 se
1810 779 1853 805 in·-

1058 818 1143 845 colam
1168 823 1193 845 et
1217 819 1305 844 civem
1326 818 1514 844 arbitrabatur.
1554 817 1625 849 Quid
1648 817 1679 843 T.
1704 815 1854 843 Albucius?

1059 864 1145 882 nonne
1160 856 1249 881 animo
1260 855 1542 890 aequissimoAthenis
1552 854 1629 881 exsul
1642 853 1853 889 philosophaba-

1059 892 1118 919 tur‘?
1138 894 1182 919 cui
1198 898 1285 919 tamen
1302 892 1369 919 illud
1383 893 1470 927 ipsum
1483 901 1535 918 non
1547 891 1702 920 accidisset,
1716 891 1752 921 si,
1772 892 1798 917 in
1810 899 1853 917 re-

1059 930 1167 964 publica
1182 930 1338 965 quiescens,
1359 930 1469 964 Epicuri
1487 929 1592 965 legibus
1608 929 1751 963 paruisset.
1793 929 1850 954 ⁴09.

1058 967 1109 999 Qut
1126 968 1197 994 enim
1214 967 1314 993 beatior
1330 967 1476 1002 EpicuruS,
1497 966 1570 1001 quod
1585 967 1611 992 in
1626 966 1710 1000 patria
1732 964 1850 995 vivebat,

1058 1013 1139 1040 quam
1155 1004 1227 1039 quod
1243 1004 1356 1031 Athenis
1372 1003 1554 1030 Metrodorus?
1568 1008 1613 1029 aut
1628 1003 1700 1029 Plato
1716 1001 1852 1028 Xenocra-

1058 1047 1110 1069 tem
1128 1042 1264 1071 vincebat,
1283 1046 1328 1068 aut
1340 1041 1445 1068 Polemo
1459 1040 1618 1069 Arcesilam.
1635 1048 1690 1075 quo
1705 1044 1775 1065 esset
1788 1039 1853 1066 bea-

1058 1078 1126 1106 tior‘?
1145 1079 1243 1111 Quanti
1258 1088 1321 1105 vero
1337 1079 1386 1104 ista
1401 1079 1497 1104 civitas
1508 1077 1672 1104 aestimanda
1684 1081 1737 1105 est,
1754 1084 1787 1102 ex
1798 1084 1851 1111 qua

1058 1116 1121 1143 boni
1132 1117 1321 1151 sapientesque
1333 1115 1488 1150 pelluntur‘?
1498 1113 1779 1149 Demaratusquidem,
1787 1113 1853 1139 Tar-

1057 1154 1158 1188 quinii,
1173 1154 1244 1189 regis
1256 1154 1352 1183 nostri,
1366 1158 1452 1187 pater,
1465 1157 1606 1188 tyrannum
1621 1150 1767 1187 Cypselum
1778 1150 1852 1185 quod

1058 1191 1125 1217 serre
1146 1200 1197 1217 non
1219 1195 1328 1225 poterat,
1352 1189 1421 1225 sugit
1436 1190 1596 1224 Tarquinios
1611 1187 1751 1219 Corintho,
1772 1193 1798 1214 et
1813 1187 1852 1214 ihi

1057 1237 1120 1254 suas
1136 1227 1255 1254 fortunas
1270 1228 1408 1254 constituit
1423 1235 1453 1252 ac
1469 1226 1567 1253 liberos
1583 1226 1741 1261 procreavit.
1780 1225 1852 1251 Num

1034 1275 1036 1283 ¹
1057 1265 1136 1292 stulte
1152 1265 1304 1299 anteposuit
1319 1264 1409 1291 exsilii
1427 1264 1575 1290 libertatem
1586 1263 1752 1290 'domesticae
1765 1262 1853 1289 servi-

1034 1312 1036 1319 ¹
1058 1302 1125 1329 tuti‘?
1146 1302 1292 1329 xxxviii.
1318 1303 1373 1328 uo,
1395 1302 1449 1328 lam
1462 1309 1525 1327 vero
1536 1306 1623 1327 motus
1634 1300 1732 1330 animi.
1750 1298 1852 1326 solliei-

1058 1340 1165 1367 tudines
1176 1339 1414 1375 aegritudinesque
1424 1338 1560 1365 oblivione
1568 1338 1713 1367 leniuntur.
1723 1336 1852 1363 traductis

1034 1398 1035 1403 ,
1057 1378 1155 1404 animis
1162 1377 1194 1403 ad
1202 1377 1376 1412 voluptatem.
1391 1377 1450 1403 Nou
1460 1377 1518 1402 sine
1528 1384 1623 1402 caussa
1631 1375 1852 1411 igiturEpicurus

1057 1423 1140 1441 ausus
1146 1414 1280 1441 estdicere
1288 1435 1293 1445 ,
1302 1414 1442 1449 semperin
1454 1413 1579 1448 pluribus
1591 1413 1669 1439 bonis
1679 1420 1738 1438 esse
1744 1412 1853 1446 sapien-

1058 1457 1120 1482 tem,
1128 1453 1191 1487 quia
1198 1453 1344 1486 sempersit
1351 1452 1378 1478 in
1385 1450 1579 1486 voluptatibus.
1595 1450 1635 1476 Ex
1641 1448 1771 1485 quoeIIici
1778 1453 1854 1483 putat

1060 1529 1116 1553 ΙΗ.
1138 1527 1274 1557 Etiamne,
1295 1527 1319 1553 si
1335 1525 1463 1552 sensibus
1476 1525 1577 1552 carebit
1592 1524 1744 1553 oculorum,
1766 1523 1790 1549 si
1803 1530 1853 1549 au-

1058 1563 1148 1590 rium‘?
1167 1564 1268 1590 Etiam:
1296 1572 1358 1590 nam
1383 1564 1433 1589 ista
1457 1563 1515 1598 ipsa
1535 1562 1691 1588 contemnit.
1731 1561 1852 1593 Primum

1059 1638 1225 1673 luptatibus‘!
1244 1647 1330 1673 quum
1345 1637 1457 1673 quidam
1477 1638 1557 1664 etiarn
1577 1636 1729 1671 disputent,
1751 1640 1852 1661 ceteras

1057 1676 1208 1711 voluptates
1231 1676 1259 1702 in
1281 1676 1348 1710 ipsis
1368 1674 1488 1701 habitare
1508 1673 1649 1700 sensibus:
1673 1680 1743 1707 quae
1762 1676 1852 1698 autem

1057 1718 1166 1748 aspectu
1178 1713 1374 1748 percipiantur,
1388 1720 1418 1738 ea
1430 1720 1482 1738 non
1492 1711 1593 1737 versari
1607 1711 1634 1736 in
1645 1709 1785 1736 oculorum
1796 1708 1852 1735 ulla

1057 1750 1236 1777 iucunditate:
1256 1754 1285 1776 ut
1297 1758 1340 1781 ea,
1357 1757 1427 1784 quae
1437 1754 1592 1784 gustemuS,
1609 1746 1781 1776 olfaciamus,
1799 1750 1853 1772 tra-

1056 1793 1173 1818 ctemus,
1191 1786 1348 1817 audiamus,
1365 1787 1393 1812 in
1409 1794 1439 1812 ea
1455 1787 1528 1820 ipsa,
1545 1785 1594 1811 ubi
1609 1785 1755 1814 sentimus,
1777 1788 1853 1818 parte

1057 1829 1210 1855 versentur;
1224 1825 1251 1850 in
1262 1823 1348 1851 oculis
1359 1823 1410 1850 tale
1421 1822 1489 1849 nihil
1502 1822 1542 1853 sm
1557 1823 1664 1848 animus
1670 1821 1852 1855 accipit,quae

1057 1862 1192 1888 videmus.
1234 1862 1330 1888 Animo
1345 1866 1434 1887 autem
1449 1859 1542 1886 multis
1559 1859 1646 1886 modis
1657 1858 1795 1893 variisque
1804 1856 1853 1883 de-

1058 1899 1149 1926 lectari
1161 1898 1234 1928 licet,
1251 1899 1332 1925 etiam
1347 1898 1371 1924 si
1387 1906 1438 1924 non
1450 1897 1611 1923 adhibeatur
1625 1900 1760 1930 aspectus.
1800 1894 1853 1921 Lo—

1056 1945 1124 1971 quor
1139 1937 1211 1963 enim
1227 1935 1261 1962 de
1274 1935 1351 1962 docto
1362 1935 1470 1961 homine
1481 1939 1506 1960 et
1517 1933 1636 1964 erudito,
1653 1933 1699 1959 cui
1710 1932 1801 1958 vivere
1811 1936 1853 1958 est

1056 1974 1182 2009 cogitare.
1223 1972 1358 2008 Sapientis
1371 1977 1460 1998 autem
1471 1971 1596 2006 cogitatio
1606 1978 1659 1996 non
1670 1969 1753 1996 Ierrne
1763 1968 1798 1995 ad
1809 1969 1853 1995 in-

1057 2009 1247 2046 vestigandum
1258 2009 1369 2037 adhibet
1379 2008 1472 2036 oculos
1482 2008 1634 2034 advocatos.
1677 2008 1733 2032 ΗΞ.
1746 2006 1852 2032 Etenim

1057 2049 1079 2074 si
1092 2057 1145 2074 nox
1156 2056 1207 2074 non
1219 2047 1315 2073 adimit
1326 2048 1408 2073 vitam
1420 2046 1590 2076 beatam,cur
1601 2044 1660 2070 dies
1670 2044 1741 2070 nocti
1753 2042 1852 2069 similis

1057 2084 1174 2112 adimat?
1194 2085 1261 2111 Nam
1282 2083 1352 2110 illud
1371 2083 1505 2118 Antipatri
1520 2082 1660 2118 Cyrenaici
1680 2085 1720 2107 est
1739 2079 1852 2115 quidem

1057 2122 1148 2156 paullo
1158 2122 1317 2152 obscenius,
1334 2121 1381 2147 sed
1397 2129 1449 2147 non
1461 2119 1578 2146 absurda
1589 2119 1720 2144 sententia
1731 2122 1785 2143 est:
1802 2124 1852 2143 cu-

1057 2160 1100 2185 ius
1111 2159 1266 2186 caecitatem
1277 2167 1363 2193 quum
1375 2155 1773 2184 mulierculaelamentarentur,
1783 2154 1852 2186 Qum

1056 2196 1153 2230 nattis?
1172 2196 1274 2231 inquit:
1296 2205 1331 2221 an
1341 2197 1411 2221 robis
1421 2196 1493 2220 nullu
1504 2195 1604 2220 videtur
1614 2194 1732 2226 voluptas
1743 2199 1796 2217 ease
1804 2199 1851 2217 no-

1057 2233 1168 2260 cturna?
1188 2233 1307 2268 Appium
1322 2232 1434 2267 quidem
1449 2236 1567 2257 veterem
1583 2229 1675 2260 illum,
1692 2228 1740 2263 qui
1754 2235 1851 2254 caecus

1056 2279 1139 2297 annos
1152 2269 1250 2297 multos
1262 2269 1325 2300 fuit,
1339 2274 1363 2296 et
1374 2278 1409 2295 ex
1418 2267 1621 2304 magistratibus
1632 2271 1702 2292 etex
1712 2264 1793 2291 rebus
1802 2272 1850 2300 ge-

1055 2308 1104 2333 stis
1115 2306 1294 2342 intelligimus
1302 2327 1308 2333 .
1325 2307 1353 2333 in
1368 2305 1415 2332 illo
1425 2314 1474 2332 suo
1487 2313 1552 2331 casu
1562 2312 1611 2330 nec
1621 2303 1726 2338 privato
1736 2309 1785 2327 nec
1797 2309 1851 2335 pu-

1056 2344 1126 2371 blico
1147 2345 1253 2370 muneri
1273 2343 1403 2370 defuisse.
1443 2343 1474 2369 C.
1493 2342 1573 2368 Drusi
1593 2340 1703 2367 domum
1720 2338 1850 2373 compleri

1054 2381 1254 2408 consultoribus
1264 2380 1370 2407 solitam
1381 2380 1548 2414 accepimus:
1565 2385 1649 2412 quum
1657 2397 1663 2406 ,
1680 2383 1795 2410 quorum
1807 2383 1849 2401 res

1055 2423 1138 2449 esset,
1152 2427 1201 2445 sua
1213 2419 1266 2453 ipsi
1277 2427 1330 2444 non
1342 2417 1483 2447 videbant,
1499 2423 1609 2442 caecum
1620 2412 1785 2440 adhibebant
1795 2411 1849 2438 du-

1054 2464 1123 2482 cem.
1163 2456 1258 2482 Pueris
1268 2455 1360 2485 nobis,
1377 2454 1426 2481 Cn.
1437 2452 1563 2480 Aufidius
1573 2450 1721 2486 praetorius
1731 2454 1756 2475 et
1767 2449 1794 2475 in
1805 2457 1850 2475 se-

1055 2498 1118 2519 natu
1137 2493 1298 2519 sententiam
1318 2491 1437 2521 dicebat,
1459 2498 1508 2516 nec
1526 2488 1620 2515 amicis
1635 2486 1849 2513 deliberantibus

1054 2530 1156 2560 deerat,
1179 2534 1204 2556 et
1220 2529 1349 2556 Graecam
1365 2527 1499 2554 scribebat
1513 2525 1653 2552 historiam
1664 2529 1689 2549 et
1700 2523 1809 2549 videbat
1820 2524 1848 2549 in

1055 2566 1160 2593 litteris.
1194 2566 1322 2592 XXXIX.
1341 2567 1397 2591 ⁴⁴3.
1418 2563 1545 2590 Diodotus
1556 2561 1660 2588 Stoicus
1669 2569 1766 2586 caecus
1776 2559 1849 2586 mul-

1055 2609 1094 2630 tos
1105 2612 1188 2630 annos
1199 2609 1303 2630 nostrae
1314 2602 1388 2628 domi
1399 2601 1477 2627 vixit.
1511 2600 1535 2625 Is
1547 2607 1618 2628 vero.
1634 2597 1706 2632 quod
1717 2596 1848 2624 credibile

1055 2641 1102 2667 vix
1112 2645 1191 2671 esset,
1204 2649 1290 2676 quum
1301 2641 1328 2666 in
1338 2637 1510 2674 philosophia
1520 2635 1604 2662 multo
1615 2636 1695 2661 etiam
1706 2635 1793 2670 magis
1804 2642 1848 2660 as-
