1941 3052
308 115 633 143 EPISTOLARUM
663 114 717 141 AD
744 112 974 140 DIVERSOS
1006 112 1142 139 Llss.x.
1174 112 1344 138 EP.21-
1374 113 1415 138 ⁶28.
1634 113 1686 138 751Υ

45 197 116 216 mus,
156 187 208 214 Sed
223 187 290 222 quid
306 186 372 223 ago‘?
386 196 438 213 non
453 187 544 213 imitor
558 184 731 221 Λακωιίσμόν
746 189 837 211 tuum:

45 226 191 296 ῗὶίιῑὲζιῖἰὶιέιδῃ
202 224 307 261 pagella
318 224 448 260 procedit.
473 224 565 255 Vince,
578 228 604 250 et
614 222 683 249 vale.
707 231 766 249 Xiv.
779 221 838 248 Kal.

99 340 186 361 XXVI.
202 339 278 360 ARG.
294 338 412 360 Sollicitus
427 339 453 359 ale
465 338 557 358 Antonii
567 341 589 358 et
598 337 678 365 Lepidi
692 336 840 365 conspiratio-

46 383 81 401 ne,
91 383 143 397 mox
152 375 252 401 legiones
260 377 281 395 et
292 374 427 402 stipendium
436 374 496 394 mitti
505 373 560 394 vult.

271 411 350 432 (Occisis
359 412 427 432 Pansa,
437 411 499 429 Hirtio
509 417 555 428 coss.
567 410 620 432 711.)

136 457 166 482 D.
188 455 340 482 BRUTUS
359 455 436 481 IMP.
458 454 484 481 S.
506 454 536 480 P.
557 454 588 480 D.
609 454 645 480 M.
667 453 698 480 T.
719 453 749 480 C.

104 489 137 520 In
153 494 271 520 maximo
287 502 346 519 meo
357 492 447 519 dolore
460 492 509 518 hoc
520 491 614 518 solatio
625 496 698 521 utor,
716 489 788 525 quod
800 490 843 516 in-

48 531 175 567 telligunt
186 531 322 561 homines,
340 539 393 556 non
409 530 467 555 sine
483 538 578 555 caussa
593 537 636 554 me
648 528 770 554 timuisse
782 528 841 558 ista,

48 577 118 605 quae
130 568 293 595 acciderunt.
333 567 498 597 Deliberent‚
513 571 603 592 utrum
614 565 748 592 traiiciant
760 564 844 600 legio—

49 615 97 633 nes
109 615 143 632 ex
153 605 242 632 Africa
256 613 349 635 necne,
362 609 388 631 et
399 613 432 630 ex
443 603 565 630 Sardinia
575 602 591 618 *
600 602 629 635 *3
643 607 668 628 et
678 603 790 628 Brutum
802 610 845 627 ar-

48 648 155 671 cessant
166 651 263 669 necne:
277 642 381 669 etmihi
392 641 557 675 stipendium
568 640 641 671 dent,
650 648 682 666 an
690 648 741 665 non
752 639 845 665 decer-

50 686 124 708 nant.
163 680 205 707 Ad
218 684 341 707 senatum
357 679 457 705 litteras
473 678 546 704 misi.
586 677 670 704 Crede
685 677 768 707 mihi,
791 677 845 702 nisi

50 716 102 745 ista
112 718 202 745 omnia
214 718 249 744 ita
260 717 337 747 fiant,
355 715 584 751 quemadmodum
595 714 697 745 scribo,
715 722 845 750 magnum

51 764 99 782 nos
110 764 203 782 omnes
215 754 333 781 adituros
343 753 506 788 periculum.
536 753 609 788 Rogo
620 756 658 778 te:
672 751 770 782 videte,
783 751 846 786 qui-
867 777 868 781 ,

50 793 103 820 bus
120 792 276 819 hominibus
293 791 429 826 negotium
445 790 528 821 detis,
550 790 598 824 qui
614 788 647 815 ad
663 797 705 815 me
725 788 845 824 legiones

51 829 194 856 adducant.
234 829 267 855 Et
287 828 339 854 fide
353 836 421 863 opus
439 832 480 853 est
498 832 524 854 et
537 827 682 853 celeritate.
716 834 754 853 111.
776 827 844 853 Non.

51 868 110 894 lun.
123 876 157 893 ex
167 866 272 893 castris.

103 936 202 958 xxvn.
221 934 297 956 ARG.
316 936 413 959 Questus
424 937 470 954 erat
480 933 575 958 Matius,
591 932 690 954 accusari
701 939 725 954 ae
734 940 747 953 a
757 933 846 954 Cicero-

52 978 91 996 ne.
107 974 152 992 tum
164 971 220 998 quod
231 970 275 995 legi
285 969 371 991 cuidam
381 969 485 990 Caesaris
496 969 630 994 suffragatus
640 971 710 993 esset.
724 971 770 989 tum
781 969 846 989 etiam

53 1007 109 1034 quud
119 1006 191 1031 ludos,
202 1005 293 1027 Caesari
303 1008 388 1026 mortuo
399 1005 426 1025 ab
434 1004 554 1025 Octaviano
564 1004 636 1028 datos,
646 1007 754 1024 curasset.
784 1004 847 1025 Cice-

52 1049 77 1063 ro
87 1049 111 1062 ιε
120 1041 153 1061 ita
161 1043 248 1068 purgat,
258 1044 283 1061 ut
293 1040 385 1061 alterum
396 1047 420 1061 se
429 1039 516 1060 dixisse
527 1042 598 1064 neget,
609 1038 701 1060 alterum
711 1038 803 1060 honeste
813 1039 847 1060 in-

52 1079 193 1105 terpretetur.
221 1077 320 1101 (Anionio,
330 1077 430 1095 Dolabella
441 1083 487 1094 coss.
500 1077 555 1099 710.)

252 1121 288 1147 M.
311 1119 452 1147 CICERO
472 1119 595 1146 MATIO
615 1119 642 1146 S.

111 1161 134 1185 l.
155 1153 288 1185 Nondum
303 1159 368 1184 satis
383 1158 525 1188 constitui,
549 1157 721 1184 molestiaene
737 1156 800 1192 plus
816 1166 848 1184 an

54 1195 200 1231 voluptatis
212 1195 330 1222 attulerit
340 1195 556 1221 mihiTrebatius
567 1199 664 1226 noster,
674 1195 753 1222 homo
763 1203 849 1230 quum

54 1234 152 1269 plenus
162 1233 246 1260 officii
254 1254 260 1264 ,
280 1238 337 1259 tum
348 1233 491 1268 utriusque
503 1237 624 1258 nostrum
635 1233 848 1259 amantissimus.

54 1272 122 1298 Nam
134 1279 219 1306 quum
230 1271 257 1297 in
268 1270 452 1297 Tusculanum
463 1271 570 1304 vesperi
585 1271 734 1301 venissem,
752 1271 851 1304 postri-

54 1308 99 1335 die
110 1308 156 1335 ille
172 1308 205 1334 ad
220 1316 276 1339 me,
293 1307 412 1334 nondum
425 1308 489 1334 satis
501 1307 576 1333 firmo
590 1316 699 1342 corpore
710 1316 796 1342 quum
807 1316 851 1334 es-

54 1350 104 1377 set,
117 1354 195 1372 mane
206 1346 290 1372 venit.
329 1345 415 1377 Quem
426 1353 511 1380 quum
522 1345 703 1379 obiurgarem.
719 1345 791 1380 quod
804 1354 852 1379 pa-

55 1392 116 1410 rum
131 1383 280 1410 valetudini
296 1387 428 1417 parceret,
446 1387 502 1409 tum
519 1382 577 1413 ille,
596 1382 664 1408 nihil
679 1383 732 1408 sibi
744 1382 851 1418 longius

56 1420 150 1452 fuisse,
163 1429 245 1456 quam
257 1424 286 1446 ut
297 1428 339 1446 me
350 1419 463 1446 videret.
491 1420 561 1446 Num
573 1419 713 1454 quidnam,
727 1421 848 1455 inquam,

55 1457 137 1485 novi‘?
156 1458 256 1484 Detulit
274 1457 307 1484 ad
323 1466 365 1483 me
381 1456 518 1492 querelam
539 1462 626 1488 tuam,
648 1457 681 1483 de
701 1466 754 1492 qua
774 1458 851 1492 prius

55 1504 137 1531 quam
148 1495 306 1530 respondeo,
320 1503 403 1529 pauca
415 1502 588 1530 praeponam.
608 1496 633 1521 2.
645 1494 781 1526 Quantum
794 1503 852 1521 me-

55 1533 140 1560 moria
156 1537 275 1568 repetere
291 1532 432 1567 praeterita
448 1540 574 1567 possum,
595 1540 674 1558 nemo
689 1537 730 1559 est
743 1532 812 1558 mihi
827 1537 851 1558 te

55 1571 159 1597 amicus
175 1570 319 1605 antiquior.
359 1569 411 1595 Sed
427 1574 546 1596 vetustas
563 1569 644 1595 habet
658 1569 762 1604 aliquid
777 1578 851 1596 com-

55 1616 138 1635 mune
152 1616 214 1634 cum
230 1607 337 1634 multis:
355 1615 429 1633 amor
443 1615 495 1633 non
509 1606 598 1633 habet.
639 1607 725 1633 Dilexi
742 1611 779 1638 te,
797 1615 851 1642 quo

55 1645 100 1672 die
110 1646 234 1681 cognovi,
248 1652 346 1680 meque
358 1653 372 1670 a
384 1649 408 1671 te
420 1643 499 1680 diligi
510 1643 640 1671 iudicavi.
667 1645 741 1671 Tuus
753 1644 851 1671 deinde

55 1682 206 1714 discessus,
224 1683 301 1717 isque
317 1682 476 1713 diuturnus,
499 1681 611 1708 ambitio
627 1686 716 1708 nostra
735 1686 762 1708 et
781 1683 851 1709 vitae

55 1720 251 1747 dissimilitudo
263 1728 315 1746 non
325 1724 367 1746 est
376 1727 455 1754 passa
466 1718 616 1746 voluntates
624 1724 727 1746 nostras
738 1728 853 1746 consue-

56 1757 150 1785 tudine
165 1757 355 1793 conglutinari.
395 1757 484 1783 Tuum
499 1761 587 1783 tamen
602 1765 665 1793 erga
677 1765 719 1783 me
730 1757 852 1783 animum

57 1795 155 1831 agnovi
165 1795 259 1821 multis
270 1795 348 1821 annis
359 1798 418 1821 ante
430 1794 533 1820 bellum
548 1793 629 1821 civile
637 1816 643 1826 ,
660 1803 746 1830 quum
756 1794 854 1821 Caesar

57 1836 128 1859 esset
142 1832 170 1858 in
186 1832 283 1859 Gallia.
322 1831 399 1864 Quod
420 1832 492 1857 enim
512 1831 685 1858 vehementer
703 1832 771 1858 mibi
787 1831 852 1858 utile

57 1877 117 1896 esse
128 1869 241 1903 putabas
253 1877 301 1895 nec
312 1869 407 1895 inutile
418 1868 593 1903 ipsiCaesari,
607 1869 753 1904 perfecisti,
767 1874 796 1896 ut
807 1869 852 1895 ille

58 1915 102 1933 me
112 1906 250 1942 diligeret,
263 1906 372 1937 coleret,
386 1906 496 1932 haberet
506 1907 533 1932 in
545 1907 612 1933 suis.
640 1906 722 1933 Multa
734 1911 853 1942 praeter-

58 1952 104 1975 eo,
123 1951 192 1978 quae
204 1943 369 1978 temporibus
381 1942 435 1969 illis
448 1943 516 1969 inter
526 1952 574 1970 nos
589 1943 799 1970 familiarissime
810 1944 853 1970 di-

58 1985 109 2012 cta,
122 1981 235 2015 scripta,
248 1980 443 2007 communicata
455 1981 521 2006 sint:
539 1981 661 2015 graviora
676 1982 747 2007 enim
758 1990 853 2008 conse-

58 2023 120 2045 cuta
132 2022 204 2044 sunt.
231 2019 255 2044 3,
272 2018 305 2044 Et
316 2018 392 2043 initio
404 2017 467 2043 belli
479 2017 569 2043 civilis
580 2026 665 2052 quum
677 2018 852 2045 Brundisium

59 2064 156 2083 versus
176 2056 229 2081 ires
244 2054 277 2081 ad
292 2055 446 2085 Caesarem,
469 2055 567 2081 venisti
583 2055 616 2081 ad
632 2064 674 2081 me
691 2056 717 2082 in
734 2056 854 2082 Formia-

59 2101 136 2120 num.
166 2093 288 2118 Primum
300 2091 350 2118 hoc
364 2092 453 2126 ipsum
465 2093 569 2127 quanti,
583 2093 739 2127 praesertim
751 2098 854 2128 tempo-

60 2130 137 2157 ribus
148 2129 216 2156 illis!
238 2128 340 2156 Deinde
350 2129 464 2155 oblitum
476 2137 518 2155 me
529 2134 608 2163 putas
619 2130 726 2156 consilii
734 2151 740 2161 ,
753 2139 855 2157 sermo-

61 2168 112 2198 nis,
121 2167 297 2194 humanitatis
308 2165 386 2193 tuae?
396 2166 497 2201 quibus
509 2166 590 2193 rebus
602 2167 730 2193 interesse
743 2168 855 2194 memini

61 2204 226 2232 Trebatium.
250 2204 303 2230 Nec
316 2211 378 2229 vero
389 2212 449 2229 sum
463 2203 564 2230 oblitus
576 2203 724 2230 litterarum
736 2209 853 2235 tuarum,

61 2249 128 2278 quas
139 2241 172 2268 ad
187 2250 229 2268 me
240 2241 348 2271 misisti,
361 2249 446 2275 quum
459 2240 564 2267 Caesari
573 2241 682 2267 obviam
695 2243 816 2268 venisses
828 2244 854 2269 in

61 2286 133 2315 agro,
146 2283 176 2306 ut
186 2279 308 2310 arbitror,
322 2277 483 2304 Trebulano.
524 2279 548 2304 4.
569 2278 696 2305 Secutum
707 2278 775 2305 illud
788 2284 856 2306 tem—

62 2323 113 2351 pus
124 2321 172 2347 est,
185 2324 271 2351 quum
287 2324 329 2342 me
340 2314 373 2341 ad
386 2315 542 2350 Pompeium
555 2315 688 2350 proticisci
700 2316 758 2343 sive
769 2317 856 2351 pudor

62 2361 139 2380 meus
154 2354 241 2390 coegit
256 2354 314 2379 sivo
329 2352 449 2379 officium
464 2353 523 2378 sive
545 2352 658 2379 fortuna.
698 2352 775 2386 Quod
796 2353 856 2379 osli-

62 2390 134 2417 cium
146 2395 236 2422 tuum,
253 2390 326 2426 quod
342 2390 463 2416 studium
477 2389 518 2415 vel
532 2389 558 2415 in
570 2390 707 2416 absentem
719 2399 761 2416 me
774 2390 815 2416 vel
829 2391 854 2416 in

62 2433 215 2463 praesentes
236 2436 309 2454 meos
328 2426 432 2454 defuit?
451 2427 536 2459 Quem
558 2435 635 2461 porro
653 2436 748 2454 omnes
762 2428 815 2454 mci
831 2432 856 2454 et

63 2464 131 2491 mihi
142 2469 168 2492 et
178 2465 232 2492 sibi
243 2469 268 2492 te
279 2465 433 2492 amiciorem
446 2463 652 2491 iudicaverunt?
662 2465 729 2491 Veni
740 2464 857 2492 Brundi-

63 2501 146 2529 sium.
183 2502 340 2530 Oblitumne
356 2510 398 2528 me
414 2507 506 2537 putas,
522 2510 575 2536 qua
590 2501 737 2533 celeritate,
755 2507 785 2528 ut
800 2502 857 2537 pri-

64 2546 139 2566 mum
159 2539 291 2572 audieris,
313 2539 347 2566 ad
368 2548 411 2566 me
426 2540 538 2566 Tarento
553 2538 707 2565 advolutis?
726 2548 795 2574 quae
811 2544 855 2566 tua

65 2574 146 2603 tuerit
159 2577 289 2608 assessio.
306 2577 402 2608 oratio,
420 2577 586 2603 confirmatio
600 2577 683 2603 nnimi
696 2577 762 2607 mei,
781 2576 856 2603 fracti

65 2614 249 2641 communium
259 2614 430 2641 miseriarum
441 2613 532 2641 metu?
556 2615 581 2640 5.
602 2613 721 2640 Tandem
732 2614 767 2640 ali
789 2623 857 2641 uun-

0 2666 9 2682 ,-
24 2691 26 2695 y
65 2648 100 2678 do
109 2650 206 2678 Romae
217 2659 276 2679 esse
286 2652 436 2687 coepimus.
475 2650 546 2684 Quid
560 2651 647 2679 defuit
658 2656 761 2679 nostrae
788 2652 857 2679 anii-

892 183 1018 210 liaritati5
1037 184 1067 210 In
1082 184 1209 210 maximis
1225 183 1307 209 rebus
1322 190 1440 218 quonam
1455 181 1534 208 modo
1550 190 1592 208 me
1607 190 1685 217 gere-

892 230 948 247 rem
964 221 1094 247 adversus
1106 221 1258 252 Caesarem,
1277 229 1343 247 usus
1357 225 1402 246 tuo
1417 219 1530 246 consilio
1544 228 1615 245 sum.
1657 220 1685 246 In

893 258 1005 293 reliquis
1029 258 1127 285 officiis
1151 259 1196 285 cui
1221 263 1249 284 tu
1270 258 1403 288 tribuisti,
1431 261 1542 292 excepto
1562 256 1684 286 Caesare,

893 301 996 330 praeter
1016 304 1072 327 me,
1095 301 1124 322 ut
1142 296 1253 322 domum
1274 296 1419 322 ventitares
1439 294 1572 329 horasque
1588 293 1688 320 multas

893 342 972 367 saepe
987 333 1153 360 suavissimo
1169 341 1291 359 sermone
1302 331 1493 359 consumeres?
1512 336 1584 362 tum,
1601 340 1688 366 quum

893 371 983 400 etiam,
991 371 1014 396 si
1022 371 1178 401 meministi,
1188 375 1216 397 ut
1227 370 1293 396 haec
1303 369 1518 404 φιλοσοφούμενα
1530 369 1686 399 scriberem,

894 412 922 434 tu
943 416 985 433 me
1006 407 1150 442 impulisti.
1191 409 1252 434 Post
1267 407 1388 434 Caesaris
1409 406 1526 433 reditum
1551 406 1618 441 quid
1639 405 1689 432 tibi

894 445 988 471 maiori
999 454 1078 471 curae
1091 444 1153 475 fuit,
1171 453 1253 480 quam
1265 449 1294 471 ut
1305 453 1393 471 essem
1405 452 1454 479 ego
1465 443 1506 470 illi
1517 452 1599 478 quam
1610 442 1690 469 fami-

895 481 1075 508 liarissimus‘?
1085 482 1158 517 quod
1169 482 1303 508 effeceras.
1343 484 1368 508 6.
1385 481 1519 514 Quorsum
1531 481 1614 516 igitur
1625 480 1690 506 haec

894 520 978 546 oratio
990 519 1106 555 longior,
1123 528 1205 554 quam
1220 518 1360 553 putaram?
1379 519 1446 551 Quia
1458 527 1519 545 sum
1530 518 1689 548 admiratus,

896 561 934 587 te,
951 557 1000 592 qui
1010 557 1075 583 haec
1088 565 1165 583 nosse
1177 557 1303 587 deberes,
1321 556 1472 591 quidquam
1484 565 1498 582 a
1509 564 1551 582 me
1562 556 1692 582 commis-

896 603 957 620 sum
965 615 971 625 ,
988 594 1061 629 quod
1072 599 1144 620 esset
1153 594 1272 621 alienum
1283 598 1371 620 nostra
1383 594 1514 624 amicitia,
1531 593 1690 619 credidisse.

897 632 964 657 Nam
976 636 1079 666 praeter
1094 631 1174 662 haec,
1190 640 1259 666 quae
1274 631 1496 661 commemoravi,
1513 639 1582 665 quae
1599 635 1692 656 testata

897 673 960 695 sunt
981 674 1006 695 et
1021 668 1150 700 illustria,
1174 669 1260 695 habeo
1275 668 1357 695 multa
1376 668 1534 698 occultiora,
1556 676 1625 702 quae
1645 667 1693 693 vix

898 706 989 732 verbis
1009 707 1123 740 exsequi
1143 715 1265 740 possum.
1305 705 1403 732 Omnia
1422 714 1464 731 me
1484 710 1528 731 tua
1549 705 1691 735 delectant,

898 743 945 769 sed
958 743 1074 769 maxime
1090 744 1208 769 maxima
1224 752 1310 778 quum
1327 743 1393 769 fides
1408 743 1436 769 in
1455 743 1586 771 amicitia,
1604 742 1694 767 consi-

899 780 975 812 lium,
988 781 1117 816 gravitas,
1130 781 1291 811 constantia,
1304 785 1362 806 tum
1374 779 1457 815 lepos,
1471 780 1635 808 humanitas,
1650 778 1694 805 lit-

898 823 978 844 terae.
1005 817 1173 853 Quapropter
1184 818 1263 844 redeo
1275 826 1346 844 nunc
1358 817 1391 843 ad
1402 816 1549 852 querelam.
1590 817 1615 842 7.
1637 816 1694 851 Ego

898 860 922 882 te
934 855 1093 891 suffragium
1109 855 1203 881 tulisse
1215 856 1242 881 in
1254 854 1299 881 illa
1311 854 1368 890 lege
1381 856 1499 889 primum
1511 863 1563 880 non
1573 853 1692 879 credidi:

898 893 1005 924 deinde,
1019 893 1043 919 si
1053 892 1240 924 credidissem,
1254 901 1403 927 numquam
1414 892 1442 918 id
1453 892 1511 918 sine
1523 891 1612 926 aliqua
1625 891 1694 916 iusta

898 939 993 957 caussa
1005 931 1189 957 existimarem
1201 935 1225 957 te
1237 929 1343 956 fecisse.
1382 930 1505 965 Dignitas
1516 933 1560 955 tua
1573 928 1648 957 facit,
1667 932 1696 954 ut

899 968 1136 999 animadvertatur,
1148 967 1284 1002 quidquid
1296 967 1377 994 facias
1385 988 1391 999 ,
1408 966 1595 993 malevolentia
1607 970 1696 992 autem

900 1006 1056 1037 hominum,
1074 1010 1104 1032 ut
1119 1005 1247 1032 nonnulla
1263 1005 1359 1031 durius
1368 1026 1374 1036 ,
1395 1013 1478 1040 quam
1489 1013 1504 1030 a
1515 1008 1539 1030 te
1552 1003 1620 1030 facta
1631 1003 1694 1033 sint,

900 1043 1078 1079 proferantur.
1114 1043 1152 1069 Ea
1163 1048 1190 1069 tu
1202 1043 1226 1069 si
1237 1051 1289 1069 non
1300 1043 1388 1074 audis.
1401 1042 1468 1077 quid
1479 1041 1577 1072 dicam,
1590 1041 1694 1067 nescio:

900 1081 1042 1117 equidem,
1059 1081 1083 1107 si
1099 1080 1207 1115 quando
1223 1080 1317 1112 audio,
1336 1084 1389 1106 tam
1405 1079 1533 1109 defendo,
1557 1087 1638 1113 quam
1655 1085 1697 1103 me

900 1120 956 1145 scio
967 1128 980 1145 a
992 1123 1016 1145 te
1027 1123 1117 1145 contra
1132 1119 1240 1153 iniquos
1255 1126 1329 1144 meos
1344 1117 1429 1144 solere
1440 1116 1560 1143 defendi.
1600 1114 1698 1141 Defen-

901 1158 941 1183 sio
953 1161 1041 1183 autem
1053 1160 1094 1182 est
1103 1155 1218 1190 duplex:
1242 1155 1293 1182 alia
1308 1160 1385 1186 sunt,
1402 1163 1472 1190 quae
1484 1153 1588 1189 liquido
1600 1160 1697 1188 negare

902 1194 1002 1221 soleam
1010 1214 1016 1225 ,
1029 1198 1059 1220 ut
1069 1193 1102 1220 de
1114 1194 1164 1220 isto
1176 1194 1234 1227 ipso
1244 1193 1384 1228 suffragio:
1398 1192 1460 1223 alia,
1473 1200 1543 1227 quae
1553 1190 1698 1217 defendam

902 1242 916 1258 a
933 1237 958 1258 te
970 1233 1013 1266 pie
1025 1231 1082 1257 fieri
1093 1236 1118 1257 et
1130 1231 1261 1262 humane,
1284 1235 1314 1257 ut
1324 1230 1357 1256 de
1368 1230 1505 1256 curatione
1518 1228 1653 1255 ludorum.
1671 1228 1696 1253 8.

903 1269 956 1296 Sed
970 1274 1008 1300 te,
1026 1269 1164 1295 hominem
1175 1267 1378 1299 doctissimum,
1396 1276 1448 1293 non
1465 1266 1548 1302 sugit,
1566 1266 1590 1292 si
1601 1265 1698 1292 Caesar

903 1316 950 1333 rex
965 1306 1059 1337 suerit,
1076 1305 1150 1341 quod
1166 1305 1234 1332 mihi
1249 1305 1361 1340 quidem
1373 1304 1494 1334 videtur,
1513 1304 1539 1330 in
1555 1308 1698 1337 utramque

903 1349 1004 1379 partem
1016 1343 1050 1370 de
1061 1348 1105 1370 tuo
1115 1343 1204 1369 officio
1213 1343 1346 1377 disputari
1358 1350 1445 1377 posse,
1460 1340 1503 1368 vel
1513 1341 1540 1367 in
1552 1349 1610 1366 eam
1619 1361 1625 1371 ,
1644 1347 1698 1374 qua

903 1390 952 1417 ego
967 1383 1006 1408 uti
1021 1381 1106 1412 soleo,
1125 1380 1287 1407 laudandam
1302 1388 1361 1406 esse
1375 1379 1455 1405 fidem
1466 1383 1493 1405 et
1503 1378 1698 1404 humanitatem

880 1438 882 1444 .
903 1424 986 1450 tuam,
995 1419 1043 1454 qui
1054 1419 1172 1444 amicum
1183 1418 1263 1444 etiam
1275 1422 1410 1443 mortuum
1421 1416 1530 1451 diligas,
1539 1415 1580 1442 vel
1590 1416 1616 1441 in
1628 1423 1696 1444 eam,

903 1465 956 1491 qua
968 1456 1091 1482 nonnulli
1107 1460 1232 1486 utuntur,
1251 1454 1400 1481 libertatem
1414 1455 1516 1489 patriae
1534 1453 1603 1479 vitae
1619 1452 1699 1478 amici

903 1493 1126 1529 anteponendam.
1167 1493 1208 1519 Ex
1227 1492 1270 1518 liis
1289 1492 1462 1518 sermonibus
1483 1491 1586 1516 utinam
1610 1493 1700 1515 essent

903 1531 1005 1558 delatae
1016 1531 1049 1557 ad
1060 1536 1084 1558 te
1098 1530 1294 1564 disputationes
1306 1530 1394 1555 meae!
1417 1528 1464 1555 Illa
1476 1536 1539 1554 vero
1549 1527 1617 1557 duo,
1630 1534 1699 1561 quae

904 1569 1022 1595 maxima
1043 1573 1107 1595 sunt
1126 1567 1237 1594 laudum
1261 1572 1382 1598 tuarum,
1408 1567 1471 1601 quis
1492 1570 1538 1591 aut
1558 1564 1697 1594 libentius,

903 1615 985 1641 quam
997 1614 1055 1641 ego,
1068 1610 1268 1636 commemorat,
1284 1609 1329 1631 aut
1339 1604 1461 1639 saepius:
1475 1607 1500 1629 te
1511 1607 1537 1628 et
1547 1610 1599 1628 non
1611 1601 1700 1627 susci-

904 1643 997 1678 piendi
1013 1643 1077 1670 belli
1093 1642 1184 1669 civilis
1199 1642 1392 1677 gravissimum
1411 1645 1546 1667 auctorem
1567 1638 1651 1666 fuisse
1675 1643 1701 1665 et

905 1680 1082 1708 moderandae
1093 1680 1233 1711 victoriam
1251 1681 1278 1706 in
1295 1688 1362 1714 quo,
1378 1679 1426 1714 qui
1440 1678 1507 1704 mihi
1523 1686 1574 1704 non
1586 1676 1701 1703 assenti-

904 1723 985 1749 retur.
1000 1718 1091 1745 inveni
1103 1718 1250 1744 neminem.
1281 1716 1368 1749 Quare
1380 1716 1465 1742 liabeo
1476 1715 1589 1751 gratiam
1601 1713 1701 1740 Treba-

905 1757 954 1787 tio,
973 1755 1099 1782 familiari
1115 1760 1218 1785 nostro,
1241 1755 1288 1790 qui
1305 1754 1373 1780 mihi
1384 1753 1459 1780 dedit
1468 1760 1592 1779 caussam
1605 1751 1701 1777 harum

906 1793 1068 1820 litterarum:
1081 1792 1183 1828 quibus
1195 1793 1248 1818 nisi
1259 1791 1416 1822 credideris,
1430 1799 1472 1817 me
1483 1790 1571 1817 omnis
1582 1788 1665 1816 officii
1677 1793 1702 1815 et

905 1831 1081 1858 humanitatis
1096 1835 1233 1865 expertem
1250 1829 1392 1861 iudicaris;
1415 1837 1470 1863 quo
1488 1836 1537 1854 nec
1552 1826 1621 1853 mihi
1640 1835 1703 1862 gra-

905 1869 967 1895 vius
978 1868 1129 1904 quidquam
1140 1872 1227 1902 potest
1237 1875 1296 1893 esse
1308 1875 1357 1893 nec
1367 1875 1382 1893 a
1392 1871 1416 1892 te
1427 1865 1554 1892 alienius.

958 1942 1068 1963 xxvul.
1086 1941 1104 1962 A
1112 1941 1163 1962 Ro,
1179 1941 1306 1968 Respondet
1316 1940 1342 1960 nd
1353 1938 1489 1967 superiorem
1495 1937 1611 1959 Ciceronis
1618 1936 1701 1963 episto-

905 1977 948 1998 lam
962 1977 1003 1999 hnc
1018 1977 1083 2002 longe
1099 1975 1195 1996 omniurn
1209 1982 1265 2002 quae
1275 1978 1365 1996 exst-int
1374 1973 1518 2002 epistolarum
1528 1971 1700 2001 perfectissima.

1092 2013 1180 2035 (Romae.
1189 2012 1280 2033 Antonio,
1291 2012 1391 2030 Dolabella
1402 2018 1448 2029 mu.
1459 2011 1514 2031 710.)

965 2095 989 2121 ⁴.
1010 2088 1142 2129 Magnam
1154 2093 1319 2127 voluptutem
1329 2100 1363 2118 ex
1375 2092 1428 2118 tuis
1441 2090 1536 2118 litteris
1546 2090 1616 2124 cepi,
1629 2088 1702 2124 quod

906 2139 988 2166 quam
1006 2139 1142 2165 speraram
1159 2135 1238 2164 atque
1256 2134 1386 2164 optaram,
1400 2128 1498 2154 habere
1509 2133 1534 2154 te
1545 2127 1578 2153 ‹le
1590 2135 1632 2153 mc
1643 2127 1702 2160 opi-

907 2169 1024 2198 nionem,
1037 2168 1162 2203 cognovi.
1185 2167 1219 2192 De
1231 2175 1285 2201 qua
1296 2166 1346 2192 etsi
1358 2174 1409 2192 non
1421 2164 1589 2194 dubitabam.
1602 2169 1700 2193 tamen.

907 2206 970 2240 quia
996 2205 1108 2231 maximi
1133 2203 1322 2233 aestimabam,
1348 2207 1377 2228 ut
1398 2203 1551 2236 incorrupta
1572 2205 1701 2230 maneret.

909 2242 1072 2269 laborabam.
1103 2241 1233 2268 Conscius
1253 2244 1343 2266 autem
1364 2239 1431 2266 mihi
1447 2247 1530 2270 eram,
1547 2238 1615 2264 niliil
1630 2246 1644 2264 a
1661 2245 1703 2263 mo

907 2279 1082 2306 commissum
1103 2286 1176 2307 esse,
1199 2277 1271 2312 quod
1292 2276 1355 2303 boni
1375 2277 1538 2310 cuiusquam
1558 2274 1704 2301 offenderet

907 2317 1039 2343 animum.
1066 2316 1103 2342 Eo
1119 2316 1209 2341 minus
1225 2313 1377 2343 credebam,
1396 2312 1522 2348 plurimis
1538 2317 1617 2346 atque
1631 2312 1702 2346 opti-

908 2354 959 2380 mis
974 2353 1078 2380 artibus
1091 2357 1183 2379 ornato
1203 2351 1251 2378 tibi
1266 2356 1365 2377 temere
1380 2350 1530 2385 quidquam
1545 2349 1702 2384 persuaderi

909 2391 1037 2425 potuisse,
1051 2390 1207 2425 praesertim
1219 2389 1245 2414 in
1257 2397 1339 2423 quem
1351 2396 1409 2414 mea
1424 2395 1555 2422 propensa
1566 2392 1592 2413 et
1606 2394 1702 2420 perpe-

909 2433 952 2454 tua
974 2427 1069 2454 suisset
1089 2432 1168 2462 atque
1183 2430 1253 2452 esset
1269 2425 1464 2452 benevolentia.
1490 2423 1567 2456 Quod
1582 2423 1700 2458 quando,

909 2470 938 2492 ut
957 2464 1040 2495 volui,
1057 2466 1114 2491 seio
1129 2473 1201 2491 esse:
1229 2462 1396 2497 respondebo
1411 2461 1582 2492 criminibus,
1600 2461 1703 2495 quibus

908 2507 936 2528 tu
951 2511 999 2537 pro
1014 2510 1066 2532 me.
1084 2507 1113 2529 ut
1128 2511 1175 2536 par
1189 2505 1254 2530 erut.
1271 2505 1315 2527 tua
1326 2499 1458 2535 singulari
1471 2499 1587 2525 bonitate
1598 2503 1624 2525 et
1633 2498 1702 2524 ami-

907 2540 970 2566 citia
987 2543 1084 2570 nostra,
1101 2548 1179 2574 saepe
1193 2538 1324 2565 restitisti.
1346 2539 1371 2563 2’..
1388 2537 1452 2563 Nota
1463 2537 1536 2563 enim
1549 2536 1616 2562 milii
1628 2540 1700 2564 sunt.

907 2585 976 2611 quae
996 2577 1023 2603 iu
1038 2585 1080 2603 mo
1097 2582 1156 2612 post
1171 2575 1292 2603 Caesaris
1308 2579 1418 2601 mortem
1435 2573 1604 2600 contulerint.
1631 2573 1703 2599 Viuo

908 2614 975 2640 mihi
991 2613 1063 2645 dant,
1079 2614 1153 2649 quod
1169 2618 1280 2640 mortem
1297 2611 1414 2638 hominis
1430 2611 1574 2638 necessarii
1584 2610 1702 2646 graviter

908 2651 963 2678 fero
979 2656 1059 2688 atque
1074 2659 1151 2683 eum,
1164 2659 1246 2686 quem
1257 2649 1356 2681 dilexi.
1369 2649 1482 2686 periisse
1498 2648 1634 2687 indignor.
1665 2647 1701 2675 A·
