1941 3052
433 121 484 148 DE
514 120 694 148 NATURA
725 120 913 147 DEORUM
946 121 1023 147 LIB.
1053 120 1090 146 11.
1121 120 1213 147 CAP.
1236 122 1264 147 ⁶24
1288 122 1387 147 —29.

87 192 213 229 pluribus
224 191 315 218 verbis
326 191 477 226 explicatus
488 197 537 219 est.
577 193 645 219 Nam
660 197 737 219 vetus
749 192 813 218 haec
824 192 885 226 opi-

88 231 134 257 nio
152 230 291 257 Graeciam
306 229 439 264 opplevit,
455 235 594 256 exsectum
610 229 719 256 Caelum
736 239 749 255 a
767 229 821 256 filio
836 230 883 255 Sa-

87 272 179 298 turno,
196 267 318 293 vinctum
334 271 422 293 autem
439 266 585 294 Saturnum
606 268 696 302 ipsum
712 276 726 293 a
742 267 797 293 filio
811 267 882 293 Iove.

88 306 130 331 64.
151 304 266 340 Physica
281 305 347 330 ratio
362 313 414 330 non
428 304 567 340 inelegans
582 304 686 330 inclusa
697 309 736 330 est
747 305 774 330 in
786 305 884 339 impias

88 341 207 374 fabulas;
230 341 372 367 caelestem
389 343 475 372 enim,
498 342 658 368 altissimam
679 342 884 376 aethereamque

88 384 210 406 naturam
220 399 226 410 ,
242 379 269 405 id
285 384 326 405 est
340 380 460 414 igneam,
480 388 549 414 quae
560 388 608 414 per
618 387 677 405 sese
688 380 777 405 omnia
789 380 886 414 gigne—

87 421 136 448 ret,
149 425 244 443 vacare
255 416 399 442 voluerunt
409 425 439 443 ea
451 421 524 451 parte
538 417 671 451 corporis,
689 425 758 451 quae
772 417 886 442 coniun-

87 455 175 481 ctione
187 453 297 480 alterius
308 458 398 489 egeret
408 454 441 480 ad
453 454 659 488 procreandum.
689 454 776 480 XXV.
792 453 886 480 Satur-

88 500 155 518 num
170 496 259 517 autem
275 499 336 516 eum
353 499 412 517 esse
428 491 585 521 voluerunt,
603 491 650 526 qui
665 499 776 517 cursum
787 496 813 517 et
822 499 886 516 con·
907 506 915 516 0

87 529 241 555 versionem
261 529 409 563 spatiorum
430 537 459 554 30
479 533 631 562 temporum
651 529 812 559 contineret,
837 528 886 562 qui
907 537 915 551 w

89 565 157 592 deus
168 566 268 592 Graece
280 565 308 592 id
320 566 410 600 ipsum
423 574 520 592 nomen
533 565 626 597 habet3
644 565 749 599 Κρόνος
759 566 831 591 enim
843 564 887 590 di-

88 604 171 634 citur,
188 603 235 638 qui
250 607 290 629 est
304 603 375 629 idem
390 603 498 638 χρόνος,
515 602 542 628 id
557 607 597 629 est
611 603 730 637 spatium
747 602 885 637 temporis.

89 640 221 667 Saturnus
233 645 322 666 autem
336 645 376 666 est
392 640 556 675 appellatus,
573 640 646 674 quod
660 644 824 666 saturaretur
839 648 887 666 an-

89 679 146 705 nis:
168 686 202 704 ex
217 686 245 704 se
262 678 334 704 enim
350 682 425 704 natos
440 686 559 703 comesse
573 677 683 712 fingitur
696 677 804 708 solitus,
822 677 886 711 quia

88 716 225 742 consumit
239 719 311 741 aetas
326 720 477 749 temporum
493 715 578 749 spatia
593 715 725 749 annisque
736 714 886 749 praeteritis

88 752 301 779 insaturabiliter
312 752 448 787 expletur:
465 753 573 778 vinctus
584 757 674 778 autem
685 761 699 778 a
710 753 781 783 Iove,
790 760 822 778 ne
834 752 887 777 im-

88 790 240 816 moderatos
255 798 351 816 cursus
364 790 473 815 haberet
484 794 563 824 atque
576 794 604 815 ut
615 798 677 815 eum
692 789 812 815 siderum
825 789 887 814 vin-

88 827 158 854 culis
169 827 301 863 alligaret.

89 870 140 896 ter,
156 873 238 900 quem
248 865 386 891 conversis
397 864 506 890 casibus
517 863 686 898 appellamus
698 872 712 889 a
724 866 834 889 iuvando
845 864 887 889 Ιο-

89 910 164 933 vem,
182 910 196 928 a
212 902 297 937 poetis
311 906 386 934 paler
399 903 532 935 divomque
547 903 724 934 hominumque
737 901 851 927 dicitur:
872 909 886 926 a

89 939 238 966 maioribus
249 943 338 965 autem
350 939 448 965 nostris
460 941 569 972 optimus
579 941 724 966 mamimus:
738 938 886 974 etquidem

88 981 148 1003 ante
163 979 283 1010 optimus,
303 976 331 1002 id
348 981 388 1003 est
408 976 685 1007 beneficentissimus,
703 985 785 1011 quam
800 978 887 1002 maa-i-

87 1022 152 1045 mus,
165 1014 228 1048 quia
240 1014 327 1040 maius
339 1018 387 1045 est,
396 1019 520 1049 certeque
531 1014 643 1049 gratius,
660 1013 787 1048 prodesse
799 1014 888 1040 omni-

87 1051 149 1083 bus,
162 1059 244 1086 quam
256 1059 320 1086 opes
332 1060 443 1087 magnas
454 1051 562 1078 habere.
594 1053 636 1077 65.
651 1052 728 1078 Hunc
740 1051 822 1087 igitur
832 1051 888 1077 En-

88 1089 160 1120 nius,
173 1093 295 1123 utsupra
307 1088 374 1120 dixi,
388 1093 527 1124 nuncupat
538 1089 573 1115 ita
584 1088 687 1120 dicens,

125 1125 218 1160 'Aspice
231 1127 278 1152 hoc
288 1128 394 1153 sublime
405 1128 524 1157 caudens,
538 1135 610 1160 quem
620 1128 740 1153 invocant
750 1129 834 1153 omne's
844 1127 887 1152 Io-

498 1172 566 1190 vem:

88 1199 206 1236 planius,
220 1209 302 1236 quam
313 1200 366 1227 alio
377 1200 434 1227 loco
446 1200 527 1233 idem,

127 1240 177 1270 cui,
189 1241 256 1272 quod
266 1241 293 1264 in
304 1247 342 1264 me
351 1243 396 1269 est,
408 1241 562 1265 exsecrabor
572 1240 626 1270 ho'c,
641 1241 708 1273 quod
720 1240 798 1270 lucet,
811 1240 887 1273 quid-

499 1279 561 1310 quid
571 1281 621 1302 est:

89 1312 163 1339 hunc
173 1312 253 1339 etiam
266 1321 382 1348 augures
394 1313 487 1344 nostri,
501 1322 587 1349 quum
599 1313 701 1345 dicunt,
719 1314 776 1340 Iove
786 1315 887 1347 fulgen-

88 1355 120 1382 te,
131 1355 246 1377 tonante:
263 1350 357 1377 dicunt
367 1351 453 1381 enim,
471 1353 792 1385 caelosulqente‚ton‹1nlc.
832 1351 888 1376 Eu-

88 1387 191 1423 ripides
202 1392 301 1418 autem,
314 1393 344 1414 ut
354 1388 438 1414 multa
450 1388 595 1423 praeclare,
609 1389 648 1415 sic
659 1388 709 1414 hoc
721 1388 851 1414 breviter:

129 1426 203 1452 Vide's
213 1427 320 1452 sublime
330 1428 423 1459 susum,
437 1428 630 1453 immoderatum
642 1428 754 1456 aethera,

126 1466 170 1497 qui
181 1466 266 1489 tenero
277 1468 373 1489 terram
385 1465 549 1490 circumiectu
560 1463 743 1496 amplectitur?

125 1501 200 1527 Hunc
210 1503 335 1526 summum
345 1502 434 1527 habeto
443 1503 540 1527 divom:
552 1503 618 1526 hunc
627 1502 756 1534 perhibeto
766 1500 859 1527 Iovem.

87 1537 186 1564 xxvl.
199 1539 241 1564 66.
258 1537 311 1564 Aer
321 1542 420 1569 autem,
434 1542 463 1564 ut
473 1537 556 1564 Stoici
567 1538 716 1573 disputant,
730 1538 886 1564 interiectus

88 1575 158 1601 inter
178 1583 251 1601 mare
266 1579 292 1601 et
311 1574 429 1606 caelum,
451 1576 561 1602 lunonis
577 1576 685 1602 nomine
700 1579 883 1607 consecratur,

87 1620 157 1648 quae
168 1617 209 1639 est
219 1621 294 1639 soror
302 1617 328 1639 et
338 1613 439 1639 coniux
450 1613 534 1644 lovis,
552 1612 625 1648 quod
640 1613 665 1639 ei
681 1612 832 1638 similitudo
847 1617 888 1639 est

87 1649 204 1676 aetheris
215 1654 241 1676 et
253 1658 316 1676 cum
328 1658 359 1676 eo
370 1659 476 1676 summa
488 1651 651 1677 coniunctio.

87 1691 178 1714 autem
194 1695 256 1713 eum
274 1687 424 1722 lunonique
439 1687 606 1719 tribuerunt,
627 1687 699 1723 quod
716 1687 785 1714 nihil
802 1692 842 1713 est
856 1696 887 1713 eo

87 1724 208 1751 mollius
249 1724 302 1751 Sed
317 1725 447 1751 Iunonem
461 1733 475 1751 a
491 1727 601 1751 iuvando
616 1724 696 1751 credo
711 1725 885 1751 nominatam.

86 1762 165 1797 Aqua
176 1762 292 1788 restabat
303 1767 328 1788 et
339 1767 420 1793 terra,
443 1767 473 1789 ut
484 1767 574 1789 essent
587 1771 621 1789 ex
632 1762 732 1788 fabulis
743 1763 793 1788 tria
806 1771 886 1798 regna
916 1771 917 1774 ¹

86 1799 186 1826 divisa.
226 1800 320 1826 Datum
337 1804 377 1826 est
393 1800 477 1835 igitur
492 1801 630 1835 Neptuno,
653 1799 734 1826 altero
752 1800 837 1831 lovis,
859 1804 888 1826 ut

87 1836 195 1868 volunt,
213 1836 303 1868 fratri,
322 1837 489 1864 maritimum
498 1846 578 1864 omne
588 1846 716 1873 regnum,
735 1846 887 1872 nomenque

87 1873 248 1908 productum
257 1895 263 1904 ,
279 1879 308 1900 ut
319 1874 452 1901 Portunus
463 1883 476 1901 a
486 1880 576 1908 portu,
591 1875 630 1901 sic
642 1876 783 1910 Neptunus
795 1884 808 1901 a
820 1884 887 1901 mm-

87 1913 131 1942 do,
149 1910 272 1946 paullum
288 1911 384 1946 primis
401 1911 497 1938 litteris
512 1913 671 1938 immutatis.
712 1913 826 1939 Terrena
838 1921 887 1939 au-

87 1953 141 1975 tem
153 1948 195 1974 vis
206 1949 294 1975 omnis
305 1953 385 1983 atque
397 1949 549 1975 naturaDiti
560 1950 629 1984 patri
641 1949 763 1976 dedicata
775 1955 824 1981 est,
837 1951 886 1985 qui

86 1987 168 2016 dives,
191 1990 220 2012 ut
239 1985 311 2020 apud
331 1986 446 2012 Graecos
467 1987 608 2017 Πλούτων,
633 1987 698 2021 quia
721 1991 746 2013 et
767 1987 887 2014 recidant

86 2023 177 2050 omnia
192 2023 219 2049 in
231 2027 313 2049 terras
324 2027 350 2049 et
360 2023 480 2050 oriantur
490 2032 504 2049 e
516 2024 603 2050 terris.
644 2025 668 2050 ls
680 2025 769 2058 rapuit
780 2025 887 2051 Proser-

87 2060 189 2095 pinam,
202 2059 445 2095 quodGraecorum
458 2069 555 2087 nomen
567 2065 619 2093 est3
634 2069 664 2087 ea
676 2062 748 2087 enim
760 2066 886 2097 est,quae

86 2097 246 2133 Περσεφόνη
262 2097 362 2124 Graece
382 2098 547 2131 nominatur;
571 2107 652 2133 quam
670 2097 778 2133 frugum
794 2108 886 2126 semen

87 2143 147 2161 esse
163 2134 258 2161 volunt
272 2134 512 2170 absconditamque
528 2137 622 2170 quaeri
637 2144 650 2161 a
668 2141 751 2162 matre
771 2136 885 2172 lingunt.

86 2173 129 2198 67.
151 2172 234 2198 Mater
249 2177 338 2199 autem
354 2177 394 2199 est
409 2181 423 2198 a
438 2175 556 2206 yvrendis
572 2172 698 2208 frugibus
712 2173 801 2204 Ceres.
819 2179 888 2200 tam-

86 2217 168 2244 quam
183 2209 275 2236 Geras:
295 2218 414 2245 casuque
429 2210 514 2244 prima
529 2209 614 2237 littera
628 2210 721 2237 itidem
735 2211 884 2242 immutata.

86 2251 116 2273 ut
127 2255 139 2273 a
148 2247 271 2273 Graecis:
286 2255 346 2273 nam
359 2247 392 2273 ab
405 2246 458 2273 illis
469 2255 578 2282 quoque
585 2248 789 2283 Arhuijrrniquasi
803 2249 887 2284 Γημή-

85 2293 133 2319 τηρ
148 2284 282 2310 nominata
299 2289 348 2310 est.
389 2285 443 2310 lam
459 2285 507 2319 qui
523 2294 617 2318 riiayna
632 2290 751 2316 verteret,
768 2287 884 2318 Mavors,

87 2320 208 2348 Minerva
219 2326 317 2352 autem,
331 2330 400 2356 quae
412 2321 454 2347 vel
467 2324 590 2348 vitiem-ret
602 2322 644 2348 vel
656 2325 810 2350 nunni-etur.

142 2358 252 2385 xxvii.
267 2359 446 2394 Quumquein
458 2359 586 2385 omnibus
597 2359 678 2386 rebus
690 2361 745 2386 vim
758 2360 887 2388 baberent

86 2396 234 2423 maximam
241 2397 327 2431 prima
334 2401 359 2422 et
370 2401 498 2427 extrema,
507 2397 657 2431 principem
672 2398 699 2423 in
711 2399 885 2425 sacrificando

86 2432 180 2459 lanum
191 2442 250 2460 esse
262 2433 418 2460 voluerunt:
436 2433 509 2468 quod
523 2433 556 2460 ab
572 2437 655 2461 cundo
669 2443 766 2461 nomen
783 2436 885 2462 0511111-

86 2474 174 2496 ctum:
194 2479 228 2497 ex
243 2479 296 2506 quo
312 2471 482 2497 transitiones
498 2472 606 2505 perviae
622 2472 693 2502 Iani,
717 2471 840 2508 foresque
858 2474 884 2499 in

86 2505 229 2534 liminibus
255 2508 426 2543 profanarum
451 2508 559 2534 aedium
584 2511 678 2535 iumine
701 2511 882 2537 nominantur.

86 2543 154 2570 Nam
167 2545 258 2572 Vestae
271 2546 505 2572 nomenaGraecis
516 2549 569 2572 est:
583 2554 612 2572 ea
624 2547 756 2577 0510111111,
770 2556 839 2582 quae
850 2548 884 2574 ab

86 2580 142 2608 illis
154 2581 243 2609 Ἑστία
257 2582 366 2609 dicitur.
407 2583 451 2609 Vis
467 2588 555 2609 autem
571 2584 631 2609 eius
646 2583 679 2609 ad
695 2592 754 2610 aras
769 2589 795 2611 et
813 2584 884 2611 focos

85 2619 210 2653 pertinet.
250 2620 342 2655 ltaque
357 2621 383 2647 in
395 2629 425 2647 ea
436 2620 494 2651 dea,
508 2629 577 2655 quae
588 2625 628 2647 est
640 2629 729 2647 reruni
739 2627 830 2648 custos
842 2623 885 2649 in-

86 2657 222 2688 timarum,
235 2658 323 2683 omnis
334 2662 360 2684 et
370 2659 487 2693 precatio
496 2662 522 2685 et
533 2658 691 2685 sacrificatio
702 2664 820 2686 extrema
831 2665 881 2688 est.

342 827 395 853 Sed
411 827 468 861 ipse
484 827 617 861 Iuppiter,
635 826 662 852 id
678 831 719 853 est
734 829 825 852 iuvans
837 835 887 859 pa—
907 832 909 840 ⁴

691 1650 887 1676 Ell'eminarunt
916 1659 917 1668 ¹

1670 124 1730 149 lll7

904 198 913 228 tl
935 194 977 218 68.
999 193 1053 218 Nec
1064 191 1142 227 longe
1153 191 1252 218 absunt
1262 191 1295 218 ab
1306 191 1356 218 hac
1367 192 1395 218 vi
1406 191 1445 219 dii
1455 192 1567 220 Penates
1575 214 1581 224 ‚
1594 194 1652 220 sive
1665 203 1679 220 a
1688 204 1733 227 ρε-

905 230 913 268 ll
935 239 969 255 nu
981 229 1060 256 ducto
1072 230 1192 260 nomine,
1209 229 1259 264 (est
1269 230 1340 255 enim
1352 238 1444 261 omne,
1461 239 1515 265 quo
1526 236 1673 257 vescuntur
1683 232 1733 258 ho-

912 280 913 290 1
936 267 1036 297 mines,
1054 267 1166 301 penus:)
1177 267 1235 292 sive
1247 267 1281 293 ab
1295 275 1338 298 eo,
1355 267 1427 302 quod
1437 271 1538 300 penitus
1548 268 1680 295 insident:
1699 278 1733 295 ex

912 311 913 337 1
936 313 990 339 quo
1003 304 1083 330 etiam
1098 303 1249 338 penetrales
1263 312 1277 329 a
1288 306 1373 338 poetis
1386 310 1523 332 vocantur.
1563 307 1618 332 tam
1629 306 1734 341 Apolli-

936 342 978 367 nis
990 350 1087 367 nomen
1098 341 1286 372 estGraecum,
1303 350 1384 376 quem
1391 341 1480 368 Solem
1491 351 1550 369 esse
1561 343 1664 374 volunt,
1672 344 1734 370 Dia-

936 387 998 404 nam
1010 383 1099 404 autem
1110 383 1135 404 et
1146 379 1249 404 Lunam
1261 378 1383 405 eamdem
1395 388 1454 405 esse
1465 385 1572 414 putant:
1589 389 1674 416 quum
1687 381 1731 407 Sol

914 438 915 449 ,
937 416 1026 442 dictus
1033 416 1076 446 sit,
1085 415 1126 441 vel
1139 417 1203 450 quia
1213 418 1283 442 solus
1293 425 1327 442 ex
1338 417 1465 443 omnibus
1477 417 1614 444 sideribus
1625 423 1734 445 0511311-

937 458 992 483 tus,
1007 452 1048 478 vel
1061 453 1124 487 quia
1134 473 1140 484 ,
1157 462 1242 488 quum
1255 458 1294 479 est
1305 459 1427 485 exortus,
1444 454 1594 481 obscuratis
1605 456 1733 482 omnibus

936 492 1005 516 solus
1016 495 1138 524 apparet:
1153 491 1228 516 Luna
1240 499 1253 516 a
1265 493 1370 516 lucendo
1381 492 1516 518 nominata
1528 493 1576 519 sit:
1589 492 1683 519 eadem
1695 498 1735 519 est

937 528 1008 554 enim
1022 528 1130 553 Lucina.
1170 528 1271 562 ltaque,
1288 533 1317 554 ut
1328 528 1399 563 apud
1412 529 1527 555 Graecos
1538 530 1649 556 Dianam
1660 539 1734 556 eam-

907 580 909 598 ,
937 573 989 600 que
1002 564 1161 595 Luciferam,
1174 566 1213 590 sic
1223 565 1295 600 apud
1307 571 1410 592 nostros
1422 567 1551 593 Iunonem
1564 568 1694 594 Lucinam
1706 569 1733 594 in

938 602 1066 637 pariendo
1078 603 1216 628 invocant:
1239 611 1308 637 quae
1319 603 1412 629 eadem
1425 604 1507 630 Diana
1519 608 1652 638 omnimya
1664 605 1734 631 dici-

907 646 916 679 11
938 645 994 670 tur,
1013 648 1065 665 non
1081 647 1095 665 3
1111 642 1236 669 venundo,
1258 640 1305 666 sed
1320 640 1393 675 quod
1409 641 1435 667 in
1457 647 1559 676 septem
1579 648 1735 669 numeratur

908 683 916 711 'i
938 682 1075 711 tamquam
1095 678 1258 710 vayonli'bus.
1298 679 1339 704 69.
1362 678 1442 704 Diana
1463 679 1547 710 dicta,
1569 681 1633 714 quia
1655 685 1735 706 noctu

915 712 916 715 ’
937 715 1016 749 quasi
1037 713 1109 739 diem
1132 713 1258 740 efficeret.
1298 714 1450 742 Adhibetur
1468 721 1557 742 autem
1578 717 1611 743 ad
1630 722 1732 752 partus,

937 751 1010 786 quod
1026 752 1045 777 ii
1061 755 1245 777 maturescunt
1259 756 1304 778 aut
1320 757 1422 786 septem
1438 762 1655 788 nonnumquam,
1678 760 1732 785 aut,

915 787 916 803 ³
937 794 967 815 ut
978 788 1148 823 plerumque,
1157 797 1254 814 novem
1266 788 1344 815 lunae
1356 790 1491 821 cursibus,
1500 792 1557 826 qui,
1566 792 1630 825 quia
1643 800 1735 818 mensa

907 820 909 829 ¹
937 826 1023 860 spatia
1034 825 1188 856 conficiunt,
1202 835 1297 852 menses
1311 827 1492 854 nominantur.
1533 828 1732 864 Concinneque,

938 863 1066 893 utmulta,
1075 863 1215 895 Timaeus,
1228 864 1285 898 qui,
1294 865 1415 898 quumin
1427 864 1537 891 historia
1549 866 1672 896 dixisset,
1682 875 1735 901 qua

938 906 1013 927 nocte
1030 905 1108 926 natus
1123 905 1194 926 esset
1206 900 1371 932 Alexander,
1389 901 1481 927 eadem
1494 903 1591 929 Dianae
1603 903 1735 938 Ephesiae

938 937 1070 972 templum
1085 937 1290 973 dessagravisse,
1308 938 1433 965 adiunxit
1448 940 1559 966 minime
1576 940 1602 966 id
1614 950 1672 967 esse
1685 942 1737 967 mi-

938 976 1067 1006 randum,
1084 975 1156 1010 quod
1169 976 1263 1006 Diana,
1281 985 1366 1010 quum
1379 977 1406 1002 in
1418 982 1495 1011 partu
1507 977 1677 1013 Olympiadis
1689 978 1737 1004 ad-

938 1022 997 1039 esse
1012 1012 1157 1044 voluisset,
1175 1012 1307 1039 abfuisset
1322 1013 1410 1040 domo.
1451 1014 1524 1046 Quae
1539 1021 1627 1041 autem
1643 1015 1691 1042 dea
1703 1016 1737 1042 ad

938 1060 981 1077 res
994 1059 1088 1077 omnes
1099 1053 1208 1081 veniret,
1223 1051 1352 1077 Venerem
1365 1052 1448 1078 nostri
1460 1053 1680 1080 nominaverunt.
1697 1059 1737 1080 31-

938 1097 991 1123 que
1002 1097 1036 1114 ex
1048 1097 1077 1114 ea
1088 1088 1177 1122 potius
1190 1094 1331 1119 venustas,
1344 1098 1426 1124 quam
1439 1090 1529 1116 Venus
1540 1099 1572 1116 ex
1585 1096 1735 1117 venustate.

938 1126 1058 1152 xxvffl.
1071 1126 1113 1152 70,
1129 1125 1268 1152 Videtisne
1281 1127 1371 1161 igitur,
1382 1131 1409 1153 ut
1421 1136 1434 1153 a
1446 1127 1569 1163 physicis
1582 1128 1662 1154 rebus
1669 1128 1737 1154 bene

915 1181 917 1186 1
938 1168 1017 1198 atque
1029 1163 1131 1189 utiliter
1143 1164 1260 1189 inventis
1272 1168 1352 1190 tracta
1365 1165 1430 1190 ratio
1444 1166 1479 1191 sit
1495 1165 1526 1191 ad
1539 1167 1737 1192 commentitios

916 1227 917 1230 ,
938 1206 964 1228 et
980 1201 1054 1227 fictos
1069 1199 1151 1227 deos‘?
1170 1209 1239 1235 quae
1257 1210 1298 1227 res
1313 1202 1407 1237 genuit
1422 1201 1502 1228 falsas
1513 1203 1654 1237 opiniones
1665 1212 1738 1230 erro-

916 1257 917 1262 ,
939 1247 1035 1273 resque
1052 1237 1220 1264 turbulentos
1236 1243 1261 1264 et
1276 1239 1482 1273 superstitiones
1498 1249 1581 1274 paene
1596 1241 1694 1267 aniles:
1712 1246 1738 1267 ct

939 1276 1038 1302 formae
1053 1276 1125 1301 enim
1138 1276 1216 1302 nobis
1228 1276 1338 1303 deorum
1350 1281 1375 1303 et
1387 1282 1485 1304 aetates
1497 1283 1521 1303 01
1534 1279 1647 1304 vestitus
1658 1287 1738 1305 orna-

939 1319 1036 1348 tusque
1048 1313 1103 1339 noti
1115 1318 1191 1344 suut,
1209 1322 1306 1348 genera
1320 1319 1468 1348 praeterea,
1482 1316 1621 1351 coniugia,
1638 1324 1738 1351 cogna—

939 1352 1023 1377 tiones
1034 1351 1179 1385 omniaque
1191 1351 1311 1377 traducta
1323 1351 1355 1377 ad
1370 1352 1578 1379 similitudinem
1593 1353 1737 1379 imbecilli—

939 1389 999 1415 tatis
1021 1388 1167 1414 humanae:
1190 1397 1252 1414 nam
1267 1394 1293 1415 et
1309 1390 1470 1423 perturbatis
1486 1391 1584 1416 animis
1602 1390 1737 1417 inducun-

939 1431 994 1452 tur:
1018 1426 1173 1460 accepimus
1184 1426 1257 1452 enim
1268 1426 1379 1453 deorum
1395 1427 1571 1461 cupiditates,
1589 1428 1738 1463 aegritudi-

938 1500 1103 1536 praeliisque
1113 1506 1270 1534 caruerunt;
1285 1510 1333 1527 nec
1344 1501 1442 1531 solum.
1457 1507 1485 1529 ut
1496 1503 1567 1537 apud
1580 1504 1735 1534 llomerum,

938 1547 1024 1573 quum
1045 1538 1099 1564 duo
1118 1539 1253 1564 exercitus
1268 1540 1414 1565 contrarios
1430 1539 1476 1566 alii
1492 1540 1531 1566 dii
1546 1550 1579 1567 ex
1595 1541 1646 1566 alia
1664 1546 1737 1575 parte

938 1575 1123 1606 defenderent,
1132 1575 1179 1601 sed
1191 1577 1281 1607 etiam,
1291 1581 1319 1603 ut
1328 1585 1390 1603 cum
1399 1577 1510 1608 Titanis,
1524 1583 1552 1604 ut
1562 1587 1623 1604 cum
1634 1579 1738 1613 Gigan-

916 1637 917 1646 ,
939 1613 1025 1644 tibus,
1042 1622 1090 1639 sua
1103 1614 1209 1648 propria
1221 1613 1291 1640 bella
1302 1619 1453 1649 gesserunt.
1496 1616 1738 1642 1130001111011111111·

938 1655 964 1677 et
974 1650 1121 1677 creduntur
1131 1650 1301 1681 stultissime,
1315 1657 1340 1678 et
1352 1651 1429 1686 plena
1441 1658 1503 1679 sunt
1517 1652 1651 1679 futilitatis
1662 1662 1738 1679 sum-

916 1694 917 1705 *
939 1697 1051 1723 maeque
1065 1687 1191 1714 levitatis*
1231 1690 1271 1715 71.
1293 1688 1346 1715 Sed
1359 1694 1456 1720 tamen,
1474 1690 1516 1716 bis
1528 1690 1627 1717 fabulis
1639 1691 1737 1725 spretis

939 1734 968 1752 ac
983 1725 1146 1760 repudiatiS,
1168 1725 1235 1752 deus
1251 1727 1388 1761 pertinens
1404 1736 1451 1761 per
1466 1733 1587 1754 naturam
1603 1729 1738 1763 cuiusque

939 1764 985 1793 rei,
1000 1772 1047 1798 per
1059 1763 1237 1795 terrasCereS,
1252 1773 1298 1798 per
1310 1765 1393 1790 maria
1406 1765 1556 1799 Neptunus,
1570 1765 1616 1792 alii
1627 1774 1675 1800 per
1686 1765 1738 1792 alia

916 1807 917 1822 1
939 1806 1063 1836 poterunt
1075 1801 1200 1836 intelligi,
1212 1802 1260 1836 qui
1272 1802 1421 1837 qualesque
1433 1803 1500 1833 sint,
1513 1812 1622 1838 quoque
1633 1812 1678 1829 eos
1691 1812 1739 1829 no-

940 1839 1011 1865 mine
1023 1839 1189 1865 consuetudo
1206 1840 1417 1874 nuncupaverit,
1436 1840 1484 1866 hos
1499 1840 1562 1866 deos
1576 1845 1601 1867 et
1617 1841 1738 1867 venerari

916 1894 917 1900 1
938 1881 963 1902 et
973 1875 1059 1902 colere
1071 1876 1214 1903 debemus.
1237 1876 1331 1903 Cultus
1343 1882 1431 1903 autem
1444 1877 1554 1904 deorum
1567 1883 1607 1904 est
1618 1878 1738 1913 optimus

939 1914 1066 1948 idemque
1073 1914 1242 1940 castissimus
1254 1919 1333 1949 atque
1345 1915 1534 1941 sanctissimus
1546 1915 1739 1950 plenissimus-

938 1960 991 1986 que
1003 1952 1124 1986 pietatis,
1143 1956 1171 1978 ut
1182 1960 1227 1977 eos
1237 1960 1345 1986 semper
1356 1961 1436 1987 pura,
1453 1954 1568 1988 integra,
1586 1954 1738 1988 incorrupta

938 1993 964 2015 et
980 1993 1068 2015 mente
1083 1994 1109 2015 01
1125 1997 1188 2015 voce
1206 1998 1375 2016 veneremur.
1417 1991 1474 2016 Non
1493 1991 1565 2017 0111111
1583 1991 1738 2026 pliilosoplii

916 2024 918 2050 Ι
938 2025 1041 2057 solum,
1060 2035 1155 2052 verum
1171 2027 1250 2053 etiam
1267 2028 1381 2053 maiores
1398 2028 1480 2054 nostri
1492 2029 1711 2062 superstitionem
1724 2037 1738 2054 a

917 2081 918 2093 ,
939 2063 1068 2099 religione
1085 2069 1288 2098 separaverunt.
1328 2065 1370 2091 72.
1393 2065 1459 2091 Natu
1472 2066 1518 2100 qui
1531 2071 1596 2092 totos
1607 2065 1666 2092 dies
1677 2074 1739 2100 pre-

917 2114 918 2130 i
938 2100 1068 2127 cabantur
1079 2106 1104 2127 et
1117 2101 1304 2131 immolabant,
1324 2107 1353 2128 ut
1367 2103 1411 2128 sui
1423 2102 1476 2128 sibi
1490 2103 1567 2129 liberi
1579 2103 1738 2137 superstites

939 2143 1041 2168 essent,
1059 2139 1241 2172 superstitiosi
1256 2143 1319 2165 sunt
1330 2139 1471 2174 appellati:
1494 2140 1566 2175 quod
1579 2149 1674 2166 nomen
1691 2148 1738 2174 pa-

916 2190 918 2212 ¹,
939 2175 989 2201 tuit
1001 2179 1090 2209 postea
1105 2175 1194 2202 latius.
1234 2176 1286 2208 Qui
1298 2181 1386 2202 autem
1397 2178 1497 2207 onmia,
1510 2186 1579 2212 quae
1591 2177 1622 2203 ad
1635 2176 1737 2203 cultum

916 2213 917 2226 ³
938 2212 1050 2238 deorum
1072 2213 1249 2246 pertinerent.
1272 2212 1417 2248 diligenter
1438 2219 1608 2241 retractarent
1624 2220 1648 2240 01
1670 2219 1738 2240 tam-

938 2258 1019 2284 quam
1036 2249 1198 2285 relegerent,
1216 2255 1279 2276 sunt
1294 2250 1358 2276 (11011
1371 2250 1490 2286 religiosi
1503 2260 1535 2278 ex
1547 2254 1690 2284 roh-giendo.
1709 2256 1738 2278 ut

916 2297 917 2308 i
937 2287 1073 2322 elegantes
1084 2296 1118 2313 ex
1129 2289 1255 2320 t'fiyt'nrfo.
1268 2287 1387 2322 itemque
1398 2297 1432 2315 ex
1442 2291 1571 2322 diliyemlo
1581 2289 1735 2324 diligentes,

916 2355 917 2359 Ἰ
937 2333 971 2350 ex
983 2326 1145 2357 inti-lliqendo
1156 2324 1346 2359 intelligentes.
1370 2326 1416 2351 llis
1427 2326 1499 2352 enim
1513 2327 1538 2352 in
1548 2326 1637 2352 verbis
1648 2327 1737 2352 omni-

916 2364 917 2395 1
938 2361 989 2387 bus
1001 2362 1071 2388 inest
1087 2362 1128 2387 vis
1145 2361 1251 2397 legendi
1269 2362 1378 2393 eadem,
1395 2371 1464 2397 quae
1481 2363 1507 2389 in
1523 2363 1658 2398 religioso.
1700 2364 1736 2390 lta

916 2398 917 2417 l
939 2398 1037 2424 factum
1057 2403 1097 2425 est
1117 2399 1143 2425 in
1160 2400 1348 2434 superstitioso
1364 2405 1388 2425 01
1405 2399 1530 2435 religioso
1545 2400 1658 2426 alterum
1677 2401 1736 2427 vitii

915 2451 917 2467 3
938 2444 1044 2466 nomen,
1060 2436 1173 2462 alterum
1187 2437 1285 2463 laudis.
1320 2437 1356 2463 Ac
1369 2437 1436 2463 inibi
1449 2437 1540 2463 videor
1552 2439 1625 2468 satis,
1639 2443 1663 2464 et
1675 2447 1734 2464 0550

937 2473 1002 2499 deos
1012 2478 1037 2499 et
1048 2473 1143 2508 quales
1154 2479 1252 2503 esseut,
1266 2474 1426 2500 ostendisse.

993 2510 1094 2537 ΧΧΙΧ.
1115 2512 1157 2537 73.
1181 2512 1336 2538 Proximum
1358 2518 1410 2541 est,
1439 2517 1466 2539 nt
1490 2511 1600 2538 1100011111
1623 2512 1734 2539 deorum

937 2548 1104 2582 providentia
1118 2549 1250 2575 mundum
1262 2549 1455 2576 administrari.
1497 2550 1610 2585 Magnus
1621 2559 1684 2576 sane
1697 2550 1735 2576 lo-

936 2594 984 2611 cus
995 2590 1045 2612 eta
1058 2587 1163 2617 vestris,
1172 2587 1255 2616 Cotta,
1270 2592 1395 2614 vexatus:
1410 2596 1439 2612 ac
1451 2587 1579 2614 nimirum
1593 2588 1734 2614 vobiscum

935 2632 1014 2649 omne
1025 2628 1159 2650 certamen
1171 2629 1220 2650 est.
1248 2624 1314 2649 Nam
1327 2624 1414 2655 vobis,
1428 2624 1521 2656 vellet,
1539 2626 1629 2651 minus
1641 2631 1733 2651 notum

935 2665 989 2692 051,
1011 2661 1242 2697 quemadmodum
1257 2661 1379 2697 quidque
1397 2662 1511 2689 dicatur.
1554 2663 1644 2690 Vestra
1661 2663 1733 2689 0111111

939 1472 1000 1494 1105,
1019 1463 1186 1489 iracundias:
1211 1472 1259 1490 nee
1276 1472 1351 1495 vero,
1370 1469 1398 1491 ut
1414 1465 1520 1491 tabulae
1538 1465 1638 1495 ferunt,
1658 1465 1737 1492 bellis
1778 1475 1780 1477 ·
