1941 3052
886 432 941 458 ⁴07.

588 503 622 530 Μ.
662 502 860 531 TULLII
897 501 1230 531 CICERONIS

298 578 941 628 EPISTULARUM

1006 579 1109 627 AD
1169 577 1525 627 BRUTUM

505 677 770 714 LIBER
835 676 1318 715 SECUNDUS.

649 836 842 863 NOTITIA
872 836 1168 864 LITTERARIA.

144 907 193 928 Hae
210 909 294 934 neptem
309 906 356 932 (vd
373 911 424 931 tex,
444 912 500 926 nam
514 905 548 926 11.
564 909 587 926 et
599 905 647 926 111.
661 905 769 933 principe
781 906 806 926 in
817 907 850 927 ed.
863 905 993 931 cohaerent)
1008 905 1117 933 epistolae
1130 905 1235 925 Busileue
1249 911 1310 925 nnnc
1325 907 1394 929 1528„
1410 905 1540 924 moderante
1549 903 1662 924 Mirlmele
1674 903 1731 924 Ben-

91 943 146 967 lino,
169 943 232 963 Tom.
251 941 298 962 111.
318 949 333 961 α
353 941 482 962 Cratandro
499 948 510 961 ι
529 944 631 966 vetusto,
647 944 675 961 ut
688 940 736 965 ait,
752 940 827 961 codice
843 944 898 962 mut
912 940 1072 966 editae‚lun1d
1085 940 1152 961 dubie
1160 947 1203 968 pro
1217 947 1277 960 more
1291 940 1354 960 illius
1371 940 1478 966 ternpnrix
1491 943 1543 967 pot(
1554 946 1611 967 opus
1623 943 1731 967 typogra-

86 978 184 1006 phicam
202 977 230 998 ab
248 976 322 1004 operi:
335 977 413 998 deleto.
429 977 458 997 In
469 983 513 1004 quo
527 976 696 1004 quodprimum
707 976 783 996 Iocum
793 976 920 1000 obtinuere,
935 975 958 996 lu.
973 983 991 996 ε.
1008 980 1061 996 aule
1077 976 1131 997 libri
1144 983 1206 997 nunc
1220 976 1306 1003 priori:
1319 975 1440 1002 epistolum
1456 975 1570 995 Ciceroni}
1588 976 1618 995 mi
1632 975 1731 995 Brutum

87 1013 200 1042 primam:
222 1011 277 1032 huic
289 1011 398 1040 epistolae
412 1013 476 1039 apud
494 1011 650 1032 Cratandrum
667 1011 809 1038 praemissae
825 1013 900 1032 eodem
919 1011 976 1032 libro
996 1011 1152 1032 continentur.

86 1047 232 1077 postpositae
240 1046 367 1069 alterius
377 1046 416 1067 lib
422 1046 448 1067 ri
456 1046 533 1067 locum
542 1049 565 1067 et
574 1046 671 1067 ticulum
681 1049 836 1073 occuparunt.

140 1159 159 1180 L
175 1159 252 1179 ARG.
268 1158 353 1179 Auctor
365 1157 390 1178 iu
400 1165 482 1178 summu
493 1157 623 1178 discrimine
633 1163 677 1178 rem
688 1164 737 1178 esse
748 1157 835 1181 scribit,
847 1163 886 1177 nec

89 1201 113 1215 se
127 1197 200 1215 tamen
213 1194 344 1221 desperare3
361 1192 498 1214 celeritatem
507 1192 532 1213 in
539 1192 670 1214 consulibus
681 1192 792 1213 desiderat
803 1196 824 1213 et
834 1200 885 1219 pru-

88 1229 198 1254 dentiam3
213 1229 330 1250 maximum
343 1235 402 1256 spem
413 1235 463 1249 esne
472 1228 496 1248 in
506 1228 574 1248 Bruto
586 1231 607 1248 et
617 1227 705 1249 Cassio.
729 1227 799 1248 Dubii
811 1231 885 1248 aucto—

88 1265 121 1285 ris
135 1271 185 1286 esse
198 1264 286 1285 videtur
300 1264 352 1284 haec
366 1263 474 1291 epistola,
489 1266 514 1283 ut
529 1263 592 1284 cuius
602 1263 692 1283 initium
703 1270 731 1283 ex
741 1262 789 1283 loco
801 1262 847 1284 Cic.
858 1263 885 1282 ad

88 1299 140 1321 niv.
151 1303 202 1324 ΧΗ,
213 1301 231 1320 fl.
241 1299 392 1326 depromptum
403 1298 440 1323 sit,
457 1300 478 1318 et
489 1305 544 1325 quae
554 1298 611 1318 haud
621 1298 700 1318 Latine
711 1297 770 1318 dicta
780 1298 885 1324 quaedam

88 1334 209 1359 continent.
220 1337 245 1355 ut
255 1350 269 1359 „
276 1333 398 1354 infideliter
407 1333 500 1354 suadere
507 1336 521 1345 ¹‘
532 1337 554 1354 et
564 1333 659 1354 absurde
669 1333 760 1361 scripta,
771 1340 791 1353 v.
802 1340 820 1354 e.
829 1349 843 1358 „
850 1333 884 1353 Ex

88 1377 122 1391 rne
132 1372 204 1391 autem
213 1369 270 1390 illud
281 1372 315 1390 est
324 1381 350 1384 —
361 1368 507 1395 Cassiumque
517 1368 648 1395 respiciunt.
655 1371 670 1380 ‘¹

144 1449 167 1475 l.
190 1442 287 1479 Quum
309 1447 374 1474 haec
389 1448 556 1479 scribebam,
578 1456 620 1474 res
635 1447 842 1474 existimabatur
857 1448 884 1474 in

88 1490 239 1512 extremum
260 1484 374 1512 adducta
390 1484 551 1512 discrimen:
575 1486 664 1512 tristes
678 1486 750 1511 enim
761 1484 794 1511 de
806 1485 885 1511 Bruto

88 1528 178 1550 nostro
190 1522 291 1550 litterae
303 1522 447 1558 nuntiique
458 1522 646 1549 afferebantur.
662 1523 703 1549 Me
714 1521 825 1557 quidem
833 1530 885 1548 non

89 1561 207 1587 maxime
227 1559 433 1587 conturbabant.
474 1560 522 1586 His
538 1560 611 1586 enim
626 1559 793 1586 exercitibus
808 1559 886 1585 duci-

88 1597 205 1632 busque,
213 1606 282 1632 quos
293 1597 435 1628 habemus,
444 1597 519 1624 nullo
530 1597 609 1624 modo
620 1602 739 1632 poteram
751 1596 884 1623 diffidere.

87 1635 181 1670 Neque
201 1634 368 1661 assentiebar
388 1635 483 1661 maiori
503 1635 572 1669 parti
593 1634 746 1661 hominum.
792 1633 885 1661 Fidem

87 1672 160 1699 enim
171 1672 315 1699 consulum
326 1680 379 1698 non
390 1671 613 1703 condemnabam,
621 1680 691 1707 quae
702 1676 827 1706 suspecta
839 1680 887 1697 ve·

88 1709 227 1736 hementer
237 1714 302 1736 erat.
334 1709 525 1736 Desiderabam
538 1709 676 1736 nonnullis
690 1710 717 1735 in
728 1709 809 1735 rebus
820 1717 887 1744 pru—

87 1746 206 1774 dentiam
217 1751 243 1774 et
253 1746 432 1780 celeritatem,
455 1755 508 1782 qua
520 1747 543 1773 si
553 1751 643 1773 essent
653 1747 706 1777 usi,
723 1745 885 1781 iampridem

87 1783 223 1819 rempubl.
236 1793 483 1819 recuperassemus.
506 1784 564 1811 Non
576 1785 648 1810 enim
661 1784 886 1820 ignoras,quanta

87 1827 221 1849 momenta
237 1822 292 1848 sint
306 1822 334 1848 in
348 1821 488 1856 republica
500 1826 665 1856 temporum:
688 1826 714 1847 et
724 1821 791 1856 quid
804 1823 886 1848 inter-

87 1859 131 1890 sit,
149 1859 220 1885 idem
233 1858 302 1885 illud
313 1863 404 1886 utrum
415 1863 486 1890 ante,
502 1867 534 1885 an
546 1864 607 1894 post
617 1858 785 1890 decernatur,
798 1859 887 1885 susci-

87 1897 186 1931 piatur,
200 1901 303 1932 agatur.
343 1895 449 1927 Omnia,
461 1904 531 1930 quae
542 1904 634 1922 severe
645 1896 751 1922 decreta
762 1900 825 1923 sunt
837 1896 886 1922 hoc

88 1933 220 1964 tumultu.
243 1934 267 1960 si
283 1937 341 1965 aut,
363 1942 418 1968 quo
438 1933 482 1959 die
497 1932 555 1959 dixi
571 1933 746 1964 sententiam,
769 1932 886 1968 perfecta

88 1975 187 2001 essent,
196 1975 222 1997 et
235 1971 322 1997 nonin
333 1970 406 1996 diem
420 1979 455 1996 ex
465 1970 508 1996 die
515 1969 606 2001 dilata,
615 1975 720 2005 autquo
727 1975 886 2005 extempore

87 2012 213 2042 suscepta
229 2012 301 2038 sunt.
319 2011 348 2034 ut
359 2011 510 2043 agerentur,
531 2016 583 2034 nou
596 2007 695 2034 tardata
707 2012 732 2034 et
743 2008 887 2042 procrasti-

88 2050 162 2076 nata,
186 2045 289 2071 bellum
309 2045 363 2071 iam
384 2044 490 2071 nullum
513 2044 685 2071 haberemus,
730 2046 755 2071 2.
777 2044 884 2076 Omnia.

87 2083 177 2113 Brute,
191 2082 312 2117 praestiti
327 2081 503 2117 reipublicae,
519 2090 588 2117 quae
600 2086 734 2117 praestare
745 2081 840 2109 debuit
851 2082 884 2112 is,

87 2121 135 2155 qui
151 2125 222 2146 esset
232 2121 260 2146 in
271 2127 311 2151 eo,
325 2119 352 2145 in
364 2128 418 2154 quo
429 2127 478 2155 ego
489 2127 564 2150 sum,
581 2119 667 2155 gradu
678 2124 788 2145 senatus
800 2127 887 2154 popu-

88 2157 162 2192 lique
174 2157 275 2183 iudicio
285 2156 447 2183 collocatus:
465 2164 514 2182 nec
528 2156 573 2183 illa
585 2156 749 2192 modo,quae
756 2157 886 2183 nimirum

88 2195 144 2222 sola
158 2195 191 2221 ab
208 2195 316 2221 homine
331 2199 395 2220 sunt
408 2193 577 2228 postulanda.
596 2193 686 2225 fidem,
704 2193 883 2229 vigilantiam,

87 2233 189 2268 patriae
208 2233 358 2258 caritatem:
381 2239 412 2258 ea
427 2235 491 2257 sunt
501 2231 588 2262 enim,
605 2240 675 2266 quae
686 2239 764 2257 nemo
775 2236 824 2262 est,
837 2233 885 2266 qui

88 2278 141 2296 non
155 2274 290 2304 praestare
304 2268 409 2295 debeat.
450 2268 507 2304 Ego
518 2273 607 2294 autem
618 2269 653 2299 ei.
666 2269 714 2303 qui
725 2269 885 2295 sententiam

87 2306 160 2333 dicat
171 2307 198 2333 in
211 2306 382 2342 principibus
393 2305 426 2332 de
438 2305 587 2340 republica,
600 2310 663 2340 puto
675 2306 754 2332 etiam
766 2305 886 2340 pruden-

87 2345 152 2371 tiam
167 2352 227 2370 esse
243 2343 445 2379 praestandam,
468 2351 517 2369 nec
529 2351 584 2374 mo,
602 2351 687 2378 quum
700 2343 767 2369 mihi
782 2347 885 2369 tantum

87 2381 266 2416 sumpserim,
290 2385 320 2407 ut
332 2379 516 2417 gubernacula
532 2379 698 2415 reipublicae
714 2380 883 2415 prcnderem,

88 2419 180 2445 minus
195 2419 313 2454 putarim
325 2417 589 2453 reprehendendum,
602 2417 626 2443 si
638 2417 770 2444 inutiliter
781 2417 885 2452 aliquid

87 2456 193 2482 senatui
210 2457 358 2487 suaserim,
376 2464 457 2490 quam
469 2455 492 2481 si
505 2454 658 2481 infideliter.
699 2456 723 2481 3.
741 2454 805 2481 Acta
816 2463 886 2489 quae

88 2493 152 2525 sint,
167 2501 292 2529 quaeque
303 2497 425 2529 agantur,
439 2493 496 2519 scio
508 2492 639 2527 perscribi
650 2490 683 2518 ad
694 2496 717 2518 te
729 2491 884 2527 diligenter.

87 2530 130 2557 Ex
149 2538 193 2557 me
205 2535 295 2557 autem
309 2530 379 2557 illud
394 2534 448 2561 est,
465 2529 537 2564 quod
552 2533 576 2555 te
588 2528 670 2555 velim
682 2528 780 2555 habere
791 2529 886 2564 cogni-

88 2572 160 2597 tum.
183 2576 275 2594 meum
290 2567 402 2603 quidem
419 2567 540 2593 animum
558 2567 585 2592 in
601 2567 686 2593 aciem
701 2574 774 2597 esse,
798 2574 885 2601 neque

88 2609 241 2639 respectum
261 2604 348 2631 ullum
364 2612 505 2640 quaerere,
524 2604 577 2630 nisi
593 2612 635 2629 me
651 2602 754 2629 utilitas
768 2603 885 2630 civitatis

88 2641 156 2668 forte
167 2643 338 2669 couverterit.
364 2642 477 2669 Maiores
489 2646 577 2668 autem
590 2645 678 2676 partes
689 2641 773 2666 animi
786 2645 810 2667 te
821 2641 886 2667 Cas—

89 2679 216 2714 siumque
227 2679 386 2715 respiciunt.
427 2678 608 2711 Quamobrem
624 2679 658 2705 ita
673 2682 697 2705 te
709 2686 781 2713 para=
795 2677 883 2710 Brute,

1188 1011 1208 1031 A
1227 1011 1356 1035 Selliitin,
1377 1017 1411 1031 me
1429 1013 1450 1031 et
1469 1010 1552 1031 Orellio
1570 1010 1687 1031 seiunctae
1705 1016 1732 1030 a(

938 1163 968 1186 ut
978 1159 1128 1196 intelligas,
1144 1164 1203 1191 aut,
1219 1160 1243 1186 si
1259 1159 1309 1186 hoc
1321 1164 1439 1194 tempore
1455 1158 1523 1185 bene
1539 1166 1582 1184 res
1597 1162 1672 1194 gesta
1687 1157 1731 1188 sit,

938 1197 988 1224 tibi
1003 1197 1142 1224 meliorem
1158 1197 1355 1232 rempublicam
1371 1205 1430 1223 esse
1446 1195 1612 1227 faciendam,
1634 1199 1693 1226 aut,
1710 1195 1733 1221 si

937 1235 1005 1271 quid
1015 1235 1148 1262 offensum
1159 1236 1203 1266 sit,
1217 1244 1265 1270 per
1276 1240 1299 1261 te
1311 1243 1370 1261 esse
1381 1233 1504 1260 eamdem
1511 1232 1732 1268 recuperandam.

989 1305 1017 1326 ll·
1034 1305 1109 1326 ARG.
1126 1306 1159 1325 De
1173 1304 1252 1325 Planci
1267 1304 1354 1329 egregio
1370 1304 1393 1324 in
1404 1302 1509 1330 rempubl.
1521 1302 1602 1326 animo.
1618 1302 1676 1322 etde
1687 1301 1734 1322 ιυίι

936 1347 984 1361 cum
995 1340 1091 1360 Servilio
1106 1340 1130 1360 in
1144 1343 1223 1360 senatu
1233 1339 1426 1362 contentionibus.
1442 1338 1522 1365 quit-uu
1533 1337 1637 1358 Plancum
1649 1337 1734 1357 tandem

937 1375 1012 1400 fregit.
1042 1377 1102 1396 Haec
1110 1382 1197 1402 quoque
1207 1374 1304 1402 epistola
1314 1377 1370 1395 inter
1379 1374 1459 1394 dubias
1469 1376 1596 1393 numer-tur
1603 1388 1608 1396 ,
1619 1372 1676 1398 quud
1686 1371 1735 1392 eius

938 1414 1014 1431 auctor
1032 1410 1120 1431 litteras
1135 1410 1180 1431 silui
1195 1410 1278 1431 scribat
1292 1410 1319 1430 de
1329 1409 1421 1433 cassin.
1440 1409 1467 1429 de
1477 1407 1615 1431 legionibus.
1635 1407 1661 1427 de
1669 1406 1734 1432 Syria

938 1453 987 1467 esse
997 1446 1103 1470 redditas,
1119 1446 1176 1466 idem
1186 1452 1236 1466 vero
1248 1445 1302 1466 libri
1315 1449 1330 1465 1.
1343 1451 1376 1471 ep.
1388 1447 1407 1465 ⁵.
1419 1446 1465 1463 totu
1477 1443 1523 1463 fere
1533 1449 1607 1463 meuse
1618 1446 1668 1469 pon
1679 1441 1734 1462 scri-

937 1485 986 1509 pta,
1005 1482 1025 1502 si
1040 1481 1126 1508 quidem
1142 1481 1190 1501 eiu·
1205 1487 1291 1508 quoque
1305 1483 1339 1501 est
1349 1482 1435 1503 auctor.
1455 1478 1504 1498 illi·
1514 1478 1541 1498 de
1551 1478 1616 1498 rebu-
1627 1477 1678 1503 quid
1690 1476 1734 1497 sibi

937 1517 1045 1539 videatur.
1057 1516 1114 1536 nihil
1125 1516 1199 1537 dicere
1210 1516 1296 1536 audeat.

1134 1560 1302 1589 CICERO
1334 1558 1481 1586 BRUTO
1510 1558 1537 1584 S.

996 1602 1018 1626 i.
1040 1595 1136 1626 Planci
1151 1599 1273 1625 animum
1285 1599 1312 1624 in
1324 1595 1520 1632 rempublicam
1532 1595 1682 1630 egregium,
1698 1593 1735 1620 le-

938 1639 1040 1674 giones,
1054 1637 1165 1667 auxilia,
1179 1637 1270 1670 copias
1282 1644 1315 1662 ex
1328 1635 1422 1661 litteris
1434 1634 1502 1663 eius,
1516 1641 1631 1668 quarum
1643 1640 1736 1658 exem-

939 1675 1014 1710 plum
1022 1675 1070 1702 tibi
1079 1675 1193 1700 missum
1201 1674 1322 1703 arbitror,
1332 1672 1484 1707 perspicere
1491 1670 1612 1705 potuisti.
1629 1668 1733 1703 Lepidi,

939 1713 978 1739 tui
999 1713 1157 1743 necessarii,
1180 1711 1228 1746 qui
1244 1709 1396 1736 secundum
1409 1708 1516 1734 fratrem
1534 1707 1628 1733 aflines
1644 1706 1732 1734 babet.

938 1758 1006 1785 quos
1017 1749 1111 1780 oderit,
1121 1749 1267 1784 proximos,
1277 1747 1412 1773 levitatem
1424 1751 1450 1772 et
1460 1745 1664 1771 inconstantiam
1678 1744 1736 1769 ani-

939 1796 1069 1822 mumque
1084 1795 1192 1821 semper
1203 1786 1345 1812 inimicum
1358 1782 1524 1818 reipublicae
1536 1783 1588 1808 iam
1600 1780 1736 1807 credotibi

938 1834 972 1851 ex
989 1829 1094 1851 tuorum
1113 1824 1207 1850 litteris
1225 1831 1284 1849 esse
1299 1826 1481 1857 perspectum.
1522 1821 1547 1846 ⁶2.
1571 1820 1622 1845 Nos
1638 1826 1736 1852 exspe-

938 1862 1018 1889 ctatio
1033 1861 1169 1892 sollicitat,
1187 1869 1255 1896 quae
1267 1864 1307 1886 est
1317 1859 1405 1885 omnis
1420 1858 1473 1884 iam
1486 1858 1513 1884 in
1525 1861 1675 1883 extremum
1688 1855 1737 1881 ad-

938 1899 1017 1926 ducta
1036 1899 1193 1926 discrimen.
1234 1898 1280 1924 Est
1296 1897 1368 1923 enim
1383 1903 1445 1930 spes
1457 1895 1544 1921 omnis
1557 1895 1583 1920 in
1598 1894 1678 1919 Bruto
1689 1901 1736 1918 ex—

938 1936 1082 1972 pediendo,
1094 1936 1127 1962 de
1138 1944 1192 1971 quo
1204 1935 1377 1961 vehementer
1389 1933 1562 1960 timebamus.
1585 1933 1608 1957 3.
1626 1931 1680 1965 Ego
1693 1930 1736 1955 hic

938 1983 1001 2001 cum
1023 1974 1131 2000 homine
1156 1972 1256 2000 furioso
1277 1972 1342 1998 satis
1364 1971 1449 1997 liabeo
1471 1969 1583 2005 negotii,
1609 1967 1734 1996 Servilio,

938 2020 1021 2047 quem
1033 2011 1082 2038 tuli
1092 2011 1206 2041 diutius.
1220 2018 1302 2045 quam
1314 2009 1433 2044 dignitas
1445 2016 1503 2033 mea
1511 2006 1674 2041 patiebatur:
1689 2003 1736 2030 sed

939 2048 989 2076 tuli
1002 2048 1167 2083 reipublicae
1178 2056 1282 2077 caussa,
1297 2056 1329 2073 ne
1340 2046 1432 2072 darem
1445 2044 1557 2080 perditis
1569 2042 1676 2069 civibus
1689 2041 1737 2067 lio-

939 2087 1050 2117 minem,
1072 2094 1168 2120 parum
1184 2093 1281 2111 sanum
1296 2083 1374 2110 illum
1386 2082 1512 2117 quidem,
1530 2081 1577 2107 scd
1590 2086 1677 2106 tamen
1689 2087 1736 2104 no-

939 2123 1032 2153 bilem.
1045 2131 1099 2158 quo
1110 2126 1311 2148 concurrerent:
1334 2120 1407 2155 quod
1420 2119 1521 2145 faciunt
1532 2117 1617 2144 nihilo
1629 2117 1733 2143 minus:

938 2160 986 2186 scd
1005 2168 1067 2186 eum
1083 2159 1257 2186 alienandum
1274 2167 1287 2184 a
1304 2157 1443 2192 republica
1456 2165 1507 2182 non
1520 2155 1657 2190 putabam.
1693 2153 1735 2178 Fi-

939 2206 999 2224 nem
1022 2197 1073 2224 feci
1089 2197 1148 2223 eius
1165 2195 1278 2222 ferendi.
1319 2196 1447 2229 Coeperat
1456 2194 1528 2219 enim
1541 2201 1600 2218 esse
1612 2196 1681 2217 tantu
1695 2191 1735 2216 in-

937 2235 1060 2265 solentia,
1074 2239 1103 2260 ut
1117 2234 1252 2259 neminem
1268 2232 1383 2258 liberum
1395 2231 1516 2257 duceret.
1549 2231 1576 2256 ln
1588 2229 1678 2255 Planci
1690 2235 1735 2253 vc-

938 2281 966 2298 ro
986 2280 1081 2298 caussa
1097 2271 1197 2297 exarsit
1214 2269 1367 2296 incredibili
1384 2268 1488 2297 dolore,
1512 2274 1673 2300 mecumque
1689 2273 1736 2299 per

938 2309 1053 2335 biduum
1066 2309 1101 2335 ita
1117 2307 1253 2334 contendit
1264 2312 1289 2333 et
1299 2316 1313 2333 a
1326 2315 1367 2332 me
1379 2307 1414 2332 ita
1431 2305 1529 2332 [ructus
1541 2303 1734 2333 cst,11teuinin

938 2351 1099 2382 perpetuum
1121 2345 1310 2372 modestiorem
1326 2352 1431 2379 sperem
1449 2343 1512 2369 fore.
1547 2343 1633 2376 Atque
1646 2342 1672 2367 in
1686 2340 1734 2366 liae

937 2384 1106 2411 contentione
1118 2383 1190 2417 ipsa.
1213 2391 1298 2416 quum
1311 2382 1428 2408 maxime
1440 2389 1481 2406 res
1493 2384 1616 2415 ageretur
1626 2387 1650 2404 a.
1666 2378 1693 2404 di
1707 2387 1733 2404 v.

938 2422 976 2447 ld.
990 2420 1085 2456 April..
1101 2420 1201 2446 litterae
1214 2419 1281 2445 mihi
1294 2420 1320 2445 in
1332 2424 1425 2444 senatu
1438 2417 1556 2443 redditae
1567 2421 1628 2442 sunt
1640 2424 1654 2442 a
1666 2417 1735 2442 Len·

939 2458 994 2484 tulo
1010 2462 1098 2484 nostro
1109 2457 1141 2483 de
1153 2457 1259 2487 Cassio,
1277 2456 1310 2482 de
1323 2455 1475 2491 legionibus
1484 2475 1490 2485 ,
1507 2454 1540 2480 dc
1552 2454 1642 2490 Syria:
1665 2462 1734 2489 quas

938 2496 1029 2522 statim
1041 2503 1126 2530 quum
1139 2494 1333 2523 recitas-issem,
1346 2493 1443 2519 cecidit
1455 2491 1597 2522 Servilius.
1610 2490 1734 2526 complu-

939 2542 980 2559 res
992 2537 1140 2567 praeterea:
1156 2537 1219 2558 sunt
1231 2532 1303 2558 enim
1316 2531 1437 2566 insignes
1449 2529 1559 2564 aliquot.
1573 2530 1620 2564 qui
1633 2529 1734 2564 impro-

938 2570 1052 2596 bissimo
1063 2570 1194 2596 sentiunt:
1218 2569 1265 2595 scd
1277 2568 1451 2594 acerbissime
1464 2566 1525 2593 tulit
1535 2566 1676 2596 Servilius.
1690 2575 1733 2592 as-

938 2616 1050 2634 sensum
1070 2615 1129 2633 esso
1146 2606 1213 2633 mihi
1229 2606 1262 2632 de
1279 2605 1384 2632 Planco.
1425 2605 1553 2640 Magnum
1571 2603 1640 2631 illud
1656 2612 1732 2630 mon-

938 2650 1024 2672 strum
1037 2645 1063 2671 in
1076 2643 1214 2679 republica
1226 2643 1283 2669 cst*
1293 2643 1302 2654 ‘
1313 2645 1320 2653 “

1453 2726 1498 2749 12²1
1516 2723 1527 2733 “
