1941 3052
244 134 304 159 t27s»
806 129 860 153 liti,
897 128 929 152 M,

238 204 405 229 =u›1·iat;1=·uiii
419 202 496 227 alu-ra
509 200 667 234 perveniret.
708 200 780 230 Quae
792 199 814 223 si
826 206 894 232 quos
910 199 977 223 inter
988 206 1030 222 so-

238 242 318 266 cietas
331 246 374 265 :uit
387 245 425 264 est
449 244 493 263 aut.
505 238 554 263 suit
566 242 610 262 aut
623 236 709 261 futura
722 240 768 264 cst,
783 234 1030 260 coruincstliulicn-

238 278 288 304 dus
301 278 331 303 ml
345 284 480 302 ⁴anuinium
494 279 600 300 naturae
613 272 1030 306 lmnumoptiniusbeatissimus·
1052 293 1053 310 χ

237 324 289 349 qui·
311 315 459 339 vomiturus.
501 312 540 337 ⁸5.
559 311 625 336 itm-v
642 315 694 339 cst,
718 311 840 343 inquam,
859 310 984 337 societas,
1004 309 1028 334 in

237 361 289 386 qua
309 352 396 376 omnia
415 351 517 378 insunt,
540 356 608 382 quac
625 351 717 381 putant
733 347 854 372 homines
870 345 1027 380 expett-mla,

240 390 374 415 honestas,
394 386 491 419 gloria,
510 384 689 419 tranquillitas
706 384 788 409 animi
807 388 886 418 atque
903 382 1030 409 iucundi-

238 432 288 451 tas:
305 430 331 450 ut
342 429 375 451 ct.
389 432 472 457 quum
490 422 552 448 hacc
563 422 660 451 adsint,
675 421 748 446 twata
763 421 814 446 vita
825 422 868 451 sit,
882 425 906 446 et
917 421 974 446 sinc
988 420 1029 445 liis
1051 430 1053 458 j

237 471 356 487 essenon
371 461 462 494 possit.
498 459 573 491 Quod
586 467 670 493 quum
682 459 813 492 optimum
827 458 1029 491 maximumque

237 501 282 527 sit.
302 499 323 524 si
345 498 369 523 i‹l
389 497 512 522 volumus
528 496 656 530 adipisci,
675 496 767 521 virtuti
786 504 864 529 opcra
881 494 966 521 (landa
979 499 1026 523 est,
1051 511 1053 524 -,

237 537 293 561 sinc
305 544 357 570 qua
370 543 455 568 neque
467 534 626 563 uniit-itiaiii‚
641 541 727 567 neque
740 532 821 558 ullam
835 541 888 558 rem
901 537 1029 566 expeten-

237 573 296 598 ‹lam
313 572 440 606 consequi
458 579 612 606 possumus».
654 571 690 596 Ea
707 578 768 595 vero
785 569 917 604 neglecta,
935 569 982 604 qui
999 577 1027 594 sc

237 610 335 636 amicos
358 609 454 635 babere
476 608 649 637 arbitrantur,
673 612 728 634 tum
750 615 777 632 se
793 607 910 642 denique
926 614 1029 632 errasse

236 648 362 675 sentiunt,
377 655 460 680 quum
473 654 517 671 cos·
528 645 618 679 gravis
630 644 1026 679 aliquiscasuscxperiricogit.
1051 656 1052 672 i

237 686 276 710 ⁸55.
293 684 435 716 Quoi-iren,
449 682 603 717 (dicendum
616 687 655 708 est
667 683 738 707 enim
749 682 879 716 saepius,)
890 689 974 716 quum
988 681 1029 706 iu-

235 722 380 750 ‹li‹·avcris,
399 720 511 755 diligere
521 724 635 754 oportet,
663 727 723 749 non,
737 727 820 754 ‹piiun
837 718 974 748 dilexeris,
988 719 1030 743 iu-

235 759 334 785 dicare.
375 757 427 783 Sed
444 766 528 792 quum
546 756 638 782 multis
654 757 680 782 in
697 756 777 782 rebus
793 756 955 791 negligentia
973 754 1029 789 ple-

235 797 342 825 ctimur.
357 800 412 821 tum
426 795 544 820 maxime
559 795 586 820 in
601 794 695 820 amicis
710 793 892 829 etdiligendis
904 792 1029 819 etcolen-

235 834 290 859 ilis:
322 833 498 867 praeposteris
514 832 585 857 enim
602 832 703 857 utimur
717 831 850 861 consiliis,
869 835 893 857 et
904 835 960 856 acta
971 830 1029 863 agi-

237 879 309 899 mus,
328 870 399 904 quod
412 874 533 895 vetamur
545 873 632 894 vetere
644 868 795 903 proverbio.
819 869 884 894 Nam
898 867 1027 902 implicati

234 907 304 934 ultro
319 912 343 933 ct
355 908 434 937 citro,
456 906 497 932 vel
510 914 560 932 usu
572 905 700 932 diuturno
712 905 753 931 vel
766 906 845 931 ctiam
857 904 967 935 officiis,
987 913 1029 929 re-

236 950 313 979 pente
326 945 351 970 in
364 943 453 970 medio
464 952 544 969 cursu
556 944 688 969 amicitias
701 947 790 969 exorta
802 942 892 977 aliqua
903 942 1029 968 offensio-

229 981 267 1008 'nc
279 982 488 1016 ‹lisrumpimus.
529 980 625 1006 XXIII.
642 982 682 1006 86.
698 979 756 1011 Quo
767 981 847 1006 etiam
860 980 945 1014 magis
956 979 1029 1004 vitu-

236 1018 351 1053 peranda
373 1024 412 1045 est
431 1019 468 1044 rei
494 1018 611 1044 maxime
640 1018 804 1043 necessariae
826 1022 895 1043 tanta
913 1017 1026 1042 incuria.

235 1057 289 1082 Una
305 1061 344 1082 est
355 1056 426 1082 enim
439 1055 555 1082 amicitia
567 1056 592 1080 in
606 1055 686 1080 rebus
701 1054 835 1085 humanis,
852 1054 1029 1080 decuiusuti-
1049 1054 1051 1081 ¹.

235 1093 306 1120 litate
327 1101 420 1119 omnes
447 1101 500 1118 uno
527 1101 572 1118 ore
591 1093 774 1118 consentiunt:
825 1099 989 1126 quamquam
1014 1098 1027 1115 a

236 1130 328 1156 multis
346 1131 401 1164 ipsa
417 1130 502 1156 virtus
512 1130 691 1155 contemnitur
701 1133 726 1154 et
738 1128 884 1154 venditatio
895 1127 1026 1163 quaedam

235 1173 314 1203 atquc
328 1167 467 1193 ostentatio
485 1175 544 1192 esse
560 1166 668 1192 dicitur.
708 1165 786 1192 Multi
806 1165 915 1191 divitias
936 1165 1028 1199 despi-
1049 1160 1051 1202 j'

234 1206 320 1235 ciunt,
343 1213 411 1239 quos
427 1212 508 1238 parvo
523 1208 660 1230 contentos
676 1203 763 1229 tenuis
781 1203 868 1229 victus
884 1202 1027 1236 cultusque
1049 1215 1050 1224 ι

234 1242 358 1269 delectat:
383 1242 496 1267 honores
516 1249 591 1271 vero,
614 1248 729 1274 quorum
749 1240 895 1274 cupiditate
916 1239 1027 1274 quidam
1049 1227 1050 1270 l

235 1278 445 1309 inflammantur,
462 1286 542 1312 quam
560 1277 638 1304 multi
655 1278 689 1303 ita
704 1282 890 1308 contemnunt,
913 1281 943 1303 ut
958 1276 1026 1303 nihil
1048 1277 1050 1313 j

234 1317 350 1346 inanius.
365 1315 432 1342 nibil
444 1323 503 1341 csse
516 1314 602 1341 levius
616 1315 783 1341 existiment!
798 1315 916 1349 Itemque
928 1319 1023 1344 cetera,
1048 1316 1049 1355 l

232 1362 301 1389 quae
313 1352 478 1388 quibusdam
490 1352 659 1378 admirabilia
672 1352 806 1382 videntur,
815 1351 941 1386 permulti
953 1355 1024 1382 sunt,
1048 1357 1049 1379 l

232 1391 279 1425 qui
296 1398 343 1425 pro
358 1389 442 1416 niliilo
459 1394 561 1424 putent.
602 1390 637 1415 De
654 1390 770 1416 amicitia
786 1398 879 1415 omnes
894 1389 926 1415 ad
941 1397 1025 1414 unum

232 1428 304 1454 idem
319 1428 452 1457 sentiunt,
470 1427 538 1457 etii,
557 1427 604 1461 qui
615 1426 648 1452 ad
659 1426 853 1461 rempublicam
865 1435 893 1452 se
904 1425 1025 1452 contule-
1047 1411 1057 1455 ll

233 1469 302 1496 runt,
312 1469 336 1491 et
348 1465 376 1495 ii,
384 1465 432 1499 qui
444 1472 532 1490 rerum
543 1464 695 1499 cognitione
706 1464 880 1498 doctrinaque
891 1463 1026 1489 delectan-

232 1507 283 1533 tur,
297 1507 322 1528 et
334 1502 366 1532 ii.
379 1502 426 1536 qui
439 1510 518 1527 suum
531 1501 667 1536 negotium
680 1506 776 1537 gerunt
786 1502 878 1532 otiosi,
892 1505 1025 1535 postremo

232 1541 264 1570 ii,
283 1540 330 1574 qui
345 1547 373 1565 se
386 1543 451 1565 totos
464 1538 630 1565 tradiderunt
641 1538 840 1573 voluptatibus,
858 1539 916 1564 sine
931 1538 1026 1564 amici-
1047 1559 1048 1571 2

232 1578 266 1603 tia
279 1577 361 1602 vitam
373 1584 432 1602 esse
444 1575 560 1606 nullam,
578 1576 601 1602 si
617 1576 695 1602 modo
711 1576 795 1602 velint
806 1575 895 1610 aliqua
907 1584 941 1602 ex
951 1580 1025 1610 parte
1046 1586 1048 1612 3

232 1614 377 1640 liberaliter
392 1614 494 1640 vivere.
534 1614 575 1639 87.
600 1612 688 1648 Serpit
702 1614 774 1639 enim
790 1614 880 1639 nescio
891 1612 1026 1647 quomodo
1047 1619 1048 1622 ’

232 1660 279 1686 per
288 1651 410 1677 omnium
422 1651 491 1676 vitas
502 1651 619 1676 amicitia
631 1659 679 1677 nec
689 1650 772 1676 ullam
784 1651 876 1676 aetatis
888 1649 1025 1685 degendae
1046 1675 1048 1683 ,

232 1689 360 1714 rationem
381 1688 481 1722 patitur
501 1696 559 1713 esse
575 1693 711 1722 expertem
727 1689 780 1714 sui.
821 1687 892 1720 Quin
908 1688 987 1713 etiam
1001 1687 1025 1713 si
1046 1689 1048 1706 θ

231 1726 293 1761 quis
304 1734 334 1751 ea
346 1726 486 1759 asperitate
498 1729 538 1751 est
549 1730 575 1751 et
585 1725 750 1751 immanitate
762 1729 885 1755 naturae,
898 1732 1026 1760 congres-

231 1772 278 1789 sus
294 1767 323 1788 ut
339 1763 479 1788 hominum
495 1761 580 1797 fugiat
594 1767 674 1797 atque
692 1762 790 1793 oderit,
813 1762 920 1797 qualem
940 1761 1025 1788 fuisse

231 1800 343 1826 Athenis
354 1800 492 1825 Timonem
509 1800 600 1826 nescio
615 1808 695 1834 quem
712 1800 879 1834 accepimus:
897 1803 984 1825 tamen
1001 1799 1024 1824 is

232 1837 285 1872 pati
298 1845 348 1863 non
361 1837 458 1871 possit,
472 1841 501 1863 ut
512 1845 564 1862 non
576 1837 700 1872 anquirat
710 1836 843 1871 aliquem,
859 1836 931 1870 apud
943 1844 1023 1870 quem

231 1878 336 1900 evomat
356 1874 431 1899 virus
453 1874 605 1900 acerbitatis
623 1882 697 1900 suae.
738 1874 825 1908 Atque
841 1873 890 1900 hoc
906 1873 1024 1899 maxime

231 1911 408 1940 iudicaretur,
426 1911 449 1936 si
464 1911 531 1945 quid
543 1910 593 1937 tale
606 1915 695 1945 posset
705 1911 873 1945 contingere,
885 1914 915 1936 ut
925 1909 1024 1944 aliquis

232 1956 279 1974 nos
291 1948 358 1974 deus
369 1956 402 1973 ex
415 1948 463 1973 bac
475 1948 614 1974 hominum
627 1947 776 1982 frequentia
787 1947 890 1974 tolleret
900 1951 926 1973 et
937 1947 964 1973 in
981 1955 1024 1973 so-

232 1984 345 2011 litudine
366 1985 473 2018 uspiam
496 1984 648 2015 collocaret,
679 1989 759 2019 atque
782 1984 822 2010 ibi
846 1984 1023 2018 suppeditans

231 2022 352 2048 omnium
365 2030 467 2052 rorum,
484 2030 552 2056 quas
564 2026 657 2048 natura
668 2021 815 2051 desiderat,
831 2021 1023 2048 abundantiam

231 2064 256 2086 et
266 2059 380 2094 copiam,
395 2059 512 2085 hominis
522 2059 631 2085 omnino
642 2058 792 2093 aspiciendi
803 2063 958 2093 potestatem
970 2059 1024 2084 eri-

230 2101 313 2131 peret.
353 2096 419 2128 Quis
436 2100 488 2122 tam
504 2100 575 2122 esset
590 2095 704 2127 ferreus,
722 2097 770 2130 qui
785 2104 844 2122 eam
859 2096 943 2122 vitam
955 2095 1023 2121 ferre

230 2137 330 2168 posset,
360 2134 458 2168 cuique
484 2141 535 2159 non
560 2133 675 2159 auferret
705 2133 821 2159 fructum
854 2132 1022 2167 voluptatum

229 2172 351 2197 omnium
363 2170 497 2196 solitudo?
521 2172 563 2196 88.
586 2171 683 2197 Verum
695 2179 757 2206 ergo
768 2170 837 2196 illud
852 2175 906 2200 est,
924 2169 997 2205 quod
1008 2178 1022 2195 a

229 2208 372 2234 Tarentino
382 2207 506 2242 Archyta,
521 2212 549 2233 ut
559 2208 662 2242 opinor,
675 2207 730 2234 dici
741 2207 851 2234 solitum
865 2212 968 2234 nostros
980 2215 1023 2233 se-

230 2253 277 2271 nes
292 2252 500 2271 commemorare
515 2244 622 2275 audivi,
639 2245 672 2271 ab
688 2244 749 2271 aliis
759 2244 871 2271 senibus
883 2244 1020 2270 auditum:

229 2281 256 2308 Si
271 2282 334 2316 quis
351 2282 377 2308 in
393 2281 497 2308 caelum
513 2281 679 2308 ascendisset
694 2287 871 2316 naturamque
886 2281 982 2308 mundi
997 2286 1023 2307 et

229 2319 459 2353 pulchritudinem
473 2319 593 2345 siderum
609 2320 804 2354 perspexisset,
826 2319 967 2345 insuavem
988 2318 1023 2344 il-

230 2356 282 2382 lam
293 2356 496 2382 admirationem
507 2357 532 2382 ei
544 2355 598 2382 fore
606 2377 612 2387 ,
625 2365 694 2391 quae
705 2356 904 2383 iucundissima
915 2355 1019 2386 suisset,

229 2393 252 2418 si
264 2393 396 2428 aliquem,
409 2394 453 2419 cui
466 2398 591 2424 narraret,
605 2393 754 2420 habuisset.
795 2393 841 2419 Sic
852 2398 944 2419 natura
956 2392 1022 2419 soli-

229 2431 325 2456 tarium
341 2430 409 2456 nihil
425 2435 508 2462 amat,
530 2439 691 2465 semperque
709 2430 742 2456 ad
758 2430 868 2465 aliquod
884 2435 1021 2465 tamquam

229 2466 423 2493 adminiculum
438 2468 582 2494 annititur:
603 2467 676 2502 quod
691 2468 718 2495 in
734 2468 899 2494 amicissimo
913 2475 1022 2502 quoque

228 2503 417 2530 dulcissimum
428 2509 477 2531 est.
507 2505 604 2531 XXIV.
624 2504 676 2530 Sed
687 2513 772 2539 quum
783 2509 820 2531 tot
830 2505 917 2539 signis
928 2504 1021 2530 eadem

229 2545 322 2567 natura
333 2541 456 2572 declaret,
465 2542 532 2576 quid
542 2542 616 2573 velit,
625 2542 749 2576 anquirat
771 2550 801 2568 ac
811 2541 959 2568 desideret:
973 2541 1023 2567 ob-

229 2577 413 2604 surdescimus
425 2583 513 2605 tamen
525 2579 615 2605 nescio
626 2579 774 2614 quomodo,
791 2587 840 2604 nec
850 2586 894 2609 ea,
907 2587 976 2613 quae
988 2578 1021 2604 ab

229 2622 259 2639 ea
268 2623 417 2645 monemur,
430 2615 566 2642 audimus.
597 2616 645 2646 Est
655 2617 727 2642 enim
738 2616 831 2642 varius
841 2620 867 2642 et
877 2615 1021 2650 multiplex

229 2659 295 2678 usus
307 2652 449 2683 amicitiae,
458 2652 611 2688 multaeque
617 2661 729 2680 caussae
739 2653 928 2688 suspicionum
937 2653 1022 2679 offen-

964 127 994 152 Τ.
1029 126 1304 152 CICERONIS

1082 198 1242 231 sionuiuquc
1257 197 1366 223 danim:
1389 206 1456 232 quas
1473 202 1528 223 tum
1544 200 1657 226 evitare.
1680 203 1735 224 tum
1755 197 1869 227 elevare,

1083 240 1137 260 tum
1151 234 1217 260 serre
1230 235 1358 268 sapis-ntis
1374 240 1423 260 eat.
1456 234 1509 260 Una
1528 234 1571 260 illa
1584 235 1748 260 sublevanda
1760 235 1871 261 otta-nsi«)

1081 277 1128 301 vat,
1139 277 1165 297 ut
1176 277 1201 297 vt
1214 273 1310 297 veritas
1323 273 1348 297 in
1360 272 1476 297 amicitia
1488 277 1513 297 et
1525 272 1589 297 tides
1602 273 1756 298 retinentur:
1774 281 1834 298 narn
1846 276 1872 297 et

1059 321 1060 325 ¹
1083 309 1207 334 mono-nili
1219 310 1296 334 num-i
1310 317 1388 343 ,saepe
1400 314 1462 334 nunt
1478 314 1502 334 et
1517 309 1691 341 obiurgandi,
1715 315 1739 335 ct
1753 309 1816 334 liat-c
1828 318 1871 334 ac-

1080 346 1314 380 ‹.·ipi1·n‹Iaamicc,
1328 354 1412 380 quum
1425 346 1552 371 benevole
1564 346 1640 372 flunt.
1682 348 1722 372 ⁸9.
1745 346 1810 375 Sed,
1826 355 1872 372 ne-

1081 393 1136 409 scio
1147 382 1295 417 ‹pmmo‹lo,
1314 392 1407 409 verum
1423 387 1476 413 est,
1493 383 1565 417 quod
1583 384 1608 409 in
1621 383 1718 409 Andria
1732 383 1872 409 familiaris

1082 429 1157 446 meus
1171 420 1250 446 dicit:

1137 458 1288 491 Obsequium
1299 460 1402 484 amicos.
1415 460 1509 482 ceritati
1520 460 1603 483 odium
1613 460 1693 490 paru.

1081 493 1189 520 Molesta
1203 495 1309 523 veritas,
1318 495 1341 520 si
1353 493 1463 528 quidem
1475 502 1548 520 exea
1561 495 1679 520 nascitur
1689 494 1870 528 odium,quod

1081 536 1120 557 est
1137 540 1269 557 venenum
1287 532 1432 557 amicitiae:
1449 531 1496 557 sed
1511 531 1672 566 obsequium
1689 531 1772 557 multo
1787 530 1872 557 mole-

1080 569 1162 601 stius,
1185 569 1257 603 quod
1274 569 1389 602 peccatis
1406 568 1549 603 indulgens
1565 569 1736 603 praecipitem
1753 569 1870 594 amicum

1082 606 1142 632 ferri
1155 607 1228 632 sinit.
1271 606 1384 632 Maxima
1397 610 1484 631 autem
1496 605 1574 639 culpa
1588 607 1612 632 in
1625 614 1656 631 eo
1667 611 1715 635 est,
1727 606 1811 640 quiet
1826 614 1872 631 ve-

1081 644 1183 669 ritatem
1201 649 1370 677 aspernatur,
1389 648 1413 668 et
1430 644 1455 669 in
1473 642 1592 669 fraudem
1608 643 1739 677 obsequio
1754 642 1872 676 impelli-

1081 686 1132 706 tur.
1172 681 1251 706 (lmni
1269 681 1350 715 igitur
1365 680 1413 706 bac
1428 680 1454 705 in
1471 689 1497 706 re
1511 680 1630 706 habenda
1643 681 1708 706 ratio
1719 685 1743 705 et
1754 679 1871 715 diligen-

1081 719 1114 744 tia
1127 723 1179 743 est:
1198 718 1325 752 primum,
1339 722 1367 743 ut
1380 718 1489 743 monitio
1503 717 1657 747 acerbitate,
1672 717 1769 742 deinde
1782 722 1809 742 ut
1822 717 1871 742 ob-

1081 756 1195 789 iurgatio
1210 754 1372 781 contumelia
1388 759 1483 781 careat.
1525 755 1552 781 In
1564 756 1680 787 obsequio
1695 759 1782 780 autem
1794 754 1871 788 (quo-

1081 794 1151 818 niam
1168 793 1325 818 Terentiano
1342 792 1422 817 verbo
1438 791 1559 817 lubenter
1573 791 1683 825 utimur)
1698 792 1809 817 comitas
1824 790 1872 816 ad-

1080 831 1127 855 sit:
1145 831 1301 859 assentatio,
1316 830 1440 855 vitiorum
1453 829 1584 858 adiutrix,
1599 828 1690 863 procul
1701 833 1867 854 amoveatur:

1079 875 1148 901 quac
1165 876 1216 893 non
1233 866 1311 893 modo
1325 867 1424 896 amico.
1447 866 1493 892 sed
1511 875 1542 892 ne
1559 866 1642 892 libero
1657 866 1767 900 quidem
1789 865 1871 899 digna

1079 909 1131 930 est:
1154 904 1230 930 aliter
1245 904 1316 930 enim
1328 912 1390 929 cum
1401 908 1524 938 tyranno.
1543 903 1619 929 aliter
1629 912 1691 929 cum
1703 904 1790 928 amico
1801 902 1872 928 vivi-

1080 946 1131 968 tur.
1172 943 1213 967 90.
1236 941 1320 967 Cuius
1330 946 1418 966 autem
1433 949 1511 966 aures
1523 941 1626 966 veritati
1638 940 1744 966 clausae
1755 944 1826 969 sunt,
1843 944 1872 965 ut

1080 979 1112 1004 ab
1127 979 1212 1005 amico
1228 987 1320 1004 verum
1337 978 1429 1003 audire
1446 983 1573 1012 nequeat,
1597 977 1678 1003 liuius
1690 977 1763 1003 salus
1774 976 1872 1011 despe-

1080 1016 1160 1042 randa
1175 1021 1224 1042 est.
1265 1015 1368 1041 Scitum
1380 1020 1420 1041 est
1431 1016 1502 1041 enim
1516 1014 1581 1041 illud
1594 1015 1714 1043 Catonis.
1732 1020 1760 1040 ut
1772 1013 1869 1039 multa:

1079 1053 1174 1079 Melius
1185 1053 1218 1079 de
1230 1052 1395 1087 quibusdam
1407 1052 1515 1078 acerbos
1527 1053 1651 1078 inimicos
1663 1052 1772 1081 mereri.
1789 1059 1870 1086 quam
1908 1061 1910 1063 >

1050 1095 1051 1102 ¹
1079 1099 1123 1116 eos
1139 1091 1253 1120 amicos,
1271 1090 1318 1124 qui
1332 1089 1426 1116 dulces
1437 1089 1591 1115 videantur:
1615 1088 1675 1114 illos
1687 1097 1780 1114 verum
1792 1096 1872 1122 saepe

1050 1127 1051 1133 ¹
1078 1127 1176 1158 dicere,
1191 1127 1238 1153 lios
1249 1135 1407 1161 numquam.

1448 1127 1534 1160 Atque
1546 1125 1614 1152 illud
1625 1125 1782 1155 absurdum,
1799 1124 1871 1160 quod

1080 1165 1112 1195 ii,
1134 1165 1181 1199 qui
1198 1169 1353 1194 monentur,
1372 1172 1430 1189 eam
1442 1163 1606 1193 molestiam,
1622 1171 1704 1198 quam
1719 1162 1817 1188 debent
1827 1170 1872 1188 ca-

1078 1210 1154 1236 pere,
1172 1211 1222 1228 non
1234 1202 1356 1236 capiunt,
1379 1209 1437 1227 eam
1449 1201 1572 1235 capiunt,
1590 1209 1642 1235 qua
1656 1200 1756 1226 debent
1767 1208 1870 1225 vacare.

1080 1240 1204 1265 I'eccasse
1220 1239 1291 1265 enim
1306 1247 1347 1269 se,
1369 1247 1420 1265 non
1437 1243 1585 1273 angunturg
1608 1237 1745 1273 obiurgari
1762 1236 1872 1263 moleste

1079 1276 1180 1303 ferunt:
1202 1276 1275 1311 quod
1291 1281 1381 1302 eontra
1396 1275 1534 1310 oportebat
1548 1274 1645 1301 delicto
1660 1274 1764 1304 dolere,
1784 1282 1872 1300 corre·

1077 1315 1163 1340 ctione
1178 1313 1305 1349 gaudere.
1347 1313 1432 1339 XXV.
1454 1314 1496 1339 9⁴.
1517 1312 1550 1338 Ut
1570 1313 1653 1347 igitur
1673 1317 1698 1338 et
1718 1319 1825 1338 monere
1846 1316 1873 1337 et

1079 1352 1180 1377 moneri
1192 1351 1330 1385 proprium
1341 1355 1381 1376 est
1392 1358 1469 1376 verae
1481 1350 1623 1379 amicitiae,
1631 1348 1775 1375 etalterum
1787 1348 1871 1374 libere

1079 1388 1178 1419 facere,
1195 1397 1246 1414 non
1263 1396 1370 1422 aspere,
1388 1387 1501 1413 alterum
1517 1387 1648 1421 patienter
1663 1387 1796 1420 accipere,
1820 1393 1872 1411 non

1077 1430 1270 1461 repugnanter:
1292 1425 1332 1451 sic
1344 1424 1499 1451 habendum
1510 1429 1563 1454 est,
1583 1423 1685 1450 nullam
1702 1424 1728 1449 in
1744 1423 1872 1449 amicitiis

1077 1469 1179 1498 pestem
1191 1471 1249 1489 csse
1260 1463 1398 1491 maiorem,
1410 1470 1492 1497 quam
1503 1461 1692 1490 adulationem,
1702 1460 1870 1490 blanditiam,

1048 1500 1049 1506 ¹
1077 1501 1293 1527 assentationem.
1333 1499 1463 1531 Quamvis
1473 1499 1545 1525 enim
1560 1498 1652 1524 multis
1664 1497 1821 1524 nominibus
1832 1502 1873 1522 est

1077 1538 1127 1564 hoc
1142 1539 1240 1564 vitium
1256 1536 1403 1563 notandum
1422 1536 1522 1563 levium
1539 1536 1679 1562 hominum
1696 1540 1775 1569 atque
1796 1533 1872 1560 lalla-

1076 1576 1162 1606 cium,
1179 1574 1213 1601 ad
1225 1574 1388 1601 voluntatem
1401 1573 1568 1609 loquentium
1578 1573 1682 1603 omnia,
1700 1571 1768 1598 nibil
1781 1571 1814 1598 ad
1826 1579 1873 1597 ve—

1077 1613 1191 1639 ritatem.
1231 1613 1273 1638 92.
1295 1611 1384 1643 Quum
1401 1616 1490 1637 autem
1501 1610 1623 1637 omnium
1635 1618 1724 1636 rerum
1735 1608 1873 1635 simulatio

1076 1654 1116 1676 est
1127 1650 1237 1679 vitiosa,
1254 1648 1333 1683 (tollit
1347 1649 1419 1675 enim
1436 1647 1567 1674 iudicium
1583 1647 1654 1678 veri,
1671 1646 1753 1681 idque
1767 1645 1872 1671 adulte-

1077 1687 1136 1721 rat.)
1156 1691 1213 1713 tum
1234 1687 1368 1712 amicitiae
1388 1690 1520 1720 repugnat
1540 1685 1668 1711 maxime.
1709 1682 1782 1709 Delet
1798 1683 1871 1708 enim

1076 1725 1224 1753 veritatem,
1233 1723 1351 1757 sinequa
1358 1731 1453 1749 nomen
1465 1722 1598 1748 amicitiae
1609 1720 1698 1747 valere
1710 1729 1761 1746 non
1773 1725 1869 1754 potest.

1076 1762 1142 1787 Nam
1154 1769 1239 1795 quum
1252 1760 1385 1786 amicitiae
1398 1760 1440 1785 vis
1451 1759 1523 1785 sitin
1535 1767 1579 1789 eo,
1597 1763 1627 1784 ut
1641 1766 1712 1784 unus
1723 1757 1802 1792 quasi
1812 1757 1872 1782 ani-

1076 1807 1136 1824 mus
1149 1798 1193 1824 fiat
1203 1806 1237 1823 ex
1248 1796 1387 1831 pluribus:
1409 1799 1456 1831 qui
1469 1795 1496 1822 id
1508 1795 1564 1822 fieri
1577 1795 1686 1830 poterit,
1699 1795 1723 1821 si
1735 1802 1767 1820 ne
1779 1794 1806 1820 in
1818 1802 1872 1819 uno

1075 1835 1186 1870 quidem
1205 1842 1313 1869 quoque
1327 1842 1398 1860 unus
1414 1834 1521 1860 animus
1536 1833 1586 1859 erit
1606 1831 1732 1866 idemque
1753 1838 1868 1865 semper,

1075 1872 1123 1899 sed
1135 1873 1235 1902 varius,
1249 1870 1460 1901 commutabilis,
1474 1869 1634 1904 multiplex?
1662 1871 1704 1895 93.
1716 1868 1786 1900 Quid
1798 1868 1870 1894 enim

1075 1914 1230 1944 potestesse
1242 1913 1295 1935 tam
1307 1907 1438 1938 flexibile,
1455 1912 1509 1934 tam
1524 1907 1649 1937 devium,
1667 1914 1748 1941 quam
1764 1906 1871 1932 animus

1075 1948 1143 1977 eius,
1156 1947 1204 1981 qui
1215 1946 1248 1972 ad
1258 1945 1368 1971 alterius
1379 1954 1430 1971 non
1443 1944 1520 1971 modo
1531 1952 1643 1970 sensum
1653 1951 1683 1969 ac
1693 1942 1868 1972 voluntatem,

1075 1984 1123 2010 sed
1136 1984 1216 2010 etiam
1227 1983 1332 2009 vultum
1343 1987 1423 2017 atque
1434 1987 1531 2009 nutum
1541 1979 1722 2008 convertitur?

1112 2021 1194 2054 Ne'qat
1208 2019 1285 2054 quis?
1304 2029 1381 2054 neyo:
1397 2019 1455 2046 ait?
1469 2021 1526 2045 dio:
1541 2023 1667 2052 postremo
1677 2019 1802 2051 imperavi
1812 2025 1870 2050 eqo-

1482 2059 1530 2082 me't
1544 2057 1614 2086 mihi,

1111 2097 1196 2121 omnia.
1207 2097 1336 2121 assentari
1342 2105 1350 2120 .-

1074 2137 1103 2158 ut
1119 2132 1156 2158 ait
1170 2131 1243 2158 idem
1254 2131 1408 2163 Terentius;
1431 2130 1478 2157 sed
1496 2129 1541 2156 ille
1552 2129 1604 2156 sub
1616 2128 1766 2156 Gnathonis
1777 2135 1871 2162 perso-

1075 2178 1121 2195 na:
1139 2169 1211 2203 quod
1223 2169 1303 2194 amici
1313 2177 1400 2204 genus
1411 2167 1552 2198 adhibere,
1568 2166 1678 2193 omnino
1689 2165 1805 2191 levitatis
1819 2169 1868 2191 est.

1074 2207 1115 2232 9t.
1131 2205 1207 2232 Multi
1218 2210 1317 2236 autem,
1331 2205 1505 2232 Gnathonum
1514 2203 1618 2231 similes
1629 2211 1715 2238 quum
1725 2203 1788 2233 sint,
1802 2201 1868 2232 loeo,

1075 2243 1179 2270 fortuna
1188 2263 1194 2273 ,
1208 2242 1278 2269 fama
1289 2243 1456 2277 superiores:
1474 2242 1570 2268 horum
1581 2245 1622 2267 est
1631 2240 1775 2266 assentatio
1785 2237 1870 2265 mole-

1074 2286 1128 2311 sta,
1144 2288 1230 2315 quum
1241 2279 1274 2306 ad
1284 2280 1430 2306 vanitatem
1441 2279 1554 2306 accessit
1564 2278 1716 2304 auctoritas.
1757 2277 1798 2302 95.
1820 2274 1870 2301 Se-

1074 2318 1147 2344 cerni
1162 2322 1251 2343 autem
1266 2317 1383 2343 blandus
1398 2317 1502 2342 amicus
1517 2324 1531 2341 a
1546 2323 1609 2341 vero
1623 2319 1649 2341 et
1659 2313 1803 2340 internosci
1814 2317 1869 2338 tam

1073 2359 1173 2390 potest,
1191 2354 1312 2381 adhibita
1327 2353 1482 2389 diligentia,
1500 2361 1582 2388 quam
1596 2352 1686 2378 omnia
1698 2350 1784 2377 fucata
1795 2354 1821 2375 et
1830 2349 1869 2375 si—

1074 2391 1173 2418 mulata
1184 2400 1198 2417 a
1210 2392 1324 2417 sinceris
1334 2396 1414 2426 atque
1426 2391 1508 2417 veris.
1538 2389 1645 2419 Concio,
1658 2395 1727 2423 quae
1737 2395 1772 2413 ex
1781 2387 1869 2420 impe-

1073 2429 1212 2455 ritissimis
1222 2433 1338 2459 constat,
1356 2433 1444 2455 tamen
1458 2427 1577 2454 iudicare
1587 2425 1667 2455 solet,
1684 2424 1752 2459 quid
1763 2423 1869 2449 intersit

1073 2467 1142 2492 inter
1155 2465 1322 2501 popularem,
1342 2465 1371 2492 id
1381 2470 1422 2491 est
1434 2468 1624 2491 assentatorem
1634 2467 1660 2488 et
1670 2461 1757 2487 levem
1768 2461 1866 2491 civem,

1073 2508 1098 2529 et
1121 2504 1191 2529 inter
1210 2507 1389 2533 constantem,
1413 2509 1540 2528 severum
1559 2504 1585 2526 et
1601 2507 1721 2535 gravem.
1761 2497 1868 2529 Quibus

1073 2540 1214 2567 blanditiis
1225 2540 1386 2575 C.Papirius
1400 2547 1486 2574 nuper
1496 2537 1625 2564 influebat
1634 2536 1662 2562 in
1673 2543 1750 2561 aures
1761 2535 1868 2561 concio-

1073 2578 1125 2608 nis,
1140 2586 1226 2612 quum
1241 2577 1320 2604 ferret
1331 2577 1418 2613 Iegem
1428 2576 1462 2602 de
1471 2574 1588 2602 tribunis
1599 2572 1688 2608 plebis
1698 2571 1865 2598 reficiendis!

1072 2615 1257 2641 Dissuasimus
1269 2623 1327 2641 nos.
1368 2615 1410 2640 96.
1432 2612 1486 2639 Sed
1499 2610 1567 2638 nihil
1578 2610 1612 2637 de
1623 2618 1680 2636 me:
1696 2609 1729 2635 de
1741 2609 1868 2643 Scipione

1072 2651 1161 2679 dicam
1182 2651 1321 2679 libentius.
1361 2651 1465 2683 Quanta
1480 2648 1534 2678 illi,
1556 2648 1595 2674 dii
1615 2645 1793 2673 immortales!
1816 2644 1869 2673 fuit
