1941 3052
375 130 464 157 PRO
497 131 597 158 SEX.
632 131 815 158 ROSCIO
847 131 1086 158 AMERINO.
1121 131 1218 158 CAP.

72 201 138 228 dum
156 201 189 227 de
207 201 289 236 patris
312 206 395 228 morte
412 207 593 237 quaereretur.
635 204 692 230 420.
714 203 765 229 Res
788 211 865 237 porro

72 239 120 266 abs
143 243 168 266 te
190 239 322 265 eiusmodi
345 240 540 274 postulabatur,
569 244 599 266 ut
619 240 687 266 nihil
714 241 862 271 interesset,

72 281 163 303 utrum
177 285 234 302 eam
248 285 303 302 rem
314 285 459 308 recusares,
475 286 507 304 an
518 277 550 303 de
562 277 691 304 maleficio
701 277 864 304 confiterere.

72 313 144 346 Quae
158 322 243 348 quum
262 314 297 340 ita
315 315 381 345 sint,
406 323 505 349 quaero
524 315 570 340 abs
585 319 622 346 te,
646 323 726 350 quam
741 315 775 341 ob
788 323 866 341 caus-

72 360 128 377 sam
148 351 288 377 recusaris.
328 351 417 383 Quum
435 352 564 378 occiditur
583 352 645 378 Sex.
664 353 789 383 Roscius,
813 352 866 378 ibi-

72 388 134 414 dem
148 387 265 414 fuerunt.
306 387 402 415 Servos
416 390 498 424 ipsos,
514 389 584 424 quod
600 389 632 415 ad
647 398 689 415 me
703 390 802 421 attinet,
819 398 866 415 ne-

72 434 126 460 que
144 434 226 461 arguo
245 434 332 461 neque
350 435 449 462 purgo:
471 426 544 462 quod
562 435 576 452 a
590 427 666 453 vobis
686 426 734 452 hoc
753 427 866 462 pugnari

74 463 163 493 video,
188 471 220 489 ne
238 463 265 489 in
279 464 463 498 quaestionem
477 464 586 495 dentur,
611 464 792 498 suspiciosum
812 468 864 490 est:

72 499 144 535 quod
159 508 220 526 vero
234 500 306 535 apud
319 509 367 527 vos
380 501 453 535 ipsos
467 501 495 528 in
509 501 607 527 honore
619 505 691 527 tanto
709 506 784 531 sunt,
806 509 867 535 pro-

72 537 140 564 fecto
164 545 271 564 necesse
294 542 334 564 est
357 539 441 564 sciant
463 538 578 573 aliquid,
603 538 675 573 quod
698 538 721 564 si
740 538 864 568 dixerint,

72 575 252 610 perniciosum
267 575 344 601 vobis
362 575 484 602 futurum
502 576 546 602 sit.
586 576 615 601 In
633 575 756 601 dominos
774 575 866 610 quaeri

72 612 105 638 de
119 612 204 638 servis
217 612 343 647 iniquum
359 617 408 639 est.
448 612 523 639 Anne
537 611 692 647 quaeritur?
717 612 778 638 Sex.
795 613 866 638 enim

72 650 184 676 Roscius
198 658 260 676 reus
274 654 323 676 est.
345 650 438 684 Neque
452 650 532 681 enim,
549 658 635 684 quum
649 649 682 675 de
696 649 746 675 hoc
760 649 868 684 quaeri-

72 691 127 718 tur,
158 695 204 713 vos
229 687 351 713 dominos
377 695 435 713 esse
461 687 560 713 dicitis.
600 687 668 713 Cum
695 686 867 722 Chrysogono

71 729 144 750 sunt.
185 724 222 750 Ita
239 724 330 750 credo:
353 723 446 750 litteris
465 732 557 750 eorum
575 728 601 750 et
619 724 768 750 urbanitate
782 723 868 759 Chry-

71 770 188 797 sogonus
206 761 326 792 ducitur,
353 766 383 787 ut
400 761 468 788 inter
486 770 549 788 suos
571 762 691 788 omnium
710 761 866 787 deliciarum

71 804 150 833 atque
172 798 293 825 omnium
316 799 412 825 artium
434 798 560 833 puerulos
583 807 616 825 ex
637 803 674 825 tot
700 798 868 834 elegantissi-

71 836 123 862 mis
141 835 250 862 familiis
269 835 349 862 lectos
366 836 431 862 velit
448 836 497 862 hos
510 836 622 867 versari,
648 835 770 862 homines
784 844 867 870 paene

70 874 216 908 operarios,
241 881 274 899 ex
291 872 415 899 Amerina
434 873 576 908 disciplina
598 873 799 908 patrisfamiliae
821 882 868 899 ru-

70 911 174 937 sticani.
217 911 274 937 42⁴.
296 911 354 936 Non
368 915 408 937 est
420 911 456 937 ita
469 911 599 946 profecto,
620 911 737 937 iudices:
760 919 812 936 non
827 915 867 936 est

70 948 126 974 veri
140 947 241 979 simite,
258 952 288 974 ut
301 947 490 984 Chrysogonus
505 948 600 975 horum
620 948 719 974 litteras
738 948 866 974 adamarit

70 990 116 1012 aut
129 985 335 1012 humanitatem:
357 994 418 1017 non,
435 990 465 1012 ut
478 986 515 1012 rei
530 985 669 1012 familiaris
684 986 789 1021 negotio
804 985 867 1011 dili-

69 1023 188 1058 gentiam
214 1023 333 1058 cognorit
358 1031 450 1049 eorum
476 1028 502 1050 et
528 1023 618 1049 fidem.
658 1023 706 1049 Est
723 1023 862 1058 quiddam,

69 1060 142 1095 quod
164 1060 319 1086 occultatur.
359 1060 436 1092 Quod
457 1069 512 1096 quo
525 1061 674 1087 studiosius
689 1060 721 1086 ab
736 1061 802 1095 ipsis
817 1069 866 1095 op-

69 1097 195 1132 primitur
207 1102 232 1124 et
246 1097 429 1129 absconditur,
451 1106 481 1124 eo
495 1099 580 1134 magis
594 1099 694 1124 eminet
707 1103 732 1124 et
745 1102 862 1132 apparet.

69 1135 149 1161 XLII.
167 1136 224 1162 422.
245 1134 316 1167 Quid
334 1134 435 1171 igitur?
460 1135 651 1172 Chrysogonus
674 1136 717 1162 sui
739 1135 863 1161 maleficii

69 1172 219 1199 occultandi
245 1181 339 1199 caussa
361 1174 545 1208 quaestionem
571 1173 604 1199 de
627 1173 670 1199 his
696 1173 788 1199 haberi
811 1181 863 1199 non

69 1209 146 1237 vult‘?
175 1210 297 1241 Minime,
329 1210 442 1237 iudices.
482 1211 540 1237 Non
570 1211 598 1237 in
628 1219 721 1237 omnes
752 1210 864 1237 arbitror

68 1247 157 1274 omnia
174 1247 324 1274 convenire.
364 1248 422 1284 Ego
439 1248 466 1274 in
481 1248 665 1284 Chrysogono,
686 1248 759 1283 quod
774 1248 806 1274 ad
821 1256 863 1274 me

68 1285 173 1316 attinet,
202 1284 269 1311 nihil
291 1284 424 1312 eiusmodi
447 1286 582 1320 suspicor:
614 1294 701 1321 neque
724 1285 773 1312 hoo
797 1285 863 1312 mihi

69 1330 140 1348 nunc
159 1322 276 1357 primum
294 1323 322 1348 in
340 1327 455 1349 mentem
475 1324 547 1350 venit
565 1323 661 1350 dicere.
702 1323 862 1349 Meministis

69 1368 111 1386 me
125 1359 159 1385 ita
174 1359 345 1386 distribuisse
360 1361 435 1386 initio
449 1369 586 1390 caussam,
606 1361 634 1386 in
649 1361 763 1391 crimen,
784 1361 862 1386 cuius

69 1401 120 1423 tota
139 1397 332 1432 argumentatio
350 1398 480 1432 permissa
498 1398 595 1424 Erucio
612 1402 665 1429 est,
691 1402 716 1424 et
734 1398 760 1423 in
780 1397 863 1423 auda—

67 1434 144 1465 ciam,
161 1435 239 1460 cuius
254 1439 340 1469 partes
355 1435 457 1461 Rosciis
471 1435 611 1470 impositae
625 1439 696 1461 sunt.
723 1434 862 1469 Quidquid

69 1471 203 1502 maleficii,
228 1471 348 1503 sceleris,
372 1472 460 1498 caedis
475 1473 536 1504 erit,
561 1473 699 1507 proprium
713 1472 740 1498 id
754 1472 863 1498 Roscio-

68 1517 127 1534 rum
151 1517 210 1534 esse
232 1509 348 1535 debebit.
389 1510 505 1536 Nimiam
528 1511 640 1545 gratiam
663 1510 862 1544 potentiamque

68 1545 233 1582 Chrysogoni
267 1546 383 1572 dicimus
414 1551 439 1573 et
463 1547 540 1574 nobis
566 1547 670 1574 obstare
701 1551 726 1573 et
752 1546 863 1581 perferri

67 1583 142 1610 nullo
156 1583 234 1610 modo
253 1592 340 1618 posse,
357 1588 383 1610 et
396 1593 410 1610 a
424 1584 514 1616 vobis,
531 1585 658 1620 quoniam
673 1589 788 1619 potestas
803 1584 862 1610 data

67 1625 115 1652 est,
132 1629 183 1647 non
197 1621 276 1647 modo
290 1621 427 1652 infirmari,
443 1630 537 1648 verum
551 1622 630 1648 etiam
641 1621 771 1648 vindicari
785 1630 863 1656 opor-

67 1662 130 1685 tere.
167 1659 224 1684 123.
242 1658 299 1694 Ego
312 1660 351 1685 sic
365 1659 503 1686 existimo.-
524 1659 571 1694 qui
586 1659 677 1694 quaeri
693 1659 757 1685 velit
771 1659 859 1690 exiis,

66 1704 135 1731 quos
148 1700 262 1727 constat,
286 1705 372 1731 quum
385 1697 479 1723 caedes
495 1696 561 1723 facta
579 1697 627 1728 sit,
652 1696 773 1727 affuisse,
799 1704 862 1722 eum

66 1741 164 1768 cupere
182 1742 276 1760 verum
296 1734 430 1760 invenire:
453 1734 500 1769 qui
520 1738 636 1765 recuset,
657 1742 718 1760 eum
734 1733 859 1768 profecto,

67 1771 172 1797 tametsi
187 1770 268 1798 verbo
282 1780 333 1798 non
349 1771 452 1803 audeat,
469 1776 556 1798 tamen
571 1780 598 1798 re
612 1771 670 1806 ipsa
685 1771 718 1797 de
732 1771 862 1797 maleficio

66 1816 116 1835 suo
129 1808 257 1834 confiteri.
296 1809 354 1835 Dixi
370 1809 453 1841 initio,
469 1809 581 1841 iudices,
598 1809 668 1835 nolle
682 1817 724 1835 me
739 1808 815 1843 plura
829 1808 862 1834 de

66 1845 178 1872 istorum
201 1845 299 1872 scelere
321 1845 420 1878 dicere,
445 1855 527 1882 quam
549 1855 644 1873 caussa
666 1846 813 1881 postularet
833 1854 862 1872 ac

66 1883 209 1910 necessitas
227 1883 285 1918 ipsa
303 1888 416 1919 cogeret.
457 1885 524 1910 Nam
543 1888 569 1910 et
590 1883 689 1910 multae
712 1892 753 1910 res
777 1883 861 1909 afferri

66 1924 179 1955 possunt
192 1924 217 1947 et
232 1929 282 1947 una
293 1929 416 1956 quaeque
430 1930 520 1948 earum
536 1921 628 1948 multis
642 1930 704 1948 cum
719 1929 863 1956 argumen-

65 1958 99 1985 tis
113 1957 166 1984 dici
180 1962 274 1993 potest.
296 1958 394 1985 Verum
407 1967 469 1994 ego,
490 1959 562 1993 quod
576 1959 678 1985 invitus
692 1967 722 1985 ac
740 1967 862 1984 necessa-

66 1995 104 2022 rio
119 1994 198 2027 facio,
219 2004 306 2030 neque
320 1995 367 2022 diu
382 2004 468 2030 neque
483 1996 625 2031 diligenter
639 1996 724 2022 facere
738 2004 860 2030 possum,

65 2032 137 2065 Quae
152 2033 287 2067 praeteriri
302 2032 376 2059 nullo
389 2033 467 2059 modo
481 2038 608 2068 poterant,
625 2041 654 2059 ea
671 2032 774 2064 leviter,
790 2033 863 2059 iudi-

64 2078 117 2101 ces,
134 2069 222 2105 attigi:
238 2078 306 2104 quae
321 2071 405 2104 posita
419 2075 483 2096 sunt
496 2071 523 2096 in
534 2070 744 2105 suspicionibus,
757 2070 790 2096 de
799 2071 862 2105 qui-

66 2107 116 2134 bus
134 2107 156 2133 si
175 2115 284 2142 coepero
298 2107 399 2138 dicere,
424 2107 549 2142 pluribus
568 2108 657 2134 verbis
674 2108 709 2134 sit
727 2107 861 2134 disseren-

65 2144 139 2175 dum,
158 2153 187 2170 ea
202 2144 297 2170 vestris
312 2144 427 2180 ingeniis
440 2145 661 2180 coniecturaeque
675 2145 820 2171 committo.

120 2181 211 2208 XLIII.
234 2183 290 2209 ⁴24.
311 2182 394 2208 Venio
412 2191 483 2208 nunc
497 2182 529 2208 ad
546 2182 615 2209 illud
635 2191 730 2209 nomen
749 2191 859 2209 aureum

64 2218 240 2255 Chrysogoni,
265 2219 316 2245 sub
335 2228 388 2254 quo
407 2219 513 2245 nornine
528 2224 578 2246 tota
592 2221 703 2246 societas
718 2220 857 2246 statuitur:

64 2255 97 2283 de
120 2265 182 2291 quo,
208 2256 320 2287 iudices,
338 2265 424 2291 neque
443 2257 576 2291 quomodo
590 2257 676 2283 dicam
692 2266 778 2292 neque
792 2266 860 2292 quo-

64 2293 143 2320 modo
167 2298 266 2320 taceam
289 2294 404 2328 reperire
427 2302 547 2328 possum.
587 2294 614 2321 Si
633 2295 704 2321 enim
720 2299 800 2325 taceo,
817 2294 858 2321 vel

64 2331 208 2357 maximam
230 2336 330 2366 partem
350 2331 487 2366 relinquo:
509 2332 551 2358 sin
569 2336 657 2358 autem
672 2331 740 2362 dico,
758 2341 857 2362 vereor,
888 2354 889 2363 ,

888 2366 889 2393 ζ
911 2369 998 2394 onmia
1022 2369 1058 2397 si.
1084 2368 1312 2402 (piemadtnoduni
1335 2367 1421 2393 solent
1444 2367 1529 2394 liberti
1549 2377 1662 2402 neqmmi
1682 2374 1706 2395 et

65 2376 97 2394 ne
119 2376 171 2394 non
194 2367 238 2394 ille
251 2368 334 2399 solus,
351 2368 387 2403 (id
405 2368 477 2403 quod
492 2369 524 2394 ad
543 2377 585 2395 me
604 2369 670 2395 nihil
686 2369 798 2404 attinet.)
812 2369 858 2395 scd

63 2404 108 2431 alii
132 2414 240 2440 quoque
262 2405 352 2440 plures
376 2406 460 2432 laesos
479 2414 508 2432 se
526 2414 584 2432 esse
599 2411 701 2440 putent.

64 2442 98 2468 ita
118 2451 146 2468 se
169 2451 210 2468 res
229 2442 316 2474 habet,
333 2447 362 2469 ut
376 2443 442 2469 mihi
457 2443 483 2469 in
497 2452 666 2469 communem
680 2452 802 2469 caussam
817 2452 860 2469 se-

63 2483 166 2506 ctorum
181 2479 324 2506 dicendum
340 2479 407 2506 nihil
422 2489 519 2516 niagno
532 2489 610 2514 opere
625 2480 756 2507 videatur.
791 2481 858 2506 llaec
888 2482 889 2504 1

888 2527 889 2532 ¹
911 2517 1041 2552 prudente
1066 2517 1093 2543 L.
1114 2517 1198 2547 Sulla,
1222 2517 1399 2543 ‹¹11iiiiiiisisse.

63 2517 134 2543 enim
158 2525 250 2543 caussa
275 2526 341 2543 nova
366 2517 482 2552 profecto
500 2522 525 2544 et
543 2517 689 2553 singularis
708 2523 756 2544 est.
799 2519 856 2544 ⁴25.

63 2553 195 2580 Bonorum
214 2554 276 2580 Sex.
296 2555 383 2581 Roscii
398 2559 500 2589 emptor
514 2559 553 2581 est
567 2555 766 2590 Chrysogonus.
802 2555 859 2581 Pri-

64 2599 138 2617 mum
162 2591 210 2618 hoc
229 2591 381 2618 videamus:
404 2592 462 2618 cius
480 2592 596 2618 hominis
611 2592 677 2618 bona
692 2601 744 2627 qua
760 2592 858 2618 ratione

64 2629 204 2655 venierunt
233 2633 279 2655 alit
302 2629 436 2664 quomodo
462 2630 552 2656 venire
579 2628 740 2664 potuerunt?
772 2629 858 2664 Atque

64 2664 113 2692 hoc
131 2674 183 2693 non
201 2666 236 2692 ita
249 2674 385 2702 quaeram,
402 2666 514 2698 iudices,
531 2671 560 2694 ut
574 2666 600 2693 id
614 2666 700 2694 dicam
714 2675 773 2694 esse
787 2666 858 2693 iudi-

890 1471 892 1485 ”
915 1471 1038 1507 publicae
1060 1476 1198 1506 corruptae
1223 1472 1311 1507 aliqua
1333 1473 1431 1499 ratione
1450 1477 1522 1499 sunt.

743 2407 858 2432 Tametsi
888 2427 889 2439 ,

888 2453 889 2468 z
911 2452 951 2472 re,
975 2442 1041 2468 nihil
1066 2443 1157 2477 egerit.

1255 133 1286 158 39
1307 148 1342 151 —
1364 134 1405 159 45.
1659 136 1708 161 225

916 211 1012 237 gnum,
1040 202 1156 229 hominis
1179 203 1327 228 innocentis
1349 203 1417 229 hona
1436 204 1551 229 venisse.
1592 204 1620 230 Si
1639 206 1711 231 enim

918 240 980 265 haec
1004 239 1146 266 audientur
1168 248 1197 265 ac
1219 239 1300 266 libere
1319 240 1454 266 dicentur:
1478 249 1529 267 non
1553 240 1603 267 suit
1622 247 1710 268 tantus

918 277 996 303 homo
1019 276 1080 303 Sex.
1099 277 1212 303 Roscius
1230 278 1258 303 in
1275 277 1390 307 civitate.
1407 282 1436 303 ut
1449 278 1482 303 de
1495 287 1526 304 eo
1540 279 1711 312 potissimum

916 323 1120 349 conqueramur.
1160 314 1258 340 Verum
1282 315 1331 341 hoc
1344 323 1392 350 ego
1414 323 1526 349 quaero:
1553 316 1599 350 qui
1619 321 1713 350 potue-

918 356 979 377 runt
1002 352 1050 377 ista
1072 352 1130 386 ipsa
1153 351 1218 387 lege,
1243 360 1311 386 quae
1331 351 1363 378 de
1382 353 1572 386 proscriptione
1590 358 1638 383 est,
1655 354 1712 380 sive

917 388 1019 415 Valeria
1043 393 1083 415 est
1109 389 1165 414 sive
1184 388 1317 421 Cornelia,
1341 398 1392 415 non
1410 390 1481 415 enim
1500 391 1561 416 novi
1581 399 1628 416 nec
1642 391 1709 423 scio,

918 435 1010 451 verum
1030 426 1079 452 ista
1093 427 1151 460 ipsa
1166 425 1223 461 lege
1243 426 1310 452 bona
1325 426 1386 452 Sex.
1402 427 1490 453 Roscii
1502 428 1591 453 venire
1606 429 1653 462 qui
1666 437 1712 462 po-

918 462 1044 489 tuerunt?
1078 465 1132 490 ⁴26.
1157 463 1291 498 Scriptum
1314 465 1384 490 enim
1403 464 1438 490 ita
1455 464 1548 490 dicunt
1567 473 1638 491 esse:
1678 475 1712 492 ur

918 510 1016 526 sonum
1052 510 1123 526 nom
1156 510 1303 532 vsxssxr,
1339 509 1388 531 Qui
1423 511 1593 528 pnoscairri
1626 512 1710 529 suxr:

918 547 971 572 quo
994 538 1020 563 in
1040 546 1149 563 numero
1169 537 1231 564 Sex.
1252 538 1363 564 Roscius
1382 547 1433 565 non
1448 543 1500 565 est:
1523 548 1577 566 ⁴tur
1603 549 1708 570 concii,

919 584 966 604 our
992 584 1018 600 rx
1044 584 1297 601 Anx'ERSARtORUM
1324 585 1490 602 raassrniis
1510 586 1607 603 oceis1
1629 586 1710 604 suar.

918 613 986 638 Dum
1002 612 1132 646 praesidia
1147 611 1201 638 ulla
1216 612 1332 643 fuerunt,
1349 614 1376 639 in
1391 613 1481 640 Sullae
1496 614 1635 648 praesidiis
1650 614 1710 641 suit.

918 650 1092 684 Posteaquam
1117 649 1148 675 ab
1171 650 1251 675 armis
1274 655 1452 681 recesserunt,
1478 652 1504 677 in
1528 660 1634 678 summo
1660 653 1712 678 otio

918 686 1023 712 rediens
1047 696 1060 712 a
1078 695 1157 712 caena
1176 687 1273 712 Romae
1291 688 1394 713 occisus
1414 693 1462 714 est.
1503 687 1531 714 Si
1550 688 1620 724 lege:
1643 689 1711 715 bona

918 732 1025 759 quoque
1049 723 1106 758 lege
1124 725 1229 749 venisse
1245 723 1339 756 sate0r3
1361 726 1402 750 sin
1421 730 1508 751 autem
1523 731 1632 757 constat,
1649 735 1712 753 cou-

919 766 957 787 tra
980 769 1072 787 onmes
1092 769 1143 787 non
1159 761 1235 787 modo
1250 766 1351 787 veteres
1367 762 1446 797 leges,
1465 771 1557 789 verum
1572 764 1650 789 etiam
1665 773 1713 790 no-

919 807 965 824 vas
989 799 1106 824 occisum
1125 807 1197 824 esse:
1225 799 1292 824 bona
1311 808 1364 833 quo
1379 799 1436 825 iure
1449 804 1495 826 aut
1508 808 1562 834 quo
1575 801 1653 827 modo
1667 806 1712 827 aut

918 844 970 870 qua
995 835 1052 871 lege
1076 836 1215 866 venierint,
1235 845 1343 870 quaero.
1384 836 1475 863 XLIV.
1502 838 1558 863 ⁴27.
1583 838 1612 863 In
1630 847 1712 873 quem

918 873 967 899 hoo
990 873 1086 904 dicam,
1106 874 1221 907 quaeris,
1244 873 1342 899 Eruci‘?
1362 874 1418 900 Non
1438 875 1465 900 in
1484 883 1554 906 eum,
1575 884 1655 909 quem
1671 876 1711 901 vis

917 915 942 936 et
969 914 1056 945 putas.
1096 911 1163 936 Nam
1188 910 1290 936 Sullam
1314 915 1338 937 et
1361 912 1442 937 oratio
1461 920 1518 937 mea
1542 912 1574 938 ab
1594 913 1669 938 initio
1688 918 1712 939 et

917 948 1003 982 ipsius
1025 948 1122 974 eximia
1145 948 1231 974 virtus
1249 949 1321 974 omni
1342 953 1458 983 tempore
1482 950 1615 985 purgavit.
1655 950 1711 985 Ego

917 985 981 1011 haec
1003 986 1091 1011 onmia
1114 985 1317 1021 Chrysogonum
1336 985 1430 1012 secisse
1444 986 1512 1017 dico,
1530 991 1558 1013 ut
1572 988 1713 1013 ementire-

917 1027 967 1053 tur,
977 1027 1006 1049 ut
1020 1022 1120 1048 malum
1135 1023 1221 1049 civem
1236 1024 1361 1049 Roscium
1377 1023 1459 1050 fuisse
1475 1024 1592 1060 fingeret.
1607 1029 1635 1050 ut
1649 1034 1710 1051 eum

916 1060 988 1094 apud
1012 1060 1176 1086 adversarios
1200 1061 1317 1086 occisum
1336 1070 1394 1087 esse
1412 1061 1518 1092 diceret,
1541 1066 1569 1088 ut
1588 1062 1660 1088 hisce
1679 1062 1712 1088 de

916 1098 996 1124 rebus
1019 1106 1033 1123 a
1057 1097 1150 1133 legatis
1168 1097 1354 1124 Amerinorum
1373 1098 1460 1125 doceri
1480 1099 1508 1124 L.
1530 1098 1631 1125 Sullam
1651 1109 1712 1134 pas-

916 1144 963 1161 sus
987 1144 1039 1161 non
1053 1135 1098 1161 sit.
1138 1135 1257 1169 Denique
1276 1136 1354 1162 etiam
1374 1136 1442 1162 illud
1456 1137 1587 1171 suspicor,
1603 1138 1712 1163 omnino

916 1173 980 1199 haec
1003 1173 1070 1199 bona
1090 1181 1141 1198 non
1161 1173 1280 1199 venisse:
1303 1173 1330 1199 id
1348 1173 1420 1208 quod
1439 1178 1538 1208 postca,
1555 1175 1577 1200 si
1593 1183 1638 1208 per
1653 1184 1708 1204 vos,

915 1210 1027 1241 iudices,
1053 1210 1155 1236 licitum
1180 1210 1236 1241 erit,
1263 1211 1404 1245 aperietur.
1441 1213 1496 1237 t28.
1521 1210 1621 1246 Opinor
1638 1212 1710 1238 enim

914 1256 972 1274 esse
996 1248 1024 1273 in
1044 1247 1110 1283 lege,
1131 1256 1213 1282 quam
1228 1247 1260 1274 ad
1274 1248 1345 1274 diem
1360 1249 1565 1283 proscriptiones
1581 1249 1712 1275 venditio-

915 1294 1016 1320 nesque
1030 1285 1106 1311 fiant:
1142 1285 1270 1311 nimirum
1284 1285 1317 1311 ad
1331 1295 1483 1312 KALENDAS
1506 1295 1614 1313 ιυΝιΛς.
1654 1286 1711 1313 Ali-

914 1327 979 1357 quot
993 1327 1052 1357 post
1066 1331 1171 1348 menses
1185 1327 1210 1349 et
1224 1323 1303 1349 homo
1317 1323 1420 1349 occisus
1435 1328 1473 1349 est
1488 1328 1513 1350 et
1526 1323 1593 1350 bona
1606 1325 1711 1350 venisse

914 1360 1050 1386 dicuntur.
1091 1359 1209 1386 Profecto
1232 1365 1277 1386 aut
1295 1360 1358 1386 haec
1377 1360 1444 1387 bona
1458 1361 1485 1387 in
1501 1360 1605 1387 tabulas
1620 1361 1711 1396 publi-

913 1406 957 1423 cas
977 1397 1049 1423 nulla
1068 1397 1204 1423 redierunt
1225 1406 1327 1432 nosque
1341 1398 1373 1424 ab
1388 1398 1438 1424 isto
1453 1398 1584 1424 nebulone
1599 1398 1710 1424 facetius

914 1434 1057 1465 eludimur,
1074 1443 1154 1469 quam
1170 1439 1310 1469 putamus:
1333 1440 1386 1465 aut,
1407 1436 1429 1461 si
1445 1435 1588 1466 redierunt,
1607 1436 1711 1462 tabulae

1567 1473 1632 1499 Nam
1653 1473 1710 1509 lege

914 1509 1023 1544 quidem
1043 1509 1110 1535 bona
1127 1510 1216 1535 venire
1231 1518 1282 1535 non
1297 1510 1415 1544 potuisse
1429 1514 1537 1536 constat.
1578 1510 1708 1546 intelligo,

915 1555 956 1572 me
975 1551 1034 1573 ante
1049 1551 1163 1581 tempus.
1185 1547 1296 1577 iudices,
1318 1547 1382 1573 haec
1396 1548 1507 1573 scrutari
1531 1552 1555 1573 et
1570 1556 1711 1582 propemo-

914 1584 978 1610 dum
993 1593 1087 1614 errare,
1104 1585 1160 1619 qui,
1177 1593 1262 1619 quum
1276 1584 1355 1618 capiti
1370 1584 1430 1610 Sex.
1448 1585 1533 1610 Roscii
1549 1585 1648 1611 mederi
1663 1585 1710 1611 dc—

914 1621 1000 1652 beam,
1017 1621 1154 1647 reduviam
1169 1631 1270 1647 curem.
1311 1622 1367 1647 Non
1383 1623 1453 1647 cnim
1470 1621 1567 1648 laborat
1581 1622 1614 1648 de
1629 1631 1710 1657 pecu-

915 1659 970 1685 nia:
1006 1667 1058 1685 non
1077 1658 1160 1684 ullius
1179 1659 1305 1685 rationem
1325 1659 1366 1685 sui
1381 1659 1610 1686 commodiducit:
1634 1659 1710 1686 sar-ile

914 1700 1057 1731 egestatem
1081 1705 1157 1722 suam
1180 1705 1208 1722 se
1234 1696 1348 1722 laturum
1368 1701 1454 1730 putat,
1479 1697 1502 1722 si
1530 1697 1577 1722 hac
1601 1697 1709 1731 indigna

913 1734 1067 1768 suspicione
1085 1738 1110 1759 et
1125 1733 1184 1759 licto
1198 1734 1308 1759 crimine
1324 1733 1450 1759 liberatus
1465 1734 1507 1760 sit.
1532 1736 1588 1760 ⁴29.
1612 1734 1709 1760 Verum

913 1780 1013 1806 quaeso
1035 1780 1048 1797 a
1068 1771 1152 1801 vobis,
1178 1771 1289 1802 indices,
1311 1776 1339 1797 nt
1355 1771 1417 1796 haee
1433 1780 1514 1806 pauca
1529 1780 1597 1806 qnae
1612 1777 1709 1798 restant

914 1809 948 1835 ita
963 1808 1086 1838 audiatis,
1104 1813 1132 1834 ut
1147 1809 1241 1843 partim
1257 1817 1298 1834 me
1313 1808 1399 1834 dicere
1415 1818 1461 1843 pro
1472 1818 1512 1834 me
1527 1809 1585 1843 ipso
1600 1810 1706 1843 putetis

914 1846 1009 1881 partim
1026 1855 1072 1880 pro
1087 1846 1148 1872 Sex.
1166 1846 1268 1872 Roscio.
1290 1846 1363 1878 Quae
1373 1847 1443 1871 enini
1457 1846 1522 1872 milii
1537 1847 1587 1880 ipsi
1601 1846 1709 1881 indigna

913 1888 939 1909 et
952 1883 1127 1909 intolerabilia
1143 1883 1268 1909 videntur
1281 1892 1404 1918 quaeque
1419 1883 1450 1909 ad
1465 1892 1565 1913 onmes,
1584 1884 1633 1910 nisi
1650 1893 1710 1918 pro-

914 1921 1047 1951 videmus,
1065 1921 1176 1947 arbitror
1190 1921 1335 1955 pertinerc,
1356 1929 1384 1947 ea
1400 1929 1446 1955 pro
1460 1929 1501 1947 nic
1516 1921 1574 1955 ipso
1584 1930 1617 1947 ex
1627 1922 1709 1947 animi

914 1958 965 1984 mei
980 1967 1061 1984 sensu
1077 1967 1106 1984 ac
1120 1957 1209 1984 dolore
1224 1959 1374 1993 pronuntio.
1409 1958 1482 1990 Quae
1497 1958 1529 1984 ad
1545 1958 1626 1984 liuius
1641 1959 1709 1985 vitae

913 2004 1004 2021 casum
1023 2004 1200 2030 caussamque
1219 1996 1365 2030 pertineant
1379 1999 1404 2021 et
1417 1995 1482 2030 quid
1498 1995 1540 2021 liic
1555 2005 1601 2030 pro
1615 2005 1642 2022 se
1656 1996 1708 2022 diei

914 2032 978 2059 velit
996 2037 1021 2059 et
1038 2042 1090 2068 qua
1105 2032 1255 2059 conditione
1270 2037 1409 2059 contentus
1424 2033 1466 2062 sit,
1484 2033 1535 2058 iam
1552 2034 1576 2059 in
1592 2038 1707 2059 extrema

913 2071 1029 2097 oratione
1043 2075 1140 2101 nostra,
1158 2070 1268 2100 iudices,
1283 2070 1404 2096 audictis.
1418 2070 1494 2096 XLV.
1510 2072 1565 2096 ¹30.
1579 2071 1635 2105 Ego
1646 2071 1708 2096 haer·

913 2117 926 2134 a
940 2108 1122 2144 Chrysogono,
1136 2116 1192 2133 inea
1207 2112 1310 2142 sponte,
1324 2112 1422 2133 remoto
1437 2108 1498 2133 Sex.
1512 2108 1612 2137 Roscio,
1626 2117 1707 2143 quae-

913 2154 953 2171 ro:
978 2146 1104 2180 primurn,
1121 2154 1203 2179 quare
1217 2145 1284 2171 civis
1298 2145 1391 2179 optimi
1408 2145 1474 2171 bona
1490 2146 1632 2171 venierint:
1662 2145 1708 2171 de-

912 2182 983 2213 inde,
1000 2191 1082 2217 qnare
1098 2182 1214 2208 hominis
1228 2183 1295 2212 eius,
1312 2183 1358 2216 qni
1375 2191 1461 2216 neque
1476 2183 1648 2216 proscriptus,
1663 2192 1707 2208 ne-

911 2229 964 2255 que
990 2220 1061 2254 apud
1085 2220 1249 2245 adversarios
1271 2220 1376 2245 occisas
1398 2224 1450 2249 est,
1480 2219 1546 2245 bona
1567 2220 1705 2249 xenierint,

911 2266 996 2292 quum
1017 2258 1042 2283 in
1062 2266 1106 2283 eos
1120 2257 1190 2283 solos
1206 2256 1248 2283 lex
1261 2257 1358 2291 scripta
1372 2257 1419 2282 sit:
1443 2256 1546 2285 deinde,
1563 2266 1644 2291 quare
1659 2257 1707 2282 ali-

911 2299 1011 2329 quanto
1035 2299 1094 2328 post
1117 2303 1174 2320 eam
1193 2294 1264 2319 diem
1285 2294 1423 2323 venierint,
1445 2302 1514 2328 quae
1532 2293 1589 2319 dies
1609 2295 1634 2319 in
1651 2293 1707 2327 lege

913 2332 1047 2365 praelinita
1072 2336 1124 2357 est:
1158 2331 1255 2357 deiiule
1277 2340 1324 2357 cur
1339 2330 1439 2356 tantulo
1454 2331 1592 2356 venierint,
1634 2333 1706 2362 Quae

911 2406 1025 2440 improbi
1051 2405 1142 2436 faeere,
1167 2405 1193 2431 in
1215 2410 1354 2439 patronum
1373 2413 1453 2430 suum
1474 2405 1584 2431 voluerit
1603 2405 1707 2432 eonfer-

1199 2443 1282 2468 Nemo
1299 2447 1338 2468 est
1357 2443 1437 2470 enim,
1458 2443 1504 2476 qni
1521 2443 1627 2471 neseiat,
1646 2452 1705 2477 pro-

912 2485 968 2514 pter
991 2480 1203 2513 magnitudinem
1219 2488 1306 2505 reruni
1322 2479 1404 2505 multa
1420 2480 1526 2508 inultos.
1545 2481 1638 2514 partim
1656 2481 1705 2506 ini-

1444 2518 1497 2542 tat.
1520 2517 1604 2543 l'taret
1624 2518 1705 2551 igitar

911 2556 936 2581 in
952 2554 992 2580 liis
1007 2554 1086 2580 rebus
1101 2554 1202 2589 aliquid
1218 2554 1395 2588 imprudentia
1411 2554 1564 2588 praeteriri?
1585 2564 1635 2581 nun
1649 2555 1705 2589 pla—

909 2596 958 2621 cet,
985 2591 1099 2622 iudices,
1123 2592 1169 2617 sed
1195 2600 1301 2617 neeesse
1323 2596 1371 2617 est.
1412 2591 1517 2618 Etenim
1545 2593 1566 2618 si
1587 2593 1704 2627 luppiter

909 2629 1027 2663 optimus
1050 2629 1197 2659 maximus,
1222 2629 1300 2655 cuius
1325 2634 1390 2654 nutu
1410 2634 1434 2655 et
1457 2629 1565 2655 arbitrio
1588 2629 1701 2658 (melum.

910 2671 976 2693 terra
999 2666 1134 2702 mariaque
1158 2671 1295 2703 reguntur,
1320 2675 1399 2702 saepe
1422 2666 1508 2692 ventis
1523 2667 1703 2693 vehementio-

1464 2716 1496 2740 29
