1941 3052
225 158 272 182 5⁴4
797 155 827 179 45
873 153 906 178 M.
941 153 970 178 Τ,

223 230 286 255 erat,
309 225 493 254 arbitrabatur,
512 232 562 250 non
585 224 667 249 tcnuit
689 231 749 248 vum
767 223 862 253 lovum,
882 223 907 248 in
923 231 1013 257 quem.
1042 224 1045 232 ¹

225 264 275 289 nisi
297 262 432 297 popularia
453 269 511 287 csse
534 260 674 289 voluisset,
698 259 823 286 facillime
840 260 1014 294 pervenisset.

225 300 304 329 Alter,
323 301 369 334 qui
387 300 420 324 ita
436 307 463 323 si·
476 299 501 324 in
514 297 634 332 populari
647 297 745 322 ratione
758 297 872 327 iactarat,
887 301 915 323 ut
925 298 1017 331 auspi-

223 339 273 366 cia,
298 337 382 371 legem
399 335 509 364 Aeliam,
530 338 639 360 senatus
654 334 849 362 auctoritatem,
867 333 1013 364 consulem,

223 374 346 405 collegas,
361 373 489 398 bonorum
502 372 632 397 iudicium
656 371 722 397 nihil
735 371 1015 405 putaret,ue‹lilitatem

225 411 318 446 petivit
337 418 397 435 cuni
416 409 492 434 bouis
509 409 573 434 viris
585 413 610 434 ct
622 408 776 434 hominibus
790 409 892 442 primis,
906 408 952 433 sed
965 416 1016 434 non

224 447 461 482 praestantissimis
482 446 579 480 opibus
596 449 621 471 ct
635 446 733 479 gratia:
756 445 856 471 tribum
872 454 948 471 suam
966 454 1016 471 non

224 484 297 511 tulit:
320 483 464 510 Palatinam
475 483 600 518 denique.
616 491 662 517 per
671 491 752 517 quam
764 482 923 509 omnesillae
930 486 1017 517 pestes

224 529 319 547 vexare
336 519 466 555 populum
479 521 626 546 Romanum
638 520 803 550 dicebantur,
818 519 947 554 perdidit:
970 527 1018 546 nec

222 558 371 593 quidquam
388 557 442 583 illis
457 558 585 586 comitiis,
603 557 675 592 quod
691 557 753 583 honi
771 557 820 583 viri
837 556 948 587 vellent,
965 557 1017 583 nisi

224 595 367 630 repulsam,
391 594 462 621 tulit.
503 594 604 620 Videtis
620 595 711 630 igitur.
729 594 859 629 populum
876 595 975 628 ipsum,
989 598 1018 620 ut

224 634 257 659 ita
269 632 364 662 dicam,
378 632 429 658 iam
442 640 493 658 non
506 640 564 657 esse
576 631 745 666 popularem:
767 632 815 666 qui
828 632 862 657 ita
874 631 1019 657 vehemen-

224 675 261 696 ter
276 678 330 699 eos,
348 670 395 704 qui
411 668 552 704 populares
564 669 703 699 habentur,
718 673 838 703 respuat:
861 677 906 695 eos
917 673 1015 699 autem,

223 708 269 742 qui
281 707 304 733 ei
316 707 405 741 generi
417 706 599 737 adversantur,
615 706 711 732 lionore
721 706 896 741 dignissimos
909 706 1016 732 iudicet.

279 744 342 770 LlV.
373 745 428 770 ⁴⁴5.
448 743 593 770 Veniamus
608 743 641 770 ad
658 743 745 769 ludos.
786 743 858 770 Facit
872 743 957 773 enim,
976 744 1018 769 iu—

223 781 305 812 dices,
314 786 400 807 vestcr
412 781 462 807 istc
474 781 500 807 in
512 789 554 807 me
565 781 714 807 animorum
727 780 919 815 oculorumque
929 781 1018 806 conie-

222 823 295 849 ctus.
313 822 343 845 ut
358 818 425 844 mihi
440 819 493 844 iam
511 818 589 844 licere
604 822 694 853 putem
711 818 862 844 remissiore
874 818 911 843 uti
922 826 1018 850 genere

223 855 339 882 dicendi.
384 856 559 882 Comitiorum
583 860 609 882 et
632 856 789 882 concionum
810 855 1017 890 significationes

223 893 357 919 interdum
386 901 461 919 verae
485 897 561 923 sunt,
589 900 791 927 nonnumquam
811 893 918 918 vitiatae
939 897 1018 927 atque

213 934 374 967 'corruptaez
397 930 538 956 theatrales
553 929 758 965 gladiatoriique
769 938 912 956 consessus
923 929 1019 955 dicun-

223 973 266 994 tur
281 968 389 994 omnino
404 967 489 994 solere
506 967 610 994 levitate
626 967 814 994 nonnullorum
826 971 930 1001 eruptos
941 966 1018 1002 plau-

223 1013 271 1031 sus
282 1004 366 1031 exiles
377 1009 402 1031 et
413 1013 485 1031 raros
495 1005 619 1031 excitare.
649 1005 771 1031 Attamen
784 1004 860 1030 facile
871 1009 919 1035 est,
932 1013 1017 1039 quum

223 1042 251 1068 id
262 1042 298 1072 tit.
312 1041 547 1077 quemadmodum,
560 1046 586 1068 et
596 1050 610 1068 a
620 1042 722 1077 quibus
734 1042 786 1072 flat,
800 1046 825 1068 et
838 1042 905 1076 quid
916 1042 1017 1077 integra

223 1079 368 1106 multitudo
397 1078 487 1110 faciat.
516 1079 615 1105 videre.
656 1079 727 1111 Quid
754 1087 803 1115 ego
828 1087 898 1105 nunc
919 1079 1016 1109 dicam,

222 1117 323 1151 quibus
339 1117 417 1147 viris.
435 1121 480 1143 aut
498 1117 541 1143 cui
557 1116 646 1151 generi
662 1117 763 1143 civium
780 1117 896 1142 maxime
906 1116 1019 1152 applau-

223 1153 319 1180 datur‘?
339 1155 478 1180 Neminem
493 1158 613 1180 vestrum
630 1153 708 1180 fallit.
749 1153 789 1180 Sit
805 1153 854 1180 hoc
870 1162 932 1180 sane
945 1153 1016 1180 leve:

222 1191 295 1226 quod
311 1200 363 1218 non
378 1192 413 1218 ita
427 1195 480 1222 est,
493 1192 619 1226 quoniam
631 1191 732 1225 optimo
742 1191 840 1225 cuique
852 1191 1016 1226 impertitur:

222 1228 283 1259 sed,
301 1229 325 1255 si
341 1233 381 1255 est
397 1228 467 1259 leve,
486 1228 588 1254 homini
603 1229 678 1264 gravi
695 1227 752 1254 leve
767 1233 820 1254 est:
842 1229 867 1254 ei
882 1237 957 1259 vero,
970 1229 1018 1263 qui

223 1265 320 1300 pendet
335 1275 348 1292 a
364 1266 445 1292 rebus
462 1265 620 1297 levissimis,
637 1266 685 1300 qui
699 1274 818 1296 rumore,
831 1269 857 1292 et
866 1265 906 1300 (ut
916 1266 967 1300 ipsi
981 1266 1019 1292 lo·

222 1303 353 1338 quuntur)
370 1302 459 1329 favore
474 1302 566 1338 populi
582 1307 688 1329 tenetur
702 1307 727 1329 et
740 1302 861 1334 ducitur,
879 1302 1016 1337 plausum,

223 1341 462 1371 immortalitatem,
480 1339 591 1366 sibilum
621 1344 733 1366 mortem
751 1340 836 1366 videri
848 1348 957 1366 necesse
968 1345 1017 1366 est.

225 1379 281 1404 ⁴⁴6.
303 1377 343 1404 Ex
354 1382 378 1404 te
389 1377 479 1413 igitur,
493 1377 600 1408 Scaure,
614 1377 785 1412 potissimum
797 1385 904 1412 quaero,
917 1377 965 1411 qui
978 1377 1018 1403 lu-

222 1414 270 1441 dos
303 1415 521 1450 apparatissimos
556 1414 892 1450 magnificentissimosque
921 1414 1016 1446 fecisti,

223 1451 316 1487 ecquis
340 1453 454 1479 istorum
484 1450 654 1486 popularium
687 1455 747 1478 tuos
772 1451 849 1478 ludos
873 1453 1016 1487 aspexerit,

223 1489 316 1524 eequis
344 1497 374 1515 se
398 1489 500 1515 theatro
523 1488 678 1524 populoque
702 1489 819 1515 Romano
844 1490 1017 1515 commiserit.

222 1526 282 1561 Ipse
305 1526 351 1552 ille
371 1526 487 1553 maxime
508 1525 613 1557 ludius,
636 1534 689 1552 non
705 1526 792 1552 solum
808 1531 952 1561 spectator,
971 1526 1017 1553 sed

222 1568 294 1590 actor
304 1568 330 1590 et
339 1572 468 1594 acroama,
481 1564 529 1598 qui
539 1564 628 1589 omnia
639 1563 738 1589 sororis
749 1563 864 1590 embolia
879 1564 961 1594 novit,
969 1564 1018 1598 qui

221 1601 250 1627 in
264 1605 369 1628 coetum
384 1601 529 1627 mulierum
545 1608 592 1635 pro
606 1599 716 1635 psaltria
731 1600 885 1631 adducitur,
899 1609 947 1628 nec
958 1605 1018 1627 tuos

223 1637 301 1664 ludos
333 1638 439 1673 aspexit
453 1639 481 1665 in
496 1637 542 1664 illo
553 1637 654 1664 ardenti
665 1637 801 1664 tribunatu
813 1646 875 1668 suo,
889 1646 938 1664 nec
950 1637 1018 1664 ullos

222 1674 302 1706 alios,
324 1675 376 1702 nisi
395 1683 453 1706 eos,
472 1683 487 1701 a
501 1675 603 1710 quibus
617 1675 665 1701 vix
679 1674 759 1701 vivus
774 1674 876 1710 effugit.
917 1674 1015 1706 Semel,

222 1713 332 1747 inquam
341 1733 347 1744 ,
368 1721 397 1739 se
417 1712 489 1739 ludis
503 1711 584 1739 homo
598 1710 736 1747 popularis
750 1712 885 1738 commisit
898 1712 1015 1743 omnino,

223 1757 308 1784 quum
324 1749 352 1776 in
367 1749 467 1784 templo
481 1749 720 1776 Honoris-Virtutis
732 1748 816 1775 honos
828 1748 936 1775 habitus
948 1754 1018 1776 esset

222 1786 329 1818 virtuti,
353 1786 464 1822 Caiique
484 1786 573 1817 Marii,
595 1786 787 1812 conservatoris
804 1786 885 1812 huius
900 1786 1015 1821 imperii,

224 1828 426 1850 monumentum
453 1823 584 1858 municipi
599 1823 658 1849 eius
673 1827 700 1849 et
710 1822 874 1858 reipublicae
884 1822 1017 1850 defensori

223 1861 313 1887 sedem
325 1860 358 1887 ad
369 1861 483 1887 salutem
494 1860 670 1896 praebuisset,
692 1860 745 1886 LV.
764 1861 819 1886 ⁴⁴7.
835 1859 894 1892 Quo
907 1860 1017 1895 quidem

224 1901 350 1933 tempore,
362 1898 429 1933 quid
441 1897 699 1932 populusRomanus
711 1898 809 1924 sentire
819 1905 848 1923 se
860 1897 1015 1929 ostenderit,

224 1939 336 1970 utroque
351 1935 380 1961 in
395 1943 492 1971 genere
501 1935 665 1961 declaratum
676 1939 730 1960 est:
753 1935 848 1969 primo,
861 1943 956 1969 quum,
969 1944 1018 1961 au-

223 1972 279 1999 dito
298 1971 543 2003 senatusconsulto,
565 1972 603 1998 rei
623 1972 678 2006 ipsi
697 1976 777 2006 atque
792 1972 895 1998 absenti
911 1973 1015 1999 senatui

223 2009 335 2044 plausus
350 2014 391 2036 est
405 2010 438 2035 ab
449 2009 584 2036 universis
601 2008 693 2035 datus:
715 2009 826 2039 deinde,
843 2017 929 2044 quum
940 2018 1018 2036 sena-

223 2046 325 2073 toribus
356 2046 472 2082 singulis
497 2050 645 2081 spectatum
670 2054 684 2072 e
710 2051 804 2073 senatu
829 2046 1016 2073 redeuntibus.

222 2083 313 2116 Quum
333 2092 396 2110 vero
409 2084 481 2118 ipse,
499 2084 546 2118 qui
562 2083 639 2110 ludos
655 2082 780 2115 faciebat,
797 2083 890 2110 consul
906 2084 1015 2115 assedit,

223 2125 323 2148 stantes
338 2125 364 2147 et
374 2121 499 2147 manibus
511 2121 599 2156 passis
610 2121 708 2156 gratias
720 2124 828 2156 agentes
839 2125 865 2147 et
876 2120 1017 2148 lacriman-

223 2162 263 2184 tes
277 2158 376 2194 gaudio
387 2167 463 2185 suam
474 2166 536 2195 erga
547 2166 590 2184 me
601 2157 813 2184 benevolentiam
825 2166 854 2184 ac
866 2159 1017 2185 misericor-

223 2195 294 2222 diam
310 2195 485 2222 declararunt.
524 2195 558 2222 At
571 2203 656 2230 quum
673 2194 718 2221 ille
733 2195 897 2222 furibundus
910 2196 1016 2222 incitata

223 2232 269 2259 illa
279 2241 328 2259 sua
339 2233 445 2260 vecordi
456 2237 544 2259 mente
554 2233 681 2263 venisset,
695 2233 742 2260 vix
752 2241 781 2259 se
791 2232 910 2268 populus
921 2233 1018 2260 Roma-

223 2278 275 2296 nus
291 2270 388 2301 tenuit,
404 2270 451 2297 vix
466 2270 589 2296 homines
603 2269 696 2296 odium
711 2278 792 2296 suum
809 2278 823 2296 a
837 2278 946 2305 corpore
957 2271 1017 2297 eius

222 2307 329 2342 impuro
341 2312 421 2342 atque
431 2307 541 2334 infando
552 2311 745 2342 represserunt.
775 2307 860 2334 Voces
869 2307 980 2343 quidem
992 2312 1018 2334 et

222 2343 373 2379 palmarum
388 2345 507 2371 intentus
521 2349 547 2371 et
557 2344 759 2371 maledictorum
769 2344 913 2371 clamorem
924 2353 1016 2371 omnes

224 2381 408 2415 profudemnt.
452 2383 506 2408 ⁴⁴8.
529 2381 583 2408 Sed
597 2382 664 2417 quid
674 2390 723 2418 ego
733 2381 827 2417 populi
837 2382 949 2408 Romani
959 2383 1018 2408 ani-

224 2426 297 2444 mum
322 2419 503 2454 virtutemque
527 2427 719 2450 commemoro,
742 2418 891 2445 libertatem
910 2419 964 2445 iam
983 2427 1017 2446 ex

223 2454 349 2482 diuturna
359 2457 487 2483 servitute
497 2457 675 2491 respicientis,
688 2457 716 2482 in
727 2464 759 2482 eo
768 2455 889 2487 homine,
902 2457 946 2482 cui
957 2461 1014 2482 tum

224 2493 323 2525 petenti
344 2493 398 2520 iam
418 2493 579 2520 aedilitatem
595 2502 628 2519 ne
643 2493 786 2520 histriones
801 2493 912 2528 quidem
927 2502 1015 2520 coram

223 2528 326 2555 sedenti
349 2530 543 2565 pepercerunt?
569 2531 637 2557 Nam
661 2538 747 2565 quum
772 2535 894 2565 ageretur
918 2535 1013 2566 togata,

224 2564 373 2606 Sjmulans,
391 2572 421 2593 ut
434 2568 541 2602 opines-3
563 2572 666 2594 caterva
678 2571 731 2594 tota
745 2566 894 2594 clarissima
903 2576 1017 2594 concen-

225 2606 304 2633 tione,
312 2603 339 2629 in
351 2611 394 2629 ore
407 2604 507 2638 impuri
518 2604 794 2635 hominisimminens,
801 2606 954 2632 concionata
960 2610 1013 2631 est:

517 2657 599 2662 -—
609 2642 676 2668 Huic
688 2644 758 2667 vitae
768 2645 828 2667 tuae
838 2656 874 2661 —
887 2647 921 2673 et,

454 2692 490 2697 -
501 2693 536 2698 —-
549 2679 603 2705 Post
610 2681 743 2711 principia
756 2683 833 2712 aeque
843 2681 929 2705 civitas

1007 152 1281 179 ‹xisti-:ttoxts

1104 229 1210 249 «ulmeae
1223 224 1300 249 vitm!
1314 237 1349 243 —
1360 237 1396 243 —

1067 260 1181 286 Sede—bat
1194 260 1375 286 exanimatus:
1403 265 1428 287 et
1443 261 1479 291 is,
1496 262 1544 296 qui
1559 266 1633 288 ante·
1643 266 1781 288 cantorum
1796 270 1858 289 con-

1070 298 1137 323 vicio
1147 298 1288 323 conciones
1298 297 1432 323 celebrare
1442 306 1505 324 suas
1516 298 1625 326 solebat.
1637 304 1774 325 canmrum
1787 299 1858 333 ipso-

1069 343 1127 361 rum
1145 335 1256 360 vocibus
1271 334 1436 360 eiiciebatur.
1477 335 1522 365 Et.
1539 337 1665 370 quoniam
1683 336 1749 362 facta
1761 337 1861 363 mentio

1068 376 1108 397 est
1124 371 1262 401 ludorum,
1277 380 1309 397 ne
1325 371 1392 397 illud
1408 371 1517 406 quidem
1532 374 1751 406 praetermittam,
1766 374 1791 399 in
1804 382 1860 399 ma-

1068 417 1118 443 gna
1141 409 1265 435 varietate
1284 409 1488 438 sententiarum,
1512 417 1658 444 numquam
1674 411 1760 436 ullum
1777 410 1861 437 tuisse

1070 446 1170 476 locum,
1188 446 1214 472 in
1229 453 1284 480 quo
1299 446 1401 481 aliquid
1413 455 1426 472 a
1438 451 1512 481 poeta
1524 446 1624 473 dictum
1633 467 1639 476 .
1651 447 1745 474 cadere
1755 448 1782 474 in
1794 452 1861 474 tem—

1069 492 1120 518 pus
1137 488 1256 509 nostrum
1269 483 1410 514 videretur,
1422 483 1495 518 quod
1507 488 1551 509 aut
1563 484 1691 518 populum
1705 485 1860 511 universum

1070 520 1608 555 sugeret,autnonexprimeretipseactor.
1632 522 1689 547 ⁴⁴9.
1701 522 1859 556 linquaeao,

1070 559 1119 584 hoc
1135 558 1203 589 loco,
1218 557 1329 588 iudices,
1343 566 1376 584 ne
1385 566 1438 593 qua
1451 566 1492 584 me
1505 557 1610 584 levitate
1621 558 1732 585 ductum
1744 558 1776 585 td
1789 560 1860 585 inso-

1071 595 1147 621 litum
1164 603 1250 628 genus
1265 595 1371 621 dicendi
1387 594 1439 621 labi
1456 596 1569 629 putetis,
1587 596 1610 621 si
1620 595 1653 621 de
1665 596 1763 630 poetis,
1776 595 1809 622 de
1821 596 1862 622 hi·

1069 632 1225 662 strionibusv
1239 632 1272 658 de
1284 632 1354 658 ludis
1366 633 1392 658 in
1404 632 1504 659 iudicio
1516 632 1618 668 loquar.
1650 633 1711 659 Lvt.
1733 633 1789 659 Non
1800 642 1860 659 sum

1070 674 1122 696 tarn
1134 671 1258 703 ignarus,
1272 670 1383 700 iudices,
1396 678 1565 700 caussarum.
1578 678 1629 696 non
1642 674 1694 696 tam
1707 670 1824 696 insolens
1835 670 1861 696 in

1069 707 1194 737 dicendo,
1218 711 1247 733 ut
1266 707 1339 733 omni
1359 715 1392 733 ex
1411 715 1508 742 genere
1528 707 1672 733 orationem
1688 715 1819 742 aucuper,
1837 711 1863 733 et

1069 753 1162 771 omnes
1174 744 1293 779 undique
1303 743 1426 771 flosculos
1436 753 1542 779 carpam
1555 749 1634 779 atque
1644 744 1768 770 delibem.
1790 744 1859 771 Scio.

1069 781 1136 817 quid
1154 783 1270 817 gravitas
1287 786 1386 811 vestra,
1403 782 1471 816 quid
1488 781 1552 808 hacc
1567 782 1715 812 advocatio,
1733 781 1799 816 quid
1816 781 1862 808 ille

1069 823 1230 848 conventus,
1248 818 1314 854 quid
1329 819 1446 854 dignitas
1458 819 1486 845 P.
1499 818 1592 848 Sestii,
1605 818 1672 854 quid
1684 818 1794 854 periculi
1807 827 1862 845 mu-

1070 856 1195 891 gnitudo,
1212 856 1278 891 quid
1293 861 1377 887 aetas,
1395 856 1460 891 quid
1473 856 1555 882 honos
1567 864 1643 882 meus
1656 855 1780 890 postulet.
1810 855 1862 882 Sed

1071 893 1137 920 mihi
1153 894 1258 928 sumpsi
1275 893 1323 920 hoc
1339 893 1395 920 loco
1405 893 1550 920 doctrinam
1562 893 1705 928 quamdam
1717 893 1860 921 iuventuti,

1069 931 1117 965 qui
1133 936 1221 957 essent
1236 931 1386 965 optimates.
1427 931 1454 957 ln
1471 939 1499 956 ea
1511 930 1667 965 explicanda
1679 930 1863 957 demonstran-

1070 968 1135 994 dum
1147 972 1196 997 est.
1210 977 1261 994 non
1273 976 1332 994 esse
1343 967 1485 1002 populares
1495 976 1588 994 omnes
1599 976 1652 998 eos,
1665 968 1712 1002 qui
1724 972 1860 1002 putentur.

1047 1002 1048 1016 ³
1071 1005 1099 1032 ld
1120 1004 1245 1031 facillime
1265 1013 1426 1040 consequar,
1448 1006 1471 1032 si
1488 1005 1606 1031 universi
1623 1004 1715 1040 populi
1731 1004 1861 1031 iudicium

1047 1043 1049 1050 ¹
1072 1051 1164 1069 verum
1179 1047 1205 1068 et
1221 1043 1419 1077 incorruptum,
1432 1047 1470 1073 et,
1488 1043 1510 1068 si
1522 1042 1630 1068 intimos
1641 1051 1737 1068 sensus
1747 1042 1862 1068 civitatis

1070 1088 1236 1114 expressero.
1261 1081 1317 1106 ⁴20.
1333 1080 1403 1112 Quid
1415 1079 1465 1106 fuit
1475 1079 1551 1109 iilud.
1564 1079 1646 1114 quod,
1660 1080 1757 1106 recenti
1770 1079 1864 1105 nuntio

1070 1117 1103 1143 de
1123 1117 1170 1143 illo
1189 1116 1434 1147 senatusconsulto,
1456 1116 1529 1152 quod
1548 1116 1645 1142 sactum
1665 1121 1705 1143 est
1722 1116 1750 1143 in
1764 1115 1864 1151 templo

1070 1155 1195 1185 Virtutis,
1213 1154 1246 1180 ad
1263 1154 1340 1181 ludos
1351 1162 1511 1189 scenamque
1522 1153 1765 1188 perlato,consessu
1776 1154 1864 1180 maxi-

1071 1200 1114 1218 mo
1131 1200 1256 1218 summus
1269 1192 1376 1222 artifex,
1393 1196 1418 1218 et
1429 1190 1580 1218 mehercule
1591 1199 1698 1226 semper
1709 1191 1823 1225 partium
1835 1191 1862 1217 in

1071 1228 1217 1263 republica.
1231 1234 1367 1264 tamquam
1379 1229 1406 1255 in
1417 1237 1506 1259 scena,
1519 1228 1693 1263 optimarum,
1706 1227 1772 1254 flens
1786 1233 1812 1254 et
1822 1236 1863 1254 re—

1070 1267 1140 1293 centi
1162 1266 1260 1292 laetitia
1285 1271 1310 1292 et
1329 1267 1412 1292 mixto
1429 1265 1519 1292 dolore
1537 1273 1567 1291 ac
1579 1265 1712 1292 desiderio
1725 1265 1791 1296 mei.
1807 1265 1864 1300 egit

1070 1308 1159 1338 aperte
1170 1303 1254 1330 multo
1264 1303 1433 1339 gravioribus
1445 1303 1534 1330 verbis
1544 1311 1632 1329 meam
1642 1310 1774 1334 caussam,
1781 1310 1863 1338 quam

1070 1345 1176 1377 egomet
1189 1340 1223 1367 de
1238 1349 1281 1367 me
1295 1349 1371 1375 agere
1386 1339 1554 1376 potuissem?
1572 1339 1677 1366 Summi
1689 1340 1761 1366 enim
1771 1344 1864 1375 poetae

1069 1379 1211 1413 ingenium
1223 1386 1274 1404 non
1286 1378 1374 1404 sotum
1385 1382 1440 1404 arte
1451 1386 1499 1405 sua
1507 1398 1513 1409 ‚
1524 1377 1571 1404 sed
1582 1377 1662 1404 etiam
1673 1376 1764 1404 dolore
1774 1377 1864 1412 expri—

1070 1416 1169 1442 mebat.
1199 1414 1271 1447 Quid
1284 1414 1376 1442 enim?

1107 1467 1144 1472 —
1154 1467 1191 1472 —
1204 1453 1278 1479 θένω
1290 1455 1335 1486 qui
1347 1453 1530 1486 rempublicam
1540 1453 1626 1478 animo
1638 1453 1776 1481 adiuverit,

1106 1492 1234 1521 staeuerit,
1246 1491 1344 1516 steterit
1358 1498 1414 1516 cum
1427 1490 1538 1519 Achivis,
1553 1503 1591 1508 —-
1600 1503 1638 1508 —

1069 1527 1214 1553 Vobiscum
1227 1535 1269 1553 me
1280 1527 1386 1553 stetisse
1395 1525 1512 1559 diceban
1527 1530 1631 1553 vestros
1641 1524 1863 1553 ordinesdemon-

1070 1564 1179 1591 strabat.
1210 1564 1393 1591 Revocabatur
1402 1563 1435 1590 ab
1446 1563 1592 1590 universis.

1414 1615 1451 1620 —
1461 1603 1492 1627 re*
1502 1602 1595 1632 dubim

1107 1641 1152 1664 ne'c
1169 1640 1295 1665 dubitarit
1305 1639 1384 1664 vitam
1397 1640 1503 1671 offerre,
1515 1640 1561 1664 rw'o
1573 1638 1654 1670 cupiti·
1663 1639 1814 1670 pepercerit.

1071 1676 1128 1701 ⁴⁶2⁴.
1149 1675 1219 1701 Haec
1228 1673 1762 1710 quantisabilloclamoribusagebanturl
1777 1681 1862 1708 quum

1069 1713 1121 1738 iam
1130 1733 1136 1743 ‚
1147 1713 1249 1739 omisso
1258 1716 1335 1748 gestu
1343 1732 1349 1742 ,
1362 1711 1453 1738 verbis
1463 1716 1554 1746 poetae
1562 1732 1568 1742 ,
1581 1715 1607 1737 et
1616 1710 1706 1737 studio
1715 1711 1811 1738 actoris
1818 1731 1824 1742 ,
1837 1715 1863 1737 et

1069 1749 1260 1784 exspectationi
1271 1753 1375 1776 nostrae
1386 1747 1575 1784 plauderetur?

1105 1786 1237 1813 Su'mmum
1249 1789 1368 1815 amicum,
1382 1789 1479 1812 summo
1492 1789 1519 1812 t'n
1533 1787 1596 1811 bello
1608 1799 1646 1805 -·

1068 1823 1140 1887 {nam
1164 1823 1234 1850 illud
1258 1824 1317 1859 ipse
1336 1827 1407 1850 actor
1425 1822 1587 1859 adiungebat
1609 1822 1695 1849 amico
1713 1822 1815 1853 animo,
1837 1827 1863 1849 et

1080 1861 1190 1888 ortassis
1206 1861 1328 1887 homines
1342 1865 1450 1895 propter
1464 1859 1573 1896 aliquod
1588 1859 1751 1886 desiderium
1766 1867 1863 1895 appro-

1070 1898 1178 1933 habant)

1338 1950 1374 1955 —
1384 1950 1421 1954 —
1430 1937 1527 1961 stimmo
1540 1936 1642 1967 inqem'o
1652 1935 1806 1967 praeditum.

1070 1973 1146 1999 LVII.
1170 1972 1239 1999 Tum
1256 1971 1316 2002 illa,
1333 1976 1434 2008 quanto
1447 1980 1509 1998 cum
1523 1971 1626 2007 gemitu
1641 1970 1735 2006 populi
1750 1970 1862 1998 Romani

1070 2010 1102 2036 ab
1113 2009 1205 2037 eodem
1217 2009 1308 2044 paullo
1318 2014 1378 2044 post
1388 2010 1416 2036 in
1427 2009 1519 2036 eadem
1531 2007 1621 2035 fabula
1634 2012 1698 2035 sunt
1707 2008 1777 2034 acta!

1145 2047 1167 2074 0
1177 2048 1267 2081 paler!
1277 2061 1314 2066 —

1069 2084 1125 2115 Me,
1142 2092 1186 2111 me
1195 2083 1243 2110 ille
1254 2083 1402 2115 absentem,
1414 2087 1444 2110 ut
1454 2087 1565 2118 patrem,
1577 2081 1773 2118 deplorandum
1784 2086 1862 2117 puta-
1903 2103 1905 2105 .

1069 2122 1126 2153 bat,
1143 2130 1226 2157 quem
1236 2120 1269 2153 Q.
1281 2121 1405 2152 Catulus,
1419 2129 1501 2156 quem
1512 2119 1592 2147 multi
1601 2119 1647 2146 alii
1657 2127 1737 2154 saepe
1746 2119 1774 2146 in
1785 2127 1862 2146 sena-

1069 2164 1097 2186 tu
1112 2163 1214 2194 patrem
1234 2159 1333 2193 patriae
1348 2158 1525 2185 nominarant.
1564 2156 1669 2190 Quanto
1682 2164 1743 2183 cum
1754 2154 1818 2183 fletu
1829 2156 1862 2183 de
1909 2176 1911 2178 .

1068 2195 1123 2222 illis
1134 2196 1232 2223 nostris
1243 2195 1374 2222 incendiis
1385 2204 1415 2222 ac
1425 2195 1520 2224 ruinis.
1532 2203 1618 2229 quum
1628 2198 1730 2229 patrem
1739 2192 1860 2228 pulsum,
1899 2223 1902 2227 ⁴

1068 2234 1181 2268 patriam
1196 2232 1320 2259 afflictam
1335 2232 1497 2267 deploraret,
1513 2231 1624 2258 domum
1639 2231 1775 2257 incensam
1785 2239 1862 2257 ever·
1899 2230 1902 2240 ¹

1068 2278 1193 2306 samque,
1215 2270 1254 2296 sic
1273 2271 1340 2306 egit,
1361 2274 1404 2301 ut,
1421 2269 1600 2296 demonstrata
1612 2268 1725 2303 pristina
1744 2266 1859 2298 fortuna,

1068 2316 1152 2343 quum
1164 2316 1193 2334 se
1203 2308 1386 2338 convertisset,

1142 2345 1212 2371 Haec
1223 2347 1309 2371 omnia
1319 2346 1373 2371 cidi
1386 2343 1558 2376 infldmman'!

1068 2381 1159 2408 fletum
1170 2381 1249 2408 etiam
1260 2381 1378 2408 inimicis
1384 2378 1713 2416 atqueinvidisexcitaret!
1731 2379 1787 2405 ⁴22.
1799 2378 1858 2409 Pro,

1067 2419 1106 2446 dii
1119 2418 1298 2445 immortales!
1313 2417 1399 2454 quid?
1407 2418 1453 2444 illa
1459 2415 1686 2453 quemadmodum
1693 2415 1763 2442 dixit
1772 2415 1862 2442 idem?

1067 2465 1137 2491 quae
1151 2456 1219 2483 mihi
1233 2455 1345 2491 quidem
1357 2456 1394 2482 ita
1409 2459 1435 2481 et
1445 2459 1501 2481 acta
1511 2458 1537 2480 et
1546 2453 1644 2488 scripta
1655 2452 1780 2479 videntur
1789 2461 1858 2483 esse,

1067 2498 1097 2520 ut
1111 2493 1154 2520 vel
1170 2502 1185 2519 a
1199 2493 1231 2526 Q.
1248 2492 1353 2524 Catulo,
1370 2493 1394 2519 si
1404 2491 1558 2520 revixisset,
1571 2489 1704 2525 praeclare
1718 2498 1797 2524 posse
1807 2489 1860 2516 dici

1067 2530 1234 2557 viderentur:
1256 2530 1281 2557 is
1295 2531 1367 2557 enim
1383 2529 1466 2555 libere
1479 2527 1686 2562 reprehendere,
1700 2531 1726 2553 et
1735 2534 1860 2553 accusare

1066 2567 1160 2603 populi
1171 2575 1374 2603 nonnumquam
1387 2566 1560 2593 temeritatem
1571 2564 1681 2596 solebat,
1689 2568 1735 2591 aut
1744 2571 1859 2590 errorem

1066 2609 1189 2632 senatus:

1142 2642 1164 2669 O
1187 2643 1328 2676 inqratt'fici
1356 2641 1458 2674 Armi,
1482 2641 1572 2665 inanes
1593 2638 1683 2669 Grdt‘i,
1701 2640 1860 2665 immemores

1432 2678 1535 2709 benefici
1541 2677 1548 2695 ¹
