1941 3052
443 163 630 190 ORATIO
662 164 709 190 IN
741 163 770 189 L.
805 162 1037 189 PISONEM.

63 237 164 269 derim,
186 240 216 262 ut
226 235 428 262 multitudinem
439 244 501 262 cum
513 235 690 270 principibus,
705 238 855 269 equestrem

64 275 184 302 ordinem
204 282 266 299 cum
287 277 381 299 senatu
403 273 598 299 coniunxerim.
630 273 672 298 lV.
695 273 719 298 8.
737 271 857 306 Exposui

65 311 179 339 breviter
189 310 357 337 consulatum
370 318 470 336 meum.

119 348 195 375 Ande
212 357 296 379 nunc,
311 356 326 374 ο
336 347 419 378 furia,
432 347 464 373 de
477 352 521 374 tuo
531 347 633 373 dicere:
655 347 733 372 cuius
747 346 796 372 fuit
807 346 859 372 ini-

64 387 131 413 tium
148 385 203 412 ludi
220 385 403 420 Compitalitii,
417 389 474 411 tum
487 385 604 419 primum
617 383 677 410 facti
690 388 748 418 post
760 384 788 409 L.
804 383 859 409 Me-

63 423 157 450 tellum
178 427 203 449 et
222 422 253 455 Q.
276 423 404 449 Marcium
419 422 556 453 consuleS,
573 425 661 447 contra
677 421 858 447 auctoritatem

65 461 146 487 huius
161 460 276 486 ordinis:
298 469 366 495 quos
382 459 413 492 Q.
430 459 567 490 Metellus,
581 458 658 494 (facio
669 459 794 484 iniuriam
808 457 859 484 for-

64 499 168 524 tissimo
187 498 245 524 viro
264 502 381 528 mortuo,
404 497 452 532 qui
468 496 559 525 illum.
576 496 654 522 cuius
671 504 768 530 paucos
783 503 858 530 pares

65 536 129 562 haec
148 536 242 562 civitas
265 535 338 566 tulit,
355 543 417 561 cum
433 535 483 560 hac
497 535 649 568 importuna
666 533 754 559 bellua
770 532 860 558 confe-

65 572 142 608 ram,)
152 573 199 599 sed
212 572 256 599 ille
267 573 426 607 designatus
438 571 540 602 consul,
554 579 639 605 quum
651 570 762 605 quidam
774 570 860 596 tribu-

65 619 115 637 nus
128 610 216 645 plebis
227 619 277 636 suo
287 609 387 636 auxilio
399 610 540 644 magistros
548 608 625 634 ludos
636 612 725 634 contra
737 611 860 633 senatus-

64 648 216 674 consultum
231 647 315 674 facere
326 647 459 677 iussisset,
469 646 589 681 privatus
601 645 656 671 fieri
668 645 766 671 vetuit:
780 649 860 679 atque

66 685 100 716 id,
109 685 180 720 quod
189 685 307 711 nondum
316 688 443 719 potestate
449 687 558 718 poterat,
566 683 683 709 obtinuit
694 682 857 708 auctoritate.

65 723 113 754 Tu,
131 731 217 757 quum
233 723 260 748 in
278 721 409 748 Kalendas
425 721 479 747 Ian.
493 720 711 755 Compitaliorum
724 719 781 745 dies
794 719 861 745 inci-

65 760 161 790 disset,
180 760 241 786 Sex.
259 759 392 789 Clodium,
405 759 452 793 qui
465 766 613 792 numquam
625 762 700 783 antea
712 761 861 791 praetexta-

65 802 108 824 tus
125 797 232 828 fuisset,
250 796 328 822 ludos
343 795 427 822 facere
437 800 462 821 et
473 799 666 830 praetextatum
680 795 788 820 volitare
800 802 861 828 pas-

65 843 113 861 sus
124 843 161 866 es,
176 834 310 861 hominem
322 834 469 868 impurum,
483 837 562 867 atque
575 841 625 858 non
637 832 715 858 modo
727 831 800 862 facie,
814 831 861 857 sed

65 873 144 898 etiam
155 871 232 898 oculo
243 875 288 897 tuo
299 870 501 906 dignissimum.
528 871 552 896 9.
565 870 635 905 Ergo
647 869 688 895 his
702 868 861 895 fundamen-

65 910 99 936 tis
120 909 213 944 positis
229 908 384 934 consulatus
402 908 453 938 tui,
472 907 560 933 triduo
574 912 646 942 post,
660 907 824 941 inspectante
836 910 862 932 et

66 950 166 974 tacente
178 950 211 977 te,
225 955 238 972 a
250 946 278 972 P.
292 945 392 975 Clodio,
408 945 478 971 fatali
491 949 611 980 portento
622 944 798 980 prodigioque
810 945 861 970 rei-

66 984 203 1019 publicae,
222 983 265 1010 lex
278 982 352 1009 Aelia
368 987 394 1008 et
408 982 483 1008 Fufia
494 991 586 1008 eversa
597 987 645 1012 est,
660 981 860 1017 propugnacula

66 1022 190 1056 murique
211 1020 412 1055 tranquillitatis
433 1024 513 1055 atque
532 1020 593 1046 otii:
615 1019 740 1055 collegia,
764 1028 815 1045 non
832 1027 861 1045 ea

65 1058 167 1090 solum,
186 1066 254 1093 quae
269 1062 378 1084 senatus
393 1057 552 1087 sustulerat,
570 1057 704 1087 restituta,
718 1056 765 1082 sed
782 1057 863 1082 innu-

65 1096 203 1123 merabilia
215 1095 346 1130 quaedam
359 1103 425 1121 nova
437 1103 470 1121 ex
481 1095 553 1121 omni
565 1094 636 1120 faece
643 1094 721 1120 Urbis
736 1103 765 1120 ac
777 1094 863 1120 servi-

65 1134 102 1160 tio
112 1134 251 1160 concitata.
291 1133 332 1159 Ab
343 1132 436 1159 eodem
449 1132 564 1163 homine,
579 1132 606 1158 in
618 1132 718 1166 stupris
733 1131 862 1157 inauditis

66 1171 230 1206 nefariisque
244 1174 442 1201 versato‚vetus
452 1169 497 1196 illa
510 1170 636 1205 magistra
648 1169 758 1204 pudoris
770 1173 795 1195 et
807 1177 863 1195 mo-

65 1208 174 1239 destiae,
189 1209 316 1235 severitas
327 1207 456 1237 censoria,
469 1207 574 1233 sublata
586 1211 639 1233 est:
657 1215 742 1242 quum
756 1211 782 1232 tu
795 1207 863 1232 inte-

67 1247 130 1277 rim,
144 1246 254 1272 bustum
267 1245 437 1280 reipublicae,
451 1245 498 1279 qui
511 1249 535 1271 te
546 1244 684 1271 consulem
698 1248 753 1270 tum
766 1244 863 1270 Romae

66 1283 133 1310 dicis
155 1282 253 1313 fuisse,
270 1283 352 1309 verbo
366 1291 514 1317 numquam
530 1282 689 1317 significaris
705 1281 862 1307 sententiam

67 1325 139 1347 tuam
152 1321 230 1346 tantis
242 1321 270 1346 in
283 1319 430 1355 naufragiis
441 1320 567 1345 civitatis.
608 1319 639 1345 V.
665 1321 703 1345 lo.
726 1318 860 1350 Nondum,

66 1366 135 1393 quae
152 1357 257 1387 feceris.
275 1357 322 1383 sed
337 1365 406 1391 quae
421 1357 475 1382 fieri
492 1365 589 1391 passus
601 1357 648 1387 sis,
661 1356 730 1382 dico.
771 1357 864 1391 Neque

67 1403 129 1422 vero
150 1394 266 1421 multum
281 1395 406 1425 interest,
425 1394 580 1428 praesertim
596 1394 623 1420 in
635 1393 758 1423 consule,
773 1398 863 1419 utrum

66 1433 124 1468 ipse
135 1432 293 1467 perniciosis
306 1432 420 1467 legibus,
429 1432 559 1466 improbis
571 1431 743 1457 concionibus
756 1439 865 1465 rempu-

68 1470 164 1496 blicam
178 1474 265 1501 vexet,
279 1478 311 1495 an
324 1469 389 1495 alios
403 1477 497 1495 vexare
512 1469 636 1504 patiatur.
659 1469 698 1494 An
712 1473 798 1503 potest
809 1468 864 1494 ulla

67 1516 125 1534 esse
137 1508 283 1537 excusatio,
297 1515 348 1533 non
359 1507 446 1532 dicam
458 1506 526 1532 male
538 1507 677 1537 sentienti,
691 1505 738 1532 sed
750 1506 862 1537 sedenti,

66 1545 211 1575 cunctanti,
223 1544 365 1571 dormienti
377 1544 403 1570 in
416 1545 533 1570 maximo
544 1543 707 1578 reipublicae
718 1548 790 1569 motu
802 1552 865 1569 con-

67 1581 139 1608 suli‘?
156 1582 269 1609 Centum
282 1590 363 1616 prope
374 1589 456 1608 annos
469 1581 554 1616 legem
566 1581 668 1607 Aeliam
680 1581 813 1607 etFuliam
827 1585 865 1607 te-

68 1628 221 1651 nueramus,
236 1619 446 1654 quadringentos
459 1619 590 1645 iudicium
603 1619 791 1653 notionemque
802 1627 865 1644 cen-

67 1657 174 1688 soriam,
188 1665 255 1691 quas
268 1656 339 1692 leges
350 1665 433 1682 ausus
445 1661 485 1682 est
496 1665 546 1682 non
560 1664 637 1682 nemo
648 1656 802 1690 improbus,
817 1664 865 1690 po-

67 1695 118 1721 tuit
137 1694 247 1730 quidem
264 1702 342 1720 nemo
357 1693 520 1720 convellere:
542 1702 623 1728 quam
640 1697 795 1728 potestatem
814 1694 865 1719 mi—

67 1740 162 1763 nuere,
180 1740 234 1766 quo
250 1731 340 1758 minus
356 1731 390 1757 de
406 1731 526 1757 moribus
543 1732 640 1757 nostris
651 1731 745 1765 quinto
756 1739 864 1765 quoquo

67 1778 136 1796 anno
145 1769 318 1800 iudicaretur,
327 1777 405 1795 nemo
415 1773 468 1795 tam
475 1768 556 1795 effuse
564 1768 686 1803 petulans
697 1773 807 1794 conatus
814 1772 862 1794 est.

68 1808 107 1833 Η.
123 1807 192 1833 Haec
203 1810 279 1837 sunt,
291 1815 307 1833 o
318 1805 450 1832 carnifex!
472 1807 499 1832 in
511 1806 614 1842 gremio
625 1806 729 1840 sepulta
741 1805 866 1832 consula-

67 1848 111 1871 tus
123 1844 171 1870 tui.
203 1844 366 1879 Persequere
377 1851 510 1870 connexos
523 1844 564 1870 his
578 1843 718 1869 funeribus
730 1843 798 1869 dies.
816 1843 865 1869 Pro

67 1881 176 1908 Aurelio
199 1881 340 1912 tribunali,
369 1889 401 1907 ne
421 1882 579 1907 connivente
599 1880 709 1915 quidem
732 1885 769 1912 te,
792 1881 863 1916 quod

68 1919 157 1953 ipsum
169 1923 239 1944 esset
250 1918 347 1949 scelus,
356 1918 403 1944 sed
415 1919 493 1944 etiam
502 1918 774 1949 hilarioribusoculis,
783 1927 864 1954 quam

67 1955 162 1982 solitus
173 1963 240 1986 eras,
254 1956 381 1986 intuente,
396 1955 515 1982 delectus
527 1963 665 1982 servorum
679 1955 826 1982 habebatur
833 1956 865 1981 ab

67 2001 111 2023 co,
129 1993 176 2027 qui
194 1992 260 2019 nihil
277 1992 329 2020 sibi
344 2001 473 2027 umquam
490 2001 539 2019 nec
558 1992 642 2019 facere
659 2001 707 2019 nec
722 1993 777 2027 pati
789 1998 866 2027 turpe

67 2030 155 2056 duxit.
198 2030 275 2056 Arma
291 2030 318 2056 in
335 2030 435 2064 templo
445 2030 574 2061 Castoris,
592 2038 608 2056 o
624 2029 741 2064 proditor
753 2031 866 2064 templo-

69 2076 127 2094 rum
139 2067 275 2093 omniuml
298 2067 405 2093 vidente
417 2071 450 2096 te,
459 2067 690 2093 constituebantur
701 2067 733 2093 ab
745 2075 776 2094 eo
788 2067 866 2094 latro-

69 2113 110 2136 ne,
132 2105 176 2130 cui
198 2104 329 2139 templum
352 2104 419 2130 illud
443 2104 506 2135 fuit,
524 2109 548 2130 te
563 2105 687 2135 consule,
706 2113 752 2131 arx
763 2105 865 2131 civium

68 2142 242 2177 perditorum,
256 2142 453 2176 receptaculum
466 2146 586 2168 veterum
597 2142 725 2168 Catilinae
737 2142 863 2173 militum,

68 2179 208 2206 castellum
225 2179 337 2206 forensis
355 2179 497 2210 latrocinii,
515 2179 625 2205 bustum
643 2179 732 2215 legum
744 2180 865 2206 omnium

68 2225 98 2243 ac
109 2217 280 2252 religionum.
302 2217 363 2242 Erat
376 2225 427 2242 non
440 2216 527 2242 solum
539 2217 635 2243 domus
647 2217 769 2247 mea.sed
782 2221 865 2243 totum

69 2254 213 2285 Palatium,
234 2258 341 2285 senatu,
359 2254 498 2289 equitibus
514 2254 651 2285 Romanis,
665 2255 772 2280 civitate
782 2255 864 2284 omni,

69 2291 141 2318 ltalia
153 2296 247 2318 cuncta
271 2291 407 2321 refertum,
422 2299 507 2326 quum
521 2295 548 2317 tu
562 2300 612 2317 non
625 2291 741 2317 modoad
753 2293 867 2318 eumCi-

69 2337 199 2360 aaronem,
208 2328 294 2364 (mitto
305 2329 376 2355 enim
388 2328 541 2359 domestica,
554 2337 624 2363 quae
635 2329 724 2364 negari
738 2333 863 2363 possunt;

70 2366 134 2393 haec
148 2374 341 2396 commemoro,
359 2374 428 2400 quae
443 2370 506 2392 sunt
523 2365 635 2401 palanu)
656 2374 707 2392 non
724 2366 811 2396 modo,
826 2367 867 2392 in—
889 2372 890 2379 ¹

69 2411 161 2438 quam.
174 2403 205 2430 ad
218 2412 290 2434 eum,
306 2404 349 2429 cui
362 2403 475 2438 primam
487 2403 867 2429 comitiistuisdederastalm-
889 2425 890 2436 ,

71 2440 122 2467 lum
133 2441 428 2477 praerogativae,quem
441 2441 468 2466 in
480 2445 573 2466 senatu
585 2441 742 2466 sententiam
755 2441 866 2475 rogabas
889 2445 891 2476 ξ

70 2478 191 2509 tertium,
206 2486 354 2513 numquam
375 2478 511 2512 aspirasti,
529 2477 576 2503 sed
593 2478 719 2503 omnibus
734 2477 864 2507 consiliis,

70 2521 138 2550 quae
153 2515 185 2541 ad
197 2523 239 2541 me
249 2515 456 2550 opprimendum
470 2515 643 2549 parabantur,
658 2523 708 2540 non
721 2514 866 2541 interfuisti

71 2551 169 2584 solum,
181 2561 275 2579 verum
287 2553 365 2579 etiam
377 2553 565 2579 crudelissime
577 2551 726 2586 praefuisti.

125 2589 168 2616 Vl.
191 2591 231 2617 ⁴2.
245 2591 310 2617 Mihi
327 2599 389 2617 vero
400 2591 453 2625 ipsi
464 2598 551 2616 coram
563 2597 661 2625 genero
674 2597 740 2619 meo,
757 2589 868 2624 propin-

71 2633 125 2660 quo
135 2629 188 2658 tuo,
196 2635 265 2662 quae
275 2627 364 2653 dicere
375 2636 457 2653 ausus
468 2627 516 2653 es‘?
537 2628 629 2661 Egere,
639 2626 703 2652 foris
714 2635 773 2652 esse
784 2627 866 2653 Gabi-

73 2662 161 2689 nium:
186 2663 243 2690 sine
253 2665 389 2699 provincia
401 2669 471 2691 stare
483 2673 533 2691 non
547 2672 638 2699 posse:
656 2671 731 2698 spem
744 2664 841 2690 habero
852 2672 865 2690 a

72 2699 179 2727 tribuno
189 2701 284 2735 plebis,
297 2702 320 2729 si
331 2706 375 2728 tua
386 2701 496 2729 consilia
507 2710 569 2728 cum
581 2700 627 2727 illo
637 2701 838 2731 coniunxisse-s:
853 2709 866 2727 a

1085 162 1181 188 CAP.
1208 164 1214 187 l
1240 165 1319 187 -8,
1654 161 1701 186 ·“Τι

910 238 1001 259 senatu
1013 233 1122 268 quidem
1130 233 1298 267 desperasse:
1315 230 1701 265 buiustecupiditatiobsequi,

910 271 989 297 sicuti
1005 280 1053 306 ego
1070 271 1191 297 fecissem
1211 270 1237 296 in
1253 269 1352 304 collega
1370 277 1443 294 meo:
1467 268 1532 294 nihil
1550 276 1617 298 esse,
1630 268 1703 302 quod

911 308 1073 343 praesidium
1086 307 1227 334 consulum
1239 306 1422 341 implorarem:
1437 306 1630 340 sibiquemque
1641 314 1704 331 con-

910 345 998 371 sulere
1013 351 1141 380 oportere.
1164 345 1250 380 Atque
1268 345 1331 370 haec
1345 344 1433 369 dicere
1445 343 1490 368 vix
1501 342 1598 368 audeo:
1612 357 1648 362 —
1660 351 1705 368 ve—

911 392 976 413 reor.
992 391 1023 409 ne
1034 383 1080 417 qui
1092 383 1135 413 sit,
1149 383 1196 417 qni
1208 384 1285 408 istius
1298 381 1429 416 insignem
1442 380 1597 415 nequitiam,
1612 379 1705 406 frontis

911 420 1058 446 involutam
1080 420 1284 455 integumentis,
1303 418 1421 445 nondum
1439 422 1541 443 cernat:
1564 417 1650 443 dicam
1668 421 1706 442 ta—

912 467 971 483 men
981 468 1030 483 :—
1040 458 1098 492 ipse
1109 462 1178 483 certe
1190 461 1322 492 agnoscet,
1331 460 1356 482 et
1366 464 1426 481 cum
1439 453 1707 490 aliquodoloreflagi-

911 495 1008 521 tiorum
1025 504 1135 521 suorum
1153 494 1343 520 recordabitur.
1378 494 1416 519 ⁴3.
1437 492 1630 522 Meministine,
1648 500 1707 518 coe-

912 541 985 563 num,
999 541 1083 567 quum
1094 532 1127 558 ad
1140 536 1162 557 te
1173 533 1264 566 quinta
1273 530 1325 557 fere
1332 531 1394 556 hora
1406 539 1467 556 cum
1475 529 1502 556 C.
1512 530 1606 556 Pisone
1618 530 1707 555 venis-

911 578 982 600 sem,
1011 570 1099 595 nescio
1125 578 1178 604 quo
1200 578 1213 595 e
1234 569 1375 604 gurgustio
1397 572 1420 593 te
1444 567 1563 602 prodire,
1587 566 1707 593 involuto

911 608 1010 642 capite,
1029 606 1178 633 soleatum‘?
1197 611 1234 636 et,
1253 615 1337 640 quum
1355 606 1405 631 isto
1420 613 1464 631 ore
1481 604 1578 631 foetido
1590 605 1708 630 taeterri-

913 653 982 670 mam
995 645 1072 670 nobis
1087 645 1212 678 popinam
1224 643 1381 673 inhalasses,
1391 643 1562 668 excusatione
1575 646 1598 668 te
1610 642 1649 668 uti
1662 649 1707 667 va-

913 682 1052 711 letudinis,
1070 681 1141 716 quod
1157 681 1268 711 diceres,
1283 680 1427 706 vinolentis
1440 684 1463 706 te
1474 679 1638 714 quibusdam
1653 687 1708 704 me-

912 719 1092 745 dicaminibus
1108 718 1192 744 solere
1208 718 1314 744 curari?
1332 726 1413 752 quam
1431 726 1477 743 nos
1489 725 1610 742 caussam
1623 725 1707 750 quum

912 757 1117 791 accepissemus,
1126 755 1201 790 (quid
1208 755 1278 781 enim
1287 755 1370 781 facere
1378 759 1528 789 poteramus
1534 753 1556 788 5²)
1564 753 1710 788 paullisper

913 794 1036 820 stetimus
1050 794 1077 819 in
1093 793 1139 819 illo
1150 801 1294 828 ganearum
1307 797 1412 818 tuarum
1426 791 1516 817 nidore
1528 796 1607 826 atque
1620 791 1706 816 fumo:

913 831 984 857 unde
1004 835 1032 857 tu
1053 839 1099 857 nos
1115 839 1199 865 quum
1218 830 1419 865 improbissime
1435 828 1632 863 respondendo,
1653 833 1707 854 tum

912 869 1068 903 turpissime
1080 868 1223 894 eructando
1234 868 1345 893 eiecisti.
1369 868 1409 893 ⁴4.
1422 867 1494 893 Idem
1507 866 1552 892 illo
1564 865 1616 891 fero
1628 865 1710 891 biduo

912 906 1058 941 produc-tus
1074 906 1101 931 in
1113 906 1267 932 concionem
1278 905 1311 931 ab
1323 913 1361 935 eo,
1374 904 1418 930 cui
1430 904 1468 930 sic
1480 906 1622 938 aequatum
1634 911 1710 937 prae—

914 944 995 970 bebas
1016 943 1185 970 consulatum
1206 947 1296 973 tuum,
1319 951 1404 977 quum
1425 950 1498 967 esses
1521 941 1708 976 interrogatus,

913 981 979 1016 quid
995 982 1107 1007 sentires
1123 980 1156 1006 de
1172 980 1313 1007 consulatu
1326 988 1398 1006 meo:
1420 979 1510 1014 gravis
1522 982 1621 1008 auctor,
1636 977 1711 1004 Cala-

914 1020 986 1045 tinus
998 1018 1076 1045 credo
1088 1018 1195 1053 aliquis,
1210 1022 1255 1043 aut
1266 1016 1407 1043 Africanus
1418 1016 1614 1045 autMaximus,
1627 1019 1650 1040 et
1659 1024 1709 1040 non

914 1057 1078 1083 Caesoninus
1099 1055 1342 1090 Semiplacentinus
1364 1054 1532 1084 Calventius,
1555 1052 1708 1087 respondes.

914 1094 995 1120 altero
1011 1093 1042 1119 ad
1059 1093 1171 1119 frontem
1188 1093 1302 1122 sublato,
1316 1092 1396 1118 altero
1408 1091 1439 1117 ad
1452 1095 1572 1117 mentum
1584 1091 1712 1124 depresso

914 1131 1071 1166 supercilio,
1089 1130 1274 1157 crudelitatem
1291 1130 1338 1155 tibi
1356 1138 1406 1155 nou
1421 1128 1532 1163 placere.
1555 1128 1609 1154 Vll.
1629 1128 1675 1153 llic
1688 1132 1711 1153 te

914 1169 959 1195 ille
972 1168 1245 1203 homo,dignissimus
1257 1168 1310 1194 tuis
1319 1166 1453 1197 laudibus,
1462 1165 1634 1192 collaudavit.
1646 1164 1712 1191 Cru-

914 1206 1030 1232 delitatis
1043 1210 1084 1236 tu,
1099 1205 1220 1236 furcifer,
1235 1209 1356 1231 senatum
1368 1203 1461 1230 consul
1475 1204 1500 1229 in
1512 1203 1638 1229 concione
1649 1211 1712 1228 con-

914 1243 1044 1269 demnas‘?
1064 1252 1115 1269 non
1131 1243 1202 1269 euim
1215 1251 1270 1273 nie,
1284 1243 1331 1277 qui
1344 1242 1447 1268 senatui
1460 1241 1548 1276 parui,
1572 1249 1632 1266 narn
1645 1239 1713 1265 rela-

915 1282 950 1307 tio
967 1281 1011 1307 illa
1028 1280 1152 1307 salutaris
1169 1285 1194 1307 et
1209 1280 1325 1315 diligens
1342 1278 1569 1305 fueratconsulis:
1592 1276 1713 1303 animad-

915 1319 1003 1345 versio
1018 1318 1127 1353 quidem
1144 1323 1169 1344 et
1185 1318 1316 1343 iudicium
1333 1321 1451 1343 senatus.
1483 1315 1555 1348 Quae
1570 1323 1655 1350 quum
1672 1322 1713 1340 re-

915 1356 1073 1390 prehendis,
1091 1355 1224 1385 ostendis,
1238 1354 1326 1389 qualis
1343 1359 1384 1386 tu,
1398 1355 1421 1380 si
1437 1354 1471 1379 ita
1485 1353 1550 1379 forte
1561 1352 1710 1381 accidisset,

916 1393 998 1419 fueris
1011 1393 1056 1419 illo
1069 1397 1185 1427 tempore
1196 1392 1288 1418 consul
1303 1392 1420 1418 futurus.
1443 1390 1590 1425 Stipendio,
1608 1389 1713 1415 meher-

916 1431 988 1460 cule,
1001 1435 1026 1456 et
1045 1430 1179 1456 frumento
1195 1430 1335 1456 Catilinam
1347 1437 1406 1455 esse
1418 1433 1540 1463 putasses
1552 1426 1710 1455 iuvandum.

919 1469 958 1494 ⁴5.
976 1468 1046 1500 Quid
1062 1467 1133 1493 enim
1145 1466 1265 1493 interfuit
1276 1468 1345 1493 inter
1356 1466 1495 1492 Catilinam
1508 1470 1533 1491 et
1544 1473 1615 1495 eum,
1629 1464 1672 1490 cui
1685 1468 1712 1489 tu

916 1510 1025 1531 senatus
1041 1505 1231 1535 auctoritatem,
1246 1504 1359 1530 salntem
1372 1504 1496 1532 civitatis,
1512 1507 1591 1528 totam
1605 1509 1713 1535 rempu-

917 1543 1022 1573 blicam,
1038 1543 1189 1577 provinciae
1201 1543 1318 1576 praemio
1330 1540 1494 1567 vendidisti?
1514 1539 1587 1572 Quae
1598 1539 1669 1564 enim
1682 1539 1711 1564 L.

918 1580 1058 1607 Catilinam
1074 1584 1212 1606 conantem
1229 1579 1322 1605 consul
1340 1578 1478 1613 prohibui,
1496 1586 1525 1603 ea
1543 1578 1570 1603 P.
1589 1576 1713 1603 Clodium

917 1617 1056 1644 facientem
1077 1617 1202 1643 consules
1217 1617 1387 1642 adiuverunt.
1428 1615 1515 1642 Voluit
1531 1614 1576 1640 ille
1591 1618 1713 1640 senatum

917 1655 1072 1685 interficere,
1087 1664 1133 1681 vos
1146 1654 1310 1680 sustulistis:
1326 1654 1396 1689 leges
1409 1652 1562 1683 incendere,
1580 1660 1627 1677 vos
1637 1651 1714 1677 abro-

916 1693 1013 1728 gastis:
1045 1693 1153 1718 interire
1175 1692 1300 1727 patriam,
1329 1700 1375 1717 vos
1396 1690 1548 1716 adiuvistis.
1589 1688 1659 1721 Quid
1675 1692 1715 1714 est

917 1730 993 1756 vobis
1014 1729 1172 1755 consulibus
1193 1734 1298 1765 gestum
1320 1729 1377 1754 sine
1393 1727 1492 1754 armis-⁸?
1513 1727 1654 1753 Incendere
1670 1725 1714 1751 illa

916 1768 1113 1793 coniuratorum
1127 1776 1222 1793 manus
1235 1767 1318 1793 voluit
1330 1766 1441 1793 Urbem:
1465 1774 1512 1791 vos
1523 1765 1581 1790 eius
1593 1763 1712 1792 domum,

916 1814 997 1840 quem
1019 1809 1125 1839 propter
1142 1805 1209 1831 Urbs
1226 1805 1333 1830 incensa
1350 1812 1400 1829 non
1417 1807 1466 1829 est.
1498 1802 1534 1828 Ac
1552 1810 1582 1827 ne
1599 1801 1638 1827 illi
1653 1801 1716 1835 qui-

917 1844 987 1873 dem,
1001 1843 1023 1868 si
1037 1843 1195 1868 habuissent
1207 1842 1287 1868 vestri
1300 1841 1418 1867 similem
1430 1839 1577 1869 consulem,
1591 1838 1624 1864 de
1637 1838 1714 1864 Urbis

918 1880 1041 1906 incendio
1055 1880 1226 1915 cogitassent.
1260 1880 1316 1905 Non
1332 1879 1403 1904 enim
1421 1886 1448 1904 se
1466 1877 1540 1903 tectis
1554 1877 1658 1911 privare
1670 1884 1707 1901 vo*

919 1918 1038 1944 luerunt:
1061 1917 1108 1943 sed
1126 1917 1167 1943 liis
1178 1917 1310 1943 stantibus
1325 1916 1429 1942 nullum
1442 1914 1608 1941 domicilium
1621 1913 1714 1939 sceleri

917 1964 966 1981 suo
983 1955 1036 1981 fore
1054 1959 1225 1990 putaverunt.
1266 1954 1379 1981 Caedem
1397 1953 1435 1979 illi
1447 1953 1557 1982 civium,
1573 1960 1620 1977 vos
1631 1951 1716 1976 servi-

918 1997 1000 2020 tutem
1017 1993 1166 2027 expetistis.
1213 1992 1260 2018 llic
1276 2000 1323 2018 vos
1339 1991 1418 2017 ctiam
1435 1989 1607 2016 crudeliores.
1649 1988 1715 2014 lluic

917 2031 987 2057 enim
1005 2028 1104 2065 populo
1119 2031 1153 2055 ita
1171 2029 1264 2060 fuerat,
1279 2033 1338 2055 ante
1350 2037 1395 2054 vos
1407 2027 1539 2056 consules,
1556 2026 1663 2052 libertas
1676 2026 1716 2051 in-

917 2069 976 2098 sita,
991 2073 1018 2093 ut
1030 2068 1112 2093 emori
1125 2067 1312 2101 potius,quam
1324 2066 1424 2092 servire
1433 2068 1584 2100 praestaret.
1603 2065 1638 2089 tss.
1648 2062 1715 2089 lllud

918 2114 980 2131 vero
991 2105 1129 2141 geminum
1146 2104 1267 2130 consiliis
1283 2104 1411 2130 Catilinae
1423 2107 1448 2128 et
1462 2101 1575 2131 Lentuli,
1588 2100 1660 2135 quod
1674 2109 1715 2126 me

917 2143 997 2168 domo
1018 2151 1074 2168 mea
1096 2142 1248 2176 expulistiS,
1272 2141 1320 2167 Cn.
1338 2141 1493 2175 Pompeium
1511 2139 1621 2165 domum
1638 2146 1714 2163 suam

917 2179 1097 2214 compulistis.
1140 2180 1232 2213 Neque
1247 2179 1333 2208 enim.
1353 2186 1394 2203 mc
1406 2181 1505 2207 stante,
1519 2181 1543 2202 et
1556 2180 1677 2201 innuente
1690 2175 1715 2200 in

919 2217 996 2243 Urbis
1011 2216 1115 2251 vigilia,
1130 2225 1216 2251 neque
1229 2217 1368 2242 resistente
1380 2215 1428 2241 Cn.
1442 2215 1580 2248 Pompeio.
1595 2213 1714 2238 omnium

917 2255 1038 2289 gentium
1055 2254 1166 2282 vietor-o,
1186 2262 1314 2287 umquam
1331 2252 1409 2278 soilli
1423 2251 1616 2286 rempublicam
1629 2249 1716 2275 delere

920 2299 996 2326 posse
1007 2291 1152 2316 duxeruut.
1169 2290 1188 2316 A
1201 2289 1358 2324 :nequidem
1371 2290 1450 2315 etiam
1460 2287 1714 2323 poenasexpetistis.

918 2328 1019 2363 quibus
1039 2328 1238 2353 cmiiurntorum
1261 2336 1352 2352 manes
1375 2331 1538 2352 nior-tuorum
1556 2324 1712 2358 expiaretis:

919 2374 996 2391 niune
1008 2364 1108 2393 odium.
1120 2364 1253 2390 inclusum
1267 2364 1375 2389 nefariis
1387 2363 1514 2389 sensibus
1527 2362 1679 2396 impiorum,
1689 2361 1715 2386 in

920 2412 961 2428 me
974 2402 1141 2436 profudistis.
1172 2402 1291 2433 Quoi-mn
1304 2410 1353 2433 ego
1367 2400 1446 2426 furori
1461 2400 1510 2425 uisi
1522 2399 1674 2427 cessissem,
1689 2399 1715 2424 in

920 2440 1047 2466 Catilinae
1059 2440 1145 2469 busto,
1162 2439 1237 2464 vobis
1248 2439 1373 2466 ‹lm-ibus.
1389 2441 1517 2463 mactatus
1529 2445 1626 2462 essem.
1639 2435 1714 2467 Quod

919 2482 1006 2502 nutem
1024 2478 1110 2502 maius
1128 2476 1255 2502 indicium
1274 2475 1446 2510 exspectatis,
1466 2474 1532 2500 nibil
1551 2475 1617 2499 iuter
1634 2482 1680 2499 vos
1691 2478 1715 2498 ct

919 2514 1059 2540 Catilinam
1077 2513 1243 2542 interfuisse,
1261 2522 1342 2547 quam
1357 2513 1428 2547 quod
1441 2511 1561 2537 eamdem
1575 2511 1647 2537 illam
1660 2519 1716 2536 mn-

920 2560 982 2577 num
1005 2559 1036 2577 ex
1059 2551 1241 2577 intermortuis
1263 2550 1391 2576 Catilinae
1408 2549 1530 2584 reliquiis
1545 2547 1717 2574 concitastis?

918 2588 989 2623 quod
1002 2597 1094 2614 omues
1107 2589 1226 2622 undique
1239 2587 1355 2622 perditos
1366 2586 1531 2621 collegistis?
1550 2586 1622 2621 qnod
1635 2586 1661 2611 in
1675 2593 1715 2611 me

918 2634 1048 2652 vincerem
1065 2625 1217 2651 emulis-us?
1236 2625 1308 2660 quod
1320 2625 1470 2651 coniuratos
1483 2623 1624 2649 armastis?
1642 2622 1713 2658 quod

918 2671 1009 2689 eorum
1023 2662 1090 2689 ferro
1101 2672 1129 2688 ιιι·
1138 2663 1218 2689 furori
1235 2671 1324 2688 meum
1336 2670 1434 2697 corpus
1445 2666 1524 2696 atque
1535 2661 1655 2687 omnium
1669 2660 1715 2685 bo-

919 2709 1013 2727 norum
1026 2701 1106 2726 vitam
1118 2701 1234 2726 obiicere
1246 2699 1388 2726 voluistis‘?
1408 2699 1472 2725 Vlll.
1493 2699 1532 2724 Π.
1546 2698 1598 2724 Sed
1611 2698 1662 2723 iam
1674 2705 1715 2722 re-

1449 2746 1506 2772 69·
