1941 3052
243 145 288 169 895
804 144 845 169 99.
882 143 916 169 Μ.
951 143 981 169 Τ.

242 216 285 241 uit.
327 214 363 240 Eo
380 214 468 239 minus
485 212 569 238 habeo
583 221 690 239 necesse
702 212 828 243 scribere,
841 217 885 239 aut
896 213 975 239 etium
987 222 1032 240 co-

242 253 334 286 gitare,
348 250 413 286 quid
425 250 476 275 sim
489 249 616 280 facturus,
629 250 651 276 ni
663 250 798 280 acciderit.
813 254 841 276 ut
853 249 933 285 leger.

295 320 322 340 ΙΙ,
352 322 380 337 11..
391 321 464 338 ,ιιι-ω,
475 322 492 341 ι)
512 321 580 338 τηεψ,
592 321 689 339 Man-dtu,
701 321 779 337 Imaui„
790 327 836 337 «nu,
849 322 904 341 τος)

422 358 589 384 CICERO
621 358 788 385 ATTICO
817 359 844 386 S.

300 398 320 421 t.
353 391 413 430 Ego
437 404 521 429 quum
549 396 711 430 accepissem
738 401 796 422 tuas
822 396 922 422 litteras
949 396 1031 422 Nonis

243 433 342 466 April,
365 441 432 466 quas
444 432 572 467 Cephalio
583 432 717 463 attulerat,
735 442 877 469 essemque
889 434 1031 459 Minturnis
1052 432 1053 442 ¹

241 469 369 505 postridie
385 478 536 499 mansurus,
552 475 577 496 et
589 470 650 496 inde
663 471 797 504 protinus;
821 471 938 496 sustinui
951 479 991 496 me
1004 472 1030 497 in

242 507 343 533 Arcano
356 506 452 537 fratris,
466 511 507 537 ut,
521 507 586 533 dum
598 507 700 542 aliquid
713 508 811 534 certius
825 508 970 538 afferretur,
986 517 1026 533 oc-

240 544 352 570 cultiore
373 544 398 570 in
417 543 472 570 loco
482 553 613 574 essemus,
626 550 821 580 agerenturque
834 545 918 571 nihilo
930 545 1028 575 minus.

240 589 309 616 quae
324 581 382 607 sine
399 581 476 607 nobis
491 582 533 617 agi
547 587 668 616 possunt,
709 583 869 618 Ληληγεῦηη
881 583 932 608 iam
945 582 1028 613 adest,

240 623 265 644 et
285 619 391 644 animus
413 618 498 650 ardet;
531 627 578 645 nec
594 624 633 646 cst
648 619 811 654 quidquam,
834 628 901 654 quo,
926 624 951 646 et
966 628 1028 654 qua.
1058 630 1059 648 i

239 658 264 682 2.
278 655 331 682 Sed
346 655 410 681 baec
425 661 511 682 nostra
524 657 573 682 crit
583 665 645 682 cura
657 661 682 683 et
693 658 849 691 peritorum.
880 657 918 683 Tu
931 662 1027 687 tamen,

239 693 311 727 quod
332 693 445 727 poteris,
465 693 591 719 utadbuc
603 693 703 725 fecisti,
721 703 768 720 nos
779 693 900 720 consiliis
912 694 1028 720 iuvabis.

240 731 290 756 Iles
310 734 374 756 sunt
389 730 604 765 inexplicabiles.
646 731 775 757 Fortunae
788 736 851 757 sunt
862 733 1030 757 committen-

239 767 272 793 da
288 768 388 794 omnia.
428 767 492 794 Sine
507 777 554 803 spe
569 776 697 794 conamur
715 768 780 795 ulla.
820 769 917 795 Melius
929 769 951 795 si
963 768 1029 803 quid

239 804 375 835 acciderit,
392 805 562 831 mirabimur.
604 806 759 841 Dionysium
777 806 858 832 nolim
871 806 903 832 ad
916 815 957 832 me
969 815 1030 840 pro-

239 842 352 868 fectum:
383 842 417 868 de
437 851 491 877 quo
506 842 538 869 ad
555 851 596 868 me
612 842 699 869 Tullia
711 852 768 869 mea
782 844 899 878 scripsit.
940 843 1030 869 Sedet

238 884 346 914 tempus
361 879 479 906 alienum
494 884 542 910 est,
555 885 581 906 et
596 880 698 907 homini
715 889 766 907 non
783 882 868 907 amico
885 886 970 907 nostra
988 882 1029 906 in-

238 916 386 947 commoda,
410 921 479 943 tanta
496 918 664 951 praesertim,
682 918 835 952 spectaculo
845 927 903 945 esse
915 918 1026 945 nollem:

221 980 225 986 ,
238 954 283 981 cui
295 959 318 980 te
330 962 389 981 meo
400 955 507 981 nomine
519 955 659 980 inimicum
671 963 730 981 esse
741 955 811 982 nolo.

373 1025 403 1048 (ln
411 1025 486 1044 Aruno
497 1026 522 1048 Q.
533 1025 601 1046 fratris,
612 1026 711 1048 Mam-Ito,
723 1027 804 1044 Lentulo
815 1034 860 1044 mu.
873 1028 925 1047 Τοῦ-ξ

424 1068 590 1095 CICERO
619 1068 785 1095 ATTICO
814 1069 842 1096 S.

294 1100 390 1137 Quum
399 1126 405 1136 ,
425 1105 497 1140 quod
518 1106 678 1136 scriberem,
701 1106 780 1141 plane
800 1106 869 1133 nihil
890 1106 1026 1138 haberem,

290 1023 348 1044 ma.

238 1143 303 1169 haec
318 1147 407 1169 autem
418 1142 521 1177 reliqua
533 1148 630 1174 essent,
643 1152 712 1178 quae
725 1143 794 1169 scire
805 1152 944 1178 cuperem;
968 1153 1030 1179 pro·
1057 1145 1059 1177 ξ

237 1179 357 1206 sectusne
377 1184 460 1211 esset;
493 1189 546 1215 quo
565 1181 592 1206 in
608 1185 677 1207 statu
693 1180 791 1207 Urbem
808 1181 974 1216 reliquisset3
1002 1182 1028 1207 in

237 1217 294 1252 ipsa
306 1216 380 1243 Italia
392 1225 472 1251 quem
484 1218 583 1251 cuique
595 1218 697 1253 regioni
708 1222 753 1244 aut
767 1219 872 1254 negotio
884 1218 1029 1253 praefecis-
1057 1216 1059 1245 J

235 1259 288 1286 set3
312 1255 390 1289 ecqui
405 1259 493 1280 essent
504 1254 537 1280 ad
545 1255 700 1289 Pompeium
711 1255 774 1281 etad
781 1255 1030 1282 consulesexsena-

236 1295 279 1318 tus
299 1290 420 1318 consulto
436 1291 468 1317 de
484 1300 547 1326 pace
568 1291 660 1327 legati3
695 1297 725 1319 ut
740 1293 824 1328 igitur
839 1293 905 1319 baec
920 1294 1026 1325 scirem,

236 1328 326 1354 dedita
346 1336 426 1363 opera
443 1328 490 1355 has
506 1328 539 1355 ad
555 1333 579 1355 te
597 1330 695 1356 litteras
712 1330 784 1356 misi.
826 1331 931 1357 Feceris
946 1331 1030 1366 igitur

235 1365 374 1392 commode
395 1366 517 1401 mihique
532 1371 651 1402 gratum,
669 1367 693 1393 si
708 1375 750 1393 me
761 1367 794 1393 de
806 1367 849 1394 his
860 1368 955 1399 rebus,
969 1373 994 1395 et
1005 1369 1028 1394 si

235 1403 302 1437 quid
313 1403 363 1429 erit
374 1403 457 1434 aliud,
470 1403 542 1438 quod
553 1404 622 1430 scire
633 1412 701 1439 opus
712 1405 755 1436 sit,
770 1404 866 1431 feceris
878 1406 1026 1432 certiorem.

235 1440 291 1476 Ego
302 1441 329 1466 in
341 1441 443 1467 Arcano
453 1441 585 1476 opperior,
602 1441 667 1467 dum
679 1442 728 1468 ista
739 1450 880 1478 cognosco.

280 1509 312 1530 ΙΙΙ
320 1510 340 1529 Is.
370 1510 427 1530 Hine
437 1517 493 1530 nova
503 1510 598 1537 epistola
609 1512 665 1538 npuil
676 1511 765 1532 Schiitz.
777 1516 797 1532 et
809 1511 875 1532 Orell.

291 1552 314 1576 I.
336 1546 374 1577 A.
391 1550 418 1577 d.
437 1559 483 1578 vn.
495 1551 535 1578 Id.
548 1551 658 1579 alteram
669 1553 719 1579 tibi
731 1553 824 1580 eodem
836 1553 880 1580 die
891 1553 959 1580 hanc
970 1554 1029 1588 epi-

234 1587 330 1614 stolam
345 1587 459 1619 dictavi,
481 1594 507 1615 et
522 1589 609 1624 pridie
623 1589 749 1616 dederam
761 1599 819 1617 mea
831 1599 912 1617 manu
925 1590 1029 1626 longio-

234 1633 300 1651 rem.
315 1625 410 1651 Visum
423 1630 446 1652 te
457 1627 532 1652 aiunt
546 1627 572 1652 in
585 1627 666 1662 regia,
676 1636 724 1653 nec
731 1628 910 1662 reprehendo;
926 1629 1028 1663 quippe

232 1670 319 1697 quum
335 1663 394 1697 ipse
408 1663 486 1689 istam
498 1664 733 1698 reprehensionem
746 1674 797 1691 non
809 1665 936 1701 fugerim.
976 1665 1027 1691 Sed

232 1704 359 1734 exspecto
370 1704 429 1726 tuas
441 1700 553 1734 litteras3
571 1710 658 1736 neque
670 1702 722 1728 iam
735 1711 799 1728 sane
810 1703 898 1734 video,
907 1702 973 1738 quid
980 1711 1028 1729 ex-

232 1741 366 1771 spectem‚
389 1737 437 1763 sed
448 1742 550 1769 tamen,
567 1739 674 1765 etiamsi
689 1739 758 1765 nihil
773 1740 835 1770 erit,
852 1739 880 1766 id
892 1741 982 1774 ipsum
994 1739 1027 1765 ad

233 1782 276 1800 me
287 1773 370 1800 velim
382 1775 495 1801 scribas.
516 1777 541 1801 2.
549 1775 646 1802 Caesar
656 1776 724 1802 mihi
736 1777 851 1812 ignoscit
861 1777 1024 1811 perlitteras,

232 1811 306 1845 quod
327 1819 379 1838 non
400 1813 533 1845 venerim;
561 1821 675 1848 seseque
690 1814 717 1840 in
732 1815 861 1848 optimam
881 1819 981 1848 partem
999 1813 1026 1840 id

233 1849 354 1882 accipere
374 1848 449 1875 dicit.
490 1849 578 1875 Facile
598 1850 697 1884 patior,
719 1851 791 1885 quod
807 1851 914 1881 scribit,
933 1859 1025 1877 secum

232 1884 342 1911 Tullum
357 1890 384 1912 et
393 1885 518 1912 Servium
529 1891 639 1921 questos
650 1896 718 1917 esse,
736 1888 800 1922 quia
811 1896 863 1914 non
878 1888 949 1914 idem
961 1889 1023 1919 sibi,

231 1922 305 1956 quod
316 1922 394 1953 mihi,
408 1923 565 1950 remisisset.
588 1924 714 1950 Homines
726 1925 867 1951 ridiculos!
881 1926 929 1960 qui
940 1934 1025 1961 quum

232 1958 302 1985 filios
324 1960 462 1986 misissent
477 1960 510 1986 ad
525 1960 574 1987 Cn.
591 1961 749 1996 Pompeium
764 1963 1023 1990 circumsidendum.

232 1996 286 2030 Ipsi
296 1997 325 2022 in
336 2001 457 2023 senatum
472 1998 564 2023 venire
575 1997 738 2025 dubitarent.
771 1999 823 2026 Sed
835 2005 923 2026 tamen
934 2009 1026 2027 exem-

231 2033 309 2067 plum
319 2034 383 2060 misi
394 2033 427 2060 ad
438 2039 463 2061 te
473 2034 596 2061 Caesaris
608 2035 765 2062 litterarum.

283 2103 323 2124 IV.
346 2105 376 2128 (Iu
386 2105 477 2126 Cum-no,
486 2106 586 2127 Mnrcello,
595 2106 678 2124 Lentulo
688 2114 735 2125 coss.
747 2109 801 2128 70³.)

413 2148 581 2175 CICERO
610 2149 777 2176 ATTICO
805 2150 833 2177 S.

289 2186 312 2210 I.
333 2179 439 2211 Multas
455 2194 468 2212 a
484 2190 508 2212 te
519 2188 610 2221 accepi
621 2186 748 2221 epistolas
759 2187 853 2214 eodem
864 2187 917 2214 die.
930 2197 1025 2215 omnes

231 2220 376 2257 diligenter
391 2223 517 2257 scriptas,
549 2232 607 2250 eam
620 2232 691 2254 vero,
704 2233 773 2259 quae
785 2225 931 2251 voluminis
942 2226 1025 2252 instar

230 2263 294 2289 erat,
307 2267 387 2294 saepe
399 2259 549 2295 legendam,
562 2261 642 2287 sicuti
655 2261 736 2293 facim
760 2262 787 2288 in
798 2271 851 2297 qua
863 2271 915 2289 non
927 2262 1023 2289 frustra

232 2295 349 2322 laborem
365 2298 522 2332 suscepisti3
550 2298 618 2324 mihi
633 2298 744 2333 quiden]
760 2304 913 2335 pergratum
926 2299 1022 2326 fecisti.
1052 2316 1053 2331 ἶ

230 2332 326 2365 Quare,
340 2338 369 2360 ut
380 2333 416 2365 id,
430 2334 518 2369 quoad
531 2334 630 2365 licebit,
643 2335 670 2361 id
682 2340 730 2366 est,
746 2336 835 2371 quoad
848 2337 917 2363 scies
928 2337 976 2363 ubi
986 2338 1024 2363 si-

230 2378 305 2401 mus,
325 2379 407 2405 quam
425 2373 584 2406 saepissime
600 2372 695 2403 facias,
718 2378 742 2399 te
762 2373 934 2400 vehementer
948 2383 1021 2410 rogo.

231 2409 268 2433 Ac
289 2407 447 2442 deplorandi
462 2409 587 2443 quidem,
612 2409 685 2444 quod
699 2410 820 2444 quotidie
836 2410 964 2442 facimus,
987 2412 1023 2438 sit

230 2444 284 2470 iam
305 2445 383 2471 nobis
399 2450 445 2472 aut
459 2446 521 2472 finis
535 2447 658 2477 omnino,
675 2447 699 2472 si
712 2452 807 2481 potest,
820 2456 866 2474 aut
876 2448 1023 2475 moderatio

231 2482 376 2514 quaedam,
403 2483 476 2517 quod
499 2483 617 2518 profecto
640 2488 736 2518 potest.

231 2525 312 2551 quam
323 2518 494 2554 dignitatem,
517 2529 586 2555 quos
598 2520 724 2551 honoreS,
747 2530 829 2556 quem
840 2523 911 2548 vitae
922 2527 1022 2549 statum

231 2555 376 2585 amiserim,
384 2557 480 2592 cogito,
496 2557 544 2583 sed
554 2558 621 2593 quid
632 2562 791 2584 consecutus
802 2559 863 2590 sim,
871 2559 1023 2594 quidprae-

231 2590 353 2622 stiterim,
366 2600 419 2626 qua
434 2594 460 2620 in
475 2594 553 2620 laude
565 2596 694 2621 vixerim:
711 2595 753 2620 his
764 2595 881 2630 denique
893 2597 921 2622 in
931 2596 1019 2627 malis,

230 2627 297 2661 quid
317 2628 421 2655 intersit
441 2631 509 2657 inter
526 2636 614 2658 me-et
627 2632 705 2662 istos,
727 2640 795 2666 quos
810 2637 918 2667 propter
931 2634 1021 2660 omnia

231 2665 382 2691 amisimus.
404 2666 436 2692 Hi
446 2672 517 2698 sunt,
530 2669 587 2702 qui,
601 2669 655 2695 nisi
666 2677 708 2695 me
719 2669 827 2695 civitate
840 2670 1018 2705 expulissent,

1017 143 1303 171 CICERONIS

1058 213 1061 243 l
1083 214 1203 240 obtinuero
1218 223 1247 240 ne
1263 223 1314 241 non
1329 224 1406 250 posse
1421 221 1580 251 putaverunt
1592 217 1724 243 licentiam
1736 217 1870 252 cupidita-

1058 246 1061 275 Ῐ
1084 256 1139 276 tum
1163 260 1286 281 auarum:
1313 261 1427 287 quorum
1449 255 1581 280 societatis
1601 260 1625 280 et
1647 255 1787 280 mimine
1807 264 1871 281 mn·

1083 288 1216 314 mensionis
1236 288 1302 314 lides
1322 298 1376 324 quo
1390 291 1520 324 eruperit,
1539 291 1623 317 vides.
1665 294 1688 318 Ξ.
1712 292 1783 318 Alter
1797 292 1871 318 ardet

1084 324 1171 350 furore
1186 330 1211 351 et
1222 325 1334 356 scelere,
1353 335 1400 352 nee
1412 328 1520 354 remittit
1531 328 1647 363 aliquid,
1664 329 1710 354 sed
1724 331 1749 355 in
1761 329 1818 355 dies
1830 330 1870 355 in-

1058 371 1060 407 l*
1082 363 1227 395 grau-scin
1260 363 1338 389 modo
1359 363 1430 389 Italia
1446 364 1562 399 expulit3
1595 374 1666 392 nunc
1680 366 1731 391 alia
1749 374 1782 392 ex
1798 371 1871 401 pane

1058 408 1060 434 J
1083 399 1222 433 persequi,
1245 405 1270 426 et
1285 400 1336 426 alia
1353 401 1489 435 provincia
1505 402 1654 436 exspoliare
1669 408 1792 434 conatum
1823 411 1872 429 nee

1084 437 1135 461 iam
1149 442 1261 466 recusat,
1278 437 1324 463 sed
1335 438 1451 472 quodam
1464 438 1542 464 modo
1553 439 1676 473 postulat.
1691 445 1727 470 ut,
1740 439 1872 475 quemad-

1058 494 1060 500 .
1083 473 1192 499 modum
1204 479 1252 504 est,
1268 475 1307 500 sic
1318 476 1396 501 etiam
1409 476 1558 510 appelletur
1569 481 1706 511 tyrannus.
1747 480 1771 503 3.
1788 477 1869 506 Alter.

1084 511 1114 540 is,
1128 511 1174 545 qui
1188 520 1234 536 nos
1246 511 1298 537 sibi
1310 512 1444 546 quondam
1460 513 1491 538 ad
1504 513 1585 547 pedes
1596 518 1690 540 ntratos
1701 522 1733 540 ne
1744 513 1871 540 subleva-

1051 553 1060 584 s
1083 547 1126 573 bat
1137 548 1257 582 quidem,
1270 550 1316 583 qui
1329 558 1357 575 se
1369 549 1436 575 nibil
1448 555 1536 576 contra
1550 550 1631 576 buius
1643 550 1804 577 voluntatem
1817 552 1871 577 nic-

1058 595 1059 603 *
1083 585 1126 610 bat
1142 584 1226 611 faeere
1242 594 1332 620 possm
1355 586 1463 621 elapsus
1478 596 1492 613 e
1507 588 1591 613 soceri
1607 587 1732 613 manibus
1747 596 1777 614 ac
1792 588 1869 619 [οπο.

1083 621 1183 648 bellum
1197 627 1263 649 terra
1276 632 1305 649 ac
1318 625 1383 649 mari
1395 629 1538 659 comparat,
1547 633 1598 651 non
1611 625 1740 651 iniustum
1754 624 1798 651 ille
1809 625 1871 660 qui-

1081 659 1156 689 dem,
1174 660 1220 685 sed
1237 669 1321 695 quum
1334 662 1423 695 pium,
1442 666 1497 687 tum
1509 662 1588 688 etiam
1601 662 1796 692 necessarium,
1813 663 1870 688 suis

1082 701 1168 722 tamen
1183 697 1291 723 civibus
1306 698 1457 729 exitiabile,
1481 700 1532 725 nisi
1545 700 1651 729 vicerit.
1673 699 1868 727 calamitosum.

1081 734 1186 760 etiamsi
1207 735 1311 761 vicerit.
1344 736 1367 761 4.
1381 736 1478 762 IIorum
1491 744 1540 771 ego
1550 745 1717 762 summorum
1729 737 1871 771 imperato-

1081 779 1140 796 rum
1163 780 1213 797 non
1235 772 1313 798 modo
1329 781 1370 798 res
1385 778 1474 808 gestas
1486 782 1537 799 non
1549 778 1679 808 antepono
1691 774 1766 802 meis,
1779 772 1825 799 sed
1838 781 1870 799 ne

1081 807 1213 834 fortunam
1233 809 1344 844 quidem
1365 811 1465 844 ipsam,
1481 819 1534 845 qua
1557 810 1596 837 illi
1611 810 1806 840 florentissima,
1823 818 1871 836 nos

1057 867 1059 874 .
1080 845 1188 872 duriore
1207 846 1349 873 conflictati
1366 847 1499 874 videmur.
1539 848 1606 879 Quis
1623 848 1694 874 enim
1715 852 1808 883 potest.
1825 852 1871 873 aut

1080 882 1181 909 deserta
1203 892 1251 918 per
1264 892 1292 910 se
1309 885 1392 919 patria
1409 889 1453 910 aut
1468 894 1608 920 oppressa,
1626 885 1720 911 beatus
1733 884 1810 910 esse?
1839 884 1869 910 Et

1057 924 1058 943 l
1079 920 1117 949 si,
1140 925 1167 946 ut
1184 929 1231 946 nos
1247 930 1260 947 a
1277 926 1300 948 te
1312 921 1500 952 admonemur,
1524 927 1592 948 recte
1604 923 1631 948 in
1644 922 1698 948 illis
1711 922 1786 948 libris
1797 921 1870 948 dixi-

1057 955 1059 991 ἰ
1081 966 1150 988 mus,
1174 957 1242 984 nihil
1257 967 1315 984 esse
1332 959 1446 989 bonum,
1464 960 1516 985 nisi
1532 959 1603 994 quod
1624 959 1779 989 honestum,
1801 958 1868 985 nihil

1057 997 1059 1008 '
1081 994 1196 1025 malum,
1219 996 1271 1021 nisi
1291 996 1362 1031 quod
1379 1001 1456 1031 turpe
1474 997 1521 1028 sit3
1544 1002 1614 1023 certe
1631 1002 1741 1032 uterque
1758 997 1869 1022 istorum

1056 1043 1059 1061 η
1080 1037 1119 1058 est
1140 1033 1322 1063 miserrimus,
1339 1042 1454 1068 quorum
1470 1035 1576 1068 utrique
1590 1042 1697 1068 semper
1711 1034 1811 1068 patriae
1827 1041 1870 1058 sa-

1081 1068 1123 1095 lus
1143 1074 1169 1095 et
1183 1069 1301 1105 dignitas
1316 1072 1445 1105 posterior
1455 1079 1502 1097 sua
1514 1070 1695 1097 dominatione
1705 1075 1731 1097 et
1742 1070 1870 1097 domesti-

1057 1110 1059 1129 Ι
1079 1107 1119 1132 cis
1138 1107 1286 1133 commodis
1308 1107 1366 1134 suit.
1407 1110 1432 1134 5.
1454 1108 1586 1135 Praeclara
1607 1109 1689 1143 igitur
1707 1107 1869 1134 conscientia

1079 1148 1222 1175 sustentor,
1243 1153 1328 1179 quum
1339 1146 1426 1181 cogito
1443 1154 1484 1171 me
1498 1145 1531 1171 de
1547 1145 1684 1180 republica
1699 1150 1745 1171 aut
1755 1145 1870 1171 meruis-

1057 1185 1059 1207 ἲ
1079 1189 1108 1207 se
1119 1182 1228 1216 optime,
1251 1190 1334 1216 quum
1347 1183 1489 1217 potuerim,
1507 1187 1551 1208 aut
1561 1187 1631 1208 certe
1645 1190 1802 1217 numquam,
1816 1182 1868 1207 nisi

1081 1218 1187 1249 divine,
1209 1219 1352 1255 cogitasse3
1389 1228 1474 1254 eaque
1495 1219 1553 1254 ipsa
1574 1224 1729 1254 tempestate
1748 1226 1869 1245 eversam

1081 1264 1140 1282 esse
1156 1256 1365 1291 rempublicam,
1383 1265 1464 1292 quam
1479 1265 1529 1292 ego
1543 1265 1589 1282 xn·
1600 1257 1678 1283 annis
1689 1261 1748 1282 ante
1759 1264 1870 1290 prospe-

1082 1294 1177 1319 xerim.
1228 1294 1280 1319 IIac
1305 1294 1388 1329 igitur
1407 1294 1569 1320 conscientia
1589 1295 1685 1320 comite
1706 1293 1867 1328 proficiscar.

1081 1339 1177 1366 magno
1197 1331 1323 1366 equidem
1339 1340 1401 1357 cum
1417 1331 1519 1362 dolore,
1538 1339 1586 1357 nec
1602 1336 1655 1357 tam
1671 1331 1698 1357 id
1710 1335 1816 1365 propter
1827 1338 1870 1356 me

1057 1376 1059 1382 ’
1080 1372 1125 1394 aut
1145 1373 1251 1403 propter
1266 1368 1373 1395 fratrem
1392 1377 1496 1399 meum,
1517 1377 1633 1403 quorum
1648 1369 1701 1394 iam
1717 1373 1773 1394 acta
1787 1372 1867 1397 aetas,

1079 1414 1161 1440 quam
1173 1410 1279 1440 propter
1289 1414 1394 1440 pueros,
1403 1405 1504 1441 quibus
1515 1405 1648 1432 interdum
1660 1405 1785 1432 videmur
1793 1412 1869 1439 prae-

1080 1447 1148 1469 stare
1163 1443 1243 1469 etiam
1260 1443 1454 1478 rempublicam
1466 1442 1606 1475 debuisse;
1629 1451 1744 1478 quorum
1757 1441 1868 1477 quidem

1056 1500 1058 1510 ,
1081 1479 1159 1511 alter,
1177 1488 1229 1507 non
1242 1485 1303 1511 tam,
1321 1481 1385 1515 quia
1396 1481 1495 1506 maiore
1506 1481 1603 1515 pietate
1617 1485 1665 1510 est.
1683 1488 1725 1506 me
1737 1478 1869 1505 mirabili-

1056 1524 1057 1529 ’
1080 1522 1119 1543 ter
1139 1518 1287 1550 excruciat3
1319 1517 1398 1548 alter,
1420 1518 1445 1552 (o
1464 1525 1519 1544 rem
1540 1518 1679 1543 miseram!
1711 1516 1779 1543 nibil
1795 1516 1867 1542 enim

1056 1551 1057 1555 ¹
1080 1554 1148 1580 mihi
1169 1554 1266 1581 accidit
1281 1555 1308 1581 in
1323 1555 1397 1581 omni
1413 1555 1467 1581 vita
1483 1554 1628 1589 acerbius.)
1648 1553 1815 1589 indulgentia
1827 1554 1868 1579 vi-

1056 1595 1057 1605 *
1079 1591 1176 1618 delicet
1191 1597 1279 1619 nostra
1296 1592 1458 1626 depravatus
1473 1600 1504 1618 eo
1518 1600 1676 1627 progressus
1687 1596 1736 1621 est,
1751 1599 1806 1625 quo
1816 1598 1867 1616 non

1079 1629 1164 1655 audeo
1185 1629 1283 1655 dicere.
1323 1629 1356 1656 Et
1375 1634 1500 1664 exspecto
1520 1633 1579 1655 tuas
1595 1628 1709 1655 litteras:
1734 1628 1867 1662 scripsisti

1078 1667 1151 1692 enirn
1162 1671 1186 1692 te
1197 1667 1362 1701 scripturum
1372 1674 1431 1692 esse
1442 1665 1568 1700 plurima,
1583 1674 1668 1701 quum
1680 1666 1770 1700 ipsum
1782 1664 1868 1690 vidis-

1078 1711 1131 1729 ses.
1171 1705 1196 1730 6.
1218 1703 1302 1729 Omne
1321 1711 1412 1729 meum
1431 1703 1593 1738 obsequium
1608 1703 1635 1729 in
1651 1702 1728 1728 illum
1745 1701 1866 1727 suitcum

1077 1740 1161 1767 multa
1173 1741 1326 1767 severitate:
1349 1749 1436 1775 neque
1448 1748 1533 1766 unum
1542 1741 1610 1770 eius,
1624 1748 1672 1766 nec
1683 1747 1806 1774 parvum,
1820 1738 1866 1764 sed

1078 1778 1160 1804 multa
1173 1786 1267 1814 magna
1279 1777 1375 1804 delicta
1385 1777 1542 1812 compressi.
1577 1777 1662 1803 Patris
1673 1781 1760 1802 autem
1773 1775 1866 1802 lenitas

1077 1814 1190 1841 amanda
1204 1816 1293 1850 potius
1304 1815 1338 1841 ab
1349 1814 1404 1845 illo,
1416 1823 1497 1849 quam
1510 1819 1562 1840 tam
1573 1813 1717 1840 crudeliter
1727 1813 1867 1849 negligen-

1077 1853 1119 1879 da.
1142 1853 1209 1878 Nam
1222 1852 1321 1879 litteras
1332 1852 1391 1878 eius
1402 1852 1435 1878 ad
1445 1852 1585 1878 Caesarem
1597 1852 1692 1877 missas
1704 1851 1739 1876 ita
1749 1850 1867 1886 graviter

1054 1898 1056 1913 ν
1077 1889 1204 1920 tulimus,
1226 1894 1255 1916 ut
1270 1894 1294 1916 te
1305 1889 1417 1924 quidem
1427 1888 1588 1919 celaremus,
1605 1888 1653 1914 sed
1664 1888 1751 1922 ipsius
1762 1886 1867 1913 videre—

1078 1927 1155 1953 mur*
1170 1927 1252 1953 vitam
1265 1927 1405 1953 insuavem
1417 1925 1576 1952 reddidisse.
1600 1926 1652 1952 Hoc
1663 1933 1726 1951 vero
1736 1924 1795 1950 eius
1807 1925 1864 1954 iter,

1077 1964 1268 1999 simulatioque
1283 1964 1390 1998 pietatis
1405 1962 1493 1998 qualis
1505 1962 1593 1993 suerit,
1607 1971 1659 1989 non
1670 1961 1756 1988 audeo
1766 1961 1864 1987 dicere.

1077 2002 1191 2028 Tantum
1211 2002 1280 2032 scio,
1302 2006 1362 2035 post
1378 2001 1493 2027 Hirtium
1512 2005 1687 2030 conventum,
1708 1999 1864 2025 arcessitum

1054 2045 1055 2075 ζ
1077 2039 1110 2065 ab
1130 2039 1255 2070 Caesare3
1277 2046 1340 2064 cum
1360 2046 1392 2064 eo
1406 2037 1439 2064 de
1456 2046 1515 2064 meo
1530 2038 1620 2064 animo
1634 2036 1668 2063 ab
1682 2036 1741 2062 suis
1756 2035 1865 2062 rationi-

1077 2076 1128 2102 bus
1150 2076 1316 2102 alienissimo
1335 2080 1361 2102 et
1380 2075 1492 2101 consilio
1511 2073 1681 2109 relinquendi
1701 2072 1814 2104 Italiam;
1839 2077 1865 2098 et

1077 2113 1142 2140 haec
1163 2114 1221 2148 ipsa
1241 2112 1346 2139 timide.
1390 2112 1442 2138 Sed
1458 2111 1531 2138 nulla
1546 2116 1634 2138 nostra
1648 2110 1727 2144 culpa
1742 2113 1794 2141 est;
1817 2117 1864 2150 na-

1076 2156 1134 2177 tura
1154 2150 1297 2177 metuenda
1312 2155 1362 2176 est.
1403 2150 1472 2175 Haec
1486 2149 1638 2179 Curionem,
1656 2147 1722 2173 haec
1732 2147 1863 2172 Hortensii

1053 2186 1055 2198 ”
1077 2188 1172 2217 filium,
1190 2196 1242 2213 non
1253 2192 1359 2222 patrum
1371 2186 1459 2221 culpa,
1471 2187 1598 2220 corrupit.
1629 2186 1696 2211 Iacet
1709 2184 1735 2210 in
1747 2190 1863 2209 maerore

1053 2228 1054 2260 j
1076 2234 1152 2251 meus
1165 2225 1251 2255 frater,
1266 2233 1353 2259 neque
1363 2229 1416 2250 tam
1428 2223 1460 2249 de
1471 2232 1519 2249 sua
1530 2224 1593 2253 vita,
1601 2231 1683 2257 quam
1693 2221 1726 2247 de
1738 2228 1795 2247 mea
1807 2227 1864 2261 mef

1052 2261 1054 2304 J
1075 2263 1135 2288 tuit.
1176 2262 1243 2288 Huic
1263 2266 1301 2293 tu,
1324 2261 1388 2287 huic
1409 2266 1436 2287 tu
1456 2260 1526 2287 malo
1541 2259 1604 2286 affer
1617 2257 1823 2288 consolationes,
1839 2265 1862 2283 Sl

1076 2299 1144 2325 ullas
1165 2304 1252 2334 potes,
1276 2299 1393 2325 maxime
1408 2297 1519 2333 quidem
1535 2296 1608 2323 illam
1624 2295 1718 2325 velim,
1741 2303 1779 2325 ea,
1793 2303 1861 2329 quae

1051 2340 1054 2356 2
1075 2336 1108 2362 ad
1129 2345 1176 2363 nos
1191 2336 1277 2362 delata
1293 2336 1355 2366 sint,
1373 2340 1418 2362 aut
1434 2334 1499 2361 falsa
1513 2342 1571 2361 esse
1582 2338 1627 2360 aut
1637 2333 1748 2359 minora.
1789 2331 1861 2364 Quae

1051 2358 1054 2393 l
1074 2374 1099 2400 si
1110 2382 1172 2400 vera
1183 2374 1250 2406 sint3
1273 2372 1339 2408 quid
1352 2372 1472 2398 futurum
1483 2371 1556 2398 sitin
1568 2370 1617 2396 hac
1627 2370 1681 2396 vita
1692 2374 1717 2395 et
1729 2368 1800 2404 fuga.
1814 2377 1862 2394 ne-

1051 2398 1053 2448 l
1074 2411 1139 2437 scio.
1184 2411 1251 2436 Nam
1270 2411 1294 2436 si
1310 2409 1471 2436 haberemus
1484 2407 1692 2442 rempublicam,
1717 2405 1860 2432 consilium

1051 2453 1053 2461 ¹
1074 2448 1142 2474 mihi
1155 2456 1207 2474 non
1218 2447 1324 2474 deesset
1334 2455 1382 2473 nee
1392 2446 1425 2473 ad
1435 2446 1604 2472 severitatem
1613 2452 1662 2470 nec
1672 2442 1706 2469 ad
1717 2442 1861 2478 indulgen-

785 2485 843 2511 Non
863 2486 935 2511 enim
957 2486 1020 2517 iam,
1050 2505 1052 2513 .

1050 2466 1053 2504 i
1074 2486 1147 2512 tiam.
1188 2486 1271 2516 Haec,
1293 2485 1351 2510 sive
1361 2483 1512 2513 iracundia,
1530 2482 1588 2508 sive
1598 2480 1701 2510 dolore,
1719 2480 1776 2521 sive
1784 2484 1860 2521 metu

1072 2527 1224 2557 permotus,
1245 2522 1356 2557 gravius
1371 2520 1481 2554 scripsi,
1503 2526 1584 2554 quam
1599 2522 1645 2544 aut
1661 2523 1728 2558 tuus·
1739 2525 1766 2543 in
1782 2516 1859 2543 illum

1072 2568 1155 2590 amor,
1177 2564 1223 2585 aut
1237 2567 1314 2585 meus
1324 2557 1484 2592 postulabat.
1524 2555 1553 2581 Si
1564 2563 1627 2581 vera
1636 2559 1708 2585 sunt,
1721 2561 1856 2589 ignosces:

1072 2597 1095 2622 si
1106 2596 1182 2627 falsa,
1195 2604 1237 2622 me
1249 2595 1347 2622 libente
1357 2594 1456 2628 eripies
1466 2592 1534 2619 mihi
1545 2592 1618 2618 bunc
1628 2599 1767 2632 errorem..
1787 2589 1860 2622 Quo-

1071 2642 1125 2668 quo
1145 2633 1224 2659 modo
1239 2641 1302 2658 vero
1316 2640 1345 2658 se
1355 2639 1397 2657 res
1408 2630 1531 2660 habebit,
1548 2629 1616 2655 nihil
1631 2628 1793 2663 assignabis
1810 2635 1858 2653 nec

1070 2675 1174 2704 patruo,
1191 2677 1239 2696 nec
1253 2669 1332 2704 patri.
1371 2668 1396 2694 7.
1412 2667 1501 2699 Quum
1513 2666 1578 2692 haec
1587 2667 1766 2701 scripsissem,
1779 2672 1794 2690 a
1805 2663 1858 2691 Cu—
