1941 3052
213 136 485 163 TUSCULANARUM
506 135 779 163 DISPUTATIONUM
800 137 862 163 LIB.
886 137 927 163 111.
950 136 1024 163 CAP.
1046 138 1178 163 32—32.
1202 137 1260 163 LIB.
1283 138 1326 164 IV.
1349 137 1421 164 CAP.
1449 140 1542 164 1—3.

53 217 120 244 quas
136 208 212 234 initio
231 207 303 238 dixi,
325 207 528 242 persequendae
543 212 569 234 et
583 216 676 234 omnes
695 207 846 237 elidendae,

53 255 86 273 ne
100 245 156 272 ulla
172 253 301 280 umquam
318 245 403 279 possit
416 246 557 271 exsistere.
597 245 726 280 Magnum
741 254 809 279 opus
824 249 850 271 et

52 282 177 309 difficile!
205 283 268 317 quis
289 282 385 317 negat?
404 282 476 314 Quid
495 287 584 309 autem
608 282 774 317 praeclarum
797 290 850 308 non

54 320 125 346 idem
141 319 274 346 arduum?
294 319 347 345 Sed
362 324 450 346 tamen
467 319 494 346 id
510 329 538 345 se
555 320 708 346 effecturam
729 319 851 354 philoso-

52 357 117 392 phia
132 357 284 391 profitetur:
307 366 354 383 nos
376 357 455 383 modo
474 358 641 383 curationem
661 358 720 383 eius
736 357 851 391 recipia-

53 403 123 420 mus.
164 394 264 421 Verum
278 394 390 429 quidem
402 394 467 420 haec
479 394 618 420 hactenus.
659 394 764 425 Cetera,
783 403 851 428 quo-

52 432 222 467 tiescumque
237 431 346 464 voletis,
369 436 395 458 et
411 432 461 458 hoc
476 432 533 458 loco
548 436 574 458 et
589 431 650 458 aliis
665 436 755 466 parata
773 431 850 458 vobis

52 473 140 496 erunt.

365 572 543 588 -Φοᾲοὲ-

425 731 482 756 119.

206 794 375 823 LIBER
416 793 685 828 QUARTUS

106 925 181 945 ARG.
206 924 295 948 Cicero,
310 924 337 944 de
351 931 428 944 severa
441 923 500 944 vitae
510 924 631 951 disciplina
642 925 698 951 apud
709 924 795 951 priseos
805 925 848 945 Ro-

52 966 127 980 manos
140 959 225 980 usitata
239 959 360 986 praefatus,
373 959 482 979 auditoris
492 959 623 980 seutentiam
636 958 739 979 refellere
749 960 846 985 aggredi-

52 999 94 1019 tur,
106 995 167 1015 omni
175 995 345 1020 perturbatione
353 1001 418 1022 posse
429 994 555 1022 sapientem
567 1002 657 1019 vorm-e,
670 994 778 1019 negantis.
798 995 848 1016 Pri-

51 1037 85 1050 mo
96 1030 161 1050 affert
171 1029 346 1056 perturbationis
361 1029 511 1050 definitionem
521 1030 630 1053 Stoicum,
646 1032 667 1049 et
682 1033 786 1056 tpiattnor
801 1030 849 1050 eius

51 1071 138 1090 genera.
166 1065 359 1085 Perturbatiuumu
372 1065 432 1085 Zeno
439 1064 562 1085 Stoicorum
573 1064 677 1092 princeps
688 1065 777 1085 dixerat
787 1072 848 1085 uver-

51 1107 96 1120 sam
111 1106 124 1120 a
138 1104 198 1120 recta
211 1099 298 1120 ratione
308 1102 442 1126 naturaeque
452 1100 593 1125 incongruum
603 1100 672 1120 animi
682 1101 850 1122 commotionem

50 1135 127 1161 (Diog,
143 1135 216 1155 Laert.
232 1138 277 1159 VH,
292 1138 345 1157 63.).
364 1136 443 1155 Partes
459 1138 529 1155 nutem
547 1135 736 1162 perturbationum
752 1137 807 1156 dune
822 1144 849 1156 ex

50 1170 115 1191 bonis
127 1170 224 1198 opinatis
235 1173 394 1194 memorantur,
406 1170 494 1190 laetitia
505 1174 525 1190 et
537 1171 619 1195 libid-13
635 1171 690 1192 :lune
706 1179 732 1191 ex
744 1171 848 1192 malornm

51 1213 132 1230 errore,
144 1205 257 1231 aegritudo
269 1208 290 1226 et
300 1208 380 1225 metus:
393 1205 471 1232 bisque
481 1205 576 1230 singulis
584 1206 789 1233 perturbationibus
797 1214 850 1226 sune

51 1244 125 1268 partes
140 1240 297 1261 subiiciuntur.
313 1248 331 1261 c.
342 1243 394 1261 4-9.
420 1240 506 1260 Deinde
520 1242 627 1267 quomodo
646 1241 696 1268 ipsa
710 1241 848 1268 perturbatio

51 1277 77 1297 ab
88 1275 240 1301 aegrotatione
250 1283 289 1296 seu
300 1276 373 1295 morbo
385 1275 482 1300 differat,
494 1278 515 1295 et
526 1283 581 1302 quae
591 1276 621 1296 sit
632 1277 654 1296 iu
666 1276 705 1297 boc
716 1283 794 1301 genere
801 1277 848 1297 ani-

50 1311 81 1332 mi
91 1314 113 1332 et
122 1311 222 1338 corporis
233 1311 366 1334 similitudo,
379 1310 510 1331 ostenditur.
527 1318 543 1331 c.
557 1314 635 1332 10-14.
661 1312 719 1332 Tum
730 1313 847 1333 secundum

49 1346 176 1367 institutam
184 1346 335 1373 tliiaestionem
346 1346 421 1366 brevis
430 1345 550 1367 subiicitur
559 1347 727 1371 demonstratio,
734 1348 848 1374 perturba-

50 1381 132 1402 tionem
143 1389 191 1402 eum
201 1381 313 1408 sapientia
323 1381 446 1401 consistere
456 1388 499 1401 non
511 1388 583 1408 posse,
591 1381 656 1407 longa
666 1386 738 1403 autem
748 1383 848 1410 ‹lisputa-

50 1416 81 1437 tio
92 1419 169 1437 contra
181 1416 350 1443 Peripateticos,
365 1416 402 1443 qui
413 1416 591 1443 perturbationes
602 1417 740 1438 necessarias
751 1423 848 1441 essemu-

49 1451 133 1472 turales
143 1451 255 1478 utilesque
265 1452 407 1476 contendunt,
415 1458 455 1472 nec
463 1451 573 1472 tollendas
584 1451 680 1479 sapienti
691 1455 712 1472 et
722 1452 848 1479 exstirpen-

49 1486 96 1511 dns,
109 1487 145 1507 sed
158 1487 289 1507 coercendas
300 1489 321 1507 et
332 1487 475 1507 moderandas
487 1489 594 1507 statuunt.
605 1494 623 1507 c.
636 1489 714 1508 15-26.
739 1488 800 1508 nune
811 1495 848 1508 ex-

49 1521 105 1548 cipit
115 1521 228 1548 expositio
239 1522 265 1542 de
276 1521 465 1548 perturbationum
477 1521 603 1546 curati-me,
621 1529 690 1550 euque
704 1522 793 1543 diversa
809 1530 847 1550 pro

49 1557 138 1577 diversa
152 1556 342 1584 perturbationum
361 1559 448 1577 untur-n.
479 1557 504 1577 ln
523 1560 628 1584 quattuor
646 1560 717 1578 nutem
734 1559 848 1585 perturba-

49 1591 149 1612 tionibus
165 1591 212 1612 illis
228 1591 332 1612 sedandis
349 1595 382 1612 est
397 1598 422 1612 ea
437 1591 544 1612 ‹lintinctn
559 1591 628 1613 ratio:
650 1592 760 1617 Primum,
777 1597 848 1613 utrum

49 1626 75 1646 ad
92 1626 216 1647 universum
236 1627 423 1653 perturbationem
431 1643 436 1651 ‚
461 1630 570 1654 tamquam
586 1627 758 1653 aegritudinem,
784 1628 848 1648 lueti-

49 1661 101 1682 tiom
109 1677 114 1686 ,
125 1667 152 1681 an
163 1661 188 1681 ad
200 1661 312 1687 sing-ulus,
324 1661 344 1682 h.
361 1669 380 1682 e.
391 1662 473 1682 formas
484 1662 601 1687 generibus
613 1662 724 1683 subiectas
744 1662 848 1683 adhiben-

49 1698 96 1720 tur3
107 1696 193 1720 deinde,
204 1700 276 1717 utrum
287 1697 340 1717 mali
350 1697 430 1717 bonive
440 1697 524 1724 opinio,
537 1703 564 1717 nn
574 1697 623 1724 ipsu
634 1698 723 1717 onmino
735 1699 848 1725 perturba-

49 1730 81 1751 tio
92 1731 190 1751 tollatur.
210 1732 251 1752 Sed
263 1735 344 1752 certam
354 1735 376 1752 et
386 1731 497 1759 propriam
509 1732 646 1753 sanationem
658 1739 715 1757 esse,
727 1733 747 1753 ni
758 1733 846 1757 doceas,

47 1765 110 1793 ipsas
120 1767 299 1794 perturbationes
309 1773 348 1793 per
358 1773 382 1787 se
392 1773 442 1787 esse
456 1767 562 1791 vitiosos,
581 1774 620 1788 nee
636 1767 716 1788 babere
731 1768 848 1795 quidquam

49 1804 87 1821 aut
96 1801 209 1826 naturale,
226 1805 263 1822 nut
278 1801 435 1822 necessarium.
465 1801 564 1822 Alterum
575 1806 647 1823 autem
658 1802 779 1827 rationem,
793 1810 848 1829 quae

48 1836 114 1857 simul
125 1836 251 1863 opinionem
263 1837 315 1857 boni
324 1839 362 1858 aut
372 1836 424 1857 unali
434 1837 507 1862 tollat,
515 1844 564 1858 esee
570 1844 616 1858 enm
628 1838 714 1864 quidem
725 1837 847 1862 utiliorem,

49 1871 87 1891 sed
98 1878 146 1892 roro
158 1873 270 1898 prolicere,
278 1878 348 1899 neque
354 1879 403 1893 esse
409 1873 436 1892 ud
446 1872 525 1897 vulgun
536 1873 690 1894 adhibendum.
707 1873 762 1894 Ense
773 1873 846 1897 etium,

49 1905 88 1926 ubi
98 1906 198 1926 adbiberi
208 1906 274 1933 plone
285 1914 327 1927 non
339 1907 418 1934 possit,
430 1908 487 1934 quod
498 1914 540 1932 ren,
552 1914 607 1934 quw
617 1909 732 1935 perturbet
743 1908 846 1932 animum,

49 1947 99 1961 vere
110 1940 141 1961 sit
151 1941 208 1961 bonu
218 1944 255 1961 nut
265 1941 333 1966 niolo,
345 1945 452 1968 tamquam
460 1958 466 1967 ,
476 1942 496 1963 si
506 1943 556 1969 quin
568 1950 632 1968 aegre
642 1943 711 1968 ferat,
723 1943 780 1964 nihil
791 1944 814 1964 iu
824 1952 848 1964 se

49 1982 99 1996 euna
108 1975 208 2000 virtutiu,
219 1975 276 1996 nibil
286 1976 362 2001 unimi,
373 1976 431 1997 nihil
441 1977 519 2002 officii,
530 1977 587 1998 nihil
598 1977 730 1999 lione-tutia.
741 1986 760 1999 c.
770 1982 803 2000 27.
814 1982 847 2000 28.

50 2009 144 2037 Reliqua
154 2010 291 2037 disputatio,
306 2012 414 2038 quomodo
425 2015 530 2039 quattuor
539 2012 584 2032 istu
595 2020 674 2038 genero
685 2013 783 2034 tollenda
794 2014 847 2039 nint,

49 2045 120 2066 docet.

103 2112 123 2138 1.
148 2113 170 2137 l.
193 2106 290 2143 Quum
306 2112 400 2139 multis
413 2112 477 2139 locis
489 2117 641 2140 nostrorum
653 2113 793 2140 bominum
806 2116 848 2141 in-

48 2150 127 2185 genia
143 2149 324 2184 virtutesque,
344 2150 435 2181 Brute,
454 2150 526 2177 solco
538 2151 642 2182 mirari,
661 2156 717 2178 tum
731 2153 848 2179 maxime

50 2186 92 2212 his
108 2187 134 2212 in
151 2186 264 2217 studiis,
289 2195 358 2222 quae
374 2196 433 2213 sero
447 2187 594 2214 admodum
606 2189 723 2223 expetita
741 2189 767 2215 in
781 2189 848 2216 hanc

48 2224 185 2250 civitatem
202 2232 215 2250 e
231 2224 342 2251 Graecia
359 2224 529 2251 tratulerunt.
570 2226 636 2251 Nam
652 2234 737 2260 quum
759 2235 772 2252 a
791 2227 848 2261 pri-

49 2269 91 2287 mo
104 2261 183 2288 Urbis
194 2265 262 2291 ortu,
276 2262 359 2297 regiis
375 2263 514 2293 institutis,
528 2263 624 2296 partim
636 2264 715 2289 etiam
729 2263 845 2299 legibus,

48 2299 179 2333 auspicia,
192 2299 380 2330 caerimoniae,
389 2300 506 2330 comitia,
515 2300 727 2334 provocationes,
741 2306 846 2335 patrum

47 2335 207 2368 consilium,
225 2337 348 2371 equitum
365 2336 542 2371 peditumque
557 2336 716 2372 descriptio,
738 2343 789 2364 totu
805 2348 847 2365 res

48 2372 173 2399 militaris
193 2372 327 2400 divinitus
347 2379 418 2400 esset
438 2374 594 2407 constituta3
617 2379 673 2401 tum
695 2377 848 2411 progressio

47 2409 217 2437 admirabilis
234 2411 459 2446 incredibilisque
474 2419 571 2437 cursus
587 2411 620 2437 ud
635 2420 742 2438 omnem
757 2413 847 2439 excel-

49 2446 158 2474 lentiam
170 2447 255 2475 sactus
267 2453 314 2479 est,
332 2448 471 2475 dominatu
484 2449 557 2483 regio
569 2449 707 2483 republica
724 2449 844 2476 liberato.

47 2485 102 2510 Nec
118 2493 181 2511 vero
197 2485 241 2511 hic
257 2485 331 2512 locus
347 2490 399 2516 cst,
423 2490 452 2512 ut
469 2485 502 2511 dc
518 2486 639 2512 moribus
662 2487 846 2522 institutisque

47 2522 180 2548 maiorum
191 2526 218 2549 et
228 2522 373 2557 disciplina
380 2532 410 2549 ac
422 2523 612 2557 temperatione
623 2523 742 2550 civitatis
753 2524 847 2559 loqua-

47 2567 120 2590 mur,
137 2558 198 2585 aliis
211 2559 276 2586 haec
288 2560 353 2587 locis
364 2561 429 2587 satis
440 2565 562 2586 accurate
574 2569 588 2586 a
600 2560 678 2586 uobis
689 2561 759 2587 dicta
771 2566 844 2593 sunt,

47 2596 220 2631 maximeque
232 2597 259 2624 in
270 2598 304 2624 iis
315 2606 363 2624 sex
375 2597 460 2629 libris,
474 2600 578 2632 quosdt¹
586 2598 722 2630 Ite-publicu
733 2599 846 2633 scripsi-

47 2642 118 2659 muS.
158 2635 184 2660 2.
207 2634 260 2661 Hoc
280 2639 369 2661 autem
392 2635 448 2661 loco
468 2634 648 2661 consideranti
666 2635 733 2661 mibi
755 2635 844 2662 studia

45 2670 182 2698 doctrinae
197 2671 280 2699 multa
295 2681 359 2700 sane
370 2677 524 2704 occurrunt,
538 2681 586 2699 cur
596 2680 627 2699 ea
636 2680 745 2708 quoquo
756 2682 845 2700 orces-

1638 140 1697 164 ¹077

901 208 950 233 sita
962 207 1080 238 aliunde,
1095 216 1183 242 neque
1195 208 1282 235 solum
1295 210 1421 243 expetita,
1438 209 1486 235 sed
1497 210 1578 235 etiam
1589 218 1698 235 conser-

901 250 958 271 vata
971 249 997 271 et
1007 244 1077 271 culta
1089 245 1240 272 videantur.
1275 246 1337 272 Erat
1348 247 1420 272 enim
1433 246 1487 272 illis
1499 255 1583 281 paene
1596 247 1623 272 in
1634 255 1698 272 con-

901 287 994 316 spectu
1014 284 1158 316 praestanti
1179 284 1311 317 sapientia
1328 288 1353 310 et
1368 284 1507 310 nobilitate
1523 284 1696 320 Pythagoras

901 320 948 353 qui
961 318 1011 345 fuit
1024 320 1050 345 in
1062 320 1135 346 ltalia
1148 321 1314 355 temporibus
1326 321 1432 352 iisdem,
1445 321 1547 356 quibus
1560 322 1588 347 L.
1601 322 1699 347 Brutus

902 357 1014 390 patriam
1032 356 1169 388 liberavit,
1188 358 1341 392 praeclarus
1357 364 1447 385 auctor
1463 358 1610 385 nobilitatis
1627 363 1697 384 tuae.

903 393 1066 429 Pythagorae
1079 399 1167 421 autem
1179 395 1309 426 doctrina,
1327 405 1412 430 quum
1426 396 1503 431 longe
1516 396 1620 430 lateque
1632 395 1700 421 flue-

902 436 949 461 ret,
958 433 1160 465 permanavisse
1173 433 1240 458 mihi
1254 433 1360 459 videtur
1373 434 1399 460 in
1412 433 1480 459 hanc
1492 434 1642 459 civitatem:
1658 433 1699 458 id-

901 476 954 502 que
965 477 1051 502 quum
1068 471 1219 496 coniectura
1236 470 1374 504 probabile
1391 476 1443 501 est,
1461 476 1517 497 tum
1533 470 1699 505 quibusdam

902 506 982 531 etiam
995 506 1117 541 vestigiis
1130 507 1273 533 indicatur.
1314 508 1381 539 Quis
1393 509 1465 534 enim
1479 513 1530 538 est,
1549 509 1597 542 qui
1614 513 1697 542 putet,

901 551 988 577 quum
1003 542 1107 570 floreret
1122 545 1149 570 in
1161 544 1235 570 Italia
1246 545 1357 571 Graecia
1369 546 1564 580 potentissimis
1577 550 1602 571 et
1612 546 1700 571 maxi-

902 580 953 605 mis
967 580 1090 611 urbibus,
1104 589 1143 610 ea,
1157 590 1226 615 quae
1238 591 1334 618 magna
1345 583 1415 609 dicta
1428 588 1479 613 est,
1495 584 1520 608 in
1534 583 1631 617 bisque
1643 583 1700 616 pri—

902 626 976 643 mum
993 618 1080 651 ipsius
1096 619 1274 654 Pythagorae,
1296 620 1394 646 deinde
1413 626 1504 655 postea
1520 620 1700 655 Pythagoreo-

901 663 961 680 rum
974 659 1077 681 tantum
1089 664 1186 682 nomen
1198 662 1277 687 esset,
1295 662 1444 683 nostrorum
1457 658 1597 684 hominum
1611 657 1643 683 ad
1655 666 1700 683 eo-

902 700 961 717 rum
973 692 1143 719 doctissimas
1156 702 1234 719 voces
1246 703 1324 720 aures
1335 694 1441 721 clausas
1453 694 1556 720 fuisse?
1581 697 1605 720 3.
1628 694 1699 726 Quin

903 730 983 754 etiam
998 729 1111 756 arbitror
1127 736 1233 765 propter
1249 732 1476 767 Pythagoreorum
1493 732 1698 758 admirationem

902 767 1016 792 Numam
1032 775 1140 802 quoque
1157 777 1247 803 regem
1263 766 1460 804 Pythagoreum
1476 778 1489 795 a
1506 769 1700 803 posterioribus

901 804 1095 830 existimatum.
1137 805 1203 830 Nam
1215 814 1301 840 quum
1314 807 1477 842 Pythagorae
1489 806 1663 840 disciplinam
1675 811 1700 832 ct

901 841 1022 867 instituta
1044 848 1248 876 cognoscerent,
1270 845 1397 878 regisque
1413 845 1472 870 cius
1492 845 1653 878 aequitatem
1675 849 1701 869 ct

901 878 1061 912 sapientiam
1077 888 1091 904 a
1107 880 1255 906 maioribus
1271 882 1330 906 suis
1346 882 1526 915 accepissent,
1543 886 1641 906 aetates
1653 889 1701 906 au-

901 920 953 942 tem
970 920 995 941 et
1012 921 1129 950 tempora
1147 918 1299 952 ignorarent
1315 924 1422 953 propter
1435 923 1607 947 vetustatem,
1626 926 1698 947 eum,

900 953 948 987 qui
960 953 1091 987 sapientia
1103 954 1259 986 excelleret,
1277 956 1442 991 Pythagorae
1453 956 1602 981 auditorem
1616 955 1700 981 tuisse

900 990 1083 1017 crediderunt.
1130 992 1160 1017 11.
1183 992 1215 1018 Et
1226 992 1259 1017 de
1271 994 1423 1020 coniectura
1436 993 1547 1028 quidem
1560 993 1699 1018 hactenus.

901 1028 1020 1063 Vestigia
1046 1033 1135 1054 autern
1157 1029 1399 1065 Pythagoreorum,
1425 1040 1590 1065 quamquam
1617 1030 1701 1056 multa

901 1064 993 1101 colligi
1004 1071 1126 1100 possunt,
1136 1067 1229 1101 paucis
1245 1072 1333 1094 tamen
1345 1073 1460 1099 utemur,
1469 1069 1597 1103 quoniam
1610 1076 1660 1093 non
1674 1067 1701 1093 id

901 1103 990 1138 agitur
1011 1104 1061 1130 boc
1083 1109 1212 1139 tempore.
1253 1106 1320 1131 Nam
1341 1115 1427 1141 quum
1442 1106 1610 1132 carminibus
1629 1105 1701 1131 soliti

901 1141 942 1167 illi
957 1149 1016 1167 esse
1031 1141 1156 1168 dicautur
1170 1147 1195 1168 et
1206 1148 1346 1178 praecepta
1359 1143 1492 1178 quaedam
1503 1143 1636 1169 occultius
1649 1148 1700 1168 tra-

901 1178 977 1209 dere,
995 1183 1021 1205 et
1036 1184 1139 1205 mentes
1155 1188 1218 1206 suas
1233 1189 1246 1206 a
1258 1182 1450 1216 cogitationum
1464 1181 1610 1207 intentione
1621 1185 1700 1206 cantu

901 1215 1057 1250 [idibusque
1068 1216 1101 1242 ad
1113 1217 1334 1252 tranquillitatem
1350 1219 1502 1249 traducere,
1520 1219 1701 1254 gravissimus

901 1258 992 1279 auctor
1003 1254 1030 1279 in
1044 1253 1203 1289 Originibus
1215 1255 1284 1282 dixit
1295 1256 1372 1286 Cato,
1391 1264 1491 1282 morem
1503 1255 1574 1290 apud
1588 1256 1701 1281 maiores

901 1290 973 1316 hunc
988 1290 1130 1325 epularum
1146 1291 1245 1324 tuisse,
1263 1298 1292 1319 ut
1307 1293 1448 1328 deinceps,
1466 1294 1513 1328 qui
1529 1293 1699 1322 accubat-eut.

900 1333 1026 1354 canerent
1045 1328 1079 1354 ad
1100 1329 1194 1355 tibiam
1215 1330 1349 1356 clarorum
1370 1332 1489 1357 virorum
1512 1330 1605 1356 laudes
1621 1335 1702 1364 atquo

901 1366 1024 1392 virtutes.
1046 1366 1087 1392 Ex
1097 1375 1151 1400 quo
1162 1369 1338 1402 perspicuum
1349 1373 1398 1399 est,
1407 1374 1432 1395 et
1442 1373 1536 1395 cantus
1548 1373 1604 1394 tum
1617 1367 1701 1393 fuisse

900 1403 1044 1437 rescriptos
1060 1412 1156 1429 vocum
1173 1406 1260 1436 sonis,
1278 1406 1443 1432 etcarmina.
1484 1407 1508 1432 4.
1530 1406 1700 1439 Quamquam

901 1440 928 1466 id
939 1440 1051 1475 quidem
1062 1441 1143 1467 etiam
1154 1450 1192 1467 xn
1206 1442 1311 1469 tabulae
1323 1443 1472 1474 declarant,
1486 1442 1565 1469 condi
1579 1443 1630 1468 iarn
1644 1447 1700 1468 tum

901 1477 1010 1504 solitum
1022 1486 1081 1504 esse
1092 1486 1214 1506 carmen:
1238 1480 1312 1514 quod
1328 1489 1360 1506 ne
1374 1480 1464 1507 liceret
1476 1481 1532 1506 ticri
1545 1480 1577 1505 ad
1590 1479 1701 1505 alterius

901 1515 1041 1546 iniuriam,
1056 1515 1114 1551 lege
1125 1521 1283 1544 sanxerunt.
1324 1519 1378 1544 Nec
1389 1527 1452 1544 vero
1464 1517 1531 1544 illud
1545 1526 1596 1543 non
1609 1516 1701 1543 erudi-

901 1556 989 1578 torum
1010 1557 1161 1587 temporum
1176 1560 1366 1589 argumentum
1382 1560 1436 1586 est,
1459 1555 1531 1590 quod
1547 1559 1572 1581 et
1588 1554 1700 1580 deorum

900 1589 1092 1624 pulvinaribus
1114 1596 1140 1617 et
1159 1592 1248 1626 epulis
1274 1594 1480 1628 magistratuum
1505 1591 1571 1618 tides
1597 1592 1702 1627 praeci-

901 1632 982 1654 nunt:
998 1627 1070 1662 quod
1083 1629 1222 1663 proprium
1234 1630 1293 1656 eius
1306 1629 1369 1661 fuit,
1383 1630 1416 1656 de
1427 1639 1480 1664 qua
1494 1629 1598 1664 loquor.
1617 1629 1701 1655 disci—

900 1664 1000 1698 plinae.
1042 1665 1108 1691 Mihi
1133 1666 1245 1700 quidem
1271 1667 1351 1693 ctiam
1376 1668 1456 1702 Appii
1477 1668 1555 1694 Caeci
1581 1675 1698 1695 carmen,

900 1702 973 1736 quod
989 1702 1067 1729 valde
1084 1703 1226 1730 Panaetius
1243 1704 1333 1731 laudat
1348 1704 1460 1740 epistola
1478 1704 1610 1739 quadam,
1631 1712 1701 1738 quae

900 1739 984 1765 estad
998 1740 1029 1772 Q.
1047 1740 1230 1772 Tuberonem,
1249 1742 1446 1778 Pythagoreum
1463 1742 1577 1768 videtur.
1618 1741 1700 1767 Multa

900 1777 981 1803 etiam
1002 1782 1066 1804 sunt
1085 1778 1112 1804 in
1134 1779 1232 1805 nostris
1254 1779 1384 1806 institutis
1398 1780 1478 1806 ducta
1495 1780 1527 1806 ab
1543 1779 1610 1805 illis:
1631 1787 1702 1813 quoe

899 1819 1045 1848 praetereo,
1060 1823 1092 1841 ne
1104 1823 1221 1850 ea,quae
1233 1818 1370 1851 peperisse
1383 1818 1435 1852 ipsi
1448 1815 1701 1852 putanutr,uliumle

900 1851 1030 1878 didicisse
1047 1852 1198 1880 videamur.
1239 1856 1263 1880 ὕ.
1290 1854 1357 1885 Sed,
1380 1860 1409 1881 ut
1424 1855 1456 1881 ad
1476 1855 1643 1889 propositum
1660 1862 1701 1879 rc-

900 1888 961 1916 deat
971 1890 1067 1923 oratio,
1085 1899 1168 1925 quam
1181 1891 1257 1918 brevi
1269 1896 1388 1927 tempore
1419 1897 1483 1927 quot
1495 1897 1521 1918 et
1531 1892 1625 1926 quanti
1638 1900 1701 1925 poc-

901 1931 950 1958 tae,
963 1927 1012 1962 qui
1024 1932 1113 1954 autem
1125 1933 1241 1955 oratores
1253 1930 1425 1956 exstiterunt!
1441 1929 1517 1956 facile
1529 1933 1699 1963 mappareat,

900 1969 1004 1991 nostros
1015 1965 1105 1991 onmia
1117 1967 1247 2001 consequi
1259 1968 1394 2001 potuisse,
1416 1967 1499 1994 simul
1516 1972 1543 1993 ut
1561 1966 1628 1992 velle
1640 1974 1701 1991 coe-

901 2002 1014 2036 pissent.
1055 2003 1098 2029 111.
1121 2003 1174 2029 Sed
1190 2003 1223 2030 de
1239 2005 1334 2031 ceteris
1349 2005 1448 2031 studiis
1460 2005 1513 2031 alio
1525 2004 1580 2030 loco
1592 2009 1616 2030 et
1627 2003 1700 2029 dicc-

900 2047 976 2071 mus,
998 2040 1022 2065 si
1042 2048 1109 2066 usus
1124 2040 1217 2072 suerit,
1240 2046 1265 2068 ct
1279 2050 1359 2077 saepe
1374 2042 1506 2069 diximus.
1548 2041 1701 2076 Sapientiae

900 2076 1022 2102 studium
1038 2082 1115 2103 vetus
1132 2077 1159 2104 id
1174 2078 1286 2112 quidem
1303 2080 1328 2105 in
1344 2081 1455 2106 nostris:
1474 2079 1521 2105 scd
1539 2084 1625 2106 tamen
1641 2083 1700 2103 ante

901 2113 985 2139 Laelii
997 2118 1109 2140 aetutem
1121 2115 1288 2149 etScipionis
1301 2125 1352 2142 nou
1365 2118 1476 2151 reperio,
1485 2126 1553 2151 quos
1564 2115 1699 2150 appellare

901 2151 1003 2184 possim
1016 2152 1185 2178 nominatim.
1221 2153 1328 2184 Quibus
1339 2154 1564 2183 adolescentibus,
1579 2154 1698 2179 stoicum

900 2188 1045 2223 Diogenem
1064 2193 1090 2214 et
1104 2189 1294 2216 Academicum
1306 2191 1470 2217 Carneadem
1484 2191 1563 2217 viduo
1577 2190 1610 2216 od
1622 2198 1699 2215 sunu-

901 2229 956 2251 tum
969 2225 1002 2250 nb
1015 2225 1227 2253 Atheniensibus
1240 2228 1337 2254 missos
1348 2237 1407 2254 esse
1420 2228 1533 2263 legatos,
1551 2229 1598 2262 qui
1614 2235 1698 2261 quum

900 2262 1066 2297 reipublicae
1079 2263 1181 2290 nullam
1194 2272 1324 2298 umquam
1337 2266 1606 2299 purtemattigissent,
1615 2269 1699 2290 essct-

899 2308 952 2333 quo
969 2308 1061 2326 eorum
1077 2300 1143 2326 ulter
1156 2301 1323 2336 Cyrenaeus,
1342 2302 1408 2328 ultcr
1424 2303 1600 2338 Babylonius,
1620 2310 1699 2327 uum-

899 2345 981 2371 quum
994 2337 1112 2372 protecto
1123 2338 1224 2364 scholis
1235 2344 1324 2366 essent
1335 2341 1457 2370 excitati,
1477 2349 1563 2374 nequo
1580 2339 1611 2365 ad
1632 2338 1698 2364 illud

900 2383 1000 2400 numus
1015 2374 1107 2405 electi,
1127 2376 1179 2401 nisi
1196 2376 1221 2401 in
1233 2376 1400 2410 quibusdam
1413 2377 1583 2411 principibus
1596 2382 1699 2410 tciiipo-

900 2411 975 2437 ribus
988 2411 1042 2438 illis
1054 2411 1169 2438 tuissent
1179 2413 1268 2439 studio
1280 2414 1426 2440 doctrinae.
1465 2415 1517 2446 Qui
1530 2422 1615 2448 (μιιιιιι
1627 2419 1698 2439 cete-

900 2458 926 2474 ra
951 2448 1045 2475 litteris
1069 2449 1239 2481 niundarcnt,
1262 2451 1308 2477 ulii
1328 2452 1369 2477 ius
1385 2451 1480 2481 civile,
1503 2451 1550 2477 ulii
1565 2452 1698 2477 orationes

898 2494 976 2516 suas.
993 2486 1038 2512 ulii
1057 2493 1229 2514 monumento
1246 2489 1391 2514 iuniorum:
1416 2489 1483 2515 bunc
1499 2488 1697 2523 uiitplissimum

897 2524 1019 2549 omnium
1034 2525 1132 2550 artium
1146 2524 1213 2551 bene
1225 2526 1335 2551 vivendi
1347 2526 1520 2560 disciplinam
1534 2526 1587 2552 vita
1599 2526 1696 2561 magis,

897 2569 979 2595 quimt
998 2560 1092 2588 litteris
1108 2563 1241 2596 persecuti
1257 2568 1329 2589 sunt.
1370 2565 1394 2589 fi.
1418 2564 1508 2598 ltaque
1525 2563 1598 2589 illius
1621 2572 1698 2589 verno

897 2598 1083 2634 elegantisque
1103 2599 1304 2634 philosophiae,
1326 2609 1395 2635 quoe
1416 2601 1495 2627 (luctu
1511 2609 1525 2627 u
1541 2601 1648 2627 Socrate
1671 2601 1697 2627 in

898 2635 1082 2670 Peripateticis
1093 2636 1182 2663 adhuc
1195 2638 1354 2671 pcrnumsit,
1373 2643 1399 2664 ct
1415 2638 1486 2664 idem
1500 2638 1553 2665 alio
1565 2638 1643 2664 modo
1654 2638 1697 2664 di-

897 2673 1022 2700 centibus
1038 2674 1148 2706 Stoicis,
1165 2683 1250 2709 quum
1268 2675 1422 2703 Academici
1435 2684 1528 2703 corum
1543 2681 1697 2703 coutrover—
