1941 3052
201 160 248 185 ΞΗ
772 160 810 183 to.
847 158 879 183 M.
915 158 944 184 Τ.

200 236 324 266 qut-ntur.
355 232 390 257 lta
405 239 485 265 prope
500 238 535 255 xi,
549 229 644 255 ‹liz-lius
659 229 828 262 interpositis,
845 233 900 254 tum
915 227 990 254 deni-

200 278 252 303 qun·
267 278 294 294 se
308 268 339 294 ad
355 278 397 297 ea.
417 276 485 302 (inne
504 277 516 291 n
536 267 612 292 nuliis
626 265 694 291 ‹lie-ta
709 270 799 294 crunt,
817 274 990 299 responsuros

200 316 258 331 esse
271 306 443 332 arbitrantur:
460 304 555 329 deinde
569 312 596 327 se
611 303 736 328 ‹lm-turos
750 307 775 327 et
785 302 896 327 *licendo
907 306 932 327 et
944 310 991 328 ex-

199 343 317 369 cusando
331 342 405 367 sau-ita
420 341 451 367 ad
467 341 542 366 ludos
559 340 693 365 Victoriae.
735 339 800 364 Cum
818 339 858 364 liis
873 339 990 373 plebeios
1012 334 1013 364 l

199 389 258 405 esso
275 380 442 405 coniunctos:
468 377 614 402 secundum
633 385 700 410 quos
714 381 759 401 aut
774 375 839 402 nnlli
855 380 899 401 aut
914 377 990 410 pauci
1011 377 1013 418 J

199 417 257 443 ‹tii-s
271 416 303 442 ml
318 415 449 448 agendum
465 414 545 440 futuri
561 418 632 439 sunt.
675 414 708 438 Ita
724 412 827 438 defessa
842 422 871 438 ac
882 412 991 447 refrigo—
1011 420 1014 427 ·

201 458 253 480 rata
269 453 442 481 accusatione,
460 460 514 477 rem
530 451 657 483 integram
673 449 704 475 ad
717 450 751 475 M.
764 449 899 476 Metellum
916 458 991 484 prae-

201 496 281 516 torem
297 498 354 514 esse
370 493 516 514 venturam.
556 488 641 518 Quem
656 496 705 521 ego
719 486 867 518 hominem,
890 487 913 513 si
932 487 990 513 eius

201 528 260 553 suh-i
279 526 384 552 diffisus
403 534 502 555 essem,
527 524 643 550 iudicem
662 533 712 550 non
728 524 906 550 retinuissem.
948 526 988 550 32.

201 566 275 590 Nune
290 568 376 589 tamen
391 571 421 588 eo
435 562 523 587 animo
537 570 606 591 sum.
620 566 692 587 uteo
706 561 802 591 iudice,
819 570 900 596 quam
916 569 991 595 prae·
1011 567 1013 579 ¹

200 607 262 630 tore.
277 601 342 626 lum(=
358 608 412 625 rem
427 599 536 632 transigi
552 598 656 628 malim,
672 602 697 624 et
712 599 796 624 iurato
810 607 896 629 suam,
908 607 989 633 quam

200 639 312 664 iniurato
326 636 436 662 aliorum
452 635 561 662 tabellas
575 635 747 662 committere.

254 675 299 700 XI.
323 674 398 700 Nunc
416 682 477 709 ego,
498 673 612 702 iudices,
639 673 691 698 iam
711 681 757 698 vos
775 672 899 702 consulo,
923 672 989 707 quid

199 711 264 737 milii
280 711 429 737 faciendum
446 710 553 745 putetis.
594 710 622 736 Id
636 710 706 736 enlm
721 709 824 736 consilii
845 710 910 736 milii
930 718 990 744 pro-

199 748 266 774 secto
279 749 349 774 taciti
363 748 474 779 dabitis,
494 746 567 782 quod
583 751 687 783 egomet
705 747 769 773 mihi
786 747 934 773 necessario
946 756 990 772 ca—

199 785 325 820 piendum
341 785 469 820 intelligo.
491 784 518 810 Si
533 789 591 810 utar
604 784 636 810 ad
647 784 789 810 dicendum
803 793 860 810 meo
873 784 990 818 legitimo

198 828 328 857 tempore;
354 822 405 848 mei
426 822 535 852 laboris,
557 822 702 848 industriae
721 821 928 857 diligentiaeque
946 830 990 847 ca-

198 861 268 894 piam
284 859 412 886 fructum:
437 864 462 885 et
480 868 513 885 ex
527 859 692 885 accusatione
706 858 853 893 perlit-iam,
870 863 899 885 ut
913 867 990 884 nemo

198 906 326 932 umquam
341 901 400 932 post
414 896 552 923 hominum
569 897 722 922 memoriam
737 897 858 930 paratior,
876 895 990 931 vigilan-

198 936 255 965 tior,
268 934 439 969 compositior
452 934 484 959 ad
500 933 628 960 iudicium
644 934 750 959 venisse
765 933 894 959 videatur.
936 932 988 959 Sed

197 973 224 998 in
240 972 287 997 hac
302 971 379 997 laude
393 971 538 997 industriae
554 979 635 1001 meae,
653 979 712 996 reus
728 979 759 996 ne
774 970 901 1001 elabatur,
914 979 989 996 sum-

197 1018 270 1035 mum
287 1008 435 1043 periculum
449 1012 497 1034 est.
528 1007 598 1040 Quid
613 1013 651 1034 est
666 1008 755 1043 igitur,
771 1007 843 1042 quod
858 1007 912 1033 lieri
928 1015 989 1042 pos-

196 1045 249 1072 sit‘?
262 1054 313 1072 non
327 1046 480 1076 obscurum,
496 1046 598 1080 opinor,
615 1054 701 1080 neque
715 1045 911 1071 absconditum.
946 1046 986 1071 33.

196 1083 322 1109 Fructum
338 1084 418 1109 istum
435 1083 534 1113 laudis.
550 1083 596 1118 qui
611 1091 644 1109 ex
658 1087 785 1117 perpetua
799 1083 914 1109 oratione
929 1091 989 1116 per·
1010 1092 1011 1114 i

195 1121 248 1155 cipi
263 1121 356 1155 potuit,
374 1121 400 1146 in
414 1120 464 1146 alia
479 1125 595 1154 tempora
610 1128 790 1146 reservemus:
817 1128 887 1146 nunc
902 1119 988 1145 homi-

196 1166 256 1184 nem
271 1157 378 1188 tabulis,
392 1157 514 1188 testibus.
526 1158 636 1192 privatis
648 1156 818 1191 publicisque
833 1157 926 1183 litteris
940 1165 988 1182 au-

195 1195 413 1229 ctoritatibusque
431 1203 596 1221 accusemus.
637 1194 688 1221 Res
706 1195 793 1220 omnis
811 1194 877 1220 mibi
901 1198 987 1220 tecum

195 1233 257 1263 erit,
278 1232 408 1258 Hortensi.
450 1232 538 1258 Dicam
557 1236 654 1266 aperte.
696 1231 724 1258 Si
739 1236 763 1257 te
777 1240 882 1257 mecum
897 1231 988 1257 dicen-

194 1269 229 1295 do
242 1278 271 1295 ae
285 1269 420 1295 diluendis
433 1269 592 1295 criminibus
606 1270 633 1295 in
653 1268 701 1294 hac
719 1277 813 1295 caussa
831 1268 987 1294 contendere

195 1311 330 1341 putarem3
354 1315 403 1341 ego
420 1315 528 1341 quoque
546 1307 573 1332 in
591 1305 740 1332 accusando
758 1310 837 1341 atque
856 1307 882 1332 in
901 1305 988 1340 expli-

194 1344 286 1370 candis
300 1344 457 1370 criminibus
471 1352 576 1378 operam
591 1352 785 1369 consumerem.
820 1343 904 1373 Nunc.
920 1351 988 1377 quo-

195 1381 265 1407 niam
281 1389 400 1416 pugnare
413 1385 501 1407 contra
516 1389 558 1406 me
576 1381 729 1411 instituisti,
750 1389 801 1406 non
820 1385 872 1406 tam
891 1389 925 1406 ex
943 1385 987 1406 tua

195 1423 296 1449 natura,
312 1427 393 1453 quam
407 1427 440 1444 ex
454 1419 532 1444 istius
548 1422 664 1452 tempore
678 1421 704 1444 et
716 1426 824 1448 caussa,
840 1417 984 1449 malitiose,

194 1464 302 1482 necesse
311 1460 351 1482 est
362 1455 513 1482 istiusmodi
523 1455 616 1481 rationi
627 1454 717 1489 aliquo
727 1455 838 1481 consilio
847 1455 985 1481 obsistere.

193 1494 234 1519 34.
257 1493 312 1519 Tua
335 1493 401 1519 ratio
423 1497 476 1523 est,
501 1497 530 1518 ut
551 1492 701 1519 secundum
724 1492 801 1518 binos
825 1491 902 1518 ludos
920 1491 986 1518 mihi

193 1529 353 1564 respondere
366 1529 493 1564 incipias:
509 1537 576 1561 mea,
592 1533 622 1556 ut
635 1533 694 1555 ante
707 1530 808 1564 primos
823 1528 900 1555 ludos
914 1538 987 1556 com-

193 1567 375 1602 perendinem.
415 1567 452 1593 Ita
471 1567 527 1597 siet,
551 1571 582 1593 ut
600 1571 644 1593 tua
661 1567 712 1593 ista
733 1567 799 1593 ratio
819 1566 987 1593 existimetur

193 1609 293 1631 astuta:
309 1613 400 1631 meum
413 1603 463 1630 hoc
476 1603 629 1635 consilium,
645 1604 835 1630 necessarium.
861 1603 920 1630 XII.
936 1603 988 1630 Ve-

193 1650 252 1668 rum
266 1641 348 1672 illud,
364 1641 436 1676 quod
450 1642 617 1668 institueram
631 1641 732 1671 dicere,
748 1641 814 1667 mibi
829 1649 884 1667 rem
898 1645 986 1667 tecum

193 1687 260 1710 esse,
276 1678 432 1705 huiusmodi
447 1683 495 1705 est.
521 1678 578 1713 Ego
590 1686 675 1712 quum
690 1677 757 1704 hanc
771 1686 892 1704 caussam
908 1677 987 1704 Sicu-

194 1716 278 1742 lorum
291 1720 382 1751 rogatu
394 1716 562 1750 recepissem,
575 1715 656 1750 idque
668 1715 734 1741 mihi
744 1714 865 1749 amplum
875 1719 900 1741 et
911 1723 987 1749 prae-

193 1753 293 1779 clarum
312 1753 521 1783 existimassem,
547 1760 591 1779 eos
609 1751 678 1778 velle
696 1760 769 1778 meae
788 1751 849 1778 fidei
871 1751 987 1787 diligen-

194 1791 298 1825 tiaeque
316 1789 465 1824 periculum
484 1789 581 1820 iacere,
601 1790 648 1824 qui
667 1789 832 1815 innocentiae
850 1789 986 1815 abstinen-

194 1828 297 1862 tiaeque
312 1827 450 1853 t'ecissent:
467 1831 532 1857 tum,
549 1831 674 1861 suscepto
688 1827 800 1861 negotio,
817 1827 904 1852 maius
918 1826 985 1852 mihi

192 1864 321 1899 quiddam
335 1865 470 1899 proposui.
482 1865 510 1890 in
523 1872 578 1899 quo
591 1872 677 1890 meam
691 1864 718 1889 in
733 1862 924 1898 rempublicam
941 1872 986 1889 vo-

194 1901 321 1928 luntatem
342 1901 458 1936 populus
477 1902 612 1927 Romanus
629 1901 779 1935 perspicere
804 1905 901 1935 posset.
942 1902 983 1926 35.

193 1939 258 1965 Nam
274 1938 341 1965 illud
356 1939 422 1964 mihi
441 1947 608 1973 nequaquam
627 1937 739 1973 dignum
759 1937 889 1964 industria
907 1945 987 1963 cona-

193 1982 276 2011 tuque
294 1984 353 2001 meo
372 1975 524 2006 videbatur,
545 1976 627 2001 istum
646 1984 660 2001 a
678 1983 720 2000 me
738 1975 765 2000 in
784 1975 914 2001 iudicium
932 1975 985 2000 iam
1006 1995 1009 2023 Ι

193 2013 313 2039 omnium
332 2013 431 2039 iudicio
449 2013 654 2039 condemnatum
673 2012 773 2042 vocari,
799 2012 851 2038 nisi
869 2012 919 2038 ista
941 2016 984 2038 tua

193 2050 367 2077 intolerabilis
385 2051 500 2084 potentia
520 2055 544 2076 et
562 2058 591 2075 ea
609 2049 756 2084 cupiditas,
779 2057 831 2083 qua
845 2057 892 2083 per
906 2048 985 2075 hosce

193 2096 275 2114 annos
289 2088 316 2113 in
330 2087 492 2122 quibusdam
509 2087 614 2113 iudiciis
629 2095 695 2112 usus
709 2095 750 2116 es,
771 2087 850 2112 etiam
865 2086 892 2112 in
906 2086 984 2112 istius
1014 2115 1015 2119 Ἰ

194 2125 310 2151 hominis
328 2124 459 2159 desperati
477 2132 570 2150 caussa
587 2125 807 2158 interponeretur.
848 2123 925 2149 Nunc
939 2131 985 2149 ve-
1006 2138 1007 2154 χ

193 2171 229 2192 ro,
245 2162 371 2196 quoniam
387 2161 450 2187 haec
465 2166 489 2188 te
502 2162 589 2187 omnis
603 2161 748 2187 dominatio
762 2168 928 2196 regnumque
942 2161 985 2186 iu-
1006 2174 1007 2178 =

193 2199 323 2225 diciorum
339 2203 409 2225 tanto
422 2207 500 2233 opere
513 2198 638 2229 delectat,
654 2202 679 2223 et
693 2202 755 2223 sunt
769 2197 900 2228 homines,
915 2206 984 2232 quos

194 2236 313 2262 libidinis
331 2235 510 2271 infamiaeque
527 2244 591 2261 suae
610 2243 696 2269 neque
714 2234 813 2269 pudeat
830 2243 917 2269 neque
931 2239 985 2260 tae-

192 2274 264 2305 deat3
281 2273 328 2308 qui
342 2273 419 2308 quasi
433 2273 466 2299 de
478 2273 607 2299 industria
618 2273 645 2298 in
656 2272 747 2298 odium
758 2271 984 2306 offensionemque

194 2310 285 2345 populi
303 2311 414 2336 Romani
432 2311 532 2336 irruere
550 2309 703 2336 videantur:
727 2309 777 2335 hoc
799 2317 840 2335 me
863 2309 986 2343 profiteor

193 2347 357 2382 suscepisse,
378 2356 505 2383 magnum
524 2346 634 2373 fortasse
652 2354 720 2372 onus
733 2346 838 2372 etmihi
852 2345 985 2380 periculo-

193 2393 262 2415 sum,
279 2388 462 2410 verumtamen
477 2384 588 2420 dignum
597 2405 603 2415 ,
619 2384 647 2410 in
659 2391 714 2418 quo
726 2391 819 2409 omnes
833 2391 928 2409 nervos
941 2391 985 2409 ae-

194 2422 253 2447 tatis
267 2421 466 2456 industriaeque
481 2429 554 2447 meae
567 2420 762 2448 contenderem.
797 2421 837 2446 36.
853 2419 984 2452 Quoniam

194 2462 263 2484 totus
277 2458 341 2484 ordo
355 2467 499 2492 paucorum
513 2458 682 2493 improbitate
695 2461 722 2484 et
733 2456 843 2483 audacia
854 2457 984 2491 premitur

193 2499 218 2520 et
233 2499 341 2530 urgetur
354 2495 462 2521 infamia
475 2495 651 2522 iudiciorum:
676 2494 799 2529 profiteor
816 2494 880 2520 huic
892 2494 984 2530 generi

195 2531 332 2557 hominum
347 2540 389 2558 me
402 2533 556 2563 inimicum,
572 2536 750 2558 accusatorem
764 2531 900 2562 odiosum,
916 2531 984 2557 assi—

193 2568 287 2599 duum,
303 2568 427 2594 acerbum
442 2569 634 2596 adversarium.
673 2568 728 2594 Hoc
742 2567 809 2594 mihi
822 2576 914 2599 sumo,
934 2568 984 2594 hoc

193 2605 259 2631 mibi
273 2605 400 2640 deposco,
415 2606 487 2640 quod
501 2614 577 2641 agam
590 2607 619 2632 in
632 2605 801 2640 magistratu,
821 2604 893 2639 quod
907 2613 983 2640 agam

193 2650 226 2668 ex
239 2650 269 2668 eo
284 2642 351 2672 loco,
372 2650 405 2668 ex
418 2651 471 2677 quo
485 2651 527 2668 me
540 2643 656 2678 populus
670 2643 805 2668 Romanus
823 2650 857 2668 ex
870 2641 928 2668 Kal.
943 2642 984 2668 Ia-

194 2688 269 2706 nuar.
284 2687 375 2706 secum
389 2687 466 2715 agere
479 2679 511 2706 de
525 2680 660 2714 republica
674 2687 704 2705 ac
717 2678 750 2704 de
763 2678 918 2705 hominibus
931 2679 984 2704 im—

979 156 1253 184 CICERONIS

1043 228 1132 262 probis
1158 227 1253 254 voluit:
1283 227 1331 254 hoc
1353 237 1452 255 munus
1475 229 1615 255 aedilitatis
1638 237 1710 256 meae
1733 229 1830 264 populo

1044 266 1160 291 ltomano
1185 265 1382 299 amplissimum
1410 266 1673 301 pulcherrimumque
1695 266 1828 300 [mittet—oe.

1044 302 1148 331 Moneo,
1174 302 1308 336 praedico,
1333 307 1392 328 unte
1409 303 1550 329 denuntio:
1573 305 1620 338 qui
1639 308 1684 329 aut
1701 303 1831 338 deponere

1042 344 1087 364 aut
1102 339 1216 373 recipere
1231 344 1275 364 aut
1289 340 1406 373 accipere
1420 345 1464 366 aut
1483 340 1598 374 polliceri
1618 345 1663 367 aut
1680 346 1831 375 sequestres

1042 381 1087 401 aut
1102 376 1257 410 interpretes
1270 377 1455 411 corrumpendi
1471 377 1561 403 iudicii
1577 377 1661 403 solent
1678 386 1749 407 esse.
1770 378 1832 411 qui-

1042 422 1094 447 que
1117 412 1148 438 ad
1171 413 1238 439 hanc
1261 422 1315 439 rem
1339 418 1384 439 aut
1407 415 1548 447 potentiam
1570 419 1615 440 aut
1638 414 1831 449 impudentiam

1042 458 1117 475 suam
1133 449 1244 484 professi
1259 455 1334 480 sunt,
1354 450 1503 476 abstineant
1520 451 1545 477 in
1561 451 1609 477 hoc
1623 452 1722 478 iudicio
1737 460 1832 477 manus

1042 487 1198 521 animosque
1213 487 1246 512 ab
1261 487 1309 513 hoc
1322 487 1420 513 scelere
1435 487 1544 514 nefario.
1566 488 1635 514 xut.
1651 490 1691 514 37.
1707 489 1831 515 Eritium

1041 523 1134 550 consul
1151 524 1305 550 Hortensius
1323 533 1384 550 cum
1403 533 1509 550 summo
1527 525 1639 559 imperio
1651 530 1676 552 et
1690 531 1829 560 potestate:

1041 570 1090 596 ego
1103 566 1190 587 autem
1205 561 1307 591 aedilis,
1325 562 1372 587 hoc
1387 567 1434 591 est.
1448 562 1538 596 paullo
1551 562 1668 596 amplius
1681 571 1761 598 quum
1777 563 1832 597 pri-

1043 603 1132 624 vatus.-
1150 604 1235 624 tamen
1252 598 1314 624 haec
1328 599 1483 625 huiusmodi
1498 608 1539 625 res
1553 604 1601 628 est.
1614 608 1694 634 quam
1707 609 1748 626 me
1758 605 1832 625 actu-

1042 644 1100 661 rum
1119 644 1177 661 esse
1196 635 1333 670 polliceor,
1359 636 1393 662 ita
1412 635 1511 670 populo
1530 637 1646 662 Romano
1662 641 1735 672 grata
1753 642 1832 671 utque

1041 672 1166 703 iucunda,
1180 678 1208 698 ut
1223 674 1279 707 ipse
1292 673 1385 699 consul
1401 674 1426 699 in
1441 673 1489 699 hac
1503 682 1595 699 caussa
1610 682 1671 708 prae
1686 682 1727 700 me
1742 674 1832 700 minus

1041 710 1133 740 ctiam,
1153 710 1175 736 si
1195 710 1249 736 sieri
1270 711 1366 744 possit.
1385 719 1466 744 quam
1486 711 1605 745 privatus
1623 719 1682 736 esse
1700 711 1830 737 videatur.

1040 747 1134 773 Omnia
1155 756 1205 773 non
1220 747 1297 773 modo
1310 748 1600 778 commemorabuntur.
1623 747 1670 774 sed
1688 748 1767 774 etiam
1785 756 1832 774 ex-

1042 785 1134 818 positis
1147 784 1226 810 certis
1241 784 1320 810 rebus
1334 789 1454 819 agentur,
1469 793 1538 819 quae
1552 785 1619 811 inter
1632 785 1723 811 decem
1737 793 1829 815 annos.

1041 826 1212 856 posteaquam
1240 822 1337 848 iudicia
1364 822 1396 848 ad
1422 827 1543 848 senatum
1571 821 1660 848 tralata
1690 826 1766 853 sunt,
1804 822 1830 848 in

1041 858 1120 884 rebus
1136 858 1285 885 iudicandis
1300 858 1397 885 nefarie
1412 857 1592 894 flagitioseque
1607 858 1673 885 tacta
1687 864 1759 885 sunt.
1788 861 1830 885 38.

1040 896 1187 930 Cognoscet
1199 904 1232 922 ex
1247 904 1288 921 me
1303 895 1418 930 populus
1433 896 1575 926 Romanus.
1591 896 1658 931 quid
1671 897 1719 926 sit.
1735 905 1832 931 quam-

1039 933 1144 964 obrem,
1163 941 1249 968 quum
1268 938 1391 967 equester
1408 932 1472 959 ordo
1490 933 1629 964 iudicaret.
1649 942 1732 960 annos
1750 941 1832 968 prope

1039 971 1234 1005 quinquaginta
1253 971 1392 996 continuos
1412 969 1486 996 nullo
1502 970 1590 996 iudice
1607 971 1696 1005 equite
1714 971 1832 997 Romano

1040 1007 1186 1038 iudicante,
1211 1015 1243 1033 ne
1266 1007 1422 1033 tenuissima
1439 1007 1548 1042 quidem
1571 1008 1689 1042 suspicio
1711 1012 1832 1042 acceptae

1040 1045 1168 1079 pecuniae
1181 1044 1215 1070 ob
1230 1053 1284 1070 rem
1299 1044 1467 1070 iudicandam
1481 1045 1622 1070 constituta
1637 1045 1685 1071 sit:
1705 1044 1772 1079 quid
1785 1045 1829 1073 sit.

1039 1082 1110 1116 quod
1135 1081 1242 1108 iudiciis
1264 1081 1296 1107 ad
1319 1082 1481 1108 senatorium
1504 1081 1624 1108 ordinem
1643 1081 1742 1108 tralatis
1765 1081 1832 1108 sub-

1040 1119 1144 1154 lataque
1162 1118 1254 1154 populi
1273 1119 1383 1145 Romani
1401 1119 1427 1145 in
1446 1127 1530 1145 unum
1553 1127 1688 1154 quemque
1711 1123 1831 1145 nostrum

1039 1161 1166 1191 potestate
1180 1156 1210 1188 Q.
1227 1155 1346 1183 Calidius
1359 1155 1500 1182 damnatus
1513 1155 1623 1186 dixerit,
1644 1156 1753 1182 minoris
1767 1155 1831 1182 ti-S

1039 1194 1127 1220 tricies
1146 1194 1306 1228 praetorium
1326 1193 1459 1219 bominem
1479 1193 1587 1219 honeste
1610 1202 1661 1220 non
1685 1202 1762 1228 posse
1784 1192 1831 1219 da-

1039 1231 1138 1257 mnari:
1157 1230 1224 1266 quid
1237 1231 1280 1261 sit,
1296 1230 1368 1265 quod
1382 1231 1410 1256 P.
1422 1230 1550 1265 Septimio
1564 1235 1683 1257 senatore
1696 1230 1828 1260 damnato,

1038 1268 1069 1300 Q.
1085 1268 1224 1294 Hortensio
1237 1272 1368 1302 praetore,
1389 1267 1422 1294 de
1437 1268 1557 1302 pecuniis
1571 1267 1726 1302 repetundis
1741 1266 1773 1293 lis
1787 1275 1832 1293 a&

1038 1306 1142 1332 stimata
1157 1306 1191 1331 sit
1204 1313 1235 1331 eo
1250 1305 1369 1336 nomine,
1389 1304 1462 1339 quod
1480 1304 1526 1331 ille
1543 1305 1578 1331 ob
1591 1313 1646 1331 rem
1661 1304 1829 1331 iudicandam

1039 1343 1178 1377 pecuniam
1193 1343 1349 1377 accepisset:
1379 1343 1419 1368 39.
1435 1341 1507 1377 quod
1521 1342 1548 1368 in
1562 1341 1591 1368 C.
1603 1342 1742 1372 Herennio.
1757 1340 1830 1376 quod

1037 1381 1065 1406 in
1080 1380 1109 1406 C.
1125 1379 1250 1414 Popillio.
1270 1379 1450 1409 senatoribus,
1470 1379 1517 1414 qui
1535 1379 1614 1405 ambo
1631 1378 1770 1414 peculatus
1783 1378 1831 1405 da-

1038 1417 1121 1443 mnati
1135 1421 1210 1447 sunt,
1231 1416 1304 1451 quod
1318 1417 1345 1442 in
1359 1416 1394 1442 M.
1410 1415 1510 1447 Attilio,
1527 1417 1575 1451 qui
1588 1416 1621 1443 de
1635 1416 1770 1442 maiestate
1783 1415 1831 1442 da-

1038 1459 1144 1481 mnatus
1158 1458 1206 1484 est,
1222 1453 1272 1480 boc
1285 1453 1394 1489 planum
1410 1453 1507 1480 sactum
1522 1458 1570 1484 est.
1583 1461 1628 1480 eos
1641 1454 1781 1488 pecuniam
1796 1453 1830 1480 ob

1037 1500 1093 1518 rem
1110 1490 1281 1518 iudicandam
1299 1491 1446 1525 accepisse,
1470 1490 1542 1525 quod
1560 1491 1660 1517 inventi
1677 1495 1741 1517 sunt
1753 1499 1831 1517 senn-

1038 1534 1121 1559 tores,
1141 1529 1188 1563 qui
1202 1528 1232 1555 C.
1247 1528 1327 1555 Verre
1341 1532 1458 1563 praetore
1472 1528 1574 1554 urbano
1586 1528 1711 1554 sortiente
1728 1528 1830 1555 exirent

1036 1567 1064 1593 in
1078 1574 1140 1592 eum
1154 1574 1244 1596 reum,
1263 1573 1344 1600 quem
1358 1565 1489 1600 incognita
1502 1573 1596 1591 caussa
1609 1564 1828 1592 condemnarent:

1037 1602 1109 1639 quod
1123 1603 1250 1629 inventus
1263 1606 1303 1628 est
1315 1607 1433 1632 senator,
1448 1602 1496 1636 qui
1509 1610 1595 1636 quum
1608 1601 1691 1628 iudex
1703 1606 1785 1633 esset,
1801 1603 1829 1628 in

1037 1640 1130 1667 eodem
1148 1639 1248 1666 iudicio
1265 1643 1291 1665 et
1308 1638 1341 1665 ab
1359 1647 1402 1665 reo
1420 1639 1560 1673 pecuniam
1582 1639 1724 1674 acciperet,
1747 1647 1828 1674 quam

1037 1677 1173 1704 iudicibus
1187 1676 1326 1707 divideret,
1338 1680 1364 1702 et
1376 1675 1410 1702 ab
1423 1680 1582 1707 accusatore,
1595 1681 1624 1702 ut
1634 1684 1710 1702 reum
1719 1675 1830 1703 damna-

1037 1719 1085 1741 ret.
1127 1715 1168 1741 to.
1189 1714 1244 1740 Iam
1262 1721 1324 1740 vero
1341 1712 1476 1748 quomodo
1492 1712 1566 1739 illam
1589 1712 1690 1743 labem,
1714 1713 1831 1749 ignomi-

1038 1753 1109 1778 niam
1126 1751 1357 1785 calamitatemque
1375 1751 1455 1776 totius
1472 1750 1574 1777 ordinis
1591 1749 1755 1785 conquerar?
1780 1750 1829 1777 hoc

1037 1789 1135 1815 factum
1149 1796 1208 1814 esse
1221 1789 1249 1814 in
1263 1788 1312 1813 hac
1325 1787 1439 1818 civitate,
1451 1796 1536 1822 quum
1547 1788 1695 1814 senatorius
1707 1787 1772 1814 ordo
1786 1787 1829 1814 iu-

1036 1826 1148 1856 dicaret,
1173 1830 1202 1852 ut
1223 1824 1401 1851 discoloribus
1419 1825 1504 1860 signis
1524 1825 1669 1851 iuratorum
1688 1824 1828 1851 hominum

1036 1863 1182 1890 sententiae
1196 1861 1366 1888 notarentur?
1394 1861 1461 1888 Haec
1474 1862 1562 1888 omnia
1577 1870 1619 1888 me
1631 1861 1773 1897 diligenter
1786 1869 1829 1888 se-

1037 1908 1152 1935 vereque
1170 1904 1290 1925 acturum
1309 1907 1368 1925 esse
1386 1898 1520 1934 polliceor.
1557 1899 1628 1925 xlv.
1642 1898 1701 1931 Quo
1714 1906 1757 1925 me
1771 1903 1829 1925 tan-

1036 1937 1096 1964 dem
1115 1937 1204 1963 animo
1221 1936 1276 1963 fore
1293 1936 1405 1971 putetis,
1424 1936 1447 1962 si
1465 1935 1532 1971 quid
1550 1937 1577 1962 in
1595 1935 1644 1962 hoc
1657 1936 1717 1970 ipso
1728 1935 1829 1962 iudicio

1036 1974 1191 2001 intellexero
1207 1973 1290 2000 simili
1307 1972 1397 2008 aliqua
1415 1973 1513 1999 ratione
1531 1981 1589 2000 esse
1607 1972 1736 2000 violatum
1749 1977 1829 2008 atque

1036 2010 1230 2038 commissum?
1242 2019 1327 2045 quum
1342 2011 1497 2045 praesertim
1511 2009 1622 2044 planum
1636 2009 1721 2036 facere
1734 2009 1828 2036 multis

1013 2058 1015 2066 ⁴
1036 2049 1150 2075 testibus
1164 2048 1275 2083 possim,
1290 2047 1320 2074 C.
1332 2047 1440 2074 Verrem
1454 2048 1481 2074 in
1495 2046 1594 2079 Sicilia,
1611 2046 1703 2074 multis
1716 2047 1829 2074 audien-

1036 2086 1118 2117 tibus,
1134 2093 1214 2120 saepe
1227 2084 1342 2115 dixisse,
1357 2093 1384 2110 se
1396 2086 1488 2111 habere
1500 2086 1624 2111 hominem
1633 2089 1767 2118 potentem,
1782 2093 1828 2112 cu-

1036 2126 1076 2150 ius
1089 2124 1184 2156 fiduci'a
1196 2124 1356 2155 provinciam
1369 2123 1506 2154 spoliaret:
1529 2130 1608 2155 neque
1624 2123 1674 2148 sibi
1689 2122 1738 2148 ³010·
1748 2130 1828 2155 pecu-

1035 2163 1106 2186 niam
1119 2168 1254 2193 quaerere,
1272 2160 1316 2185 sed
1329 2161 1365 2185 ita
1379 2161 1517 2185 triennium
1531 2160 1596 2184 illud
1607 2163 1746 2192 praeturae
1757 2157 1827 2185 Siei-

1036 2199 1123 2223 nensis
1135 2197 1300 2222 distributum
1312 2196 1416 2226 habere,
1434 2200 1462 2222 ut
1478 2204 1563 2222 secum
1576 2196 1712 2229 praeclare
1728 2197 1773 2228 aqi
1785 2197 1827 2221 di-

1036 2239 1110 2264 ceret,
1120 2236 1145 2260 si
1157 2235 1234 2259 unius
1245 2235 1309 2259 unni
1322 2238 1453 2266 quaestum
1466 2235 1493 2259 in
1506 2241 1560 2259 rem
1571 2241 1644 2259 suam
1657 2236 1826 2259 converteret:

1012 2273 1014 2279 ⁸
1035 2273 1144 2297 alterum
1154 2273 1274 2304 patronis
1286 2275 1309 2296 et
1322 2271 1495 2303 defensoribus
1507 2272 1562 2296 suis
1575 2271 1699 2296 traderet:
1724 2271 1826 2295 tertium

1035 2310 1109 2334 illum
1133 2309 1288 2334 uberrimum
1314 2309 1610 2341 quaestuosissimumque
1631 2314 1727 2331 annum
1747 2311 1827 2332 totum

1035 2346 1163 2371 iudicibus
1175 2348 1325 2370 reservaret.
1364 2344 1405 2370 Η.
1421 2344 1462 2370 Ex
1475 2351 1529 2378 quo
1542 2342 1610 2369 mihi
1624 2343 1696 2369 venit
1708 2343 1736 2369 in
1750 2351 1825 2369 men—

1035 2387 1088 2408 tem
1106 2381 1174 2408 illud
1191 2381 1293 2411 dicere,
1312 2380 1384 2416 quod
1402 2381 1474 2416 apud
1486 2380 1530 2407 Μ’.
1545 2379 1715 2407 Glabrionem
1729 2388 1823 2415 nuper,

1035 2427 1120 2454 quum
1138 2418 1166 2444 in
1184 2417 1335 2444 reiiciendis
1353 2417 1488 2444 iudicibus
1501 2424 1763 2448 commemorassem,
1782 2417 1826 2443 in-

1035 2455 1139 2486 tellexi,
1159 2455 1329 2481 vehementer
1342 2454 1472 2489 populum
1485 2454 1634 2480 Romanum
1647 2454 1822 2480 commoveri:

1034 2501 1077 2519 me
1090 2492 1220 2523 arbitrari,
1234 2492 1297 2523 fore,
1314 2492 1353 2518 uti
1367 2492 1486 2518 nationes
1499 2495 1603 2517 exterae
1618 2490 1716 2526 legatos
1730 2490 1762 2516 ad
1776 2499 1824 2525 po—

1034 2529 1130 2565 pulum
1143 2530 1292 2556 Romanum
1307 2529 1451 2559 mitterent,
1467 2532 1497 2554 ut
1511 2527 1554 2554 lex
1566 2527 1600 2554 de
1613 2528 1734 2562 pecuniis
1747 2535 1824 2562 repe-

1011 2587 1012 2590 .
1034 2566 1125 2593 tundis
1138 2566 1324 2600 iudiciumque
1338 2564 1485 2591 tolleretur:
1509 2565 1533 2591 si
1550 2565 1622 2591 enim
1636 2563 1734 2591 iudicia
1749 2564 1823 2591 nulla

1033 2604 1095 2635 sint,
1106 2608 1208 2630 tantum
1223 2611 1307 2629 unum
1317 2609 1452 2637 quemque
1462 2601 1614 2628 ablaturum
1622 2605 1725 2636 putant,
1736 2610 1824 2636 quan-

1033 2645 1091 2667 tum
1104 2640 1156 2666 sibi
1169 2648 1199 2666 ac
1213 2639 1304 2666 liberis
1317 2639 1375 2665 suis
1387 2639 1452 2665 satis
1465 2647 1524 2665 esse
1541 2638 1714 2665 arbitrentur:
1739 2646 1820 2669 nunc,

1033 2677 1104 2712 quod
1118 2676 1250 2703 eiusmodi
1264 2675 1363 2702 iudicia
1375 2676 1442 2706 sint,
1463 2680 1565 2702 tantum
1583 2683 1668 2702 unum
1685 2683 1822 2710 quemque
