<?xml version="1.0" encoding="UTF-8"?>
<!DOCTYPE html PUBLIC "-//W3C//DTD XHTML 1.0 Transitional//EN"
    "http://www.w3.org/TR/xhtml1/DTD/xhtml1-transitional.dtd">
<html xmlns="http://www.w3.org/1999/xhtml" xml:lang="en" lang="en">
 <head>
  <title>
</title>
<meta http-equiv="Content-Type" content="text/html;charset=utf-8" />
  <meta name='ocr-system' content='tesseract 3.04.00' />
  <meta name='ocr-capabilities' content='ocr_page ocr_carea ocr_par ocr_line ocrx_word'/>
</head>
<body>
  <div class='ocr_page' id='page_1' title='image "./operaomniaunovol00ciceuoft_0284.png"; bbox 0 0 1941 3052; ppageno 0'>
   <div class='ocr_carea' id='block_1_1' title="bbox 202 155 882 181">
    <p class='ocr_par' dir='ltr' id='par_1_1' title="bbox 202 155 882 181">
     <span class='ocr_line' id='line_1_1' title="bbox 202 155 882 181; baseline -0.001 -1"><span class='ocrx_word' id='word_1_1' title='bbox 202 158 249 181; x_wconf 65' lang='lat'>*2130</span> <span class='ocrx_word' id='word_1_2' title='bbox 772 157 812 180; x_wconf 74' lang='lat'>⁴21),</span> <span class='ocrx_word' id='word_1_3' title='bbox 849 155 882 179; x_wconf 63' lang='lat' dir='ltr'>tt.</span> 
     </span>
    </p>
   </div>
   <div class='ocr_carea' id='block_1_2' title="bbox 203 225 1018 260">
    <p class='ocr_par' dir='ltr' id='par_1_2' title="bbox 203 225 1018 260">
     <span class='ocr_line' id='line_1_2' title="bbox 203 225 1018 260; baseline -0.001 -9"><span class='ocrx_word' id='word_1_4' title='bbox 203 227 324 252; x_wconf 69' lang='lat' dir='ltr'>:n‘nritiae</span> <span class='ocrx_word' id='word_1_5' title='bbox 338 231 362 252; x_wconf 83' lang='lat' dir='ltr'>et</span> <span class='ocrx_word' id='word_1_6' title='bbox 376 226 513 252; x_wconf 67' lang='lat' dir='ltr'>audaciae:</span> <span class='ocrx_word' id='word_1_7' title='bbox 529 234 596 260; x_wconf 77' lang='lat' dir='ltr'>qime</span> <span class='ocrx_word' id='word_1_8' title='bbox 613 226 673 251; x_wconf 75' lang='lat' dir='ltr'>vitia</span> <span class='ocrx_word' id='word_1_9' title='bbox 690 225 812 251; x_wconf 76' lang='lat' dir='ltr'>videntur</span> <span class='ocrx_word' id='word_1_10' title='bbox 827 226 852 251; x_wconf 90' lang='lat' dir='ltr'>in</span> <span class='ocrx_word' id='word_1_11' title='bbox 863 225 986 259; x_wconf 69' lang='lat' dir='ltr'>quemvis</span> <span class='ocrx_word' id='word_1_12' title='bbox 1009 225 1018 259; x_wconf 71' lang='lat' dir='ltr'>l]</span> 
     </span>
    </p>
   </div>
   <div class='ocr_carea' id='block_1_3' title="bbox 197 262 989 816">
    <p class='ocr_par' dir='ltr' id='par_1_3' title="bbox 197 262 989 816">
     <span class='ocr_line' id='line_1_3' title="bbox 202 262 985 298; baseline -0.001 -10"><span class='ocrx_word' id='word_1_13' title='bbox 202 264 302 298; x_wconf 60' lang='lat' dir='ltr'>potius,</span> <span class='ocrx_word' id='word_1_14' title='bbox 323 272 402 298; x_wconf 81' lang='lat' dir='ltr'>quam</span> <span class='ocrx_word' id='word_1_15' title='bbox 423 265 447 289; x_wconf 89' lang='lat' dir='ltr'>iu</span> <span class='ocrx_word' id='word_1_16' title='bbox 464 264 542 288; x_wconf 59' lang='lat' dir='ltr'>istum</span> <span class='ocrx_word' id='word_1_17' title='bbox 558 263 706 288; x_wconf 64' lang='lat' dir='ltr'>reinvenire.</span> <span class='ocrx_word' id='word_1_18' title='bbox 749 263 817 288; x_wconf 81' lang='lat' dir='ltr'>Dixit</span> <span class='ocrx_word' id='word_1_19' title='bbox 831 262 862 293; x_wconf 81' lang='lat' dir='ltr'>Q.</span> <span class='ocrx_word' id='word_1_20' title='bbox 879 262 985 292; x_wconf 67' lang='lat' dir='ltr'>Tadius,</span> 
     </span>
     <span class='ocr_line' id='line_1_4' title="bbox 201 299 988 334; baseline -0.003 -8"><span class='ocrx_word' id='word_1_21' title='bbox 201 301 280 326; x_wconf 85' lang='lat' dir='ltr'>homo</span> <span class='ocrx_word' id='word_1_22' title='bbox 295 301 518 326; x_wconf 60' lang='lat' dir='ltr'>[aruilinrisnimus</span> <span class='ocrx_word' id='word_1_23' title='bbox 533 300 613 334; x_wconf 69' lang='lat' dir='ltr'>patris</span> <span class='ocrx_word' id='word_1_24' title='bbox 629 300 714 328; x_wconf 68' lang='lat' dir='ltr'>istius,</span> <span class='ocrx_word' id='word_1_25' title='bbox 733 308 782 325; x_wconf 89' lang='lat' dir='ltr'>non</span> <span class='ocrx_word' id='word_1_26' title='bbox 794 299 896 325; x_wconf 73' lang='lat' dir='ltr'>alienus</span> <span class='ocrx_word' id='word_1_27' title='bbox 907 308 920 324; x_wconf 81' lang='lat' dir='ltr'>a</span> <span class='ocrx_word' id='word_1_28' title='bbox 933 308 988 324; x_wconf 80' lang='lat' dir='ltr'>ma-</span> 
     </span>
     <span class='ocr_line' id='line_1_5' title="bbox 202 336 988 371; baseline -0.003 -8"><span class='ocrx_word' id='word_1_29' title='bbox 202 338 247 363; x_wconf 71' lang='lat' dir='ltr'>tri-⁴</span> <span class='ocrx_word' id='word_1_30' title='bbox 261 338 319 363; x_wconf 74' lang='lat' dir='ltr'>eius</span> <span class='ocrx_word' id='word_1_31' title='bbox 333 346 427 371; x_wconf 75' lang='lat' dir='ltr'>genere</span> <span class='ocrx_word' id='word_1_32' title='bbox 441 342 464 362; x_wconf 80' lang='lat' dir='ltr'>et</span> <span class='ocrx_word' id='word_1_33' title='bbox 481 337 597 362; x_wconf 82' lang='lat' dir='ltr'>nomine:</span> <span class='ocrx_word' id='word_1_34' title='bbox 621 336 722 361; x_wconf 79' lang='lat' dir='ltr'>tabulas</span> <span class='ocrx_word' id='word_1_35' title='bbox 742 336 863 370; x_wconf 86' lang='lat' dir='ltr'>protulit,</span> <span class='ocrx_word' id='word_1_36' title='bbox 887 336 988 370; x_wconf 70' lang='lat' dir='ltr'>quibus</span> 
     </span>
     <span class='ocr_line' id='line_1_6' title="bbox 201 373 986 409; baseline -0.001 -10"><span class='ocrx_word' id='word_1_37' title='bbox 201 375 339 409; x_wconf 75' lang='lat' dir='ltr'>pecuniam</span> <span class='ocrx_word' id='word_1_38' title='bbox 359 383 386 399; x_wconf 68' lang='lat' dir='ltr'>se</span> <span class='ocrx_word' id='word_1_39' title='bbox 410 373 514 399; x_wconf 64' lang='lat' dir='ltr'>dedi-ow</span> <span class='ocrx_word' id='word_1_40' title='bbox 536 373 659 398; x_wconf 66' lang='lat' dir='ltr'>ostendit.</span> <span class='ocrx_word' id='word_1_41' title='bbox 701 382 806 398; x_wconf 65' lang='lat' dir='ltr'>necin</span> <span class='ocrx_word' id='word_1_42' title='bbox 831 382 939 398; x_wconf 68' lang='lat' dir='ltr'>souisA</span> <span class='ocrx_word' id='word_1_43' title='bbox 962 383 986 402; x_wconf 77' lang='lat' dir='ltr'>o.</span> 
     </span>
     <span class='ocr_line' id='line_1_7' title="bbox 200 419 791 439; baseline -0.003 -2"><span class='ocrx_word' id='word_1_44' title='bbox 200 420 289 437; x_wconf 70' lang='lat' dir='ltr'>unii.</span> <span class='ocrx_word' id='word_1_45' title='bbox 331 420 435 436; x_wconf 74' lang='grc' dir='ltr'>ιιιῑιτιτΑ</span> <span class='ocrx_word' id='word_1_46' title='bbox 451 419 649 435; x_wconf 50' lang='grc' dir='ltr'>ῐιιικτιμυκιιτυ</span> <span class='ocrx_word' id='word_1_47' title='bbox 664 420 686 439; x_wconf 84' lang='lat' dir='ltr'>o.</span> <span class='ocrx_word' id='word_1_48' title='bbox 703 419 791 435; x_wconf 79' lang='grc' dir='ltr'>τΛηιι.</span> 
     </span>
     <span class='ocr_line' id='line_1_8' title="bbox 199 446 989 482; baseline 0 -10"><span class='ocrx_word' id='word_1_49' title='bbox 199 449 308 482; x_wconf 78' lang='lat' dir='ltr'>quidem</span> <span class='ocrx_word' id='word_1_50' title='bbox 327 448 356 479; x_wconf 64' lang='lat' dir='ltr'>Q,</span> <span class='ocrx_word' id='word_1_51' title='bbox 374 447 447 472; x_wconf 81' lang='lat' dir='ltr'>Tadii</span> <span class='ocrx_word' id='word_1_52' title='bbox 468 456 513 472; x_wconf 77' lang='lat' dir='ltr'>nee</span> <span class='ocrx_word' id='word_1_53' title='bbox 528 447 678 472; x_wconf 71' lang='lat' dir='ltr'>testimonio</span> <span class='ocrx_word' id='word_1_54' title='bbox 690 446 829 472; x_wconf 72' lang='lat' dir='ltr'>credetur?</span> <span class='ocrx_word' id='word_1_55' title='bbox 853 446 922 478; x_wconf 84' lang='lat' dir='ltr'>Quid</span> <span class='ocrx_word' id='word_1_56' title='bbox 938 447 989 481; x_wconf 79' lang='lat' dir='ltr'>igi-</span> 
     </span>
     <span class='ocr_line' id='line_1_9' title="bbox 201 483 987 518; baseline -0.001 -8"><span class='ocrx_word' id='word_1_57' title='bbox 201 490 243 510; x_wconf 88' lang='lat' dir='ltr'>tur</span> <span class='ocrx_word' id='word_1_58' title='bbox 263 486 287 510; x_wconf 90' lang='lat' dir='ltr'>in</span> <span class='ocrx_word' id='word_1_59' title='bbox 308 485 413 510; x_wconf 68' lang='lat' dir='ltr'>iudiciis</span> <span class='ocrx_word' id='word_1_60' title='bbox 427 484 589 518; x_wconf 64' lang='lat' dir='ltr'>sequemur?</span> <span class='ocrx_word' id='word_1_61' title='bbox 614 483 683 515; x_wconf 84' lang='lat' dir='ltr'>Quid</span> <span class='ocrx_word' id='word_1_62' title='bbox 698 489 737 510; x_wconf 64' lang='lat' dir='ltr'>est</span> <span class='ocrx_word' id='word_1_63' title='bbox 751 483 837 514; x_wconf 77' lang='lat' dir='ltr'>aliud,</span> <span class='ocrx_word' id='word_1_64' title='bbox 862 484 987 510; x_wconf 79' lang='lat' dir='ltr'>omnibus</span> 
     </span>
     <span class='ocr_line' id='line_1_10' title="bbox 199 520 988 555; baseline -0.001 -8"><span class='ocrx_word' id='word_1_65' title='bbox 199 523 285 547; x_wconf 85' lang='lat' dir='ltr'>omnin</span> <span class='ocrx_word' id='word_1_66' title='bbox 302 525 403 555; x_wconf 76' lang='lat' dir='ltr'>pec-rata</span> <span class='ocrx_word' id='word_1_67' title='bbox 419 525 443 546; x_wconf 86' lang='lat' dir='ltr'>et</span> <span class='ocrx_word' id='word_1_68' title='bbox 459 520 584 546; x_wconf 80' lang='lat' dir='ltr'>malelieia</span> <span class='ocrx_word' id='word_1_69' title='bbox 595 521 747 552; x_wconf 78' lang='lat' dir='ltr'>concedere,</span> <span class='ocrx_word' id='word_1_70' title='bbox 765 521 814 547; x_wconf 67' lang='lat' dir='ltr'>nisi</span> <span class='ocrx_word' id='word_1_71' title='bbox 828 521 884 551; x_wconf 84' lang='lat' dir='ltr'>hoc,</span> <span class='ocrx_word' id='word_1_72' title='bbox 902 521 988 547; x_wconf 88' lang='lat' dir='ltr'>homi—</span> 
     </span>
     <span class='ocr_line' id='line_1_11' title="bbox 200 558 988 584; baseline -0.001 0"><span class='ocrx_word' id='word_1_73' title='bbox 200 567 263 584; x_wconf 91' lang='lat' dir='ltr'>num</span> <span class='ocrx_word' id='word_1_74' title='bbox 284 558 531 584; x_wconf 63' lang='lat' dir='ltr'>honestissimorum</span> <span class='ocrx_word' id='word_1_75' title='bbox 551 558 708 584; x_wconf 75' lang='lat' dir='ltr'>testimoniis</span> <span class='ocrx_word' id='word_1_76' title='bbox 727 563 752 584; x_wconf 90' lang='lat' dir='ltr'>et</span> <span class='ocrx_word' id='word_1_77' title='bbox 772 559 887 584; x_wconf 88' lang='lat' dir='ltr'>virorum</span> <span class='ocrx_word' id='word_1_78' title='bbox 907 558 988 584; x_wconf 87' lang='lat' dir='ltr'>bono-</span> 
     </span>
     <span class='ocr_line' id='line_1_12' title="bbox 199 594 988 630; baseline 0 -10"><span class='ocrx_word' id='word_1_79' title='bbox 199 604 257 621; x_wconf 90' lang='lat' dir='ltr'>rum</span> <span class='ocrx_word' id='word_1_80' title='bbox 273 595 370 621; x_wconf 75' lang='lat' dir='ltr'>tabulis</span> <span class='ocrx_word' id='word_1_81' title='bbox 385 604 435 621; x_wconf 88' lang='lat' dir='ltr'>uon</span> <span class='ocrx_word' id='word_1_82' title='bbox 449 594 574 621; x_wconf 67' lang='lat' dir='ltr'>ereda-re?</span> <span class='ocrx_word' id='word_1_83' title='bbox 596 597 650 621; x_wconf 62' lang='lat'>129.</span> <span class='ocrx_word' id='word_1_84' title='bbox 668 596 732 621; x_wconf 84' lang='lat' dir='ltr'>Nam</span> <span class='ocrx_word' id='word_1_85' title='bbox 743 595 808 630; x_wconf 89' lang='lat' dir='ltr'>quid</span> <span class='ocrx_word' id='word_1_86' title='bbox 819 595 910 629; x_wconf 73' lang='lat' dir='ltr'>egode</span> <span class='ocrx_word' id='word_1_87' title='bbox 920 603 988 630; x_wconf 87' lang='lat' dir='ltr'>quo-</span> 
     </span>
     <span class='ocr_line' id='line_1_13' title="bbox 200 632 987 667; baseline 0.001 -10"><span class='ocrx_word' id='word_1_88' title='bbox 200 633 298 658; x_wconf 80' lang='lat' dir='ltr'>tidiano</span> <span class='ocrx_word' id='word_1_89' title='bbox 320 641 441 658; x_wconf 79' lang='lat' dir='ltr'>sermone</span> <span class='ocrx_word' id='word_1_90' title='bbox 464 632 684 667; x_wconf 68' lang='lat' dir='ltr'>querimoniaque</span> <span class='ocrx_word' id='word_1_91' title='bbox 709 633 799 667; x_wconf 90' lang='lat' dir='ltr'>populi</span> <span class='ocrx_word' id='word_1_92' title='bbox 820 633 928 658; x_wconf 77' lang='lat' dir='ltr'>Romani</span> <span class='ocrx_word' id='word_1_93' title='bbox 950 632 987 658; x_wconf 92' lang='lat' dir='ltr'>lo-</span> 
     </span>
     <span class='ocr_line' id='line_1_14' title="bbox 197 669 987 704; baseline 0.001 -10"><span class='ocrx_word' id='word_1_94' title='bbox 197 669 282 704; x_wconf 67' lang='lat' dir='ltr'>quar?</span> <span class='ocrx_word' id='word_1_95' title='bbox 294 669 326 695; x_wconf 87' lang='lat' dir='ltr'>de</span> <span class='ocrx_word' id='word_1_96' title='bbox 341 670 419 695; x_wconf 72' lang='lat' dir='ltr'>istius</span> <span class='ocrx_word' id='word_1_97' title='bbox 434 669 666 704; x_wconf 79' lang='lat' dir='ltr'>impudentissimo</span> <span class='ocrx_word' id='word_1_98' title='bbox 682 669 759 700; x_wconf 77' lang='lat' dir='ltr'>furto,</span> <span class='ocrx_word' id='word_1_99' title='bbox 776 678 822 696; x_wconf 84' lang='lat' dir='ltr'>seu</span> <span class='ocrx_word' id='word_1_100' title='bbox 838 670 926 704; x_wconf 86' lang='lat' dir='ltr'>potius</span> <span class='ocrx_word' id='word_1_101' title='bbox 941 678 987 695; x_wconf 92' lang='lat' dir='ltr'>no-</span> 
     </span>
     <span class='ocr_line' id='line_1_15' title="bbox 199 706 988 739; baseline 0 -7"><span class='ocrx_word' id='word_1_102' title='bbox 199 716 231 732; x_wconf 82' lang='lat' dir='ltr'>vo</span> <span class='ocrx_word' id='word_1_103' title='bbox 248 715 277 732; x_wconf 81' lang='lat' dir='ltr'>uc</span> <span class='ocrx_word' id='word_1_104' title='bbox 295 706 424 739; x_wconf 72' lang='lat' dir='ltr'>singulari</span> <span class='ocrx_word' id='word_1_105' title='bbox 445 706 596 732; x_wconf 71' lang='lat' dir='ltr'>latrocinio?</span> <span class='ocrx_word' id='word_1_106' title='bbox 618 707 719 732; x_wconf 74' lang='lat' dir='ltr'>Ausum</span> <span class='ocrx_word' id='word_1_107' title='bbox 739 716 797 732; x_wconf 70' lang='lat' dir='ltr'>esse</span> <span class='ocrx_word' id='word_1_108' title='bbox 817 707 842 733; x_wconf 95' lang='lat' dir='ltr'>in</span> <span class='ocrx_word' id='word_1_109' title='bbox 861 707 924 732; x_wconf 87' lang='lat' dir='ltr'>aede</span> <span class='ocrx_word' id='word_1_110' title='bbox 939 707 988 733; x_wconf 81' lang='lat' dir='ltr'>Ca-</span> 
     </span>
     <span class='ocr_line' id='line_1_16' title="bbox 197 742 986 779; baseline 0 -10"><span class='ocrx_word' id='word_1_111' title='bbox 197 744 289 774; x_wconf 76' lang='lat' dir='ltr'>storis,</span> <span class='ocrx_word' id='word_1_112' title='bbox 309 742 481 770; x_wconf 81' lang='lat' dir='ltr'>celeberrimo</span> <span class='ocrx_word' id='word_1_113' title='bbox 494 744 695 779; x_wconf 81' lang='lat' dir='ltr'>clarissimoque</span> <span class='ocrx_word' id='word_1_114' title='bbox 711 749 894 774; x_wconf 88' lang='lat' dir='ltr'>monumento,</span> <span class='ocrx_word' id='word_1_115' title='bbox 915 744 986 778; x_wconf 89' lang='lat' dir='ltr'>quod</span> 
     </span>
     <span class='ocr_line' id='line_1_17' title="bbox 198 780 987 816; baseline 0.001 -10"><span class='ocrx_word' id='word_1_116' title='bbox 198 780 327 816; x_wconf 76' lang='lat' dir='ltr'>templum</span> <span class='ocrx_word' id='word_1_117' title='bbox 343 781 369 807; x_wconf 93' lang='lat' dir='ltr'>in</span> <span class='ocrx_word' id='word_1_118' title='bbox 387 781 471 807; x_wconf 86' lang='lat' dir='ltr'>oculis</span> <span class='ocrx_word' id='word_1_119' title='bbox 485 781 692 816; x_wconf 85' lang='lat' dir='ltr'>quotidianoque</span> <span class='ocrx_word' id='word_1_120' title='bbox 707 786 813 816; x_wconf 70' lang='lat' dir='ltr'>aspectu</span> <span class='ocrx_word' id='word_1_121' title='bbox 830 781 920 816; x_wconf 91' lang='lat' dir='ltr'>populi</span> <span class='ocrx_word' id='word_1_122' title='bbox 937 782 987 807; x_wconf 70' lang='lat' dir='ltr'>lio-</span> 
     </span>
    </p>
   </div>
   <div class='ocr_carea' id='block_1_4' title="bbox 197 819 1017 853">
    <p class='ocr_par' dir='ltr' id='par_1_4' title="bbox 197 819 1017 853">
     <span class='ocr_line' id='line_1_18' title="bbox 197 819 1017 853; baseline 0 -9"><span class='ocrx_word' id='word_1_123' title='bbox 197 819 268 844; x_wconf 92' lang='lat' dir='ltr'>mani</span> <span class='ocrx_word' id='word_1_124' title='bbox 287 822 327 844; x_wconf 72' lang='lat' dir='ltr'>est</span> <span class='ocrx_word' id='word_1_125' title='bbox 350 819 480 853; x_wconf 82' lang='lat' dir='ltr'>positum,</span> <span class='ocrx_word' id='word_1_126' title='bbox 504 827 559 853; x_wconf 90' lang='lat' dir='ltr'>quo</span> <span class='ocrx_word' id='word_1_127' title='bbox 581 827 772 853; x_wconf 77' lang='lat' dir='ltr'>saepenumero</span> <span class='ocrx_word' id='word_1_128' title='bbox 794 823 903 844; x_wconf 79' lang='lat' dir='ltr'>senatus</span> <span class='ocrx_word' id='word_1_129' title='bbox 924 827 987 844; x_wconf 86' lang='lat' dir='ltr'>eon·</span> <span class='ocrx_word' id='word_1_130' title='bbox 1010 841 1017 848; x_wconf 72' lang='lat'>„</span> 
     </span>
    </p>
   </div>
   <div class='ocr_carea' id='block_1_5' title="bbox 197 855 988 891">
    <p class='ocr_par' dir='ltr' id='par_1_5' title="bbox 197 855 988 891">
     <span class='ocr_line' id='line_1_19' title="bbox 197 855 988 891; baseline 0 -10"><span class='ocrx_word' id='word_1_131' title='bbox 197 859 313 886; x_wconf 79' lang='lat' dir='ltr'>vocatur,</span> <span class='ocrx_word' id='word_1_132' title='bbox 329 864 382 890; x_wconf 92' lang='lat' dir='ltr'>quo</span> <span class='ocrx_word' id='word_1_133' title='bbox 396 856 571 882; x_wconf 84' lang='lat' dir='ltr'>maximarum</span> <span class='ocrx_word' id='word_1_134' title='bbox 583 864 670 881; x_wconf 90' lang='lat' dir='ltr'>rerum</span> <span class='ocrx_word' id='word_1_135' title='bbox 683 855 911 891; x_wconf 73' lang='lat' dir='ltr'>frequentissimae</span> <span class='ocrx_word' id='word_1_136' title='bbox 921 864 988 890; x_wconf 87' lang='lat' dir='ltr'>quo-</span> 
     </span>
    </p>
   </div>
   <div class='ocr_carea' id='block_1_6' title="bbox 197 892 1011 960">
    <p class='ocr_par' dir='ltr' id='par_1_6' title="bbox 197 892 1011 960">
     <span class='ocr_line' id='line_1_20' title="bbox 197 892 1011 930; baseline 0 -11"><span class='ocrx_word' id='word_1_137' title='bbox 197 892 262 919; x_wconf 80' lang='lat' dir='ltr'>tidie</span> <span class='ocrx_word' id='word_1_138' title='bbox 275 892 459 919; x_wconf 71' lang='lat' dir='ltr'>advocationes</span> <span class='ocrx_word' id='word_1_139' title='bbox 474 893 553 919; x_wconf 83' lang='lat' dir='ltr'>liunt:</span> <span class='ocrx_word' id='word_1_140' title='bbox 578 893 605 919; x_wconf 90' lang='lat' dir='ltr'>in</span> <span class='ocrx_word' id='word_1_141' title='bbox 620 901 650 919; x_wconf 89' lang='lat' dir='ltr'>eo</span> <span class='ocrx_word' id='word_1_142' title='bbox 665 893 733 924; x_wconf 79' lang='lat' dir='ltr'>loeo,</span> <span class='ocrx_word' id='word_1_143' title='bbox 754 893 780 919; x_wconf 92' lang='lat' dir='ltr'>in</span> <span class='ocrx_word' id='word_1_144' title='bbox 800 902 922 919; x_wconf 82' lang='lat' dir='ltr'>sermone</span> <span class='ocrx_word' id='word_1_145' title='bbox 941 893 988 918; x_wconf 88' lang='lat' dir='ltr'>ho·</span> <span class='ocrx_word' id='word_1_146' title='bbox 1009 911 1011 930; x_wconf 53' lang='lat'>4</span> 
     </span>
     <span class='ocr_line' id='line_1_21' title="bbox 197 929 1011 960; baseline 0.001 -5"><span class='ocrx_word' id='word_1_147' title='bbox 197 930 309 960; x_wconf 85' lang='lat' dir='ltr'>minum.</span> <span class='ocrx_word' id='word_1_148' title='bbox 326 929 450 956; x_wconf 82' lang='lat' dir='ltr'>audaciae</span> <span class='ocrx_word' id='word_1_149' title='bbox 464 939 527 956; x_wconf 87' lang='lat' dir='ltr'>suae</span> <span class='ocrx_word' id='word_1_150' title='bbox 542 935 743 956; x_wconf 88' lang='lat' dir='ltr'>monumentum</span> <span class='ocrx_word' id='word_1_151' title='bbox 758 935 892 956; x_wconf 84' lang='lat' dir='ltr'>aeternum</span> <span class='ocrx_word' id='word_1_152' title='bbox 909 929 988 956; x_wconf 89' lang='lat' dir='ltr'>relin-</span> <span class='ocrx_word' id='word_1_153' title='bbox 1010 952 1011 960; x_wconf 71' lang='lat'>,</span> 
     </span>
    </p>
   </div>
   <div class='ocr_carea' id='block_1_7' title="bbox 195 966 1017 1030">
    <p class='ocr_par' dir='ltr' id='par_1_7' title="bbox 195 966 1017 1030">
     <span class='ocr_line' id='line_1_22' title="bbox 195 966 1017 1030; baseline 0.001 -38"><span class='ocrx_word' id='word_1_154' title='bbox 195 966 296 1001; x_wconf 76' lang='lat' dir='ltr'>quere‘?</span> <span class='ocrx_word' id='word_1_155' title='bbox 321 967 349 993; x_wconf 98' lang='lat' dir='ltr'>L.</span> <span class='ocrx_word' id='word_1_156' title='bbox 366 969 422 993; x_wconf 80' lang='lat'>⁴30.</span> <span class='ocrx_word' id='word_1_157' title='bbox 442 967 541 993; x_wconf 74' lang='lat' dir='ltr'>Aedem</span> <span class='ocrx_word' id='word_1_158' title='bbox 561 967 687 998; x_wconf 85' lang='lat' dir='ltr'>Castoris,</span> <span class='ocrx_word' id='word_1_159' title='bbox 709 967 824 998; x_wconf 78' lang='lat' dir='ltr'>iudices,</span> <span class='ocrx_word' id='word_1_160' title='bbox 846 968 874 993; x_wconf 87' lang='lat' dir='ltr'>P.</span> <span class='ocrx_word' id='word_1_161' title='bbox 895 967 987 1030; x_wconf 69' lang='lat' dir='ltr'>luniqs</span> <span class='ocrx_word' id='word_1_162' title='bbox 1009 982 1017 998; x_wconf 53' lang='grc' dir='ltr'><strong>μ</strong></span> 
     </span>
     <span class='ocr_line' id='line_1_23' title="bbox 975 1013 1011 1029; baseline 0 0"><span class='ocrx_word' id='word_1_163' title='bbox 975 1013 987 1029; x_wconf 86' lang='lat' dir='ltr'>s</span> <span class='ocrx_word' id='word_1_164' title='bbox 1008 1020 1011 1029; x_wconf 59' lang='lat'>&lt;</span> 
     </span>
    </p>
   </div>
   <div class='ocr_carea' id='block_1_8' title="bbox 196 1004 987 1109">
    <p class='ocr_par' dir='ltr' id='par_1_8' title="bbox 196 1004 987 1109">
     <span class='ocr_line' id='line_1_24' title="bbox 196 1004 928 1036; baseline 0 -6"><span class='ocrx_word' id='word_1_165' title='bbox 196 1004 289 1030; x_wconf 83' lang='lat' dir='ltr'>habuit</span> <span class='ocrx_word' id='word_1_166' title='bbox 304 1004 429 1030; x_wconf 88' lang='lat' dir='ltr'>tuendam</span> <span class='ocrx_word' id='word_1_167' title='bbox 444 1004 472 1030; x_wconf 93' lang='lat' dir='ltr'>L.</span> <span class='ocrx_word' id='word_1_168' title='bbox 489 1004 576 1035; x_wconf 87' lang='lat' dir='ltr'>Sulla,</span> <span class='ocrx_word' id='word_1_169' title='bbox 597 1004 627 1036; x_wconf 88' lang='lat' dir='ltr'>Q.</span> <span class='ocrx_word' id='word_1_170' title='bbox 644 1004 749 1031; x_wconf 84' lang='lat' dir='ltr'>Metello</span> <span class='ocrx_word' id='word_1_171' title='bbox 762 1004 928 1030; x_wconf 80' lang='lat' dir='ltr'>consulibus,</span> 
     </span>
     <span class='ocr_line' id='line_1_25' title="bbox 196 1041 986 1076; baseline 0 -9"><span class='ocrx_word' id='word_1_172' title='bbox 196 1045 317 1067; x_wconf 86' lang='lat' dir='ltr'>mortuus</span> <span class='ocrx_word' id='word_1_173' title='bbox 327 1046 380 1068; x_wconf 87' lang='lat' dir='ltr'>est:</span> <span class='ocrx_word' id='word_1_174' title='bbox 392 1041 500 1076; x_wconf 88' lang='lat' dir='ltr'>reliquit</span> <span class='ocrx_word' id='word_1_175' title='bbox 511 1041 644 1076; x_wconf 77' lang='lat' dir='ltr'>pupilium</span> <span class='ocrx_word' id='word_1_176' title='bbox 657 1050 769 1076; x_wconf 84' lang='lat' dir='ltr'>parvum</span> <span class='ocrx_word' id='word_1_177' title='bbox 782 1042 877 1068; x_wconf 74' lang='lat' dir='ltr'>filium.</span> <span class='ocrx_word' id='word_1_178' title='bbox 897 1041 986 1074; x_wconf 91' lang='lat' dir='ltr'>Quum</span> 
     </span>
     <span class='ocr_line' id='line_1_26' title="bbox 197 1078 987 1109; baseline 0.001 -5"><span class='ocrx_word' id='word_1_179' title='bbox 197 1078 226 1104; x_wconf 90' lang='lat' dir='ltr'>L.</span> <span class='ocrx_word' id='word_1_180' title='bbox 242 1078 382 1109; x_wconf 86' lang='lat' dir='ltr'>Octavius,</span> <span class='ocrx_word' id='word_1_181' title='bbox 403 1079 431 1105; x_wconf 92' lang='lat' dir='ltr'>C.</span> <span class='ocrx_word' id='word_1_182' title='bbox 448 1079 573 1105; x_wconf 81' lang='lat' dir='ltr'>Aurelius</span> <span class='ocrx_word' id='word_1_183' title='bbox 587 1079 710 1105; x_wconf 83' lang='lat' dir='ltr'>eonsules</span> <span class='ocrx_word' id='word_1_184' title='bbox 724 1079 802 1105; x_wconf 83' lang='lat' dir='ltr'>aedes</span> <span class='ocrx_word' id='word_1_185' title='bbox 816 1088 903 1105; x_wconf 77' lang='lat' dir='ltr'>sacras</span> <span class='ocrx_word' id='word_1_186' title='bbox 919 1079 987 1105; x_wconf 80' lang='lat' dir='ltr'>loca-</span> 
     </span>
    </p>
   </div>
   <div class='ocr_carea' id='block_1_9' title="bbox 196 1115 1017 1152">
    <p class='ocr_par' dir='ltr' id='par_1_9' title="bbox 196 1115 1017 1152">
     <span class='ocr_line' id='line_1_27' title="bbox 196 1115 1017 1152; baseline 0.001 -11"><span class='ocrx_word' id='word_1_187' title='bbox 196 1115 298 1142; x_wconf 89' lang='lat' dir='ltr'>vissent</span> <span class='ocrx_word' id='word_1_188' title='bbox 309 1124 395 1151; x_wconf 87' lang='lat' dir='ltr'>neque</span> <span class='ocrx_word' id='word_1_189' title='bbox 407 1117 555 1150; x_wconf 80' lang='lat' dir='ltr'>potuissent</span> <span class='ocrx_word' id='word_1_190' title='bbox 565 1117 653 1142; x_wconf 82' lang='lat' dir='ltr'>onmia</span> <span class='ocrx_word' id='word_1_191' title='bbox 663 1121 730 1142; x_wconf 84' lang='lat' dir='ltr'>sarta</span> <span class='ocrx_word' id='word_1_192' title='bbox 742 1121 806 1142; x_wconf 79' lang='lat' dir='ltr'>tecta</span> <span class='ocrx_word' id='word_1_193' title='bbox 817 1117 931 1152; x_wconf 76' lang='lat' dir='ltr'>exigere,</span> <span class='ocrx_word' id='word_1_194' title='bbox 941 1125 987 1142; x_wconf 91' lang='lat' dir='ltr'>ne-</span> <span class='ocrx_word' id='word_1_195' title='bbox 1016 1134 1017 1142; x_wconf 45' lang='lat'>1</span> 
     </span>
    </p>
   </div>
   <div class='ocr_carea' id='block_1_10' title="bbox 191 1153 987 2116">
    <p class='ocr_par' dir='ltr' id='par_1_10' title="bbox 191 1153 987 2116">
     <span class='ocr_line' id='line_1_28' title="bbox 195 1153 987 1188; baseline 0.001 -10"><span class='ocrx_word' id='word_1_196' title='bbox 195 1161 247 1187; x_wconf 92' lang='lat' dir='ltr'>que</span> <span class='ocrx_word' id='word_1_197' title='bbox 262 1153 280 1178; x_wconf 92' lang='lat' dir='ltr'>ii</span> <span class='ocrx_word' id='word_1_198' title='bbox 295 1157 435 1187; x_wconf 88' lang='lat' dir='ltr'>praetores,</span> <span class='ocrx_word' id='word_1_199' title='bbox 452 1153 553 1188; x_wconf 87' lang='lat' dir='ltr'>quibus</span> <span class='ocrx_word' id='word_1_200' title='bbox 567 1158 620 1179; x_wconf 82' lang='lat' dir='ltr'>erat</span> <span class='ocrx_word' id='word_1_201' title='bbox 633 1154 767 1188; x_wconf 84' lang='lat' dir='ltr'>negotium</span> <span class='ocrx_word' id='word_1_202' title='bbox 779 1153 880 1184; x_wconf 78' lang='lat' dir='ltr'>datum,</span> <span class='ocrx_word' id='word_1_203' title='bbox 898 1154 926 1179; x_wconf 84' lang='lat' dir='ltr'>C.</span> <span class='ocrx_word' id='word_1_204' title='bbox 939 1153 987 1179; x_wconf 88' lang='lat' dir='ltr'>Sa-</span> 
     </span>
     <span class='ocr_line' id='line_1_29' title="bbox 194 1189 984 1221; baseline 0.001 -6"><span class='ocrx_word' id='word_1_205' title='bbox 194 1189 286 1216; x_wconf 87' lang='lat' dir='ltr'>cerdos</span> <span class='ocrx_word' id='word_1_206' title='bbox 301 1194 326 1216; x_wconf 92' lang='lat' dir='ltr'>et</span> <span class='ocrx_word' id='word_1_207' title='bbox 340 1190 374 1216; x_wconf 82' lang='lat' dir='ltr'>M.</span> <span class='ocrx_word' id='word_1_208' title='bbox 391 1190 514 1216; x_wconf 86' lang='lat' dir='ltr'>Caesius:</span> <span class='ocrx_word' id='word_1_209' title='bbox 537 1190 633 1216; x_wconf 77' lang='lat' dir='ltr'>sactum</span> <span class='ocrx_word' id='word_1_210' title='bbox 654 1195 693 1216; x_wconf 91' lang='lat' dir='ltr'>est</span> <span class='ocrx_word' id='word_1_211' title='bbox 711 1190 984 1221; x_wconf 80' lang='lat' dir='ltr'>senatusconsultum,</span> 
     </span>
     <span class='ocr_line' id='line_1_30' title="bbox 194 1227 985 1263; baseline 0.001 -11"><span class='ocrx_word' id='word_1_212' title='bbox 194 1227 295 1261; x_wconf 91' lang='lat' dir='ltr'>quibus</span> <span class='ocrx_word' id='word_1_213' title='bbox 314 1227 346 1253; x_wconf 87' lang='lat' dir='ltr'>de</span> <span class='ocrx_word' id='word_1_214' title='bbox 364 1228 442 1253; x_wconf 90' lang='lat' dir='ltr'>sartis</span> <span class='ocrx_word' id='word_1_215' title='bbox 461 1228 536 1254; x_wconf 88' lang='lat' dir='ltr'>tectis</span> <span class='ocrx_word' id='word_1_216' title='bbox 557 1228 693 1263; x_wconf 79' lang='lat' dir='ltr'>cognitum</span> <span class='ocrx_word' id='word_1_217' title='bbox 717 1232 742 1254; x_wconf 91' lang='lat' dir='ltr'>et</span> <span class='ocrx_word' id='word_1_218' title='bbox 764 1228 910 1254; x_wconf 86' lang='lat' dir='ltr'>iudicatum</span> <span class='ocrx_word' id='word_1_219' title='bbox 935 1236 985 1253; x_wconf 93' lang='lat' dir='ltr'>non</span> 
     </span>
     <span class='ocr_line' id='line_1_31' title="bbox 194 1264 986 1300; baseline 0 -10"><span class='ocrx_word' id='word_1_220' title='bbox 194 1268 277 1295; x_wconf 84' lang='lat' dir='ltr'>esset,</span> <span class='ocrx_word' id='word_1_221' title='bbox 299 1265 336 1290; x_wconf 89' lang='lat' dir='ltr'>uti</span> <span class='ocrx_word' id='word_1_222' title='bbox 351 1264 379 1290; x_wconf 90' lang='lat' dir='ltr'>C.</span> <span class='ocrx_word' id='word_1_223' title='bbox 395 1265 500 1295; x_wconf 83' lang='lat' dir='ltr'>Verres,</span> <span class='ocrx_word' id='word_1_224' title='bbox 517 1265 545 1290; x_wconf 88' lang='lat' dir='ltr'>P.</span> <span class='ocrx_word' id='word_1_225' title='bbox 561 1264 680 1295; x_wconf 80' lang='lat' dir='ltr'>Caelius,</span> <span class='ocrx_word' id='word_1_226' title='bbox 697 1269 829 1299; x_wconf 87' lang='lat' dir='ltr'>praetores</span> <span class='ocrx_word' id='word_1_227' title='bbox 843 1273 986 1300; x_wconf 82' lang='lat' dir='ltr'>cognosce-</span> 
     </span>
     <span class='ocr_line' id='line_1_32' title="bbox 195 1301 987 1336; baseline 0.001 -9"><span class='ocrx_word' id='word_1_228' title='bbox 195 1306 252 1327; x_wconf 89' lang='lat' dir='ltr'>rent</span> <span class='ocrx_word' id='word_1_229' title='bbox 265 1306 290 1327; x_wconf 90' lang='lat' dir='ltr'>et</span> <span class='ocrx_word' id='word_1_230' title='bbox 305 1301 460 1328; x_wconf 87' lang='lat' dir='ltr'>iudicarent.</span> <span class='ocrx_word' id='word_1_231' title='bbox 490 1302 546 1334; x_wconf 86' lang='lat' dir='ltr'>Qua</span> <span class='ocrx_word' id='word_1_232' title='bbox 558 1306 684 1336; x_wconf 80' lang='lat' dir='ltr'>potestate</span> <span class='ocrx_word' id='word_1_233' title='bbox 694 1303 743 1328; x_wconf 89' lang='lat' dir='ltr'>iste</span> <span class='ocrx_word' id='word_1_234' title='bbox 755 1303 893 1336; x_wconf 83' lang='lat' dir='ltr'>permissa,</span> <span class='ocrx_word' id='word_1_235' title='bbox 912 1306 940 1328; x_wconf 86' lang='lat' dir='ltr'>ut</span> <span class='ocrx_word' id='word_1_236' title='bbox 954 1310 987 1328; x_wconf 89' lang='lat' dir='ltr'>ex</span> 
     </span>
     <span class='ocr_line' id='line_1_33' title="bbox 194 1338 987 1374; baseline 0 -10"><span class='ocrx_word' id='word_1_237' title='bbox 194 1338 223 1364; x_wconf 86' lang='lat' dir='ltr'>C.</span> <span class='ocrx_word' id='word_1_238' title='bbox 245 1339 344 1364; x_wconf 87' lang='lat' dir='ltr'>Fannio</span> <span class='ocrx_word' id='word_1_239' title='bbox 367 1343 392 1364; x_wconf 91' lang='lat' dir='ltr'>et</span> <span class='ocrx_word' id='word_1_240' title='bbox 414 1347 447 1365; x_wconf 85' lang='lat' dir='ltr'>ex</span> <span class='ocrx_word' id='word_1_241' title='bbox 464 1338 495 1371; x_wconf 87' lang='lat' dir='ltr'>Q.</span> <span class='ocrx_word' id='word_1_242' title='bbox 517 1339 598 1365; x_wconf 82' lang='lat' dir='ltr'>Tadio</span> <span class='ocrx_word' id='word_1_243' title='bbox 616 1339 791 1374; x_wconf 80' lang='lat' dir='ltr'>cognovistis,</span> <span class='ocrx_word' id='word_1_244' title='bbox 816 1348 900 1374; x_wconf 89' lang='lat' dir='ltr'>quum</span> <span class='ocrx_word' id='word_1_245' title='bbox 917 1343 987 1365; x_wconf 85' lang='lat' dir='ltr'>esset</span> 
     </span>
     <span class='ocr_line' id='line_1_34' title="bbox 193 1375 986 1411; baseline 0.003 -11"><span class='ocrx_word' id='word_1_246' title='bbox 193 1375 319 1401; x_wconf 85' lang='lat' dir='ltr'>omnibus</span> <span class='ocrx_word' id='word_1_247' title='bbox 345 1376 372 1402; x_wconf 90' lang='lat' dir='ltr'>in</span> <span class='ocrx_word' id='word_1_248' title='bbox 399 1376 479 1402; x_wconf 89' lang='lat' dir='ltr'>rebus</span> <span class='ocrx_word' id='word_1_249' title='bbox 505 1376 672 1411; x_wconf 77' lang='lat' dir='ltr'>apertissime</span> <span class='ocrx_word' id='word_1_250' title='bbox 698 1376 986 1410; x_wconf 83' lang='lat' dir='ltr'>impudentissimeque</span> 
     </span>
     <span class='ocr_line' id='line_1_35' title="bbox 194 1412 986 1447; baseline 0.001 -9"><span class='ocrx_word' id='word_1_251' title='bbox 194 1412 348 1447; x_wconf 87' lang='lat' dir='ltr'>praedatus:</span> <span class='ocrx_word' id='word_1_252' title='bbox 366 1417 547 1439; x_wconf 85' lang='lat' dir='ltr'>verumtamen</span> <span class='ocrx_word' id='word_1_253' title='bbox 559 1413 608 1439; x_wconf 84' lang='lat' dir='ltr'>hoc</span> <span class='ocrx_word' id='word_1_254' title='bbox 619 1413 703 1439; x_wconf 91' lang='lat' dir='ltr'>voluit</span> <span class='ocrx_word' id='word_1_255' title='bbox 713 1413 892 1439; x_wconf 85' lang='lat' dir='ltr'>clarissimum</span> <span class='ocrx_word' id='word_1_256' title='bbox 906 1413 986 1439; x_wconf 89' lang='lat' dir='ltr'>relin-</span> 
     </span>
     <span class='ocr_line' id='line_1_36' title="bbox 193 1449 986 1485; baseline 0.001 -10"><span class='ocrx_word' id='word_1_257' title='bbox 193 1458 274 1484; x_wconf 89' lang='lat' dir='ltr'>quere</span> <span class='ocrx_word' id='word_1_258' title='bbox 285 1449 414 1476; x_wconf 89' lang='lat' dir='ltr'>indicium</span> <span class='ocrx_word' id='word_1_259' title='bbox 426 1450 622 1476; x_wconf 83' lang='lat' dir='ltr'>latrociniorum</span> <span class='ocrx_word' id='word_1_260' title='bbox 634 1459 756 1482; x_wconf 79' lang='lat' dir='ltr'>suorum3</span> <span class='ocrx_word' id='word_1_261' title='bbox 769 1450 802 1476; x_wconf 90' lang='lat' dir='ltr'>de</span> <span class='ocrx_word' id='word_1_262' title='bbox 811 1459 865 1485; x_wconf 88' lang='lat' dir='ltr'>quo</span> <span class='ocrx_word' id='word_1_263' title='bbox 875 1459 926 1476; x_wconf 89' lang='lat' dir='ltr'>non</span> <span class='ocrx_word' id='word_1_264' title='bbox 938 1459 986 1476; x_wconf 88' lang='lat' dir='ltr'>au-</span> 
     </span>
     <span class='ocr_line' id='line_1_37' title="bbox 193 1486 983 1522; baseline 0.001 -10"><span class='ocrx_word' id='word_1_265' title='bbox 193 1487 249 1512; x_wconf 90' lang='lat' dir='ltr'>dire</span> <span class='ocrx_word' id='word_1_266' title='bbox 263 1486 418 1521; x_wconf 81' lang='lat' dir='ltr'>aliquando,</span> <span class='ocrx_word' id='word_1_267' title='bbox 435 1487 481 1513; x_wconf 89' lang='lat' dir='ltr'>sed</span> <span class='ocrx_word' id='word_1_268' title='bbox 496 1487 585 1513; x_wconf 88' lang='lat' dir='ltr'>videre</span> <span class='ocrx_word' id='word_1_269' title='bbox 598 1487 717 1522; x_wconf 86' lang='lat' dir='ltr'>quotidie</span> <span class='ocrx_word' id='word_1_270' title='bbox 732 1496 881 1522; x_wconf 86' lang='lat' dir='ltr'>possemus.</span> <span class='ocrx_word' id='word_1_271' title='bbox 926 1488 983 1514; x_wconf 67' lang='lat'>⁴3¹.</span> 
     </span>
     <span class='ocr_line' id='line_1_38' title="bbox 192 1523 985 1558; baseline 0.001 -9"><span class='ocrx_word' id='word_1_272' title='bbox 192 1523 337 1555; x_wconf 73' lang='lat' dir='ltr'>Quaesivit,</span> <span class='ocrx_word' id='word_1_273' title='bbox 353 1524 415 1558; x_wconf 88' lang='lat' dir='ltr'>quis</span> <span class='ocrx_word' id='word_1_274' title='bbox 429 1524 520 1550; x_wconf 89' lang='lat' dir='ltr'>aedem</span> <span class='ocrx_word' id='word_1_275' title='bbox 533 1524 646 1551; x_wconf 88' lang='lat' dir='ltr'>Castoris</span> <span class='ocrx_word' id='word_1_276' title='bbox 661 1529 757 1551; x_wconf 88' lang='lat' dir='ltr'>sartam</span> <span class='ocrx_word' id='word_1_277' title='bbox 769 1529 863 1551; x_wconf 86' lang='lat' dir='ltr'>tectam</span> <span class='ocrx_word' id='word_1_278' title='bbox 877 1524 985 1551; x_wconf 86' lang='lat' dir='ltr'>deberet</span> 
     </span>
     <span class='ocr_line' id='line_1_39' title="bbox 193 1561 985 1596; baseline 0.003 -10"><span class='ocrx_word' id='word_1_279' title='bbox 193 1561 304 1587; x_wconf 82' lang='lat' dir='ltr'>tradere.</span> <span class='ocrx_word' id='word_1_280' title='bbox 341 1562 446 1587; x_wconf 90' lang='lat' dir='ltr'>Iunium</span> <span class='ocrx_word' id='word_1_281' title='bbox 461 1562 550 1596; x_wconf 87' lang='lat' dir='ltr'>ipsum</span> <span class='ocrx_word' id='word_1_282' title='bbox 566 1567 701 1588; x_wconf 86' lang='lat' dir='ltr'>mortuum</span> <span class='ocrx_word' id='word_1_283' title='bbox 715 1570 773 1588; x_wconf 90' lang='lat' dir='ltr'>esse</span> <span class='ocrx_word' id='word_1_284' title='bbox 787 1562 900 1588; x_wconf 86' lang='lat' dir='ltr'>sciebat:</span> <span class='ocrx_word' id='word_1_285' title='bbox 917 1561 985 1588; x_wconf 83' lang='lat' dir='ltr'>scire</span> 
     </span>
     <span class='ocr_line' id='line_1_40' title="bbox 193 1597 983 1633; baseline 0.003 -10"><span class='ocrx_word' id='word_1_286' title='bbox 193 1597 306 1629; x_wconf 82' lang='lat' dir='ltr'>volebat,</span> <span class='ocrx_word' id='word_1_287' title='bbox 323 1598 356 1624; x_wconf 86' lang='lat' dir='ltr'>ad</span> <span class='ocrx_word' id='word_1_288' title='bbox 369 1607 449 1633; x_wconf 90' lang='lat' dir='ltr'>quem</span> <span class='ocrx_word' id='word_1_289' title='bbox 464 1598 509 1625; x_wconf 85' lang='lat' dir='ltr'>illa</span> <span class='ocrx_word' id='word_1_290' title='bbox 524 1607 565 1624; x_wconf 91' lang='lat' dir='ltr'>res</span> <span class='ocrx_word' id='word_1_291' title='bbox 580 1599 730 1633; x_wconf 86' lang='lat' dir='ltr'>pertineret.</span> <span class='ocrx_word' id='word_1_292' title='bbox 752 1599 834 1625; x_wconf 81' lang='lat' dir='ltr'>Audit</span> <span class='ocrx_word' id='word_1_293' title='bbox 848 1598 983 1633; x_wconf 90' lang='lat' dir='ltr'>pupillum</span> 
     </span>
     <span class='ocr_line' id='line_1_41' title="bbox 193 1635 980 1671; baseline 0.001 -10"><span class='ocrx_word' id='word_1_294' title='bbox 193 1644 251 1661; x_wconf 91' lang='lat' dir='ltr'>esse</span> <span class='ocrx_word' id='word_1_295' title='bbox 266 1635 360 1661; x_wconf 81' lang='lat' dir='ltr'>filium.</span> <span class='ocrx_word' id='word_1_296' title='bbox 388 1636 478 1667; x_wconf 85' lang='lat' dir='ltr'>Homo,</span> <span class='ocrx_word' id='word_1_297' title='bbox 494 1636 541 1671; x_wconf 90' lang='lat' dir='ltr'>qui</span> <span class='ocrx_word' id='word_1_298' title='bbox 555 1644 662 1670; x_wconf 86' lang='lat' dir='ltr'>semper</span> <span class='ocrx_word' id='word_1_299' title='bbox 675 1636 709 1662; x_wconf 90' lang='lat' dir='ltr'>ita</span> <span class='ocrx_word' id='word_1_300' title='bbox 724 1635 811 1670; x_wconf 88' lang='lat' dir='ltr'>palam</span> <span class='ocrx_word' id='word_1_301' title='bbox 825 1636 980 1667; x_wconf 84' lang='lat' dir='ltr'>dictitasset,</span> 
     </span>
     <span class='ocr_line' id='line_1_42' title="bbox 193 1672 984 1708; baseline 0.001 -10"><span class='ocrx_word' id='word_1_302' title='bbox 193 1672 310 1707; x_wconf 88' lang='lat' dir='ltr'>pupillos</span> <span class='ocrx_word' id='word_1_303' title='bbox 328 1677 354 1698; x_wconf 89' lang='lat' dir='ltr'>et</span> <span class='ocrx_word' id='word_1_304' title='bbox 372 1672 489 1707; x_wconf 88' lang='lat' dir='ltr'>pupillas</span> <span class='ocrx_word' id='word_1_305' title='bbox 507 1673 682 1699; x_wconf 83' lang='lat' dir='ltr'>certissimam</span> <span class='ocrx_word' id='word_1_306' title='bbox 697 1672 820 1708; x_wconf 84' lang='lat' dir='ltr'>praedam</span> <span class='ocrx_word' id='word_1_307' title='bbox 835 1681 894 1699; x_wconf 86' lang='lat' dir='ltr'>esse</span> <span class='ocrx_word' id='word_1_308' title='bbox 907 1681 984 1707; x_wconf 89' lang='lat' dir='ltr'>prae-</span> 
     </span>
     <span class='ocr_line' id='line_1_43' title="bbox 193 1709 984 1745; baseline 0.001 -10"><span class='ocrx_word' id='word_1_309' title='bbox 193 1709 303 1740; x_wconf 87' lang='lat' dir='ltr'>toribus,</span> <span class='ocrx_word' id='word_1_310' title='bbox 319 1713 438 1744; x_wconf 87' lang='lat' dir='ltr'>optatum</span> <span class='ocrx_word' id='word_1_311' title='bbox 453 1710 588 1745; x_wconf 81' lang='lat' dir='ltr'>negotium</span> <span class='ocrx_word' id='word_1_312' title='bbox 603 1710 654 1736; x_wconf 85' lang='lat' dir='ltr'>sibi</span> <span class='ocrx_word' id='word_1_313' title='bbox 668 1710 695 1736; x_wconf 93' lang='lat' dir='ltr'>in</span> <span class='ocrx_word' id='word_1_314' title='bbox 709 1711 798 1736; x_wconf 91' lang='lat' dir='ltr'>sinum</span> <span class='ocrx_word' id='word_1_315' title='bbox 813 1709 930 1736; x_wconf 88' lang='lat' dir='ltr'>delatum</span> <span class='ocrx_word' id='word_1_316' title='bbox 941 1718 984 1736; x_wconf 88' lang='lat' dir='ltr'>es-</span> 
     </span>
     <span class='ocr_line' id='line_1_44' title="bbox 193 1746 984 1782; baseline 0.001 -10"><span class='ocrx_word' id='word_1_317' title='bbox 193 1755 220 1772; x_wconf 89' lang='lat' dir='ltr'>se</span> <span class='ocrx_word' id='word_1_318' title='bbox 235 1746 347 1772; x_wconf 87' lang='lat' dir='ltr'>dicebat.</span> <span class='ocrx_word' id='word_1_319' title='bbox 382 1747 584 1773; x_wconf 85' lang='lat' dir='ltr'>Monumentum</span> <span class='ocrx_word' id='word_1_320' title='bbox 599 1747 643 1773; x_wconf 91' lang='lat' dir='ltr'>illa</span> <span class='ocrx_word' id='word_1_321' title='bbox 657 1746 843 1782; x_wconf 89' lang='lat' dir='ltr'>amplitudine,</span> <span class='ocrx_word' id='word_1_322' title='bbox 860 1746 906 1773; x_wconf 93' lang='lat' dir='ltr'>illo</span> <span class='ocrx_word' id='word_1_323' title='bbox 919 1755 984 1782; x_wconf 86' lang='lat' dir='ltr'>ope-</span> 
     </span>
     <span class='ocr_line' id='line_1_45' title="bbox 193 1784 983 1820; baseline 0.001 -11"><span class='ocrx_word' id='word_1_324' title='bbox 193 1792 228 1811; x_wconf 87' lang='lat' dir='ltr'>re.</span> <span class='ocrx_word' id='word_1_325' title='bbox 244 1784 368 1818; x_wconf 84' lang='lat' dir='ltr'>quamvis</span> <span class='ocrx_word' id='word_1_326' title='bbox 382 1788 481 1810; x_wconf 89' lang='lat' dir='ltr'>sartum</span> <span class='ocrx_word' id='word_1_327' title='bbox 493 1788 590 1810; x_wconf 87' lang='lat' dir='ltr'>tectum</span> <span class='ocrx_word' id='word_1_328' title='bbox 602 1784 790 1820; x_wconf 82' lang='lat' dir='ltr'>integrumque</span> <span class='ocrx_word' id='word_1_329' title='bbox 801 1788 879 1814; x_wconf 88' lang='lat' dir='ltr'>esset,</span> <span class='ocrx_word' id='word_1_330' title='bbox 895 1789 983 1810; x_wconf 84' lang='lat' dir='ltr'>tamen</span> 
     </span>
     <span class='ocr_line' id='line_1_46' title="bbox 193 1820 983 1856; baseline 0.001 -10"><span class='ocrx_word' id='word_1_331' title='bbox 193 1820 296 1855; x_wconf 87' lang='lat' dir='ltr'>aliquid</span> <span class='ocrx_word' id='word_1_332' title='bbox 318 1829 346 1846; x_wconf 84' lang='lat' dir='ltr'>se</span> <span class='ocrx_word' id='word_1_333' title='bbox 370 1822 555 1852; x_wconf 89' lang='lat' dir='ltr'>inventurum,</span> <span class='ocrx_word' id='word_1_334' title='bbox 580 1821 607 1847; x_wconf 92' lang='lat' dir='ltr'>in</span> <span class='ocrx_word' id='word_1_335' title='bbox 630 1830 683 1856; x_wconf 91' lang='lat' dir='ltr'>quo</span> <span class='ocrx_word' id='word_1_336' title='bbox 702 1821 789 1847; x_wconf 89' lang='lat' dir='ltr'>moliri</span> <span class='ocrx_word' id='word_1_337' title='bbox 808 1820 983 1856; x_wconf 85' lang='lat' dir='ltr'>praedarique</span> 
     </span>
     <span class='ocr_line' id='line_1_47' title="bbox 193 1857 983 1892; baseline 0 -8"><span class='ocrx_word' id='word_1_338' title='bbox 193 1862 290 1892; x_wconf 87' lang='lat' dir='ltr'>posset,</span> <span class='ocrx_word' id='word_1_339' title='bbox 306 1858 492 1884; x_wconf 80' lang='lat' dir='ltr'>arbitrabatur.</span> <span class='ocrx_word' id='word_1_340' title='bbox 535 1860 592 1885; x_wconf 75' lang='lat'>⁴32.</span> <span class='ocrx_word' id='word_1_341' title='bbox 608 1858 638 1884; x_wconf 94' lang='lat' dir='ltr'>L.</span> <span class='ocrx_word' id='word_1_342' title='bbox 654 1858 772 1885; x_wconf 86' lang='lat' dir='ltr'>Rabonio</span> <span class='ocrx_word' id='word_1_343' title='bbox 785 1857 876 1884; x_wconf 81' lang='lat' dir='ltr'>aedem</span> <span class='ocrx_word' id='word_1_344' title='bbox 891 1858 983 1884; x_wconf 88' lang='lat' dir='ltr'>Casto—</span> 
     </span>
     <span class='ocr_line' id='line_1_48' title="bbox 193 1895 984 1930; baseline 0 -9"><span class='ocrx_word' id='word_1_345' title='bbox 193 1895 229 1920; x_wconf 87' lang='lat' dir='ltr'>ris</span> <span class='ocrx_word' id='word_1_346' title='bbox 249 1895 314 1921; x_wconf 82' lang='lat' dir='ltr'>tradi</span> <span class='ocrx_word' id='word_1_347' title='bbox 333 1895 477 1930; x_wconf 90' lang='lat' dir='ltr'>oportebat.</span> <span class='ocrx_word' id='word_1_348' title='bbox 517 1896 542 1921; x_wconf 90' lang='lat' dir='ltr'>Is</span> <span class='ocrx_word' id='word_1_349' title='bbox 560 1904 623 1921; x_wconf 86' lang='lat' dir='ltr'>casu</span> <span class='ocrx_word' id='word_1_350' title='bbox 642 1895 740 1930; x_wconf 84' lang='lat' dir='ltr'>pupilli</span> <span class='ocrx_word' id='word_1_351' title='bbox 754 1895 823 1921; x_wconf 91' lang='lat' dir='ltr'>Iunii</span> <span class='ocrx_word' id='word_1_352' title='bbox 842 1899 911 1921; x_wconf 89' lang='lat' dir='ltr'>tutor</span> <span class='ocrx_word' id='word_1_353' title='bbox 928 1900 984 1922; x_wconf 89' lang='lat' dir='ltr'>erat</span> 
     </span>
     <span class='ocr_line' id='line_1_49' title="bbox 193 1932 983 1967; baseline 0 -9"><span class='ocrx_word' id='word_1_354' title='bbox 193 1937 349 1958; x_wconf 85' lang='lat' dir='ltr'>testamento</span> <span class='ocrx_word' id='word_1_355' title='bbox 371 1933 460 1967; x_wconf 86' lang='lat' dir='ltr'>patris.</span> <span class='ocrx_word' id='word_1_356' title='bbox 501 1932 567 1959; x_wconf 91' lang='lat' dir='ltr'>Cum</span> <span class='ocrx_word' id='word_1_357' title='bbox 589 1941 620 1958; x_wconf 90' lang='lat' dir='ltr'>eo</span> <span class='ocrx_word' id='word_1_358' title='bbox 641 1933 698 1959; x_wconf 90' lang='lat' dir='ltr'>sine</span> <span class='ocrx_word' id='word_1_359' title='bbox 716 1932 773 1958; x_wconf 90' lang='lat' dir='ltr'>ullo</span> <span class='ocrx_word' id='word_1_360' title='bbox 791 1932 983 1959; x_wconf 85' lang='lat' dir='ltr'>intertrimento</span> 
     </span>
     <span class='ocr_line' id='line_1_50' title="bbox 191 1969 982 2004; baseline 0 -9"><span class='ocrx_word' id='word_1_361' title='bbox 191 1974 349 1996; x_wconf 82' lang='lat' dir='ltr'>convenerat</span> <span class='ocrx_word' id='word_1_362' title='bbox 363 1970 428 2000; x_wconf 88' lang='lat' dir='ltr'>iam,</span> <span class='ocrx_word' id='word_1_363' title='bbox 449 1969 676 2004; x_wconf 87' lang='lat' dir='ltr'>quemadmodum</span> <span class='ocrx_word' id='word_1_364' title='bbox 690 1969 845 1996; x_wconf 84' lang='lat' dir='ltr'>traderetur.</span> <span class='ocrx_word' id='word_1_365' title='bbox 885 1969 937 1996; x_wconf 88' lang='lat' dir='ltr'>Iste</span> <span class='ocrx_word' id='word_1_366' title='bbox 950 1969 982 1996; x_wconf 89' lang='lat' dir='ltr'>ad</span> 
     </span>
     <span class='ocr_line' id='line_1_51' title="bbox 192 2006 984 2042; baseline 0.001 -10"><span class='ocrx_word' id='word_1_367' title='bbox 192 2015 220 2033; x_wconf 91' lang='lat' dir='ltr'>se</span> <span class='ocrx_word' id='word_1_368' title='bbox 233 2007 381 2033; x_wconf 84' lang='lat' dir='ltr'>Rabonium</span> <span class='ocrx_word' id='word_1_369' title='bbox 397 2011 485 2033; x_wconf 90' lang='lat' dir='ltr'>vocat:</span> <span class='ocrx_word' id='word_1_370' title='bbox 506 2007 621 2041; x_wconf 84' lang='lat' dir='ltr'>quaerit,</span> <span class='ocrx_word' id='word_1_371' title='bbox 642 2007 738 2042; x_wconf 89' lang='lat' dir='ltr'>ecquid</span> <span class='ocrx_word' id='word_1_372' title='bbox 752 2007 798 2038; x_wconf 84' lang='lat' dir='ltr'>sit,</span> <span class='ocrx_word' id='word_1_373' title='bbox 818 2006 891 2041; x_wconf 89' lang='lat' dir='ltr'>quod</span> <span class='ocrx_word' id='word_1_374' title='bbox 904 2015 918 2033; x_wconf 94' lang='lat' dir='ltr'>a</span> <span class='ocrx_word' id='word_1_375' title='bbox 932 2015 984 2041; x_wconf 88' lang='lat' dir='ltr'>pu—</span> 
     </span>
     <span class='ocr_line' id='line_1_52' title="bbox 192 2043 980 2079; baseline 0 -9"><span class='ocrx_word' id='word_1_376' title='bbox 192 2043 257 2078; x_wconf 92' lang='lat' dir='ltr'>pillo</span> <span class='ocrx_word' id='word_1_377' title='bbox 271 2044 395 2070; x_wconf 84' lang='lat' dir='ltr'>traditum</span> <span class='ocrx_word' id='word_1_378' title='bbox 411 2052 462 2070; x_wconf 92' lang='lat' dir='ltr'>non</span> <span class='ocrx_word' id='word_1_379' title='bbox 476 2044 518 2075; x_wconf 80' lang='lat' dir='ltr'>sit,</span> <span class='ocrx_word' id='word_1_380' title='bbox 535 2043 606 2078; x_wconf 88' lang='lat' dir='ltr'>quod</span> <span class='ocrx_word' id='word_1_381' title='bbox 620 2045 690 2079; x_wconf 81' lang='lat' dir='ltr'>exigi</span> <span class='ocrx_word' id='word_1_382' title='bbox 701 2044 803 2070; x_wconf 89' lang='lat' dir='ltr'>debeat.</span> <span class='ocrx_word' id='word_1_383' title='bbox 826 2043 915 2076; x_wconf 91' lang='lat' dir='ltr'>Quum</span> <span class='ocrx_word' id='word_1_384' title='bbox 925 2043 980 2075; x_wconf 86' lang='lat' dir='ltr'>ille,</span> 
     </span>
     <span class='ocr_line' id='line_1_53' title="bbox 193 2080 983 2116; baseline 0 -9"><span class='ocrx_word' id='word_1_385' title='bbox 193 2081 220 2107; x_wconf 90' lang='lat' dir='ltr'>id</span> <span class='ocrx_word' id='word_1_386' title='bbox 234 2081 305 2116; x_wconf 86' lang='lat' dir='ltr'>quod</span> <span class='ocrx_word' id='word_1_387' title='bbox 319 2085 381 2111; x_wconf 84' lang='lat' dir='ltr'>erat,</span> <span class='ocrx_word' id='word_1_388' title='bbox 398 2080 504 2112; x_wconf 88' lang='lat' dir='ltr'>diceret,</span> <span class='ocrx_word' id='word_1_389' title='bbox 522 2080 626 2107; x_wconf 83' lang='lat' dir='ltr'>facilem</span> <span class='ocrx_word' id='word_1_390' title='bbox 640 2081 744 2116; x_wconf 91' lang='lat' dir='ltr'>pupillo</span> <span class='ocrx_word' id='word_1_391' title='bbox 758 2080 925 2107; x_wconf 87' lang='lat' dir='ltr'>traditionem</span> <span class='ocrx_word' id='word_1_392' title='bbox 940 2089 983 2107; x_wconf 93' lang='lat' dir='ltr'>es-</span> 
     </span>
    </p>
   </div>
   <div class='ocr_carea' id='block_1_11' title="bbox 192 2117 1013 2154">
    <p class='ocr_par' dir='ltr' id='par_1_11' title="bbox 192 2117 1013 2154">
     <span class='ocr_line' id='line_1_54' title="bbox 192 2117 1013 2154; baseline 0.001 -10"><span class='ocrx_word' id='word_1_393' title='bbox 192 2127 233 2144; x_wconf 90' lang='lat' dir='ltr'>se:</span> <span class='ocrx_word' id='word_1_394' title='bbox 250 2119 325 2154; x_wconf 81' lang='lat' dir='ltr'>signa</span> <span class='ocrx_word' id='word_1_395' title='bbox 339 2122 364 2144; x_wconf 94' lang='lat' dir='ltr'>et</span> <span class='ocrx_word' id='word_1_396' title='bbox 377 2117 444 2144; x_wconf 92' lang='lat' dir='ltr'>dona</span> <span class='ocrx_word' id='word_1_397' title='bbox 458 2126 610 2152; x_wconf 84' lang='lat' dir='ltr'>comparere</span> <span class='ocrx_word' id='word_1_398' title='bbox 623 2119 726 2144; x_wconf 85' lang='lat' dir='ltr'>onmia:</span> <span class='ocrx_word' id='word_1_399' title='bbox 746 2118 836 2153; x_wconf 91' lang='lat' dir='ltr'>ipsum</span> <span class='ocrx_word' id='word_1_400' title='bbox 850 2117 981 2153; x_wconf 89' lang='lat' dir='ltr'>templum</span> <span class='ocrx_word' id='word_1_401' title='bbox 1012 2139 1013 2146; x_wconf 66' lang='lat'>,</span> 
     </span>
    </p>
   </div>
   <div class='ocr_carea' id='block_1_12' title="bbox 191 2155 982 2265">
    <p class='ocr_par' dir='ltr' id='par_1_12' title="bbox 191 2155 982 2265">
     <span class='ocr_line' id='line_1_55' title="bbox 191 2155 982 2191; baseline 0 -10"><span class='ocrx_word' id='word_1_402' title='bbox 191 2156 263 2182; x_wconf 90' lang='lat' dir='ltr'>omni</span> <span class='ocrx_word' id='word_1_403' title='bbox 277 2163 356 2190; x_wconf 85' lang='lat' dir='ltr'>opere</span> <span class='ocrx_word' id='word_1_404' title='bbox 369 2163 427 2181; x_wconf 88' lang='lat' dir='ltr'>esse</span> <span class='ocrx_word' id='word_1_405' title='bbox 441 2156 589 2191; x_wconf 83' lang='lat' dir='ltr'>integrum:</span> <span class='ocrx_word' id='word_1_406' title='bbox 609 2155 750 2191; x_wconf 84' lang='lat' dir='ltr'>indignum</span> <span class='ocrx_word' id='word_1_407' title='bbox 764 2155 808 2181; x_wconf 88' lang='lat' dir='ltr'>isti</span> <span class='ocrx_word' id='word_1_408' title='bbox 823 2155 907 2181; x_wconf 87' lang='lat' dir='ltr'>videri</span> <span class='ocrx_word' id='word_1_409' title='bbox 922 2164 982 2181; x_wconf 89' lang='lat' dir='ltr'>eoe-</span> 
     </span>
     <span class='ocr_line' id='line_1_56' title="bbox 191 2192 981 2227; baseline -0.001 -8"><span class='ocrx_word' id='word_1_410' title='bbox 191 2193 243 2227; x_wconf 87' lang='lat' dir='ltr'>pit,</span> <span class='ocrx_word' id='word_1_411' title='bbox 268 2201 302 2219; x_wconf 84' lang='lat' dir='ltr'>ex</span> <span class='ocrx_word' id='word_1_412' title='bbox 323 2196 393 2219; x_wconf 85' lang='lat' dir='ltr'>tanta</span> <span class='ocrx_word' id='word_1_413' title='bbox 414 2192 479 2219; x_wconf 85' lang='lat' dir='ltr'>aede</span> <span class='ocrx_word' id='word_1_414' title='bbox 501 2196 625 2227; x_wconf 83' lang='lat' dir='ltr'>tantoque</span> <span class='ocrx_word' id='word_1_415' title='bbox 646 2201 725 2227; x_wconf 88' lang='lat' dir='ltr'>opere</span> <span class='ocrx_word' id='word_1_416' title='bbox 743 2201 771 2218; x_wconf 89' lang='lat' dir='ltr'>se</span> <span class='ocrx_word' id='word_1_417' title='bbox 790 2201 842 2218; x_wconf 91' lang='lat' dir='ltr'>non</span> <span class='ocrx_word' id='word_1_418' title='bbox 859 2193 981 2227; x_wconf 90' lang='lat' dir='ltr'>opimum</span> 
     </span>
     <span class='ocr_line' id='line_1_57' title="bbox 191 2229 982 2265; baseline -0.001 -9"><span class='ocrx_word' id='word_1_419' title='bbox 191 2229 295 2265; x_wconf 86' lang='lat' dir='ltr'>praeda,</span> <span class='ocrx_word' id='word_1_420' title='bbox 312 2230 467 2265; x_wconf 89' lang='lat' dir='ltr'>praesertim</span> <span class='ocrx_word' id='word_1_421' title='bbox 482 2238 496 2256; x_wconf 88' lang='lat' dir='ltr'>a</span> <span class='ocrx_word' id='word_1_422' title='bbox 510 2229 622 2264; x_wconf 88' lang='lat' dir='ltr'>pupillo,</span> <span class='ocrx_word' id='word_1_423' title='bbox 638 2229 784 2256; x_wconf 88' lang='lat' dir='ltr'>discedere.</span> <span class='ocrx_word' id='word_1_424' title='bbox 807 2229 847 2255; x_wconf 92' lang='lat' dir='ltr'>LI.</span> <span class='ocrx_word' id='word_1_425' title='bbox 863 2231 919 2256; x_wconf 78' lang='lat'>⁴33.</span> <span class='ocrx_word' id='word_1_426' title='bbox 930 2230 982 2256; x_wconf 82' lang='lat' dir='ltr'>Ve-</span> 
     </span>
    </p>
   </div>
   <div class='ocr_carea' id='block_1_13' title="bbox 192 2266 1012 2302">
    <p class='ocr_par' dir='ltr' id='par_1_13' title="bbox 192 2266 1012 2302">
     <span class='ocr_line' id='line_1_58' title="bbox 192 2266 1012 2302; baseline -0.001 -9"><span class='ocrx_word' id='word_1_427' title='bbox 192 2268 229 2293; x_wconf 91' lang='lat' dir='ltr'>nit</span> <span class='ocrx_word' id='word_1_428' title='bbox 242 2267 300 2302; x_wconf 85' lang='lat' dir='ltr'>ipse</span> <span class='ocrx_word' id='word_1_429' title='bbox 313 2268 341 2293; x_wconf 92' lang='lat' dir='ltr'>in</span> <span class='ocrx_word' id='word_1_430' title='bbox 355 2267 446 2293; x_wconf 91' lang='lat' dir='ltr'>aedem</span> <span class='ocrx_word' id='word_1_431' title='bbox 461 2267 589 2294; x_wconf 88' lang='lat' dir='ltr'>Castoris:</span> <span class='ocrx_word' id='word_1_432' title='bbox 609 2266 757 2293; x_wconf 85' lang='lat' dir='ltr'>considerat</span> <span class='ocrx_word' id='word_1_433' title='bbox 770 2266 915 2301; x_wconf 83' lang='lat' dir='ltr'>templum:</span> <span class='ocrx_word' id='word_1_434' title='bbox 939 2267 982 2293; x_wconf 86' lang='lat' dir='ltr'>vi-</span> <span class='ocrx_word' id='word_1_435' title='bbox 1011 2282 1012 2297; x_wconf 57' lang='lat'>1</span> 
     </span>
    </p>
   </div>
   <div class='ocr_carea' id='block_1_14' title="bbox 191 2303 982 2414">
    <p class='ocr_par' dir='ltr' id='par_1_14' title="bbox 191 2303 982 2414">
     <span class='ocr_line' id='line_1_59' title="bbox 191 2303 982 2340; baseline 0 -10"><span class='ocrx_word' id='word_1_436' title='bbox 191 2304 234 2330; x_wconf 88' lang='lat' dir='ltr'>det</span> <span class='ocrx_word' id='word_1_437' title='bbox 248 2304 368 2340; x_wconf 86' lang='lat' dir='ltr'>undique</span> <span class='ocrx_word' id='word_1_438' title='bbox 382 2308 479 2331; x_wconf 88' lang='lat' dir='ltr'>tectum</span> <span class='ocrx_word' id='word_1_439' title='bbox 494 2303 672 2339; x_wconf 86' lang='lat' dir='ltr'>pulcherrime</span> <span class='ocrx_word' id='word_1_440' title='bbox 688 2303 849 2338; x_wconf 83' lang='lat' dir='ltr'>laqueatum,</span> <span class='ocrx_word' id='word_1_441' title='bbox 866 2308 982 2338; x_wconf 86' lang='lat' dir='ltr'>praeter-</span> 
     </span>
     <span class='ocr_line' id='line_1_60' title="bbox 191 2341 978 2405; baseline 0 -38"><span class='ocrx_word' id='word_1_442' title='bbox 191 2350 219 2367; x_wconf 89' lang='lat' dir='ltr'>ea</span> <span class='ocrx_word' id='word_1_443' title='bbox 231 2346 334 2405; x_wconf 32' lang='grc' dir='ltr'>’ἕπει-αι</span> <span class='ocrx_word' id='word_1_444' title='bbox 349 2350 416 2368; x_wconf 81' lang='lat' dir='ltr'>nova</span> <span class='ocrx_word' id='word_1_445' title='bbox 438 2346 518 2377; x_wconf 86' lang='lat' dir='ltr'>atque</span> <span class='ocrx_word' id='word_1_446' title='bbox 535 2342 646 2377; x_wconf 84' lang='lat' dir='ltr'>integra.</span> <span class='ocrx_word' id='word_1_447' title='bbox 686 2341 778 2367; x_wconf 85' lang='lat' dir='ltr'>Versat</span> <span class='ocrx_word' id='word_1_448' title='bbox 795 2349 838 2367; x_wconf 90' lang='lat' dir='ltr'>se:</span> <span class='ocrx_word' id='word_1_449' title='bbox 865 2341 978 2376; x_wconf 87' lang='lat' dir='ltr'>quaerit,</span> 
     </span>
     <span class='ocr_line' id='line_1_61' title="bbox 191 2387 321 2414; baseline 0 -10"><span class='ocrx_word' id='word_1_450' title='bbox 191 2387 237 2413; x_wconf 82' lang='lat' dir='ltr'>qui</span> <span class='ocrx_word' id='word_1_451' title='bbox 275 2387 321 2414; x_wconf 85' lang='lat' dir='ltr'>aga</span> 
     </span>
    </p>
   </div>
   <div class='ocr_carea' id='block_1_15' title="bbox 191 2452 981 2672">
    <p class='ocr_par' dir='ltr' id='par_1_15' title="bbox 191 2452 981 2672">
     <span class='ocr_line' id='line_1_62' title="bbox 192 2452 981 2487; baseline 0 -9"><span class='ocrx_word' id='word_1_452' title='bbox 192 2452 234 2478; x_wconf 87' lang='lat' dir='ltr'>hic</span> <span class='ocrx_word' id='word_1_453' title='bbox 247 2453 319 2486; x_wconf 88' lang='lat' dir='ltr'>quod</span> <span class='ocrx_word' id='word_1_454' title='bbox 333 2452 454 2483; x_wconf 87' lang='lat' dir='ltr'>moliare,</span> <span class='ocrx_word' id='word_1_455' title='bbox 476 2452 542 2479; x_wconf 90' lang='lat' dir='ltr'>nihil</span> <span class='ocrx_word' id='word_1_456' title='bbox 557 2453 652 2479; x_wconf 89' lang='lat' dir='ltr'>habes:</span> <span class='ocrx_word' id='word_1_457' title='bbox 672 2453 724 2479; x_wconf 88' lang='lat' dir='ltr'>nisi</span> <span class='ocrx_word' id='word_1_458' title='bbox 739 2452 804 2479; x_wconf 80' lang='lat' dir='ltr'>forte</span> <span class='ocrx_word' id='word_1_459' title='bbox 817 2453 859 2479; x_wconf 88' lang='lat' dir='ltr'>vis</span> <span class='ocrx_word' id='word_1_460' title='bbox 873 2452 906 2479; x_wconf 87' lang='lat' dir='ltr'>ad</span> <span class='ocrx_word' id='word_1_461' title='bbox 919 2461 981 2487; x_wconf 89' lang='lat' dir='ltr'>per-</span> 
     </span>
     <span class='ocr_line' id='line_1_63' title="bbox 192 2489 981 2525; baseline 0.001 -11"><span class='ocrx_word' id='word_1_462' title='bbox 192 2489 363 2523; x_wconf 82' lang='lat' dir='ltr'>pendiculum</span> <span class='ocrx_word' id='word_1_463' title='bbox 381 2490 519 2516; x_wconf 88' lang='lat' dir='ltr'>columnas</span> <span class='ocrx_word' id='word_1_464' title='bbox 537 2490 652 2525; x_wconf 77' lang='lat' dir='ltr'>exigere.</span> <span class='ocrx_word' id='word_1_465' title='bbox 691 2490 775 2516; x_wconf 84' lang='lat' dir='ltr'>Homo</span> <span class='ocrx_word' id='word_1_466' title='bbox 796 2490 916 2516; x_wconf 90' lang='lat' dir='ltr'>omnium</span> <span class='ocrx_word' id='word_1_467' title='bbox 939 2497 981 2515; x_wconf 91' lang='lat' dir='ltr'>re-</span> 
     </span>
     <span class='ocr_line' id='line_1_64' title="bbox 191 2526 977 2562; baseline 0.001 -11"><span class='ocrx_word' id='word_1_468' title='bbox 191 2534 250 2551; x_wconf 87' lang='lat' dir='ltr'>rum</span> <span class='ocrx_word' id='word_1_469' title='bbox 269 2526 408 2560; x_wconf 88' lang='lat' dir='ltr'>imperitus</span> <span class='ocrx_word' id='word_1_470' title='bbox 426 2527 542 2562; x_wconf 87' lang='lat' dir='ltr'>quaerit,</span> <span class='ocrx_word' id='word_1_471' title='bbox 562 2527 628 2561; x_wconf 90' lang='lat' dir='ltr'>quid</span> <span class='ocrx_word' id='word_1_472' title='bbox 647 2527 681 2553; x_wconf 89' lang='lat' dir='ltr'>sit</span> <span class='ocrx_word' id='word_1_473' title='bbox 699 2527 731 2552; x_wconf 88' lang='lat' dir='ltr'>ad</span> <span class='ocrx_word' id='word_1_474' title='bbox 745 2526 977 2561; x_wconf 86' lang='lat' dir='ltr'>perpendiculum.</span> 
     </span>
     <span class='ocr_line' id='line_1_65' title="bbox 191 2562 980 2598; baseline 0.001 -10"><span class='ocrx_word' id='word_1_475' title='bbox 191 2563 287 2588; x_wconf 86' lang='lat' dir='ltr'>Dicunt</span> <span class='ocrx_word' id='word_1_476' title='bbox 298 2563 330 2593; x_wconf 83' lang='lat' dir='ltr'>ei,</span> <span class='ocrx_word' id='word_1_477' title='bbox 352 2562 405 2589; x_wconf 82' lang='lat' dir='ltr'>sere</span> <span class='ocrx_word' id='word_1_478' title='bbox 419 2563 520 2590; x_wconf 85' lang='lat' dir='ltr'>nullam</span> <span class='ocrx_word' id='word_1_479' title='bbox 535 2572 592 2589; x_wconf 86' lang='lat' dir='ltr'>esse</span> <span class='ocrx_word' id='word_1_480' title='bbox 606 2563 771 2594; x_wconf 81' lang='lat' dir='ltr'>columnam,</span> <span class='ocrx_word' id='word_1_481' title='bbox 791 2572 860 2598; x_wconf 89' lang='lat' dir='ltr'>quae</span> <span class='ocrx_word' id='word_1_482' title='bbox 873 2563 906 2589; x_wconf 87' lang='lat' dir='ltr'>ad</span> <span class='ocrx_word' id='word_1_483' title='bbox 920 2571 980 2598; x_wconf 90' lang='lat' dir='ltr'>per-</span> 
     </span>
     <span class='ocr_line' id='line_1_66' title="bbox 191 2599 977 2635; baseline 0.003 -11"><span class='ocrx_word' id='word_1_484' title='bbox 191 2599 363 2634; x_wconf 87' lang='lat' dir='ltr'>pendiculum</span> <span class='ocrx_word' id='word_1_485' title='bbox 385 2608 444 2626; x_wconf 87' lang='lat' dir='ltr'>esse</span> <span class='ocrx_word' id='word_1_486' title='bbox 465 2601 558 2635; x_wconf 89' lang='lat' dir='ltr'>possit.</span> <span class='ocrx_word' id='word_1_487' title='bbox 599 2601 665 2626; x_wconf 77' lang='lat' dir='ltr'>Nam</span> <span class='ocrx_word' id='word_1_488' title='bbox 689 2599 852 2631; x_wconf 74' lang='lat' dir='ltr'>mehercule,</span> <span class='ocrx_word' id='word_1_489' title='bbox 881 2600 977 2634; x_wconf 88' lang='lat' dir='ltr'>inquit,</span> 
     </span>
     <span class='ocr_line' id='line_1_67' title="bbox 191 2636 977 2672; baseline 0 -10"><span class='ocrx_word' id='word_1_490' title='bbox 191 2636 229 2662; x_wconf 85' lang='lat' dir='ltr'>sic</span> <span class='ocrx_word' id='word_1_491' title='bbox 247 2645 370 2671; x_wconf 79' lang='lat' dir='ltr'>agamus:</span> <span class='ocrx_word' id='word_1_492' title='bbox 390 2636 528 2663; x_wconf 86' lang='lat' dir='ltr'>columnae</span> <span class='ocrx_word' id='word_1_493' title='bbox 547 2637 578 2663; x_wconf 88' lang='lat' dir='ltr'>ad</span> <span class='ocrx_word' id='word_1_494' title='bbox 593 2636 814 2671; x_wconf 89' lang='lat' dir='ltr'>perpendiculum</span> <span class='ocrx_word' id='word_1_495' title='bbox 828 2637 977 2672; x_wconf 88' lang='lat' dir='ltr'>exigantur.</span> 
     </span>
    </p>
   </div>
   <div class='ocr_carea' id='block_1_16' title="bbox 834 409 1011 443">
    <p class='ocr_par' dir='ltr' id='par_1_16' title="bbox 834 409 1011 443">
     <span class='ocr_line' id='line_1_68' title="bbox 834 409 1011 443; baseline 0 -8"><span class='ocrx_word' id='word_1_496' title='bbox 834 410 870 435; x_wconf 83' lang='lat' dir='ltr'>Ne</span> <span class='ocrx_word' id='word_1_497' title='bbox 891 410 950 435; x_wconf 83' lang='lat' dir='ltr'>tabu</span> <span class='ocrx_word' id='word_1_498' title='bbox 957 409 988 435; x_wconf 71' lang='lat' dir='ltr'>lia</span> <span class='ocrx_word' id='word_1_499' title='bbox 1010 433 1011 443; x_wconf 59' lang='lat'>,</span> 
     </span>
    </p>
   </div>
   <div class='ocr_carea' id='block_1_17' title="bbox 1009 358 1011 432">
    <p class='ocr_par' dir='ltr' id='par_1_17' title="bbox 1009 358 1011 432">
     <span class='ocr_line' id='line_1_69' title="bbox 1009 358 1011 432; baseline 0 2620"><span class='ocrx_word' id='word_1_500' title='bbox 1009 358 1011 432; x_wconf 95' lang='lat' dir='ltr'> </span> 
     </span>
    </p>
   </div>
   <div class='ocr_carea' id='block_1_18' title="bbox 192 2377 1011 2451">
    <p class='ocr_par' dir='ltr' id='par_1_18' title="bbox 192 2377 1011 2451">
     <span class='ocr_line' id='line_1_70' title="bbox 383 2377 1011 2413; baseline -0.002 -8"><span class='ocrx_word' id='word_1_501' title='bbox 383 2379 450 2405; x_wconf 90' lang='lat' dir='ltr'>Dicit</span> <span class='ocrx_word' id='word_1_502' title='bbox 470 2379 493 2405; x_wconf 88' lang='lat' dir='ltr'>ei</span> <span class='ocrx_word' id='word_1_503' title='bbox 512 2378 622 2413; x_wconf 89' lang='lat' dir='ltr'>quidam</span> <span class='ocrx_word' id='word_1_504' title='bbox 641 2386 674 2404; x_wconf 82' lang='lat' dir='ltr'>ex</span> <span class='ocrx_word' id='word_1_505' title='bbox 691 2377 746 2404; x_wconf 87' lang='lat' dir='ltr'>illis</span> <span class='ocrx_word' id='word_1_506' title='bbox 763 2378 888 2408; x_wconf 88' lang='lat' dir='ltr'>canibus,</span> <span class='ocrx_word' id='word_1_507' title='bbox 913 2387 980 2413; x_wconf 87' lang='lat' dir='ltr'>quos</span> <span class='ocrx_word' id='word_1_508' title='bbox 1010 2401 1011 2405; x_wconf 72' lang='grc'>,</span> 
     </span>
     <span class='ocr_line' id='line_1_71' title="bbox 192 2415 1011 2451; baseline 0 -11"><span class='ocrx_word' id='word_1_509' title='bbox 192 2415 240 2441; x_wconf 85' lang='lat' dir='ltr'>iste</span> <span class='ocrx_word' id='word_1_510' title='bbox 255 2416 346 2451; x_wconf 83' lang='lat' dir='ltr'>Liguri</span> <span class='ocrx_word' id='word_1_511' title='bbox 360 2416 462 2442; x_wconf 82' lang='lat' dir='ltr'>dixerat</span> <span class='ocrx_word' id='word_1_512' title='bbox 475 2424 533 2442; x_wconf 89' lang='lat' dir='ltr'>esse</span> <span class='ocrx_word' id='word_1_513' title='bbox 551 2415 618 2441; x_wconf 84' lang='lat' dir='ltr'>circa</span> <span class='ocrx_word' id='word_1_514' title='bbox 637 2424 665 2442; x_wconf 89' lang='lat' dir='ltr'>se</span> <span class='ocrx_word' id='word_1_515' title='bbox 683 2415 796 2442; x_wconf 89' lang='lat' dir='ltr'>multos:</span> <span class='ocrx_word' id='word_1_516' title='bbox 817 2420 858 2446; x_wconf 92' lang='lat' dir='ltr'>tu,</span> <span class='ocrx_word' id='word_1_517' title='bbox 875 2416 977 2446; x_wconf 80' lang='lat' dir='ltr'>Verres,</span> <span class='ocrx_word' id='word_1_518' title='bbox 1009 2433 1011 2440; x_wconf 32' lang='grc' dir='ltr'><strong>Α</strong></span> 
     </span>
    </p>
   </div>
   <div class='ocr_carea' id='block_1_19' title="bbox 1002 1077 1012 2626">
    <p class='ocr_par' dir='ltr' id='par_1_19' title="bbox 1002 1077 1012 2626">
     <span class='ocr_line' id='line_1_72' title="bbox 1002 1077 1012 2626; baseline 0 0"><span class='ocrx_word' id='word_1_519' title='bbox 1002 1077 1012 2626; x_wconf 95' lang='lat' dir='ltr'> </span> 
     </span>
    </p>
   </div>
   <div class='ocr_carea' id='block_1_20' title="bbox 1010 724 1020 2655">
    <p class='ocr_par' dir='ltr' id='par_1_20' title="bbox 1010 724 1020 2655">
     <span class='ocr_line' id='line_1_73' title="bbox 1010 724 1020 2655; baseline 0 0"><span class='ocrx_word' id='word_1_520' title='bbox 1010 724 1020 2655; x_wconf 95' lang='lat' dir='ltr'> </span> 
     </span>
    </p>
   </div>
   <div class='ocr_carea' id='block_1_21' title="bbox 918 154 1250 180">
    <p class='ocr_par' dir='ltr' id='par_1_21' title="bbox 918 154 1250 180">
     <span class='ocr_line' id='line_1_74' title="bbox 918 154 1250 180; baseline -0.003 0"><span class='ocrx_word' id='word_1_521' title='bbox 918 155 946 180; x_wconf 87' lang='grc' dir='ltr'>Τ.</span> <span class='ocrx_word' id='word_1_522' title='bbox 977 154 1250 180; x_wconf 59' lang='grc' dir='ltr'>(ἱΗῖΙίΠυῖἰΙὲἱ</span> 
     </span>
    </p>
   </div>
   <div class='ocr_carea' id='block_1_22' title="bbox 1038 224 1831 373">
    <p class='ocr_par' dir='ltr' id='par_1_22' title="bbox 1038 224 1831 373">
     <span class='ocr_line' id='line_1_75' title="bbox 1040 224 1829 260; baseline 0.005 -9"><span class='ocrx_word' id='word_1_523' title='bbox 1040 234 1084 251; x_wconf 71' lang='lat' dir='ltr'>rus</span> <span class='ocrx_word' id='word_1_524' title='bbox 1100 230 1200 250; x_wconf 77' lang='lat' dir='ltr'>tantum</span> <span class='ocrx_word' id='word_1_525' title='bbox 1215 224 1399 251; x_wconf 80' lang='lat' dir='ltr'>columnarum</span> <span class='ocrx_word' id='word_1_526' title='bbox 1415 226 1538 255; x_wconf 77' lang='lat' dir='ltr'>traditur,</span> <span class='ocrx_word' id='word_1_527' title='bbox 1556 226 1739 260; x_wconf 61' lang='lat' dir='ltr'>&#39;wrffmndiculi</span> <span class='ocrx_word' id='word_1_528' title='bbox 1754 236 1829 255; x_wconf 85' lang='lat' dir='ltr'>men·</span> 
     </span>
     <span class='ocr_line' id='line_1_76' title="bbox 1040 262 1830 298; baseline 0.004 -11"><span class='ocrx_word' id='word_1_529' title='bbox 1040 263 1075 287; x_wconf 81' lang='lat' dir='ltr'>tio</span> <span class='ocrx_word' id='word_1_530' title='bbox 1089 262 1116 287; x_wconf 86' lang='lat' dir='ltr'>lit</span> <span class='ocrx_word' id='word_1_531' title='bbox 1132 262 1217 290; x_wconf 84' lang='lat' dir='ltr'>nulla.</span> <span class='ocrx_word' id='word_1_532' title='bbox 1234 262 1318 296; x_wconf 85' lang='lat' dir='ltr'>etqui</span> <span class='ocrx_word' id='word_1_533' title='bbox 1335 271 1385 288; x_wconf 86' lang='lat' dir='ltr'>non</span> <span class='ocrx_word' id='word_1_534' title='bbox 1400 268 1503 296; x_wconf 79' lang='lat' dir='ltr'>putaret</span> <span class='ocrx_word' id='word_1_535' title='bbox 1517 264 1567 289; x_wconf 61' lang='lat' dir='ltr'>vilui</span> <span class='ocrx_word' id='word_1_536' title='bbox 1582 264 1721 298; x_wconf 80' lang='lat' dir='ltr'>expedire,</span> <span class='ocrx_word' id='word_1_537' title='bbox 1738 265 1771 290; x_wconf 82' lang='lat' dir='ltr'>ita</span> <span class='ocrx_word' id='word_1_538' title='bbox 1786 274 1830 290; x_wconf 81' lang='lat' dir='ltr'>ac·</span> 
     </span>
     <span class='ocr_line' id='line_1_77' title="bbox 1038 298 1830 336; baseline 0.008 -14"><span class='ocrx_word' id='word_1_539' title='bbox 1038 300 1135 332; x_wconf 67' lang='lat' dir='ltr'>ripere,</span> <span class='ocrx_word' id='word_1_540' title='bbox 1153 308 1184 324; x_wconf 91' lang='lat' dir='ltr'>ne</span> <span class='ocrx_word' id='word_1_541' title='bbox 1199 298 1290 324; x_wconf 71' lang='lat' dir='ltr'>(emicui</span> <span class='ocrx_word' id='word_1_542' title='bbox 1307 298 1384 324; x_wconf 86' lang='lat' dir='ltr'>modo</span> <span class='ocrx_word' id='word_1_543' title='bbox 1398 299 1554 326; x_wconf 78' lang='lat' dir='ltr'>tradendum</span> <span class='ocrx_word' id='word_1_544' title='bbox 1568 306 1645 329; x_wconf 61' lang='lat' dir='ltr'>esau-t.</span> <span class='ocrx_word' id='word_1_545' title='bbox 1663 306 1740 336; x_wconf 68' lang='lat' dir='ltr'>negat</span> <span class='ocrx_word' id='word_1_546' title='bbox 1754 301 1780 327; x_wconf 74' lang='lat' dir='ltr'>int</span> <span class='ocrx_word' id='word_1_547' title='bbox 1791 303 1830 328; x_wconf 71' lang='lat' dir='ltr'>si-</span> 
     </span>
     <span class='ocr_line' id='line_1_78' title="bbox 1040 335 1831 373; baseline 0.004 -12"><span class='ocrx_word' id='word_1_548' title='bbox 1040 336 1065 361; x_wconf 81' lang='lat' dir='ltr'>bi</span> <span class='ocrx_word' id='word_1_549' title='bbox 1080 335 1184 361; x_wconf 82' lang='lat' dir='ltr'>deberi:</span> <span class='ocrx_word' id='word_1_550' title='bbox 1202 340 1278 370; x_wconf 74' lang='lat' dir='ltr'>negat</span> <span class='ocrx_word' id='word_1_551' title='bbox 1291 340 1409 370; x_wconf 81' lang='lat' dir='ltr'>oportere</span> <span class='ocrx_word' id='word_1_552' title='bbox 1423 337 1502 371; x_wconf 69' lang='lat' dir='ltr'>exigi.</span> <span class='ocrx_word' id='word_1_553' title='bbox 1526 338 1576 363; x_wconf 60' lang='lat' dir='ltr'>beu,-</span> <span class='ocrx_word' id='word_1_554' title='bbox 1591 338 1738 364; x_wconf 75' lang='lat' dir='ltr'>liabonium</span> <span class='ocrx_word' id='word_1_555' title='bbox 1752 339 1831 373; x_wconf 82' lang='lat' dir='ltr'>quie-</span> 
     </span>
    </p>
   </div>
   <div class='ocr_carea' id='block_1_23' title="bbox 1017 372 1830 409">
    <p class='ocr_par' dir='ltr' id='par_1_23' title="bbox 1017 372 1830 409">
     <span class='ocr_line' id='line_1_79' title="bbox 1017 372 1830 409; baseline 0.005 -12"><span class='ocrx_word' id='word_1_556' title='bbox 1017 387 1018 390; x_wconf 55' lang='lat'><em>«</em></span> <span class='ocrx_word' id='word_1_557' title='bbox 1039 381 1111 398; x_wconf 57' lang='lat' dir='ltr'>avere</span> <span class='ocrx_word' id='word_1_558' title='bbox 1130 373 1216 402; x_wconf 82' lang='lat' dir='ltr'>iubet,</span> <span class='ocrx_word' id='word_1_559' title='bbox 1241 377 1266 398; x_wconf 87' lang='lat' dir='ltr'>et</span> <span class='ocrx_word' id='word_1_560' title='bbox 1280 372 1360 398; x_wconf 75' lang='lat' dir='ltr'>simul</span> <span class='ocrx_word' id='word_1_561' title='bbox 1380 373 1403 399; x_wconf 82' lang='lat' dir='ltr'>ei</span> <span class='ocrx_word' id='word_1_562' title='bbox 1422 374 1576 400; x_wconf 77' lang='lat' dir='ltr'>nonnullam</span> <span class='ocrx_word' id='word_1_563' title='bbox 1599 384 1673 409; x_wconf 69' lang='lat' dir='ltr'>apem</span> <span class='ocrx_word' id='word_1_564' title='bbox 1697 375 1830 402; x_wconf 62' lang='lat' dir='ltr'>stu-inuiis</span> 
     </span>
    </p>
   </div>
   <div class='ocr_carea' id='block_1_24' title="bbox 1037 409 1831 1262">
    <p class='ocr_par' dir='ltr' id='par_1_24' title="bbox 1037 409 1831 1262">
     <span class='ocr_line' id='line_1_80' title="bbox 1039 409 1828 447; baseline 0.008 -14"><span class='ocrx_word' id='word_1_565' title='bbox 1039 409 1163 435; x_wconf 67' lang='lat' dir='ltr'>ostendit.</span> <span class='ocrx_word' id='word_1_566' title='bbox 1187 410 1325 435; x_wconf 80' lang='lat' dir='ltr'>Hominem</span> <span class='ocrx_word' id='word_1_567' title='bbox 1341 410 1490 436; x_wconf 71' lang='lat' dir='ltr'>modestum</span> <span class='ocrx_word' id='word_1_568' title='bbox 1505 416 1529 437; x_wconf 85' lang='lat' dir='ltr'>et</span> <span class='ocrx_word' id='word_1_569' title='bbox 1544 411 1654 437; x_wconf 82' lang='lat' dir='ltr'>minime</span> <span class='ocrx_word' id='word_1_570' title='bbox 1669 414 1828 447; x_wconf 72' lang='lat' dir='ltr'>pertinacem</span> 
     </span>
     <span class='ocr_line' id='line_1_81' title="bbox 1040 446 1830 475; baseline 0.004 -3"><span class='ocrx_word' id='word_1_571' title='bbox 1040 446 1115 472; x_wconf 73' lang='lat' dir='ltr'>facile</span> <span class='ocrx_word' id='word_1_572' title='bbox 1129 451 1242 472; x_wconf 79' lang='lat' dir='ltr'>coercet:</span> <span class='ocrx_word' id='word_1_573' title='bbox 1259 446 1396 473; x_wconf 64' lang='lat' dir='ltr'>columnas</span> <span class='ocrx_word' id='word_1_574' title='bbox 1411 447 1444 472; x_wconf 85' lang='lat' dir='ltr'>ita</span> <span class='ocrx_word' id='word_1_575' title='bbox 1459 457 1488 473; x_wconf 75' lang='lat' dir='ltr'>se</span> <span class='ocrx_word' id='word_1_576' title='bbox 1499 453 1653 475; x_wconf 81' lang='lat' dir='ltr'>exacturum</span> <span class='ocrx_word' id='word_1_577' title='bbox 1665 458 1722 474; x_wconf 68' lang='lat' dir='ltr'>esst</span> <span class='ocrx_word' id='word_1_578' title='bbox 1735 450 1830 475; x_wconf 63' lang='lat' dir='ltr'>contir-</span> 
     </span>
     <span class='ocr_line' id='line_1_82' title="bbox 1040 484 1830 520; baseline 0.004 -11"><span class='ocrx_word' id='word_1_579' title='bbox 1040 488 1101 509; x_wconf 87' lang='lat' dir='ltr'>mat.</span> <span class='ocrx_word' id='word_1_580' title='bbox 1144 485 1200 509; x_wconf 72' lang='lat'>⁴³5.</span> <span class='ocrx_word' id='word_1_581' title='bbox 1217 484 1288 509; x_wconf 75' lang='lat' dir='ltr'>Nova</span> <span class='ocrx_word' id='word_1_582' title='bbox 1303 492 1344 509; x_wconf 70' lang='lat' dir='ltr'>res</span> <span class='ocrx_word' id='word_1_583' title='bbox 1359 488 1437 519; x_wconf 84' lang='lat' dir='ltr'>atque</span> <span class='ocrx_word' id='word_1_584' title='bbox 1453 485 1596 519; x_wconf 73' lang='lat' dir='ltr'>improvisa</span> <span class='ocrx_word' id='word_1_585' title='bbox 1611 486 1707 520; x_wconf 89' lang='lat' dir='ltr'>pupilli</span> <span class='ocrx_word' id='word_1_586' title='bbox 1722 486 1830 512; x_wconf 73' lang='lat' dir='ltr'>calami-</span> 
     </span>
     <span class='ocr_line' id='line_1_83' title="bbox 1039 521 1829 558; baseline 0.004 -12"><span class='ocrx_word' id='word_1_587' title='bbox 1039 526 1077 547; x_wconf 72' lang='lat' dir='ltr'>tas</span> <span class='ocrx_word' id='word_1_588' title='bbox 1097 521 1233 547; x_wconf 77' lang='lat' dir='ltr'>nuntiatur</span> <span class='ocrx_word' id='word_1_589' title='bbox 1251 521 1339 546; x_wconf 74' lang='lat' dir='ltr'>statim</span> <span class='ocrx_word' id='word_1_590' title='bbox 1359 522 1387 547; x_wconf 74' lang='grc' dir='ltr'>(Σ.</span> <span class='ocrx_word' id='word_1_591' title='bbox 1405 521 1514 552; x_wconf 77' lang='lat' dir='ltr'>Mustio,</span> <span class='ocrx_word' id='word_1_592' title='bbox 1537 522 1629 548; x_wconf 70' lang='lat' dir='ltr'>vitrico</span> <span class='ocrx_word' id='word_1_593' title='bbox 1647 523 1757 557; x_wconf 82' lang='lat' dir='ltr'>pupilli,</span> <span class='ocrx_word' id='word_1_594' title='bbox 1782 524 1829 558; x_wconf 87' lang='lat' dir='ltr'>qui</span> 
     </span>
     <span class='ocr_line' id='line_1_84' title="bbox 1039 558 1831 593; baseline 0.005 -10"><span class='ocrx_word' id='word_1_595' title='bbox 1039 567 1123 592; x_wconf 85' lang='lat' dir='ltr'>nuper</span> <span class='ocrx_word' id='word_1_596' title='bbox 1137 562 1177 583; x_wconf 83' lang='lat' dir='ltr'>est</span> <span class='ocrx_word' id='word_1_597' title='bbox 1191 562 1321 587; x_wconf 69' lang='lat' dir='ltr'>mortuus,</span> <span class='ocrx_word' id='word_1_598' title='bbox 1340 558 1373 583; x_wconf 74' lang='lat' dir='ltr'>M.</span> <span class='ocrx_word' id='word_1_599' title='bbox 1390 559 1472 587; x_wconf 83' lang='lat' dir='ltr'>Iunio.</span> <span class='ocrx_word' id='word_1_600' title='bbox 1490 563 1591 593; x_wconf 83' lang='lat' dir='ltr'>patruo,</span> <span class='ocrx_word' id='word_1_601' title='bbox 1609 560 1637 586; x_wconf 88' lang='lat' dir='ltr'>P.</span> <span class='ocrx_word' id='word_1_602' title='bbox 1654 560 1747 586; x_wconf 85' lang='lat' dir='ltr'>Potitio</span> <span class='ocrx_word' id='word_1_603' title='bbox 1761 565 1831 587; x_wconf 73' lang='lat' dir='ltr'>tuto-</span> 
     </span>
     <span class='ocr_line' id='line_1_85' title="bbox 1039 594 1830 631; baseline 0.004 -10"><span class='ocrx_word' id='word_1_604' title='bbox 1039 595 1073 625; x_wconf 87' lang='lat' dir='ltr'>ri,</span> <span class='ocrx_word' id='word_1_605' title='bbox 1095 595 1196 621; x_wconf 89' lang='lat' dir='ltr'>homini</span> <span class='ocrx_word' id='word_1_606' title='bbox 1217 594 1408 629; x_wconf 69' lang='lat' dir='ltr'>frugalissimo.</span> <span class='ocrx_word' id='word_1_607' title='bbox 1450 596 1480 621; x_wconf 91' lang='lat' dir='ltr'>lli</span> <span class='ocrx_word' id='word_1_608' title='bbox 1500 605 1554 622; x_wconf 88' lang='lat' dir='ltr'>rem</span> <span class='ocrx_word' id='word_1_609' title='bbox 1573 596 1604 622; x_wconf 83' lang='lat' dir='ltr'>ad</span> <span class='ocrx_word' id='word_1_610' title='bbox 1625 597 1711 623; x_wconf 89' lang='lat' dir='ltr'>virum</span> <span class='ocrx_word' id='word_1_611' title='bbox 1732 598 1830 631; x_wconf 84' lang='lat' dir='ltr'>prima-</span> 
     </span>
     <span class='ocr_line' id='line_1_86' title="bbox 1039 631 1830 668; baseline 0.003 -10"><span class='ocrx_word' id='word_1_612' title='bbox 1039 633 1121 663; x_wconf 90' lang='lat' dir='ltr'>rium,</span> <span class='ocrx_word' id='word_1_613' title='bbox 1142 641 1249 658; x_wconf 80' lang='lat' dir='ltr'>summo</span> <span class='ocrx_word' id='word_1_614' title='bbox 1267 631 1354 658; x_wconf 69' lang='lat' dir='ltr'>ostie-io</span> <span class='ocrx_word' id='word_1_615' title='bbox 1372 641 1401 657; x_wconf 85' lang='lat' dir='ltr'>ac</span> <span class='ocrx_word' id='word_1_616' title='bbox 1417 633 1512 658; x_wconf 83' lang='lat' dir='ltr'>virtute</span> <span class='ocrx_word' id='word_1_617' title='bbox 1527 633 1689 668; x_wconf 83' lang='lat' dir='ltr'>praeditum,</span> <span class='ocrx_word' id='word_1_618' title='bbox 1711 634 1745 660; x_wconf 73' lang='lat' dir='ltr'>M.</span> <span class='ocrx_word' id='word_1_619' title='bbox 1763 635 1830 660; x_wconf 76' lang='lat' dir='ltr'>Mar-</span> 
     </span>
     <span class='ocr_line' id='line_1_87' title="bbox 1038 669 1829 704; baseline 0.003 -9"><span class='ocrx_word' id='word_1_620' title='bbox 1038 669 1149 700; x_wconf 79' lang='lat' dir='ltr'>cellum,</span> <span class='ocrx_word' id='word_1_621' title='bbox 1169 670 1216 704; x_wconf 88' lang='lat' dir='ltr'>qui</span> <span class='ocrx_word' id='word_1_622' title='bbox 1236 674 1291 695; x_wconf 87' lang='lat' dir='ltr'>erat</span> <span class='ocrx_word' id='word_1_623' title='bbox 1309 669 1405 704; x_wconf 89' lang='lat' dir='ltr'>pupilli</span> <span class='ocrx_word' id='word_1_624' title='bbox 1425 674 1507 700; x_wconf 81' lang='lat' dir='ltr'>tutor,</span> <span class='ocrx_word' id='word_1_625' title='bbox 1530 670 1661 697; x_wconf 76' lang='lat' dir='ltr'>deferunt.</span> <span class='ocrx_word' id='word_1_626' title='bbox 1703 671 1779 697; x_wconf 80' lang='lat' dir='ltr'>venit</span> <span class='ocrx_word' id='word_1_627' title='bbox 1797 671 1829 697; x_wconf 78' lang='lat' dir='ltr'>ad</span> 
     </span>
     <span class='ocr_line' id='line_1_88' title="bbox 1040 706 1830 742; baseline 0.003 -10"><span class='ocrx_word' id='word_1_628' title='bbox 1040 707 1144 732; x_wconf 89' lang='lat' dir='ltr'>Verrem</span> <span class='ocrx_word' id='word_1_629' title='bbox 1161 707 1195 732; x_wconf 78' lang='lat' dir='ltr'>M.</span> <span class='ocrx_word' id='word_1_630' title='bbox 1212 706 1366 732; x_wconf 73' lang='lat' dir='ltr'>Mart-ellus:</span> <span class='ocrx_word' id='word_1_631' title='bbox 1388 707 1452 741; x_wconf 84' lang='lat' dir='ltr'>petit</span> <span class='ocrx_word' id='word_1_632' title='bbox 1466 707 1499 733; x_wconf 86' lang='lat' dir='ltr'>ab</span> <span class='ocrx_word' id='word_1_633' title='bbox 1513 716 1543 733; x_wconf 83' lang='lat' dir='ltr'>eo</span> <span class='ocrx_word' id='word_1_634' title='bbox 1557 716 1604 742; x_wconf 91' lang='lat' dir='ltr'>pro</span> <span class='ocrx_word' id='word_1_635' title='bbox 1618 717 1665 733; x_wconf 76' lang='lat' dir='ltr'>sua</span> <span class='ocrx_word' id='word_1_636' title='bbox 1680 708 1731 734; x_wconf 80' lang='lat' dir='ltr'>fide</span> <span class='ocrx_word' id='word_1_637' title='bbox 1746 717 1775 734; x_wconf 80' lang='lat' dir='ltr'>ac</span> <span class='ocrx_word' id='word_1_638' title='bbox 1788 708 1830 734; x_wconf 84' lang='lat' dir='ltr'>di-</span> 
     </span>
     <span class='ocr_line' id='line_1_89' title="bbox 1039 743 1829 779; baseline 0.003 -10"><span class='ocrx_word' id='word_1_639' title='bbox 1039 744 1146 779; x_wconf 78' lang='lat' dir='ltr'>ligentia</span> <span class='ocrx_word' id='word_1_640' title='bbox 1165 744 1289 778; x_wconf 79' lang='lat' dir='ltr'>pluribus</span> <span class='ocrx_word' id='word_1_641' title='bbox 1309 743 1410 772; x_wconf 81' lang='lat' dir='ltr'>verbis,</span> <span class='ocrx_word' id='word_1_642' title='bbox 1438 753 1469 770; x_wconf 91' lang='lat' dir='ltr'>ne</span> <span class='ocrx_word' id='word_1_643' title='bbox 1488 753 1534 779; x_wconf 86' lang='lat' dir='ltr'>per</span> <span class='ocrx_word' id='word_1_644' title='bbox 1552 754 1685 771; x_wconf 82' lang='lat' dir='ltr'>summam</span> <span class='ocrx_word' id='word_1_645' title='bbox 1704 745 1829 772; x_wconf 83' lang='lat' dir='ltr'>iniuriam</span> 
     </span>
     <span class='ocr_line' id='line_1_90' title="bbox 1039 780 1828 816; baseline 0.003 -10"><span class='ocrx_word' id='word_1_646' title='bbox 1039 781 1172 815; x_wconf 91' lang='lat' dir='ltr'>pupillum</span> <span class='ocrx_word' id='word_1_647' title='bbox 1193 781 1298 807; x_wconf 86' lang='lat' dir='ltr'>lunium</span> <span class='ocrx_word' id='word_1_648' title='bbox 1319 780 1431 807; x_wconf 74' lang='lat' dir='ltr'>fortunis</span> <span class='ocrx_word' id='word_1_649' title='bbox 1455 782 1546 816; x_wconf 80' lang='lat' dir='ltr'>patriis</span> <span class='ocrx_word' id='word_1_650' title='bbox 1568 787 1678 808; x_wconf 87' lang='lat' dir='ltr'>conetur</span> <span class='ocrx_word' id='word_1_651' title='bbox 1701 787 1828 809; x_wconf 86' lang='lat' dir='ltr'>evertere.</span> 
     </span>
     <span class='ocr_line' id='line_1_91' title="bbox 1039 819 1831 853; baseline 0.001 -9"><span class='ocrx_word' id='word_1_652' title='bbox 1039 819 1097 848; x_wconf 70' lang='lat' dir='ltr'>iste,</span> <span class='ocrx_word' id='word_1_653' title='bbox 1114 819 1161 853; x_wconf 89' lang='lat' dir='ltr'>qui</span> <span class='ocrx_word' id='word_1_654' title='bbox 1176 819 1227 844; x_wconf 87' lang='lat' dir='ltr'>iam</span> <span class='ocrx_word' id='word_1_655' title='bbox 1242 827 1290 852; x_wconf 82' lang='lat' dir='ltr'>spe.</span> <span class='ocrx_word' id='word_1_656' title='bbox 1304 823 1382 852; x_wconf 84' lang='lat' dir='ltr'>atque</span> <span class='ocrx_word' id='word_1_657' title='bbox 1396 819 1519 853; x_wconf 85' lang='lat' dir='ltr'>opinione</span> <span class='ocrx_word' id='word_1_658' title='bbox 1530 819 1653 853; x_wconf 78' lang='lat' dir='ltr'>praedam</span> <span class='ocrx_word' id='word_1_659' title='bbox 1666 819 1738 845; x_wconf 88' lang='lat' dir='ltr'>illam</span> <span class='ocrx_word' id='word_1_660' title='bbox 1748 819 1831 846; x_wconf 87' lang='lat' dir='ltr'>devo-</span> 
     </span>
     <span class='ocr_line' id='line_1_92' title="bbox 1039 855 1830 891; baseline 0.003 -10"><span class='ocrx_word' id='word_1_661' title='bbox 1039 860 1134 886; x_wconf 72' lang='lat' dir='ltr'>rasset,</span> <span class='ocrx_word' id='word_1_662' title='bbox 1156 864 1242 890; x_wconf 85' lang='lat' dir='ltr'>neque.</span> <span class='ocrx_word' id='word_1_663' title='bbox 1262 855 1314 880; x_wconf 77' lang='lat' dir='ltr'>ulla</span> <span class='ocrx_word' id='word_1_664' title='bbox 1330 856 1461 890; x_wconf 85' lang='lat' dir='ltr'>aequitate</span> <span class='ocrx_word' id='word_1_665' title='bbox 1475 857 1600 882; x_wconf 79' lang='lat' dir='ltr'>orationis</span> <span class='ocrx_word' id='word_1_666' title='bbox 1615 865 1701 891; x_wconf 85' lang='lat' dir='ltr'>neque</span> <span class='ocrx_word' id='word_1_667' title='bbox 1715 857 1830 883; x_wconf 76' lang='lat' dir='ltr'>auetori-</span> 
     </span>
     <span class='ocr_line' id='line_1_93' title="bbox 1039 892 1829 928; baseline 0.003 -10"><span class='ocrx_word' id='word_1_668' title='bbox 1039 897 1089 918; x_wconf 85' lang='lat' dir='ltr'>tate</span> <span class='ocrx_word' id='word_1_669' title='bbox 1104 893 1138 918; x_wconf 77' lang='lat' dir='ltr'>M.</span> <span class='ocrx_word' id='word_1_670' title='bbox 1155 892 1270 918; x_wconf 66' lang='lat' dir='ltr'>Maru-elli</span> <span class='ocrx_word' id='word_1_671' title='bbox 1285 897 1432 918; x_wconf 77' lang='lat' dir='ltr'>commotus</span> <span class='ocrx_word' id='word_1_672' title='bbox 1447 897 1495 919; x_wconf 79' lang='lat' dir='ltr'>est.</span> <span class='ocrx_word' id='word_1_673' title='bbox 1535 894 1637 928; x_wconf 85' lang='lat' dir='ltr'>ltaque,</span> <span class='ocrx_word' id='word_1_674' title='bbox 1654 893 1829 928; x_wconf 84' lang='lat' dir='ltr'>quemadmo-</span> 
     </span>
     <span class='ocr_line' id='line_1_94' title="bbox 1038 929 1827 965; baseline 0.003 -10"><span class='ocrx_word' id='word_1_675' title='bbox 1038 929 1103 955; x_wconf 89' lang='lat' dir='ltr'>dum</span> <span class='ocrx_word' id='word_1_676' title='bbox 1125 929 1297 960; x_wconf 70' lang='lat' dir='ltr'>ostendisset,</span> <span class='ocrx_word' id='word_1_677' title='bbox 1326 938 1354 955; x_wconf 89' lang='lat' dir='ltr'>se</span> <span class='ocrx_word' id='word_1_678' title='bbox 1377 929 1403 955; x_wconf 88' lang='lat' dir='ltr'>id</span> <span class='ocrx_word' id='word_1_679' title='bbox 1426 935 1580 956; x_wconf 85' lang='lat' dir='ltr'>exacturum</span> <span class='ocrx_word' id='word_1_680' title='bbox 1604 939 1663 956; x_wconf 75' lang='lat' dir='ltr'>esse</span> <span class='ocrx_word' id='word_1_681' title='bbox 1682 930 1827 965; x_wconf 81' lang='lat' dir='ltr'>respondit.</span> 
     </span>
     <span class='ocr_line' id='line_1_95' title="bbox 1041 966 1830 1003; baseline 0.001 -11"><span class='ocrx_word' id='word_1_682' title='bbox 1041 969 1096 992; x_wconf 72' lang='lat'>¹36.</span> <span class='ocrx_word' id='word_1_683' title='bbox 1118 966 1207 999; x_wconf 89' lang='lat' dir='ltr'>Quum</span> <span class='ocrx_word' id='word_1_684' title='bbox 1221 966 1274 992; x_wconf 87' lang='lat' dir='ltr'>sibi</span> <span class='ocrx_word' id='word_1_685' title='bbox 1288 975 1380 992; x_wconf 89' lang='lat' dir='ltr'>omnes</span> <span class='ocrx_word' id='word_1_686' title='bbox 1394 966 1427 992; x_wconf 84' lang='lat' dir='ltr'>ad</span> <span class='ocrx_word' id='word_1_687' title='bbox 1442 967 1523 993; x_wconf 84' lang='lat' dir='ltr'>istum</span> <span class='ocrx_word' id='word_1_688' title='bbox 1542 967 1713 1003; x_wconf 77' lang='lat' dir='ltr'>allegationes</span> <span class='ocrx_word' id='word_1_689' title='bbox 1731 967 1830 994; x_wconf 79' lang='lat' dir='ltr'>diffiei-</span> 
     </span>
     <span class='ocr_line' id='line_1_96' title="bbox 1040 1003 1831 1039; baseline 0.001 -10"><span class='ocrx_word' id='word_1_690' title='bbox 1040 1003 1090 1035; x_wconf 83' lang='lat' dir='ltr'>les,</span> <span class='ocrx_word' id='word_1_691' title='bbox 1116 1012 1208 1030; x_wconf 83' lang='lat' dir='ltr'>omnes</span> <span class='ocrx_word' id='word_1_692' title='bbox 1223 1003 1311 1029; x_wconf 83' lang='lat' dir='ltr'>aditus</span> <span class='ocrx_word' id='word_1_693' title='bbox 1326 1003 1422 1029; x_wconf 84' lang='lat' dir='ltr'>arduos</span> <span class='ocrx_word' id='word_1_694' title='bbox 1436 1013 1465 1030; x_wconf 86' lang='lat' dir='ltr'>ac</span> <span class='ocrx_word' id='word_1_695' title='bbox 1479 1004 1568 1039; x_wconf 85' lang='lat' dir='ltr'>potius</span> <span class='ocrx_word' id='word_1_696' title='bbox 1583 1004 1740 1031; x_wconf 82' lang='lat' dir='ltr'>interclusos</span> <span class='ocrx_word' id='word_1_697' title='bbox 1755 1005 1831 1031; x_wconf 81' lang='lat' dir='ltr'>vide-</span> 
     </span>
     <span class='ocr_line' id='line_1_97' title="bbox 1039 1040 1830 1076; baseline 0.003 -10"><span class='ocrx_word' id='word_1_698' title='bbox 1039 1046 1109 1071; x_wconf 86' lang='lat' dir='ltr'>rent,</span> <span class='ocrx_word' id='word_1_699' title='bbox 1126 1040 1197 1075; x_wconf 89' lang='lat' dir='ltr'>apud</span> <span class='ocrx_word' id='word_1_700' title='bbox 1211 1049 1291 1076; x_wconf 91' lang='lat' dir='ltr'>quem</span> <span class='ocrx_word' id='word_1_701' title='bbox 1307 1049 1358 1067; x_wconf 86' lang='lat' dir='ltr'>non</span> <span class='ocrx_word' id='word_1_702' title='bbox 1373 1041 1430 1071; x_wconf 84' lang='lat' dir='ltr'>ius,</span> <span class='ocrx_word' id='word_1_703' title='bbox 1447 1050 1497 1067; x_wconf 90' lang='lat' dir='ltr'>non</span> <span class='ocrx_word' id='word_1_704' title='bbox 1512 1042 1640 1076; x_wconf 81' lang='lat' dir='ltr'>aequitas,</span> <span class='ocrx_word' id='word_1_705' title='bbox 1658 1050 1708 1068; x_wconf 88' lang='lat' dir='ltr'>non</span> <span class='ocrx_word' id='word_1_706' title='bbox 1723 1042 1830 1068; x_wconf 81' lang='lat' dir='ltr'>miseri-</span> 
     </span>
     <span class='ocr_line' id='line_1_98' title="bbox 1037 1078 1829 1112; baseline 0.003 -9"><span class='ocrx_word' id='word_1_707' title='bbox 1037 1078 1135 1108; x_wconf 89' lang='lat' dir='ltr'>cordia,</span> <span class='ocrx_word' id='word_1_708' title='bbox 1152 1087 1202 1104; x_wconf 90' lang='lat' dir='ltr'>non</span> <span class='ocrx_word' id='word_1_709' title='bbox 1218 1078 1362 1112; x_wconf 85' lang='lat' dir='ltr'>propinqui</span> <span class='ocrx_word' id='word_1_710' title='bbox 1373 1079 1463 1109; x_wconf 79' lang='lat' dir='ltr'>oratio,</span> <span class='ocrx_word' id='word_1_711' title='bbox 1481 1087 1530 1105; x_wconf 91' lang='lat' dir='ltr'>non</span> <span class='ocrx_word' id='word_1_712' title='bbox 1541 1079 1620 1105; x_wconf 85' lang='lat' dir='ltr'>amici</span> <span class='ocrx_word' id='word_1_713' title='bbox 1633 1078 1763 1109; x_wconf 80' lang='lat' dir='ltr'>voluntas,</span> <span class='ocrx_word' id='word_1_714' title='bbox 1777 1087 1829 1106; x_wconf 87' lang='lat' dir='ltr'>non</span> 
     </span>
     <span class='ocr_line' id='line_1_99' title="bbox 1037 1115 1826 1151; baseline 0.001 -10"><span class='ocrx_word' id='word_1_715' title='bbox 1037 1116 1198 1150; x_wconf 87' lang='lat' dir='ltr'>cuiusquam</span> <span class='ocrx_word' id='word_1_716' title='bbox 1214 1115 1354 1141; x_wconf 86' lang='lat' dir='ltr'>auctoritas</span> <span class='ocrx_word' id='word_1_717' title='bbox 1369 1124 1416 1150; x_wconf 90' lang='lat' dir='ltr'>pro</span> <span class='ocrx_word' id='word_1_718' title='bbox 1429 1116 1526 1150; x_wconf 88' lang='lat' dir='ltr'>preti0,</span> <span class='ocrx_word' id='word_1_719' title='bbox 1548 1125 1599 1142; x_wconf 92' lang='lat' dir='ltr'>non</span> <span class='ocrx_word' id='word_1_720' title='bbox 1617 1117 1700 1151; x_wconf 82' lang='lat' dir='ltr'>gratia</span> <span class='ocrx_word' id='word_1_721' title='bbox 1716 1115 1826 1142; x_wconf 86' lang='lat' dir='ltr'>valeret:</span> 
     </span>
     <span class='ocr_line' id='line_1_100' title="bbox 1038 1152 1830 1188; baseline 0.001 -10"><span class='ocrx_word' id='word_1_722' title='bbox 1038 1157 1166 1183; x_wconf 86' lang='lat' dir='ltr'>statuunt,</span> <span class='ocrx_word' id='word_1_723' title='bbox 1183 1152 1210 1178; x_wconf 91' lang='lat' dir='ltr'>id</span> <span class='ocrx_word' id='word_1_724' title='bbox 1224 1152 1277 1178; x_wconf 85' lang='lat' dir='ltr'>sibi</span> <span class='ocrx_word' id='word_1_725' title='bbox 1291 1153 1422 1187; x_wconf 88' lang='lat' dir='ltr'>optimum</span> <span class='ocrx_word' id='word_1_726' title='bbox 1437 1161 1496 1178; x_wconf 84' lang='lat' dir='ltr'>esse</span> <span class='ocrx_word' id='word_1_727' title='bbox 1507 1153 1585 1183; x_wconf 79' lang='lat' dir='ltr'>factu,</span> <span class='ocrx_word' id='word_1_728' title='bbox 1601 1153 1674 1188; x_wconf 89' lang='lat' dir='ltr'>quod</span> <span class='ocrx_word' id='word_1_729' title='bbox 1683 1153 1770 1179; x_wconf 83' lang='lat' dir='ltr'>cuivis</span> <span class='ocrx_word' id='word_1_730' title='bbox 1783 1161 1830 1179; x_wconf 54' lang='lat' dir='ltr'>v&amp;</span> 
     </span>
     <span class='ocr_line' id='line_1_101' title="bbox 1038 1189 1829 1225; baseline 0.001 -10"><span class='ocrx_word' id='word_1_731' title='bbox 1038 1190 1121 1216; x_wconf 89' lang='lat' dir='ltr'>nisset</span> <span class='ocrx_word' id='word_1_732' title='bbox 1135 1190 1162 1215; x_wconf 91' lang='lat' dir='ltr'>in</span> <span class='ocrx_word' id='word_1_733' title='bbox 1177 1194 1301 1219; x_wconf 78' lang='lat' dir='ltr'>mentem,</span> <span class='ocrx_word' id='word_1_734' title='bbox 1318 1194 1406 1224; x_wconf 88' lang='lat' dir='ltr'>petere</span> <span class='ocrx_word' id='word_1_735' title='bbox 1420 1189 1552 1216; x_wconf 83' lang='lat' dir='ltr'>auxilium</span> <span class='ocrx_word' id='word_1_736' title='bbox 1567 1199 1579 1215; x_wconf 83' lang='lat' dir='ltr'>a</span> <span class='ocrx_word' id='word_1_737' title='bbox 1595 1190 1747 1221; x_wconf 88' lang='lat' dir='ltr'>Chelidone,</span> <span class='ocrx_word' id='word_1_738' title='bbox 1759 1198 1829 1225; x_wconf 80' lang='lat' dir='ltr'>quae</span> 
     </span>
     <span class='ocr_line' id='line_1_102' title="bbox 1038 1227 1829 1262; baseline 0 -9"><span class='ocrx_word' id='word_1_739' title='bbox 1038 1227 1088 1253; x_wconf 88' lang='lat' dir='ltr'>isto</span> <span class='ocrx_word' id='word_1_740' title='bbox 1102 1231 1219 1261; x_wconf 84' lang='lat' dir='ltr'>praetore</span> <span class='ocrx_word' id='word_1_741' title='bbox 1234 1235 1284 1253; x_wconf 90' lang='lat' dir='ltr'>non</span> <span class='ocrx_word' id='word_1_742' title='bbox 1300 1227 1377 1253; x_wconf 91' lang='lat' dir='ltr'>modo</span> <span class='ocrx_word' id='word_1_743' title='bbox 1390 1227 1416 1253; x_wconf 92' lang='lat' dir='ltr'>in</span> <span class='ocrx_word' id='word_1_744' title='bbox 1432 1227 1488 1253; x_wconf 93' lang='lat' dir='ltr'>iure</span> <span class='ocrx_word' id='word_1_745' title='bbox 1502 1227 1590 1258; x_wconf 78' lang='lat' dir='ltr'>civili,</span> <span class='ocrx_word' id='word_1_746' title='bbox 1611 1227 1829 1262; x_wconf 78' lang='lat' dir='ltr'>privatorumque</span> 
     </span>
    </p>
   </div>
   <div class='ocr_carea' id='block_1_25' title="bbox 1015 1259 1828 1299">
    <p class='ocr_par' dir='ltr' id='par_1_25' title="bbox 1015 1259 1828 1299">
     <span class='ocr_line' id='line_1_103' title="bbox 1015 1259 1828 1299; baseline 0 -9"><span class='ocrx_word' id='word_1_747' title='bbox 1015 1259 1017 1280; x_wconf 71' lang='lat'><em>³</em></span> <span class='ocrx_word' id='word_1_748' title='bbox 1037 1265 1157 1290; x_wconf 91' lang='lat' dir='ltr'>omnium</span> <span class='ocrx_word' id='word_1_749' title='bbox 1172 1264 1371 1293; x_wconf 82' lang='lat' dir='ltr'>controversiis.</span> <span class='ocrx_word' id='word_1_750' title='bbox 1393 1264 1492 1298; x_wconf 89' lang='lat' dir='ltr'>populo</span> <span class='ocrx_word' id='word_1_751' title='bbox 1505 1265 1622 1290; x_wconf 81' lang='lat' dir='ltr'>Romano</span> <span class='ocrx_word' id='word_1_752' title='bbox 1635 1264 1762 1299; x_wconf 81' lang='lat' dir='ltr'>praefuit,</span> <span class='ocrx_word' id='word_1_753' title='bbox 1783 1272 1828 1291; x_wconf 86' lang='lat' dir='ltr'>ve-</span> 
     </span>
    </p>
   </div>
   <div class='ocr_carea' id='block_1_26' title="bbox 1033 1301 1828 2078">
    <p class='ocr_par' dir='ltr' id='par_1_26' title="bbox 1038 1301 1734 1336">
     <span class='ocr_line' id='line_1_104' title="bbox 1038 1301 1734 1336; baseline 0 -9"><span class='ocrx_word' id='word_1_754' title='bbox 1038 1310 1097 1327; x_wconf 92' lang='lat' dir='ltr'>rum</span> <span class='ocrx_word' id='word_1_755' title='bbox 1112 1301 1189 1327; x_wconf 89' lang='lat' dir='ltr'>etiam</span> <span class='ocrx_word' id='word_1_756' title='bbox 1205 1301 1231 1327; x_wconf 91' lang='lat' dir='ltr'>in</span> <span class='ocrx_word' id='word_1_757' title='bbox 1246 1301 1289 1327; x_wconf 91' lang='lat' dir='ltr'>his</span> <span class='ocrx_word' id='word_1_758' title='bbox 1303 1301 1381 1327; x_wconf 88' lang='lat' dir='ltr'>sartis</span> <span class='ocrx_word' id='word_1_759' title='bbox 1396 1301 1525 1336; x_wconf 85' lang='lat' dir='ltr'>tectisque</span> <span class='ocrx_word' id='word_1_760' title='bbox 1539 1301 1671 1327; x_wconf 83' lang='lat' dir='ltr'>dominata</span> <span class='ocrx_word' id='word_1_761' title='bbox 1685 1305 1734 1328; x_wconf 85' lang='lat' dir='ltr'>est.</span> 
     </span>
    </p>

    <p class='ocr_par' dir='ltr' id='par_1_27' title="bbox 1033 1337 1828 2078">
     <span class='ocr_line' id='line_1_105' title="bbox 1092 1337 1827 1373; baseline 0 -9"><span class='ocrx_word' id='word_1_762' title='bbox 1092 1339 1144 1364; x_wconf 91' lang='lat' dir='ltr'>LII.</span> <span class='ocrx_word' id='word_1_763' title='bbox 1162 1339 1218 1364; x_wconf 76' lang='lat'>⁴37.</span> <span class='ocrx_word' id='word_1_764' title='bbox 1234 1338 1311 1364; x_wconf 89' lang='lat' dir='ltr'>Venit</span> <span class='ocrx_word' id='word_1_765' title='bbox 1325 1337 1357 1364; x_wconf 85' lang='lat' dir='ltr'>ad</span> <span class='ocrx_word' id='word_1_766' title='bbox 1371 1337 1543 1364; x_wconf 88' lang='lat' dir='ltr'>Chelidonem</span> <span class='ocrx_word' id='word_1_767' title='bbox 1558 1338 1587 1365; x_wconf 91' lang='lat' dir='ltr'>C.</span> <span class='ocrx_word' id='word_1_768' title='bbox 1603 1338 1728 1369; x_wconf 82' lang='lat' dir='ltr'>Mustius,</span> <span class='ocrx_word' id='word_1_769' title='bbox 1744 1346 1827 1373; x_wconf 83' lang='lat' dir='ltr'>eques</span> 
     </span>
     <span class='ocr_line' id='line_1_106' title="bbox 1038 1375 1826 1410; baseline 0.001 -9"><span class='ocrx_word' id='word_1_770' title='bbox 1038 1376 1185 1405; x_wconf 82' lang='lat' dir='ltr'>Romanus,</span> <span class='ocrx_word' id='word_1_771' title='bbox 1207 1375 1381 1410; x_wconf 87' lang='lat' dir='ltr'>publicanus,</span> <span class='ocrx_word' id='word_1_772' title='bbox 1407 1375 1486 1401; x_wconf 87' lang='lat' dir='ltr'>homo</span> <span class='ocrx_word' id='word_1_773' title='bbox 1498 1384 1559 1401; x_wconf 91' lang='lat' dir='ltr'>cum</span> <span class='ocrx_word' id='word_1_774' title='bbox 1574 1376 1668 1410; x_wconf 89' lang='lat' dir='ltr'>primis</span> <span class='ocrx_word' id='word_1_775' title='bbox 1683 1375 1826 1402; x_wconf 86' lang='lat' dir='ltr'>honestus:</span> 
     </span>
     <span class='ocr_line' id='line_1_107' title="bbox 1038 1412 1828 1448; baseline 0.001 -10"><span class='ocrx_word' id='word_1_776' title='bbox 1038 1413 1110 1438; x_wconf 88' lang='lat' dir='ltr'>venit</span> <span class='ocrx_word' id='word_1_777' title='bbox 1123 1413 1158 1438; x_wconf 88' lang='lat' dir='ltr'>M.</span> <span class='ocrx_word' id='word_1_778' title='bbox 1175 1412 1282 1443; x_wconf 91' lang='lat' dir='ltr'>Iunius,</span> <span class='ocrx_word' id='word_1_779' title='bbox 1298 1417 1410 1446; x_wconf 86' lang='lat' dir='ltr'>patruus</span> <span class='ocrx_word' id='word_1_780' title='bbox 1424 1413 1514 1447; x_wconf 87' lang='lat' dir='ltr'>pueri,</span> <span class='ocrx_word' id='word_1_781' title='bbox 1535 1412 1735 1448; x_wconf 78' lang='lat' dir='ltr'>frugalissimus</span> <span class='ocrx_word' id='word_1_782' title='bbox 1749 1412 1828 1439; x_wconf 87' lang='lat' dir='ltr'>homo</span> 
     </span>
     <span class='ocr_line' id='line_1_108' title="bbox 1037 1449 1828 1484; baseline 0.001 -9"><span class='ocrx_word' id='word_1_783' title='bbox 1037 1454 1062 1476; x_wconf 90' lang='lat' dir='ltr'>et</span> <span class='ocrx_word' id='word_1_784' title='bbox 1075 1449 1258 1475; x_wconf 87' lang='lat' dir='ltr'>castissimus:</span> <span class='ocrx_word' id='word_1_785' title='bbox 1275 1449 1347 1475; x_wconf 89' lang='lat' dir='ltr'>venit</span> <span class='ocrx_word' id='word_1_786' title='bbox 1361 1449 1440 1476; x_wconf 92' lang='lat' dir='ltr'>homo</span> <span class='ocrx_word' id='word_1_787' title='bbox 1453 1458 1560 1476; x_wconf 88' lang='lat' dir='ltr'>summo</span> <span class='ocrx_word' id='word_1_788' title='bbox 1570 1449 1676 1480; x_wconf 87' lang='lat' dir='ltr'>honore,</span> <span class='ocrx_word' id='word_1_789' title='bbox 1693 1449 1793 1484; x_wconf 87' lang='lat' dir='ltr'>pudore</span> <span class='ocrx_word' id='word_1_790' title='bbox 1803 1454 1828 1476; x_wconf 90' lang='lat' dir='ltr'>et</span> 
     </span>
     <span class='ocr_line' id='line_1_109' title="bbox 1037 1485 1827 1520; baseline 0.001 -8"><span class='ocrx_word' id='word_1_791' title='bbox 1037 1495 1143 1513; x_wconf 88' lang='lat' dir='ltr'>summo</span> <span class='ocrx_word' id='word_1_792' title='bbox 1156 1485 1243 1512; x_wconf 78' lang='lat' dir='ltr'>officio</span> <span class='ocrx_word' id='word_1_793' title='bbox 1256 1487 1469 1520; x_wconf 83' lang='lat' dir='ltr'>spectatissimus</span> <span class='ocrx_word' id='word_1_794' title='bbox 1483 1486 1584 1513; x_wconf 89' lang='lat' dir='ltr'>ordinis</span> <span class='ocrx_word' id='word_1_795' title='bbox 1598 1487 1654 1518; x_wconf 89' lang='lat' dir='ltr'>sui,</span> <span class='ocrx_word' id='word_1_796' title='bbox 1670 1487 1699 1513; x_wconf 91' lang='lat' dir='ltr'>P.</span> <span class='ocrx_word' id='word_1_797' title='bbox 1714 1487 1827 1513; x_wconf 74' lang='lat' dir='ltr'>Potitius</span> 
     </span>
     <span class='ocr_line' id='line_1_110' title="bbox 1037 1523 1826 1560; baseline 0.001 -11"><span class='ocrx_word' id='word_1_798' title='bbox 1037 1528 1115 1550; x_wconf 90' lang='lat' dir='ltr'>tutor.</span> <span class='ocrx_word' id='word_1_799' title='bbox 1137 1523 1159 1550; x_wconf 96' lang='grc' dir='ltr'>Ο</span> <span class='ocrx_word' id='word_1_800' title='bbox 1173 1523 1266 1549; x_wconf 84' lang='lat' dir='ltr'>multis</span> <span class='ocrx_word' id='word_1_801' title='bbox 1280 1523 1411 1554; x_wconf 83' lang='lat' dir='ltr'>acerbam,</span> <span class='ocrx_word' id='word_1_802' title='bbox 1426 1532 1442 1550; x_wconf 96' lang='grc' dir='ltr'>ο</span> <span class='ocrx_word' id='word_1_803' title='bbox 1456 1524 1581 1550; x_wconf 84' lang='lat' dir='ltr'>miseram</span> <span class='ocrx_word' id='word_1_804' title='bbox 1595 1528 1674 1559; x_wconf 85' lang='lat' dir='ltr'>atque</span> <span class='ocrx_word' id='word_1_805' title='bbox 1688 1523 1826 1560; x_wconf 81' lang='lat' dir='ltr'>indignam</span> 
     </span>
     <span class='ocr_line' id='line_1_111' title="bbox 1035 1560 1827 1596; baseline 0.001 -10"><span class='ocrx_word' id='word_1_806' title='bbox 1035 1565 1186 1596; x_wconf 85' lang='lat' dir='ltr'>praeturam</span> <span class='ocrx_word' id='word_1_807' title='bbox 1201 1560 1288 1586; x_wconf 82' lang='lat' dir='ltr'>tuaml</span> <span class='ocrx_word' id='word_1_808' title='bbox 1315 1560 1348 1587; x_wconf 92' lang='lat' dir='ltr'>Ut</span> <span class='ocrx_word' id='word_1_809' title='bbox 1362 1560 1464 1587; x_wconf 85' lang='lat' dir='ltr'>mittam</span> <span class='ocrx_word' id='word_1_810' title='bbox 1478 1566 1571 1592; x_wconf 86' lang='lat' dir='ltr'>cetera,</span> <span class='ocrx_word' id='word_1_811' title='bbox 1588 1569 1643 1596; x_wconf 90' lang='lat' dir='ltr'>quo</span> <span class='ocrx_word' id='word_1_812' title='bbox 1656 1561 1761 1587; x_wconf 88' lang='lat' dir='ltr'>tandem</span> <span class='ocrx_word' id='word_1_813' title='bbox 1775 1569 1827 1595; x_wconf 87' lang='lat' dir='ltr'>pu-</span> 
     </span>
     <span class='ocr_line' id='line_1_112' title="bbox 1035 1597 1827 1632; baseline 0.001 -9"><span class='ocrx_word' id='word_1_814' title='bbox 1035 1598 1098 1624; x_wconf 86' lang='lat' dir='ltr'>dore</span> <span class='ocrx_word' id='word_1_815' title='bbox 1113 1597 1178 1624; x_wconf 86' lang='lat' dir='ltr'>tales</span> <span class='ocrx_word' id='word_1_816' title='bbox 1192 1597 1273 1627; x_wconf 89' lang='lat' dir='ltr'>viros,</span> <span class='ocrx_word' id='word_1_817' title='bbox 1289 1605 1343 1632; x_wconf 87' lang='lat' dir='ltr'>quo</span> <span class='ocrx_word' id='word_1_818' title='bbox 1355 1597 1445 1624; x_wconf 91' lang='lat' dir='ltr'>dolore</span> <span class='ocrx_word' id='word_1_819' title='bbox 1459 1598 1606 1624; x_wconf 88' lang='lat' dir='ltr'>meretricis</span> <span class='ocrx_word' id='word_1_820' title='bbox 1616 1597 1726 1624; x_wconf 91' lang='lat' dir='ltr'>domum</span> <span class='ocrx_word' id='word_1_821' title='bbox 1737 1598 1827 1624; x_wconf 75' lang='lat' dir='ltr'>venis-</span> 
     </span>
     <span class='ocr_line' id='line_1_113' title="bbox 1035 1633 1826 1669; baseline 0 -8"><span class='ocrx_word' id='word_1_822' title='bbox 1035 1643 1064 1661; x_wconf 90' lang='lat' dir='ltr'>se</span> <span class='ocrx_word' id='word_1_823' title='bbox 1082 1633 1266 1661; x_wconf 73' lang='lat' dir='ltr'>arbitramini?</span> <span class='ocrx_word' id='word_1_824' title='bbox 1283 1635 1331 1669; x_wconf 90' lang='lat' dir='ltr'>qui</span> <span class='ocrx_word' id='word_1_825' title='bbox 1349 1643 1496 1669; x_wconf 88' lang='lat' dir='ltr'>numquam</span> <span class='ocrx_word' id='word_1_826' title='bbox 1516 1634 1570 1661; x_wconf 92' lang='lat' dir='ltr'>ulla</span> <span class='ocrx_word' id='word_1_827' title='bbox 1583 1634 1732 1662; x_wconf 89' lang='lat' dir='ltr'>conditione</span> <span class='ocrx_word' id='word_1_828' title='bbox 1746 1635 1826 1661; x_wconf 82' lang='lat' dir='ltr'>istam</span> 
     </span>
     <span class='ocr_line' id='line_1_114' title="bbox 1035 1671 1826 1707; baseline 0.001 -10"><span class='ocrx_word' id='word_1_829' title='bbox 1035 1672 1229 1706; x_wconf 82' lang='lat' dir='ltr'>turpitudinem</span> <span class='ocrx_word' id='word_1_830' title='bbox 1241 1671 1387 1702; x_wconf 87' lang='lat' dir='ltr'>subissent,</span> <span class='ocrx_word' id='word_1_831' title='bbox 1404 1672 1456 1698; x_wconf 90' lang='lat' dir='ltr'>nisi</span> <span class='ocrx_word' id='word_1_832' title='bbox 1469 1671 1551 1698; x_wconf 75' lang='lat' dir='ltr'>officii</span> <span class='ocrx_word' id='word_1_833' title='bbox 1565 1672 1826 1707; x_wconf 86' lang='lat' dir='ltr'>necessitudinisque</span> 
     </span>
     <span class='ocr_line' id='line_1_115' title="bbox 1035 1708 1824 1744; baseline 0.001 -9"><span class='ocrx_word' id='word_1_834' title='bbox 1035 1709 1099 1735; x_wconf 90' lang='lat' dir='ltr'>ratio</span> <span class='ocrx_word' id='word_1_835' title='bbox 1117 1709 1257 1744; x_wconf 85' lang='lat' dir='ltr'>coegisset.</span> <span class='ocrx_word' id='word_1_836' title='bbox 1297 1708 1425 1739; x_wconf 87' lang='lat' dir='ltr'>Veniunt,</span> <span class='ocrx_word' id='word_1_837' title='bbox 1451 1713 1481 1735; x_wconf 90' lang='lat' dir='ltr'>ut</span> <span class='ocrx_word' id='word_1_838' title='bbox 1498 1708 1569 1740; x_wconf 87' lang='lat' dir='ltr'>dico,</span> <span class='ocrx_word' id='word_1_839' title='bbox 1590 1708 1622 1735; x_wconf 91' lang='lat' dir='ltr'>ad</span> <span class='ocrx_word' id='word_1_840' title='bbox 1641 1709 1824 1736; x_wconf 87' lang='lat' dir='ltr'>Chelidonem.</span> 
     </span>
     <span class='ocr_line' id='line_1_116' title="bbox 1034 1745 1827 1780; baseline 0.001 -8"><span class='ocrx_word' id='word_1_841' title='bbox 1034 1747 1133 1772; x_wconf 90' lang='lat' dir='ltr'>Domus</span> <span class='ocrx_word' id='word_1_842' title='bbox 1147 1750 1201 1772; x_wconf 88' lang='lat' dir='ltr'>erat</span> <span class='ocrx_word' id='word_1_843' title='bbox 1215 1745 1306 1780; x_wconf 87' lang='lat' dir='ltr'>plena:</span> <span class='ocrx_word' id='word_1_844' title='bbox 1323 1754 1390 1772; x_wconf 85' lang='lat' dir='ltr'>nova</span> <span class='ocrx_word' id='word_1_845' title='bbox 1404 1746 1470 1777; x_wconf 90' lang='lat' dir='ltr'>iura,</span> <span class='ocrx_word' id='word_1_846' title='bbox 1487 1755 1553 1773; x_wconf 90' lang='lat' dir='ltr'>nova</span> <span class='ocrx_word' id='word_1_847' title='bbox 1567 1745 1685 1777; x_wconf 83' lang='lat' dir='ltr'>decreta,</span> <span class='ocrx_word' id='word_1_848' title='bbox 1702 1755 1769 1773; x_wconf 85' lang='lat' dir='ltr'>nova</span> <span class='ocrx_word' id='word_1_849' title='bbox 1783 1747 1827 1773; x_wconf 93' lang='lat' dir='ltr'>iu-</span> 
     </span>
     <span class='ocr_line' id='line_1_117' title="bbox 1034 1783 1826 1818; baseline 0 -9"><span class='ocrx_word' id='word_1_850' title='bbox 1034 1783 1102 1810; x_wconf 91' lang='lat' dir='ltr'>dicia</span> <span class='ocrx_word' id='word_1_851' title='bbox 1116 1783 1283 1818; x_wconf 83' lang='lat' dir='ltr'>petebantur.</span> <span class='ocrx_word' id='word_1_852' title='bbox 1316 1783 1382 1809; x_wconf 71' lang='lat' dir='ltr'>Mina·</span> <span class='ocrx_word' id='word_1_853' title='bbox 1395 1785 1436 1809; x_wconf 81' lang='lat' dir='ltr'>det</span> <span class='ocrx_word' id='word_1_854' title='bbox 1447 1785 1641 1816; x_wconf 68' lang='lat' dir='ltr'>possessionem.-</span> <span class='ocrx_word' id='word_1_855' title='bbox 1660 1785 1722 1809; x_wconf 69' lang='lat' dir='ltr'>mihi·</span> <span class='ocrx_word' id='word_1_856' title='bbox 1734 1792 1765 1810; x_wconf 80' lang='lat' dir='ltr'>ne</span> <span class='ocrx_word' id='word_1_857' title='bbox 1779 1785 1826 1809; x_wconf 81' lang='lat' dir='ltr'>ad-</span> 
     </span>
     <span class='ocr_line' id='line_1_118' title="bbox 1033 1820 1825 1847; baseline -0.001 0"><span class='ocrx_word' id='word_1_858' title='bbox 1033 1823 1110 1847; x_wconf 77' lang='lat' dir='ltr'>imat:</span> <span class='ocrx_word' id='word_1_859' title='bbox 1125 1823 1151 1846; x_wconf 80' lang='lat' dir='ltr'>in</span> <span class='ocrx_word' id='word_1_860' title='bbox 1165 1829 1202 1846; x_wconf 82' lang='lat' dir='ltr'>me</span> <span class='ocrx_word' id='word_1_861' title='bbox 1216 1822 1338 1846; x_wconf 75' lang='lat' dir='ltr'>iudicium</span> <span class='ocrx_word' id='word_1_862' title='bbox 1352 1829 1383 1845; x_wconf 82' lang='lat' dir='ltr'>ne</span> <span class='ocrx_word' id='word_1_863' title='bbox 1395 1822 1449 1846; x_wconf 76' lang='lat' dir='ltr'>det:</span> <span class='ocrx_word' id='word_1_864' title='bbox 1468 1822 1530 1846; x_wconf 74' lang='lat' dir='ltr'>mihi</span> <span class='ocrx_word' id='word_1_865' title='bbox 1543 1822 1606 1846; x_wconf 81' lang='lat' dir='ltr'>bona</span> <span class='ocrx_word' id='word_1_866' title='bbox 1618 1822 1732 1847; x_wconf 72' lang='lat' dir='ltr'>addicat.</span> <span class='ocrx_word' id='word_1_867' title='bbox 1771 1820 1825 1846; x_wconf 81' lang='lat' dir='ltr'>Atii</span> 
     </span>
     <span class='ocr_line' id='line_1_119' title="bbox 1034 1856 1826 1893; baseline -0.001 -9"><span class='ocrx_word' id='word_1_868' title='bbox 1034 1866 1160 1884; x_wconf 90' lang='lat' dir='ltr'>nummos</span> <span class='ocrx_word' id='word_1_869' title='bbox 1174 1857 1362 1883; x_wconf 85' lang='lat' dir='ltr'>numerabant:</span> <span class='ocrx_word' id='word_1_870' title='bbox 1379 1856 1423 1883; x_wconf 86' lang='lat' dir='ltr'>alii</span> <span class='ocrx_word' id='word_1_871' title='bbox 1438 1856 1542 1883; x_wconf 89' lang='lat' dir='ltr'>tabulas</span> <span class='ocrx_word' id='word_1_872' title='bbox 1555 1857 1741 1893; x_wconf 82' lang='lat' dir='ltr'>obsignabant.</span> <span class='ocrx_word' id='word_1_873' title='bbox 1774 1857 1826 1883; x_wconf 88' lang='lat' dir='ltr'>Do-</span> 
     </span>
     <span class='ocr_line' id='line_1_120' title="bbox 1034 1894 1826 1929; baseline -0.001 -8"><span class='ocrx_word' id='word_1_874' title='bbox 1034 1903 1095 1921; x_wconf 84' lang='lat' dir='ltr'>mus</span> <span class='ocrx_word' id='word_1_875' title='bbox 1109 1899 1163 1921; x_wconf 89' lang='lat' dir='ltr'>erat</span> <span class='ocrx_word' id='word_1_876' title='bbox 1177 1903 1228 1920; x_wconf 93' lang='lat' dir='ltr'>non</span> <span class='ocrx_word' id='word_1_877' title='bbox 1243 1894 1391 1920; x_wconf 87' lang='lat' dir='ltr'>meretricio</span> <span class='ocrx_word' id='word_1_878' title='bbox 1404 1899 1534 1920; x_wconf 83' lang='lat' dir='ltr'>conventu</span> <span class='ocrx_word' id='word_1_879' title='bbox 1543 1915 1549 1925; x_wconf 92' lang='lat'>,</span> <span class='ocrx_word' id='word_1_880' title='bbox 1565 1894 1612 1921; x_wconf 87' lang='lat' dir='ltr'>sed</span> <span class='ocrx_word' id='word_1_881' title='bbox 1626 1894 1755 1929; x_wconf 85' lang='lat' dir='ltr'>praetoria</span> <span class='ocrx_word' id='word_1_882' title='bbox 1768 1899 1826 1921; x_wconf 89' lang='lat' dir='ltr'>tur-</span> 
     </span>
     <span class='ocr_line' id='line_1_121' title="bbox 1034 1931 1823 1966; baseline -0.001 -8"><span class='ocrx_word' id='word_1_883' title='bbox 1034 1932 1066 1958; x_wconf 86' lang='lat' dir='ltr'>ba</span> <span class='ocrx_word' id='word_1_884' title='bbox 1081 1931 1184 1958; x_wconf 79' lang='lat' dir='ltr'>referta.</span> <span class='ocrx_word' id='word_1_885' title='bbox 1226 1933 1282 1957; x_wconf 78' lang='lat'>⁴38.</span> <span class='ocrx_word' id='word_1_886' title='bbox 1303 1931 1422 1957; x_wconf 86' lang='lat' dir='ltr'>Simulac</span> <span class='ocrx_word' id='word_1_887' title='bbox 1439 1936 1554 1966; x_wconf 87' lang='lat' dir='ltr'>potestas</span> <span class='ocrx_word' id='word_1_888' title='bbox 1569 1931 1686 1966; x_wconf 89' lang='lat' dir='ltr'>primum</span> <span class='ocrx_word' id='word_1_889' title='bbox 1699 1931 1760 1958; x_wconf 76' lang='lat' dir='ltr'>data</span> <span class='ocrx_word' id='word_1_890' title='bbox 1773 1935 1823 1962; x_wconf 84' lang='lat' dir='ltr'>est,</span> 
     </span>
     <span class='ocr_line' id='line_1_122' title="bbox 1033 1967 1826 2003; baseline 0 -9"><span class='ocrx_word' id='word_1_891' title='bbox 1033 1969 1132 1995; x_wconf 89' lang='lat' dir='ltr'>adeunt</span> <span class='ocrx_word' id='word_1_892' title='bbox 1149 1969 1191 2000; x_wconf 88' lang='lat' dir='ltr'>hi,</span> <span class='ocrx_word' id='word_1_893' title='bbox 1211 1977 1279 2003; x_wconf 88' lang='lat' dir='ltr'>quos</span> <span class='ocrx_word' id='word_1_894' title='bbox 1297 1967 1364 1994; x_wconf 86' lang='lat' dir='ltr'>dixi.</span> <span class='ocrx_word' id='word_1_895' title='bbox 1404 1969 1533 2003; x_wconf 89' lang='lat' dir='ltr'>Loquitur</span> <span class='ocrx_word' id='word_1_896' title='bbox 1546 1969 1676 1995; x_wconf 81' lang='lat' dir='ltr'>Mustius:</span> <span class='ocrx_word' id='word_1_897' title='bbox 1700 1977 1757 1995; x_wconf 85' lang='lat' dir='ltr'>rem</span> <span class='ocrx_word' id='word_1_898' title='bbox 1778 1968 1826 1995; x_wconf 83' lang='lat' dir='ltr'>de-</span> 
     </span>
     <span class='ocr_line' id='line_1_123' title="bbox 1034 2005 1825 2040; baseline 0 -8"><span class='ocrx_word' id='word_1_899' title='bbox 1034 2010 1174 2032; x_wconf 88' lang='lat' dir='ltr'>monstrat:</span> <span class='ocrx_word' id='word_1_900' title='bbox 1191 2006 1257 2040; x_wconf 89' lang='lat' dir='ltr'>petit</span> <span class='ocrx_word' id='word_1_901' title='bbox 1271 2005 1416 2031; x_wconf 81' lang='lat' dir='ltr'>auxilium:</span> <span class='ocrx_word' id='word_1_902' title='bbox 1432 2006 1573 2040; x_wconf 88' lang='lat' dir='ltr'>pecuniam</span> <span class='ocrx_word' id='word_1_903' title='bbox 1588 2005 1735 2040; x_wconf 80' lang='lat' dir='ltr'>pollicetur.</span> <span class='ocrx_word' id='word_1_904' title='bbox 1775 2005 1825 2032; x_wconf 81' lang='lat' dir='ltr'>Re-</span> 
     </span>
     <span class='ocr_line' id='line_1_124' title="bbox 1033 2042 1822 2078; baseline 0 -9"><span class='ocrx_word' id='word_1_905' title='bbox 1033 2043 1142 2078; x_wconf 88' lang='lat' dir='ltr'>spondit</span> <span class='ocrx_word' id='word_1_906' title='bbox 1159 2042 1216 2074; x_wconf 88' lang='lat' dir='ltr'>illa,</span> <span class='ocrx_word' id='word_1_907' title='bbox 1238 2047 1268 2069; x_wconf 91' lang='lat' dir='ltr'>ut</span> <span class='ocrx_word' id='word_1_908' title='bbox 1285 2043 1423 2073; x_wconf 81' lang='lat' dir='ltr'>meretrix,</span> <span class='ocrx_word' id='word_1_909' title='bbox 1443 2051 1495 2069; x_wconf 94' lang='lat' dir='ltr'>non</span> <span class='ocrx_word' id='word_1_910' title='bbox 1514 2042 1672 2069; x_wconf 82' lang='lat' dir='ltr'>inhumane:</span> <span class='ocrx_word' id='word_1_911' title='bbox 1701 2042 1822 2074; x_wconf 86' lang='lat' dir='ltr'>libenter,</span> 
     </span>
    </p>
   </div>
   <div class='ocr_carea' id='block_1_27' title="bbox 1012 2079 1825 2116">
    <p class='ocr_par' dir='ltr' id='par_1_28' title="bbox 1012 2079 1825 2116">
     <span class='ocr_line' id='line_1_125' title="bbox 1012 2079 1825 2116; baseline 0 -10"><span class='ocrx_word' id='word_1_912' title='bbox 1012 2083 1013 2087; x_wconf 77' lang='grc'>’</span> <span class='ocrx_word' id='word_1_913' title='bbox 1033 2081 1077 2112; x_wconf 86' lang='lat' dir='ltr'>ait,</span> <span class='ocrx_word' id='word_1_914' title='bbox 1093 2089 1122 2107; x_wconf 87' lang='lat' dir='ltr'>se</span> <span class='ocrx_word' id='word_1_915' title='bbox 1136 2088 1195 2106; x_wconf 89' lang='lat' dir='ltr'>esse</span> <span class='ocrx_word' id='word_1_916' title='bbox 1209 2079 1337 2106; x_wconf 79' lang='lat' dir='ltr'>facturam</span> <span class='ocrx_word' id='word_1_917' title='bbox 1351 2084 1376 2106; x_wconf 92' lang='lat' dir='ltr'>et</span> <span class='ocrx_word' id='word_1_918' title='bbox 1389 2088 1418 2106; x_wconf 91' lang='lat' dir='ltr'>se</span> <span class='ocrx_word' id='word_1_919' title='bbox 1431 2088 1493 2106; x_wconf 89' lang='lat' dir='ltr'>cum</span> <span class='ocrx_word' id='word_1_920' title='bbox 1507 2080 1558 2106; x_wconf 91' lang='lat' dir='ltr'>isto</span> <span class='ocrx_word' id='word_1_921' title='bbox 1572 2079 1714 2116; x_wconf 82' lang='lat' dir='ltr'>diligenter</span> <span class='ocrx_word' id='word_1_922' title='bbox 1723 2087 1825 2106; x_wconf 90' lang='lat' dir='ltr'>sermo—</span> 
     </span>
    </p>
   </div>
   <div class='ocr_carea' id='block_1_28' title="bbox 1032 2117 1824 2189">
    <p class='ocr_par' dir='ltr' id='par_1_29' title="bbox 1032 2117 1824 2189">
     <span class='ocr_line' id='line_1_126' title="bbox 1032 2117 1824 2144; baseline -0.001 0"><span class='ocrx_word' id='word_1_923' title='bbox 1032 2118 1194 2144; x_wconf 87' lang='lat' dir='ltr'>cinaturam:</span> <span class='ocrx_word' id='word_1_924' title='bbox 1210 2117 1306 2143; x_wconf 80' lang='lat' dir='ltr'>reverti</span> <span class='ocrx_word' id='word_1_925' title='bbox 1320 2117 1404 2143; x_wconf 74' lang='lat' dir='ltr'>iubet.</span> <span class='ocrx_word' id='word_1_926' title='bbox 1434 2117 1502 2143; x_wconf 90' lang='lat' dir='ltr'>Tum</span> <span class='ocrx_word' id='word_1_927' title='bbox 1516 2117 1668 2143; x_wconf 87' lang='lat' dir='ltr'>discedunt.</span> <span class='ocrx_word' id='word_1_928' title='bbox 1694 2117 1824 2143; x_wconf 88' lang='lat' dir='ltr'>Postridie</span> 
     </span>
     <span class='ocr_line' id='line_1_127' title="bbox 1033 2153 1824 2189; baseline -0.001 -8"><span class='ocrx_word' id='word_1_929' title='bbox 1033 2159 1210 2181; x_wconf 89' lang='lat' dir='ltr'>revertuntur.</span> <span class='ocrx_word' id='word_1_930' title='bbox 1233 2155 1317 2189; x_wconf 82' lang='lat' dir='ltr'>Negat</span> <span class='ocrx_word' id='word_1_931' title='bbox 1329 2153 1374 2180; x_wconf 87' lang='lat' dir='ltr'>illa</span> <span class='ocrx_word' id='word_1_932' title='bbox 1389 2162 1468 2188; x_wconf 90' lang='lat' dir='ltr'>posse</span> <span class='ocrx_word' id='word_1_933' title='bbox 1481 2154 1617 2180; x_wconf 83' lang='lat' dir='ltr'>hominem</span> <span class='ocrx_word' id='word_1_934' title='bbox 1631 2154 1746 2180; x_wconf 85' lang='lat' dir='ltr'>exorari:</span> <span class='ocrx_word' id='word_1_935' title='bbox 1762 2161 1824 2188; x_wconf 82' lang='lat' dir='ltr'>per-</span> 
     </span>
    </p>
   </div>
   <div class='ocr_carea' id='block_1_29' title="bbox 1011 2190 1824 2228">
    <p class='ocr_par' dir='ltr' id='par_1_30' title="bbox 1011 2190 1824 2228">
     <span class='ocr_line' id='line_1_128' title="bbox 1011 2190 1824 2228; baseline -0.001 -10"><span class='ocrx_word' id='word_1_936' title='bbox 1011 2207 1012 2210; x_wconf 67' lang='lat'><em>=</em></span> <span class='ocrx_word' id='word_1_937' title='bbox 1033 2200 1156 2228; x_wconf 87' lang='lat' dir='ltr'>magnam</span> <span class='ocrx_word' id='word_1_938' title='bbox 1174 2200 1236 2217; x_wconf 90' lang='lat' dir='ltr'>eum</span> <span class='ocrx_word' id='word_1_939' title='bbox 1250 2191 1338 2217; x_wconf 87' lang='lat' dir='ltr'>dicere</span> <span class='ocrx_word' id='word_1_940' title='bbox 1351 2200 1385 2217; x_wconf 82' lang='lat' dir='ltr'>ex</span> <span class='ocrx_word' id='word_1_941' title='bbox 1399 2190 1444 2217; x_wconf 88' lang='lat' dir='ltr'>illa</span> <span class='ocrx_word' id='word_1_942' title='bbox 1458 2199 1485 2217; x_wconf 90' lang='lat' dir='ltr'>re</span> <span class='ocrx_word' id='word_1_943' title='bbox 1499 2191 1640 2226; x_wconf 88' lang='lat' dir='ltr'>pecuniam</span> <span class='ocrx_word' id='word_1_944' title='bbox 1653 2190 1747 2217; x_wconf 82' lang='lat' dir='ltr'>confici</span> <span class='ocrx_word' id='word_1_945' title='bbox 1760 2199 1824 2225; x_wconf 80' lang='lat' dir='ltr'>pos—</span> 
     </span>
    </p>
   </div>
   <div class='ocr_carea' id='block_1_30' title="bbox 1030 2227 1823 2482">
    <p class='ocr_par' dir='ltr' id='par_1_31' title="bbox 1030 2227 1823 2482">
     <span class='ocr_line' id='line_1_129' title="bbox 1032 2227 1822 2263; baseline -0.001 -8"><span class='ocrx_word' id='word_1_946' title='bbox 1032 2237 1071 2255; x_wconf 88' lang='lat' dir='ltr'>se.</span> <span class='ocrx_word' id='word_1_947' title='bbox 1109 2229 1173 2255; x_wconf 89' lang='lat' dir='ltr'>LIII.</span> <span class='ocrx_word' id='word_1_948' title='bbox 1189 2228 1293 2259; x_wconf 88' lang='lat' dir='ltr'>Vereor,</span> <span class='ocrx_word' id='word_1_949' title='bbox 1309 2236 1342 2254; x_wconf 93' lang='lat' dir='ltr'>ne</span> <span class='ocrx_word' id='word_1_950' title='bbox 1354 2229 1417 2263; x_wconf 89' lang='lat' dir='ltr'>quis</span> <span class='ocrx_word' id='word_1_951' title='bbox 1431 2227 1497 2255; x_wconf 83' lang='lat' dir='ltr'>forte</span> <span class='ocrx_word' id='word_1_952' title='bbox 1511 2228 1543 2254; x_wconf 91' lang='lat' dir='ltr'>de</span> <span class='ocrx_word' id='word_1_953' title='bbox 1556 2227 1664 2263; x_wconf 88' lang='lat' dir='ltr'>populo,</span> <span class='ocrx_word' id='word_1_954' title='bbox 1679 2228 1728 2262; x_wconf 86' lang='lat' dir='ltr'>qui</span> <span class='ocrx_word' id='word_1_955' title='bbox 1741 2228 1822 2262; x_wconf 88' lang='lat' dir='ltr'>priori</span> 
     </span>
     <span class='ocr_line' id='line_1_130' title="bbox 1031 2265 1823 2300; baseline -0.003 -8"><span class='ocrx_word' id='word_1_956' title='bbox 1031 2266 1133 2292; x_wconf 86' lang='lat' dir='ltr'>actione</span> <span class='ocrx_word' id='word_1_957' title='bbox 1146 2274 1198 2292; x_wconf 81' lang='lat' dir='ltr'>non</span> <span class='ocrx_word' id='word_1_958' title='bbox 1213 2265 1299 2296; x_wconf 77' lang='lat' dir='ltr'>affuit,</span> <span class='ocrx_word' id='word_1_959' title='bbox 1320 2265 1397 2296; x_wconf 88' lang='lat' dir='ltr'>haec,</span> <span class='ocrx_word' id='word_1_960' title='bbox 1418 2266 1481 2300; x_wconf 89' lang='lat' dir='ltr'>quia</span> <span class='ocrx_word' id='word_1_961' title='bbox 1500 2270 1606 2300; x_wconf 87' lang='lat' dir='ltr'>propter</span> <span class='ocrx_word' id='word_1_962' title='bbox 1618 2265 1752 2300; x_wconf 87' lang='lat' dir='ltr'>insignem</span> <span class='ocrx_word' id='word_1_963' title='bbox 1767 2269 1823 2290; x_wconf 89' lang='lat' dir='ltr'>tur-</span> 
     </span>
     <span class='ocr_line' id='line_1_131' title="bbox 1031 2301 1822 2338; baseline -0.003 -9"><span class='ocrx_word' id='word_1_964' title='bbox 1031 2302 1183 2338; x_wconf 88' lang='lat' dir='ltr'>pitudinem</span> <span class='ocrx_word' id='word_1_965' title='bbox 1193 2307 1256 2329; x_wconf 88' lang='lat' dir='ltr'>sunt</span> <span class='ocrx_word' id='word_1_966' title='bbox 1265 2302 1441 2333; x_wconf 88' lang='lat' dir='ltr'>incredibilia,</span> <span class='ocrx_word' id='word_1_967' title='bbox 1458 2302 1522 2338; x_wconf 75' lang='lat' dir='ltr'>fingi</span> <span class='ocrx_word' id='word_1_968' title='bbox 1532 2310 1546 2328; x_wconf 84' lang='lat' dir='ltr'>a</span> <span class='ocrx_word' id='word_1_969' title='bbox 1557 2310 1599 2328; x_wconf 88' lang='lat' dir='ltr'>me</span> <span class='ocrx_word' id='word_1_970' title='bbox 1610 2301 1760 2327; x_wconf 88' lang='lat' dir='ltr'>arbitretur.</span> <span class='ocrx_word' id='word_1_971' title='bbox 1784 2301 1822 2328; x_wconf 83' lang='lat' dir='ltr'>Ea</span> 
     </span>
     <span class='ocr_line' id='line_1_132' title="bbox 1031 2339 1822 2374; baseline -0.003 -8"><span class='ocrx_word' id='word_1_972' title='bbox 1031 2349 1079 2366; x_wconf 89' lang='lat' dir='ltr'>vos</span> <span class='ocrx_word' id='word_1_973' title='bbox 1097 2344 1185 2371; x_wconf 85' lang='lat' dir='ltr'>antea,</span> <span class='ocrx_word' id='word_1_974' title='bbox 1205 2339 1322 2371; x_wconf 84' lang='lat' dir='ltr'>iudices,</span> <span class='ocrx_word' id='word_1_975' title='bbox 1342 2340 1517 2374; x_wconf 80' lang='lat' dir='ltr'>cognovistis.</span> <span class='ocrx_word' id='word_1_976' title='bbox 1559 2340 1614 2365; x_wconf 73' lang='lat'>⁴39.</span> <span class='ocrx_word' id='word_1_977' title='bbox 1634 2339 1706 2364; x_wconf 83' lang='lat' dir='ltr'>Dixit</span> <span class='ocrx_word' id='word_1_978' title='bbox 1719 2339 1822 2365; x_wconf 85' lang='lat' dir='ltr'>iuratus</span> 
     </span>
     <span class='ocr_line' id='line_1_133' title="bbox 1031 2375 1823 2411; baseline -0.003 -8"><span class='ocrx_word' id='word_1_979' title='bbox 1031 2377 1059 2403; x_wconf 85' lang='lat' dir='ltr'>P.</span> <span class='ocrx_word' id='word_1_980' title='bbox 1075 2377 1196 2408; x_wconf 88' lang='lat' dir='ltr'>Potitius,</span> <span class='ocrx_word' id='word_1_981' title='bbox 1213 2381 1283 2403; x_wconf 88' lang='lat' dir='ltr'>tutor</span> <span class='ocrx_word' id='word_1_982' title='bbox 1296 2376 1395 2411; x_wconf 86' lang='lat' dir='ltr'>pupilli</span> <span class='ocrx_word' id='word_1_983' title='bbox 1408 2377 1492 2402; x_wconf 84' lang='lat' dir='ltr'>Iunii:</span> <span class='ocrx_word' id='word_1_984' title='bbox 1511 2375 1580 2402; x_wconf 87' lang='lat' dir='ltr'>dixit</span> <span class='ocrx_word' id='word_1_985' title='bbox 1593 2376 1629 2401; x_wconf 76' lang='lat' dir='ltr'>M.</span> <span class='ocrx_word' id='word_1_986' title='bbox 1644 2375 1738 2401; x_wconf 88' lang='lat' dir='ltr'>Iunius</span> <span class='ocrx_word' id='word_1_987' title='bbox 1752 2380 1823 2402; x_wconf 86' lang='lat' dir='ltr'>tutor</span> 
     </span>
     <span class='ocr_line' id='line_1_134' title="bbox 1030 2412 1822 2449; baseline -0.001 -9"><span class='ocrx_word' id='word_1_988' title='bbox 1030 2419 1056 2440; x_wconf 88' lang='lat' dir='ltr'>et</span> <span class='ocrx_word' id='word_1_989' title='bbox 1070 2419 1196 2449; x_wconf 88' lang='lat' dir='ltr'>patruus:</span> <span class='ocrx_word' id='word_1_990' title='bbox 1212 2414 1327 2440; x_wconf 83' lang='lat' dir='ltr'>Mustius</span> <span class='ocrx_word' id='word_1_991' title='bbox 1341 2413 1462 2444; x_wconf 81' lang='lat' dir='ltr'>dixisset,</span> <span class='ocrx_word' id='word_1_992' title='bbox 1478 2413 1502 2439; x_wconf 88' lang='lat' dir='ltr'>si</span> <span class='ocrx_word' id='word_1_993' title='bbox 1516 2413 1630 2438; x_wconf 80' lang='lat' dir='ltr'>viveret:</span> <span class='ocrx_word' id='word_1_994' title='bbox 1645 2412 1694 2438; x_wconf 89' lang='lat' dir='ltr'>sed</span> <span class='ocrx_word' id='word_1_995' title='bbox 1704 2421 1752 2447; x_wconf 89' lang='lat' dir='ltr'>pro</span> <span class='ocrx_word' id='word_1_996' title='bbox 1762 2413 1822 2439; x_wconf 81' lang='lat' dir='ltr'>Mu—</span> 
     </span>
     <span class='ocr_line' id='line_1_135' title="bbox 1030 2449 1818 2482; baseline -0.003 -5"><span class='ocrx_word' id='word_1_997' title='bbox 1030 2451 1090 2482; x_wconf 87' lang='lat' dir='ltr'>stio,</span> <span class='ocrx_word' id='word_1_998' title='bbox 1106 2451 1205 2477; x_wconf 89' lang='lat' dir='ltr'>recenti</span> <span class='ocrx_word' id='word_1_999' title='bbox 1219 2459 1246 2477; x_wconf 91' lang='lat' dir='ltr'>re</span> <span class='ocrx_word' id='word_1_1000' title='bbox 1259 2450 1292 2476; x_wconf 89' lang='lat' dir='ltr'>de</span> <span class='ocrx_word' id='word_1_1001' title='bbox 1305 2451 1404 2476; x_wconf 90' lang='lat' dir='ltr'>Mustio</span> <span class='ocrx_word' id='word_1_1002' title='bbox 1417 2449 1538 2476; x_wconf 89' lang='lat' dir='ltr'>auditum</span> <span class='ocrx_word' id='word_1_1003' title='bbox 1553 2449 1621 2476; x_wconf 79' lang='lat' dir='ltr'>dixit</span> <span class='ocrx_word' id='word_1_1004' title='bbox 1632 2449 1660 2475; x_wconf 91' lang='lat' dir='ltr'>L.</span> <span class='ocrx_word' id='word_1_1005' title='bbox 1672 2449 1818 2476; x_wconf 87' lang='lat' dir='ltr'>Domitius:</span> 
     </span>
    </p>
   </div>
   <div class='ocr_carea' id='block_1_31' title="bbox 1030 2486 1822 2523">
    <p class='ocr_par' dir='ltr' id='par_1_32' title="bbox 1030 2486 1822 2523">
     <span class='ocr_line' id='line_1_136' title="bbox 1030 2486 1822 2523; baseline -0.001 -9"><span class='ocrx_word' id='word_1_1006' title='bbox 1030 2488 1077 2523; x_wconf 88' lang='lat' dir='ltr'>qui</span> <span class='ocrx_word' id='word_1_1007' title='bbox 1091 2497 1177 2523; x_wconf 88' lang='lat' dir='ltr'>quum</span> <span class='ocrx_word' id='word_1_1008' title='bbox 1191 2488 1278 2518; x_wconf 85' lang='lat' dir='ltr'>sciret,</span> <span class='ocrx_word' id='word_1_1009' title='bbox 1295 2495 1337 2513; x_wconf 90' lang='lat' dir='ltr'>me</span> <span class='ocrx_word' id='word_1_1010' title='bbox 1350 2495 1384 2513; x_wconf 79' lang='lat' dir='ltr'>ex</span> <span class='ocrx_word' id='word_1_1011' title='bbox 1393 2487 1490 2512; x_wconf 83' lang='lat' dir='ltr'>Mustio</span> <span class='ocrx_word' id='word_1_1012' title='bbox 1500 2486 1562 2512; x_wconf 84' lang='lat' dir='ltr'>vivo</span> <span class='ocrx_word' id='word_1_1013' title='bbox 1571 2486 1689 2517; x_wconf 87' lang='lat' dir='ltr'>audisse,</span> <span class='ocrx_word' id='word_1_1014' title='bbox 1704 2486 1777 2521; x_wconf 88' lang='lat' dir='ltr'>quod</span> <span class='ocrx_word' id='word_1_1015' title='bbox 1790 2495 1822 2513; x_wconf 80' lang='lat' dir='ltr'>eo</span> 
     </span>
    </p>
   </div>
   <div class='ocr_carea' id='block_1_32' title="bbox 1009 2523 1821 2560">
    <p class='ocr_par' dir='ltr' id='par_1_33' title="bbox 1009 2523 1821 2560">
     <span class='ocr_line' id='line_1_137' title="bbox 1009 2523 1821 2560; baseline -0.002 -9"><span class='ocrx_word' id='word_1_1016' title='bbox 1009 2533 1010 2539; x_wconf 66' lang='lat'>¹</span> <span class='ocrx_word' id='word_1_1017' title='bbox 1030 2534 1092 2551; x_wconf 90' lang='lat' dir='ltr'>sum</span> <span class='ocrx_word' id='word_1_1018' title='bbox 1106 2533 1174 2551; x_wconf 88' lang='lat' dir='ltr'>usus</span> <span class='ocrx_word' id='word_1_1019' title='bbox 1187 2524 1349 2560; x_wconf 85' lang='lat' dir='ltr'>plurimum,</span> <span class='ocrx_word' id='word_1_1020' title='bbox 1369 2524 1476 2558; x_wconf 87' lang='lat' dir='ltr'>(etenim</span> <span class='ocrx_word' id='word_1_1021' title='bbox 1491 2523 1635 2554; x_wconf 88' lang='lat' dir='ltr'>iudicium,</span> <span class='ocrx_word' id='word_1_1022' title='bbox 1652 2523 1724 2558; x_wconf 90' lang='lat' dir='ltr'>quod</span> <span class='ocrx_word' id='word_1_1023' title='bbox 1739 2531 1821 2558; x_wconf 89' lang='lat' dir='ltr'>prope</span> 
     </span>
    </p>
   </div>
   <div class='ocr_carea' id='block_1_33' title="bbox 1029 2560 1821 2666">
    <p class='ocr_par' dir='ltr' id='par_1_34' title="bbox 1029 2560 1821 2666">
     <span class='ocr_line' id='line_1_138' title="bbox 1029 2560 1821 2591; baseline -0.003 -3"><span class='ocrx_word' id='word_1_1024' title='bbox 1029 2563 1151 2589; x_wconf 90' lang='lat' dir='ltr'>omnium</span> <span class='ocrx_word' id='word_1_1025' title='bbox 1164 2561 1330 2588; x_wconf 81' lang='lat' dir='ltr'>fortunarum</span> <span class='ocrx_word' id='word_1_1026' title='bbox 1348 2569 1458 2586; x_wconf 83' lang='lat' dir='ltr'>suarum</span> <span class='ocrx_word' id='word_1_1027' title='bbox 1473 2560 1501 2587; x_wconf 93' lang='lat' dir='ltr'>C.</span> <span class='ocrx_word' id='word_1_1028' title='bbox 1516 2561 1632 2586; x_wconf 83' lang='lat' dir='ltr'>Mustius</span> <span class='ocrx_word' id='word_1_1029' title='bbox 1650 2560 1757 2591; x_wconf 87' lang='lat' dir='ltr'>habuit,</span> <span class='ocrx_word' id='word_1_1030' title='bbox 1777 2568 1821 2586; x_wconf 88' lang='lat' dir='ltr'>me</span> 
     </span>
     <span class='ocr_line' id='line_1_139' title="bbox 1030 2597 1818 2632; baseline -0.003 -7"><span class='ocrx_word' id='word_1_1031' title='bbox 1030 2608 1084 2625; x_wconf 92' lang='lat' dir='ltr'>uno</span> <span class='ocrx_word' id='word_1_1032' title='bbox 1096 2598 1254 2625; x_wconf 79' lang='lat' dir='ltr'>defendente</span> <span class='ocrx_word' id='word_1_1033' title='bbox 1267 2597 1352 2632; x_wconf 86' lang='lat' dir='ltr'>vicit,)</span> <span class='ocrx_word' id='word_1_1034' title='bbox 1368 2605 1453 2632; x_wconf 90' lang='lat' dir='ltr'>quum</span> <span class='ocrx_word' id='word_1_1035' title='bbox 1472 2597 1534 2628; x_wconf 84' lang='lat' dir='ltr'>hoe,</span> <span class='ocrx_word' id='word_1_1036' title='bbox 1554 2601 1585 2624; x_wconf 87' lang='lat' dir='ltr'>ut</span> <span class='ocrx_word' id='word_1_1037' title='bbox 1601 2597 1675 2628; x_wconf 82' lang='lat' dir='ltr'>dieo,</span> <span class='ocrx_word' id='word_1_1038' title='bbox 1694 2597 1775 2623; x_wconf 87' lang='lat' dir='ltr'>sciret</span> <span class='ocrx_word' id='word_1_1039' title='bbox 1787 2597 1818 2624; x_wconf 91' lang='lat' dir='ltr'>L.</span> 
     </span>
     <span class='ocr_line' id='line_1_140' title="bbox 1030 2633 1820 2666; baseline -0.003 -4"><span class='ocrx_word' id='word_1_1040' title='bbox 1030 2636 1174 2666; x_wconf 87' lang='lat' dir='ltr'>Domitius,</span> <span class='ocrx_word' id='word_1_1041' title='bbox 1191 2643 1233 2661; x_wconf 88' lang='lat' dir='ltr'>me</span> <span class='ocrx_word' id='word_1_1042' title='bbox 1246 2635 1314 2661; x_wconf 87' lang='lat' dir='ltr'>scire</span> <span class='ocrx_word' id='word_1_1043' title='bbox 1327 2634 1360 2660; x_wconf 83' lang='lat' dir='ltr'>ad</span> <span class='ocrx_word' id='word_1_1044' title='bbox 1373 2642 1435 2660; x_wconf 89' lang='lat' dir='ltr'>eum</span> <span class='ocrx_word' id='word_1_1045' title='bbox 1450 2643 1493 2660; x_wconf 89' lang='lat' dir='ltr'>res</span> <span class='ocrx_word' id='word_1_1046' title='bbox 1506 2642 1598 2661; x_wconf 85' lang='lat' dir='ltr'>omnes</span> <span class='ocrx_word' id='word_1_1047' title='bbox 1612 2634 1741 2660; x_wconf 87' lang='lat' dir='ltr'>Mustium</span> <span class='ocrx_word' id='word_1_1048' title='bbox 1755 2633 1820 2661; x_wconf 87' lang='lat' dir='ltr'>soli-</span> 
     </span>
    </p>
   </div>
   <div class='ocr_carea' id='block_1_34' title="bbox 193 2670 1820 2709">
    <p class='ocr_par' dir='ltr' id='par_1_35' title="bbox 193 2670 1820 2709">
     <span class='ocr_line' id='line_1_141' title="bbox 193 2670 1820 2709; baseline -0.001 -10"><span class='ocrx_word' id='word_1_1049' title='bbox 193 2674 248 2699; x_wconf 65' lang='lat'>⁴34.</span> <span class='ocrx_word' id='word_1_1050' title='bbox 264 2673 408 2704; x_wconf 82' lang='lat' dir='ltr'>Rabonius,</span> <span class='ocrx_word' id='word_1_1051' title='bbox 424 2675 470 2708; x_wconf 86' lang='lat' dir='ltr'>qui</span> <span class='ocrx_word' id='word_1_1052' title='bbox 487 2673 570 2709; x_wconf 83' lang='lat' dir='ltr'>legem</span> <span class='ocrx_word' id='word_1_1053' title='bbox 588 2678 688 2705; x_wconf 82' lang='lat' dir='ltr'>nosset,</span> <span class='ocrx_word' id='word_1_1054' title='bbox 704 2682 756 2709; x_wconf 87' lang='lat' dir='ltr'>qua</span> <span class='ocrx_word' id='word_1_1055' title='bbox 771 2673 797 2699; x_wconf 89' lang='lat' dir='ltr'>in</span> <span class='ocrx_word' id='word_1_1056' title='bbox 813 2673 870 2709; x_wconf 83' lang='lat' dir='ltr'>lege</span> <span class='ocrx_word' id='word_1_1057' title='bbox 884 2682 979 2700; x_wconf 89' lang='lat' dir='ltr'>nume-</span> <span class='ocrx_word' id='word_1_1058' title='bbox 1008 2672 1009 2699; x_wconf 74' lang='grc' dir='ltr'>ἶ</span> <span class='ocrx_word' id='word_1_1059' title='bbox 1031 2678 1086 2699; x_wconf 90' lang='lat' dir='ltr'>tum</span> <span class='ocrx_word' id='word_1_1060' title='bbox 1100 2681 1160 2699; x_wconf 89' lang='lat' dir='ltr'>esse</span> <span class='ocrx_word' id='word_1_1061' title='bbox 1173 2671 1283 2703; x_wconf 79' lang='lat' dir='ltr'>deferre,</span> <span class='ocrx_word' id='word_1_1062' title='bbox 1300 2676 1386 2698; x_wconf 90' lang='lat' dir='ltr'>tamen</span> <span class='ocrx_word' id='word_1_1063' title='bbox 1400 2670 1434 2697; x_wconf 86' lang='lat' dir='ltr'>de</span> <span class='ocrx_word' id='word_1_1064' title='bbox 1444 2671 1588 2698; x_wconf 89' lang='lat' dir='ltr'>Chelidone</span> <span class='ocrx_word' id='word_1_1065' title='bbox 1601 2671 1716 2703; x_wconf 75' lang='lat' dir='ltr'>reticuit,</span> <span class='ocrx_word' id='word_1_1066' title='bbox 1731 2670 1820 2707; x_wconf 86' lang='lat' dir='ltr'>quoad</span> 
     </span>
    </p>
   </div>
   <div class='ocr_carea' id='block_1_35' title="bbox 1876 0 1941 3052">
    <p class='ocr_par' dir='ltr' id='par_1_36' title="bbox 1876 0 1941 3052">
     <span class='ocr_line' id='line_1_142' title="bbox 1876 0 1941 3052; baseline 0 0"><span class='ocrx_word' id='word_1_1067' title='bbox 1876 0 1941 3052; x_wconf 95' lang='lat' dir='ltr'> </span> 
     </span>
    </p>
   </div>
  </div>
 </body>
</html>
