1941 3052
308 119 634 147 EPISTULARUM
664 120 716 147 AD
746 121 975 148 DIVERSOS
1006 122 1378 150 L113.X11.EP.46—
1407 125 1448 150 23.

62 189 153 226 gredi,
171 194 259 216 tamen
276 197 306 215 eo
322 194 440 224 tempore
457 199 499 216 me
515 190 685 222 consolabar,
702 191 775 226 quod
791 196 816 218 et
831 192 859 218 in

62 235 201 254 summum
212 227 297 253 otium
308 231 333 252 te
348 227 386 253 ire
397 227 546 254 arbitrabar
557 233 582 254 et
592 229 625 254 ab
637 228 858 263 impendentibus

63 264 169 300 magnis
184 264 299 299 negotiis
315 263 464 291 discedere.
505 267 530 292 2.
553 266 701 300 Utrumque
713 271 802 292 contra
814 275 858 292 ac-

61 301 141 328 cidit:
160 301 220 327 istic
235 301 308 327 enim
323 300 425 327 bellum
440 306 480 328 est
490 307 626 335 exortum,
645 303 689 330 hic
699 312 754 338 pax
764 312 859 330 conse-

61 343 135 371 cuta;
157 338 206 365 sed
222 342 310 365 tamen
326 339 461 365 eiusmodi
477 348 542 374 pax,
566 340 593 367 in
608 349 675 375 qua,
697 341 721 366 si
737 340 855 372 adesses,

61 375 147 403 multa
162 380 186 402 te
201 384 254 402 non
270 375 444 409 delectarent3
462 386 492 403 ea
509 381 610 409 tamen,
633 386 701 412 quae
718 387 750 405 ne
766 379 857 413 ipsum

61 413 202 440 Caesarem
214 412 326 448 quidem
336 413 478 441 delectant.
503 414 637 441 Bellorum
648 416 720 441 enim
732 416 857 442 civilium

61 451 82 477 ii
92 459 199 485 semper
209 451 299 477 exitus
311 455 382 482 sunt,
396 456 425 477 ut
436 460 488 478 non
500 460 530 478 ea
540 452 628 478 solum
640 452 716 483 fiant,
730 462 799 487 quae
810 462 858 479 ve-

62 487 93 515 lit
103 489 201 518 victor,
215 488 263 514 sed
273 488 367 519 etiam,
387 493 416 515 ut
427 489 461 515 iis
473 497 530 515 mos
541 489 677 524 gerendus
688 490 736 520 sit,
755 490 857 525 quibus

61 525 231 552 adiutoribus
243 526 279 552 sit
293 530 367 560 parta
382 526 503 552 victoria.
544 527 678 561 Equidem
693 527 732 553 sic
745 528 797 553 iam
808 527 857 553 ob—

60 562 156 594 durui,
175 566 204 589 ut
215 562 287 589 ludis
299 563 420 590 Caesaris
435 564 518 590 nostri
533 564 699 598 aequissimo
714 565 804 590 animo
815 565 858 590 vi-

60 600 153 627 derem
165 601 194 626 T.
208 600 345 631 Plancum,
358 601 480 627 audirem
492 601 599 627 Laberii
610 606 636 628 et
646 601 736 628 Publii
747 610 858 636 poema-

60 642 96 664 ta.
137 637 211 664 Nihil
224 637 292 664 mihi
303 642 357 664 tam
368 637 461 664 deesse
472 639 552 670 scito,
571 647 653 673 quam
668 639 779 673 quicum
792 639 857 665 haec

61 674 230 702 familiariter
249 674 380 710 docteque
400 675 512 702 rideam.
551 676 577 702 Is
592 680 621 703 tu
640 676 707 707 eris,
730 676 754 702 si
774 685 856 711 quam

60 714 181 748 primum
201 713 318 738 veneris.
358 712 435 744 Quod
450 717 480 739 ut
494 712 590 745 facias,
613 721 665 740 non
681 722 740 740 mea
755 713 854 745 solum,

60 750 109 777 sed
120 751 201 776 etiam
211 754 256 776 tua
268 750 396 776 interesse
409 749 533 777 arbitror.

110 818 176 840 XIX.
192 818 268 838 ΑΚΘ.
287 819 418 840 Gratulatur
427 819 514 844 Syriam
524 819 780 847 pruvincian1.c20n1i-
791 820 855 841 bene-

59 853 109 874 flcio
120 856 238 880 acceptam.
267 856 355 877 (Romae,
366 856 444 874 Caesare
455 857 476 874 V.
487 857 572 875 Antonio
583 863 629 875 coss.
641 858 696 876 710.)

205 899 240 925 M.
263 899 293 925 T.
315 899 345 926 C.
366 899 393 926 S.
414 900 445 926 D.
467 899 707 927 CORNIFICIO.

117 938 139 962 l.
161 931 360 963 Libentissime
377 936 430 972 legi
446 941 504 963 tuas
521 937 636 964 litteras:
654 938 681 964 in
697 937 800 972 quibus
812 938 855 964 iu-

58 973 259 1000 cundissimum
270 974 339 1000 mihi
350 973 414 1006 fuit,
433 975 505 1009 quod
520 976 634 1010 cognovi
646 983 720 1001 meas
732 975 782 1002 tihi
793 975 856 1002 red-

57 1011 128 1038 ditas
139 1019 208 1038 esse.
249 1012 307 1038 Non
318 1012 391 1038 enim
401 1011 575 1043 dubitabam,
597 1013 664 1047 quin
676 1021 720 1039 eas
732 1012 856 1039 lubenter

58 1048 177 1076 lecturus
192 1057 276 1075 esseS.
316 1049 446 1080 Verebar,
469 1054 498 1076 ut
513 1050 698 1077 redderentur.
738 1049 852 1081 Bellum,

57 1086 130 1121 quod
142 1090 182 1112 est
196 1086 223 1112 in
235 1086 326 1122 Syria,
340 1086 502 1122 Syriamque
516 1088 684 1122 provinciam
700 1088 750 1114 tibi
767 1087 854 1114 tribu-

57 1128 111 1150 tam
122 1132 181 1150 esse
192 1132 206 1150 a
217 1124 338 1156 Caesare,
352 1133 386 1151 ex
397 1125 451 1151 tuis
463 1125 558 1151 litteris
569 1126 694 1161 cognovi.
723 1125 853 1151 Eamdem

57 1170 114 1187 rem
130 1161 180 1187 tibi
196 1161 256 1187 volo
272 1161 341 1188 hene
356 1166 382 1188 et
397 1161 511 1188 feliciter
525 1163 648 1189 evenire:
666 1162 738 1197 quod
751 1163 786 1189 ita
799 1162 853 1189 sore

56 1198 170 1229 confido,
189 1197 272 1225 fretus
284 1203 310 1225 et
321 1199 453 1226 industria
464 1204 490 1226 et
500 1199 644 1234 prudentia
656 1204 710 1227 tua.
751 1202 777 1227 2.
799 1199 853 1226 Sed

56 1235 91 1262 de
111 1235 227 1262 Parthici
247 1235 313 1262 belli
333 1237 488 1271 suspicione
508 1237 581 1272 quod
595 1238 707 1269 scribis,
730 1246 793 1264 sane
810 1246 852 1263 me

56 1273 212 1300 commovit.
253 1272 389 1305 Quantum
400 1275 539 1309 copiarum
552 1274 678 1306 haberes,
696 1283 782 1309 quum
795 1275 852 1309 ipse

55 1311 209 1337 coniectura
224 1311 355 1346 consequi
368 1316 501 1346 poteram,
518 1316 575 1338 tum
591 1321 625 1339 ex
635 1313 689 1339 tuis
701 1312 796 1338 litteris
808 1321 853 1339 co-

55 1348 149 1384 gnovi.
190 1348 281 1382 Itaque
296 1353 369 1383 opto,
388 1357 420 1375 ne
432 1358 461 1375 se
473 1349 518 1375 illa
529 1358 596 1385 gens
608 1354 713 1376 moveat
724 1350 773 1376 hoc
785 1354 853 1376 tem-

54 1393 128 1420 pore,
142 1384 207 1411 dum
219 1385 252 1411 ad
263 1390 287 1411 te
299 1385 418 1421 legiones
428 1395 474 1412 eae
484 1387 679 1421 perducantur,
693 1396 760 1422 quas
771 1387 852 1413 audio

54 1422 130 1449 duci.

54 1459 147 1491 bebis,
161 1468 213 1486 non
225 1464 249 1486 te
261 1459 347 1496 fugiet
358 1461 398 1487 uti
409 1461 522 1488 consilio
533 1463 568 1489 M.
581 1462 685 1493 Bibuli,
704 1463 752 1497 qui
764 1471 792 1488 se
803 1471 852 1497 op-

53 1497 120 1532 pido
144 1497 328 1524 munitissimo
353 1502 379 1524 et
406 1499 595 1533 copiosissimo
625 1499 728 1526 tamdiu
755 1500 848 1531 tenuit,

53 1534 186 1570 quamdiu
203 1535 230 1560 in
245 1535 384 1569 provincia
399 1535 490 1562 Parthi
506 1536 624 1563 fuerunt.
664 1539 689 1564 3.
712 1536 764 1563 Sed
787 1537 851 1563 haec

54 1572 154 1598 melius
169 1580 203 1598 ex
214 1580 241 1598 re
252 1576 278 1599 et
287 1580 321 1598 ex
332 1576 450 1607 tempore
461 1574 618 1601 constitues.
659 1574 726 1600 Mihi
737 1574 850 1610 quidem

53 1617 141 1644 usque
151 1617 231 1636 curae
242 1609 301 1641 erit,
314 1610 382 1644 quid
393 1619 465 1646 agas,
478 1611 554 1642 dum,
567 1611 635 1646 quid
646 1613 743 1647 egeris,
752 1613 848 1639 sciero.

53 1646 166 1674 Litteras
177 1646 210 1673 ad
222 1651 246 1673 te
258 1656 407 1682 numquam
419 1648 502 1675 habui
514 1649 558 1675 cui
570 1649 671 1680 darem,
688 1650 755 1684 quin
767 1650 850 1676 dede-

5 1679 11 1721 f',
52 1684 115 1711 rim.
154 1684 176 1711 A
187 1688 221 1715 te,
235 1689 265 1711 ut
275 1684 347 1711 idem
358 1684 455 1717 facias,
469 1690 543 1721 peto:
560 1687 589 1713 in
600 1687 760 1724 primisque,
775 1692 804 1715 ut
815 1688 850 1716 ita

9 1720 11 1730 ¹
52 1721 87 1748 ad
98 1726 157 1749 tuos
167 1721 280 1754 scribas,
293 1726 323 1749 ut
333 1731 376 1749 me
388 1727 464 1750 tuum
476 1724 563 1752 sciant
573 1733 642 1752 esse.

105 1790 160 1812 XX.
175 1790 254 1812 Alto.
269 1791 369 1818 lucatur,
384 1794 441 1820 quod
456 1793 606 1815 Sinuessanae
619 1793 687 1815 villae
701 1794 799 1822 houpitiu
813 1795 849 1816 uti

10 1825 12 1855 ζ
53 1825 158 1851 uoluerit,
170 1829 192 1848 nt
201 1827 289 1848 mbra-
299 1827 387 1848 littera-
398 1828 478 1855 poseit.
506 1832 555 1853 (Ser.
566 1838 614 1849 mnu
625 1832 703 1850 incerto.
715 1834 770 1854 710.)

109 1903 208 1935 Gratae
220 1909 288 1935 mihi
300 1914 360 1936 tuae
372 1909 482 1942 litterae,
502 1912 556 1938 nisi
567 1913 639 1947 quod
651 1914 848 1942 Sinuessanum

52 1944 265 1972 deversoriolum
280 1948 475 1982 contempsisti.
516 1948 602 1981 Quam
622 1950 734 1985 quidem
754 1957 849 1979 contu-

53 1982 162 2009 meliam
179 1982 243 2009 villa
258 1983 358 2018 pusilla
375 1985 469 2019 iniquo
483 1986 573 2012 animo
589 1986 666 2018 feret,
685 1988 738 2014 nisi
755 1989 782 2016 in
794 1989 849 2016 Cu-

13 2022 15 2050 2
52 2028 131 2047 mano
152 2024 177 2046 ct
193 2021 354 2055 Pompeiano
374 2021 526 2049 reddideris
546 2023 633 2050 πάντα
653 2025 714 2061 περὶ
733 2026 847 2053 πάντων.

46 2057 98 2084 'Sic
110 2058 192 2093 igitur
208 2056 303 2089 facies,
321 2067 419 2094 meque
433 2059 538 2087 amabis
553 2065 579 2087 et
592 2062 692 2096 scripto
706 2062 797 2098 aliquo
810 2063 848 2090 la-

51 2103 150 2122 cesses.
191 2095 247 2131 Ego
257 2095 330 2122 enim
342 2096 503 2131 respondere
514 2096 621 2125 facilius
632 2107 751 2133 possum,
765 2109 847 2136 quam

50 2140 205 2168 provocare.
246 2132 322 2165 Quod
334 2133 371 2164 si,
385 2137 414 2160 ut
424 2142 466 2165 es,
484 2135 619 2168 cessabis,
638 2135 780 2164 lacessam:
800 2147 848 2164 nec

14 2168 15 2203 j
51 2173 96 2197 tua
117 2170 225 2206 ignavia
245 2169 326 2196 etiam
347 2170 470 2197 inertiam
491 2171 590 2199 afferet.

14 2222 17 2243 1
49 2206 128 2239 Haec,
142 2216 227 2242 quum
239 2215 326 2234 essem
339 2207 366 2235 in
377 2212 481 2239 senatu,
494 2210 613 2237 exaravi.

635 2173 713 2201 Plura
733 2175 846 2203 otiosus.

102 2276 168 2298 xxi.
185 2277 261 2297 ΛΚΘ.
278 2276 380 2297 Anicium
396 2280 518 2298 nen-torem
533 2278 625 2306 eiusque
639 2280 728 2305 negotia
742 2284 764 2301 et
774 2281 846 2307 iligni-

50 2311 116 2332 tatem
126 2312 269 2333 mimmendat.
298 2313 397 2335 (Antonio.
407 2314 509 2332 noi-ben·
520 2321 566 2333 cua.
579 2317 634 2338 710.)

195 2356 231 2384 M.
247 2357 277 2383 Τ.
299 2356 329 2384 C.
352 2357 380 2384 S.
402 2357 432 2384 D.
455 2357 695 2387 CORNIFICIO.

106 2388 192 2420 Caius
203 2394 329 2425 Anicius,
348 2393 489 2421 familiaris
503 2404 592 2427 inens,
613 2397 654 2423 vir
664 2397 792 2424 omnibus
804 2407 846 2424 ro-

50 2428 102 2457 bus
111 2435 229 2462 ornatus,
243 2432 411 2468 negotiorum
423 2441 534 2459 suorum
546 2442 640 2460 caussa
653 2433 755 2470 legatus
767 2439 807 2462 est
818 2435 844 2462 in

50 2465 167 2494 Africam
178 2467 309 2504 legatione
322 2469 416 2496 libera.
450 2470 519 2496 Eum
532 2469 613 2497 velim
625 2471 705 2497 rebus
716 2472 844 2499 omnibus

49 2503 162 2532 adiuves
170 2526 176 2538 ‚
188 2514 351 2541 operamque
362 2506 419 2538 des,
434 2511 463 2533 ut
473 2516 555 2542 quam
566 2508 784 2535 commodissime
795 2519 844 2536 sua

51 2542 155 2577 negotia
167 2542 301 2576 conficiat3
326 2544 353 2570 in
366 2544 530 2579 primisque,
548 2545 620 2580 quod
635 2546 660 2572 ei
671 2546 843 2573 carissimum

50 2583 102 2610 est,
117 2578 276 2615 dignitatem
291 2581 351 2607 eius
367 2581 416 2608 tibi
427 2582 599 2609 commendo:
617 2582 698 2618 idque
710 2592 723 2609 a
736 2588 760 2610 to
772 2589 841 2618 pcto,

8 2650 10 2653 Ι
49 2615 122 2650 quod
132 2616 189 2651 ipse
200 2617 227 2644 in
238 2618 377 2652 provincia
388 2618 474 2646 facere
485 2628 546 2646 sum
557 2619 653 2647 solitus
665 2630 715 2647 non
724 2626 840 2657 rogatus,

50 2656 80 2680 ut
92 2653 219 2681 omnibus
238 2655 408 2683 senatoribus
425 2655 531 2684 lictores
547 2656 654 2685 durem:
676 2658 749 2695 quod
771 2659 842 2687 idem

170 1422 247 1455 Quod
258 1423 283 1449 si
294 1431 372 1457 pares
383 1424 474 1458 copias
483 1424 516 1450 ad
528 1424 728 1459 confligendum
740 1433 792 1451 non
805 1424 853 1451 ha·
873 1435 875 1443 ν

1653 127 1702 152 ’759

910 200 1064 227 acceperam
1080 198 1106 219 et
1120 202 1297 229 cognoveram
1312 203 1326 221 a
1338 196 1454 221 summis
1465 195 1532 221 viris
1543 195 1703 223 factitatum.

910 230 963 256 Hoc
975 230 1065 265 igitur,
1075 231 1253 263 miCornifici,
1262 231 1352 263 facies,
1361 233 1511 268 ceterisque
1524 233 1604 259 rebus
1616 235 1705 259 omni-

910 267 961 293 bus
972 268 1031 293 eius
1043 268 1168 303 dignitati
1181 269 1287 304 reique,
1305 270 1329 296 si
1341 279 1382 296 me
1394 279 1480 301 amas,
1499 271 1634 297 consules.
1675 270 1704 297 Id

910 305 959 331 erit
971 305 1039 331 mihi
1052 307 1250 341 gratissimum.
1291 307 1326 333 Da
1338 316 1455 342 operam,
1469 312 1498 334 ut
1509 307 1609 334 valeas.

962 374 1038 394 xxn.
1058 375 1135 395 ΑΚΘ.
1151 376 1233 396 Narrat
1243 376 1270 396 de
1280 379 1339 396 statu
1349 376 1404 403 reip.
1416 380 1466 404 post
1477 377 1580 397 Caesari·
1590 377 1704 398 interitum

909 412 938 433 et,
950 415 976 429 ne
986 409 1121 436 prus-inciam
1133 410 1181 431 sine
1192 414 1283 432 senatus
1293 411 1394 432 consultu
1404 412 1484 436 tradat,
1496 411 1604 432 hortatur.

1097 448 1183 469 (Romae,
1193 447 1282 467 Antonin.
1292 448 1391 466 Dolabella
1402 455 1449 465 cons.
1461 451 1515 469 7¹0)

1027 490 1062 516 M.
1085 491 1115 517 T.
1138 490 1167 517 C.
1188 491 1215 518 S.
1237 491 1266 518 P.
1288 493 1317 518 D.
1340 492 1581 520 CORNIFICIO.

966 528 989 553 l.
1011 522 1071 553 Nos
1084 528 1127 554 hic
1138 537 1201 554 cum
1216 529 1325 556 homine
1340 530 1500 565 gladiatore,
1518 531 1640 557 omnium
1657 539 1705 556 ne-

908 564 1055 598 quissimo,
1073 565 1174 601 collega
1190 571 1292 598 nostro,
1309 567 1437 598 Antonio,
1454 568 1557 595 bellurn
1567 568 1702 604 gerimus:

908 601 955 627 sed
968 610 1019 628 non
1031 603 1089 636 pari
1099 603 1261 635 conditione,
1274 609 1364 631 contra
1375 614 1447 631 arma
1460 605 1560 632 verbis.
1580 606 1613 632 At
1623 606 1704 631 etiam

908 638 940 664 de
953 643 976 664 te
987 640 1168 671 concionatur,
1183 649 1231 667 nec
1243 642 1367 676 impune:
1391 651 1453 668 nam
1464 643 1569 673 sentiet,
1586 651 1654 677 quos
1666 642 1705 668 la-

907 676 1038 702 cessierit.
1079 677 1135 712 Ego
1150 682 1239 704 autem
1256 684 1312 705 acta
1326 679 1359 705 ad
1375 684 1399 706 te
1415 680 1504 706 omnia
1518 680 1632 706 arbitror
1643 688 1704 714 per-

907 713 991 740 scribi
1002 714 1036 739 ab
1047 713 1121 747 aliis3
1136 723 1149 740 a
1162 724 1203 741 me
1215 715 1305 742 futura
1315 716 1398 742 debes
1408 726 1577 752 cognoscere,
1587 726 1672 752 quoru
1678 725 1704 742 ni

907 750 1019 785 quidem
1042 760 1093 777 non
1114 757 1154 778 est
1174 752 1297 779 difficilis
1319 754 1482 781 coniectura.
1522 756 1547 781 2.
1569 754 1704 789 Oppressa

907 788 997 814 omnia
1009 793 1080 820 sunt,
1090 798 1137 815 nec
1148 789 1248 816 habent
1258 790 1355 817 ducem
1368 791 1444 824 boni,
1460 792 1597 826 nostrique
1610 802 1704 826 τυραν-

906 825 1025 852 νοκτόνοι
1040 825 1117 861 longe
1128 827 1251 862 gentium
1263 828 1371 854 absunt.
1412 829 1496 855 Pansa
1507 833 1533 855 et
1543 829 1624 855 sentit
1635 829 1704 855 bene

906 867 932 888 et
943 862 1062 897 loquitur
1074 863 1187 897 sortiter,
1202 865 1303 891 Hirtius
1315 870 1404 892 noster
1415 866 1518 892 tardius
1528 865 1702 892 convalescit.

906 900 978 932 Quid
990 899 1111 927 futurum
1123 902 1166 932 sit,
1179 901 1259 936 plane
1271 903 1372 930 nescio.
1408 903 1476 938 Spes
1487 908 1576 929 tamen
1588 912 1640 929 una
1653 908 1701 933 est,

906 937 1052 972 aliquando
1062 938 1194 973 populum
1202 940 1351 966 Romanum
1363 941 1495 967 maiorum
1506 940 1624 967 similem
1637 940 1702 967 fore.

905 975 962 1010 Ego
973 980 1042 1001 certe
1055 976 1220 1010 reipublicae
1230 986 1282 1003 non
1294 977 1386 1009 deero,
1403 983 1437 1009 et,
1450 978 1586 1013 quidquid
1598 977 1704 1004 accide—

906 1013 953 1043 rit,
969 1021 983 1038 a
994 1021 1048 1047 quo
1058 1022 1116 1039 mea
1128 1013 1207 1049 culpa
1219 1015 1302 1046 absit,
1321 1016 1410 1042 animo
1426 1015 1487 1042 forti
1499 1015 1591 1042 feram.
1632 1014 1703 1041 Illud

905 1049 1036 1084 profecto,
1058 1051 1147 1086 quoad
1163 1057 1267 1086 potero:
1290 1057 1364 1078 tuam
1386 1053 1484 1079 famam
1502 1058 1528 1080 et
1543 1053 1703 1088 dignitatem

905 1087 1010 1114 tuebor.
1049 1090 1073 1114 3.
1096 1088 1127 1115 Α.
1141 1089 1167 1115 d.
1179 1097 1239 1116 xm.
1252 1089 1386 1117 Kalendas
1402 1092 1507 1117 Ianuar.
1524 1096 1633 1116 senatus
1650 1089 1703 1116 fre-

904 1133 992 1159 quens
1004 1125 1072 1152 mihi
1084 1130 1125 1153 est
1135 1135 1276 1159 assensus,
1295 1136 1380 1162 quum
1397 1128 1430 1154 de
1445 1129 1541 1155 ceteris
1552 1128 1633 1154 rebus
1646 1136 1703 1153 ma—

904 1163 966 1197 gnis
978 1167 1004 1189 et
1014 1164 1184 1195 necessariis,
1199 1169 1255 1190 tum
1267 1164 1300 1191 de
1311 1165 1474 1200 provinciis,
1488 1165 1521 1191 ab
1534 1166 1581 1196 iis,
1595 1166 1643 1200 qui
1653 1165 1703 1191 ob-

904 1200 1033 1231 tinerent,
1057 1201 1206 1227 retinendis
1227 1210 1315 1237 neque
1330 1203 1459 1238 cuiquam
1474 1203 1625 1233 tradendis,
1649 1202 1703 1229 nisi

904 1238 952 1272 qui
964 1246 997 1264 ex
1008 1242 1116 1265 senatus
1128 1239 1250 1265 consulto
1261 1241 1447 1267 successisset.
1488 1241 1541 1267 Iloc
1557 1249 1606 1275 ego
1615 1248 1702 1275 quum

904 1275 1070 1309 reipublicae
1082 1284 1177 1302 caussa
1188 1277 1296 1308 censui,
1309 1282 1376 1308 tum,
1390 1277 1553 1308 mehercule,
1567 1278 1593 1303 in
1605 1277 1702 1311 primis

904 1312 1058 1338 retinendae
1079 1313 1219 1349 dignitatis
1240 1318 1310 1341 tuae.
1351 1315 1531 1347 Quamobrem
1555 1320 1579 1341 te
1602 1314 1702 1341 amoris

904 1350 988 1376 nostri
1003 1358 1097 1376 caussa
1115 1359 1191 1386 rogo,
1208 1351 1375 1386 reipublicae
1391 1361 1486 1378 caussa
1502 1352 1604 1383 hortor,
1623 1357 1653 1378 ut
1669 1359 1701 1377 ne

904 1387 948 1413 cui
963 1387 1114 1422 quidquam
1131 1389 1199 1414 iuris
1215 1389 1241 1414 in
1253 1393 1297 1415 tua
1309 1390 1447 1424 provincia
1459 1398 1518 1415 esse
1529 1390 1644 1424 patiare,
1662 1394 1701 1415 at·

903 1433 957 1459 que
968 1429 998 1451 ut
1008 1425 1097 1451 omnia
1110 1425 1209 1452 referas
1221 1425 1253 1452 ad
1269 1426 1442 1462 dignitatem,
1461 1435 1514 1462 qua
1530 1426 1598 1453 nihil
1615 1431 1702 1461 potest

903 1470 962 1487 esse
974 1463 1164 1496 praestantius.
1206 1465 1230 1490 4.
1253 1464 1319 1490 Vere
1331 1469 1420 1491 tecum
1433 1473 1524 1500 agam,
1542 1469 1571 1490 ut
1581 1464 1701 1490 necessi-

903 1499 968 1525 tudo
983 1504 1070 1526 nostra
1088 1500 1217 1535 postulat:
1241 1503 1267 1528 in
1283 1502 1456 1536 Sempronio,
1479 1502 1503 1528 si
1519 1502 1587 1527 meis
1604 1501 1700 1528 litteris

902 1536 1130 1572 obtemperasses,
1154 1539 1300 1565 maximam
1321 1539 1354 1565 ab
1370 1539 1498 1565 omnibus
1514 1539 1620 1565 laudem
1636 1538 1700 1564 ade-

902 1578 965 1608 ptus
977 1583 1061 1601 esses.
1083 1575 1136 1601 Sed
1150 1575 1218 1602 illud
1229 1581 1255 1603 et
1266 1577 1403 1611 praeteriit
1414 1581 1439 1603 et
1452 1576 1539 1602 levius
1553 1581 1602 1602 est.
1630 1576 1700 1602 Haec

902 1620 999 1647 magna
1011 1621 1054 1638 res
1067 1617 1121 1639 est:
1136 1612 1176 1639 fac
1187 1618 1216 1640 ut
1226 1615 1393 1649 provinciam
1405 1615 1520 1640 retineas
1532 1615 1558 1640 in
1571 1618 1699 1648 potestate

902 1649 1078 1684 reipublicae.
1120 1649 1198 1676 Plura
1210 1652 1396 1686 scripsissem,
1415 1652 1468 1678 nisi
1480 1652 1518 1677 tui
1531 1651 1698 1678 festinarent.

902 1687 993 1723 Itaque
1004 1686 1140 1724 Cherippo
1151 1693 1241 1716 nostro
1252 1698 1294 1716 nie
1306 1689 1389 1716 velim
1400 1697 1525 1716 excuses.

954 1761 1042 1782 XXIII.
1059 1763 1137 1783 ΑΒΘ.
1153 1764 1279 1790 Reupondet
1296 1764 1321 1783 ad
1343 1763 1430 1784 litteras
1445 1762 1552 1783 Straton-ii
1569 1763 1595 1782 de
1609 1761 1698 1789 provin·

901 1796 945 1817 cia:
964 1797 1044 1818 deinde
1054 1797 1109 1825 reip.
1122 1798 1213 1819 fun-mam
1223 1798 1339 1823 describit,
1351 1802 1372 1819 et
1382 1798 1548 1826 pliiIusnphiam
1559 1797 1641 1818 laudat.

1090 1835 1177 1857 (Rom-e,
1186 1835 1277 1856 Antonio,
1288 1836 1386 1854 Dolabella
1395 1843 1442 1853 cons.
1453 1836 1509 1857 710.)

1044 1879 1080 1906 M.
1103 1879 1130 1905 T.
1152 1879 1182 1906 C.
1204 1878 1230 1906 S.
1253 1879 1282 1906 D.
1303 1878 1546 1906 CORNIFICIO.

957 1917 979 1942 l.
1002 1911 1123 1943 Omnem
1149 1916 1331 1943 conditionem
1355 1917 1463 1952 imperii
1484 1918 1523 1943 tui
1544 1921 1698 1951 statumque

901 1953 1056 1987 provinciae
1077 1953 1146 1980 mihi
1165 1953 1361 1981 demonstravit
1382 1954 1537 1981 stratorius.
1571 1954 1593 1981 O
1613 1954 1696 1980 multa

900 1990 1079 2017 intolerabilia
1095 1990 1160 2017 locis
1171 1991 1313 2018 omnibus!
1336 1991 1387 2018 Sed
1399 2000 1453 2027 quo
1464 1996 1508 2019 tua
1516 1991 1697 2027 maiordigni-

900 2031 948 2057 tas,
966 2036 1006 2059 eo,
1024 2036 1093 2063 quae
1109 2028 1159 2055 tibi
1175 2029 1339 2060 acciderunt,
1356 2029 1447 2056 minus
1463 2028 1585 2061 ferenda,
1610 2037 1697 2063 neque

900 2065 982 2095 enim,
999 2073 1069 2100 quae
1085 2070 1113 2092 tu
1130 2071 1238 2100 propter
1253 2067 1469 2102 magnitudinem
1486 2072 1511 2093 ct
1522 2067 1606 2093 animi
1618 2071 1641 2092 ct
1655 2067 1696 2091 in-

899 2102 973 2137 genii
992 2102 1126 2129 moderate
1143 2102 1204 2133 fers,
1218 2112 1231 2130 a
1246 2108 1270 2129 te
1283 2112 1334 2130 non
1347 2103 1501 2130 ulciscenda
1516 2109 1587 2133 sunt,
1601 2104 1696 2129 ctiam-

899 2139 922 2165 si
939 2147 990 2165 non
1007 2144 1070 2166 sunt
1085 2139 1211 2167 dolenda.
1238 2140 1291 2166 Sed
1308 2140 1373 2167 haec.
1389 2142 1532 2175 posterius.
1555 2143 1579 2167 2.
1597 2141 1694 2166 Rerum

900 2176 1063 2202 urbanarum
1080 2181 1135 2203 acta
1153 2177 1201 2203 tibi
1215 2178 1284 2203 mitti
1296 2182 1367 2203 certo
1378 2178 1443 2205 scio.
1466 2177 1542 2210 Quod
1555 2179 1580 2203 ui
1597 2178 1630 2204 ita
1645 2186 1694 2212 pu-

899 2218 996 2243 tarem,
1022 2213 1081 2247 ipse
1109 2214 1318 2248 perscriberem,
1345 2215 1372 2241 in
1398 2215 1549 2249 primisque
1574 2215 1694 2241 Cawsaris

898 2250 1038 2277 Octaviani
1048 2256 1188 2282 conatum;
1211 2251 1244 2277 de
1255 2260 1310 2285 quo
1322 2251 1490 2279 multitudini
1502 2253 1592 2278 lictum
1600 2252 1633 2277 ab
1642 2253 1693 2277 Λιι-

899 2288 970 2313 tonio
990 2288 1092 2314 crimen
1114 2288 1234 2318 videtur,
1258 2293 1287 2315 ut
1307 2289 1333 2315 in
1358 2290 1500 2323 pecuniam
1517 2289 1694 2315 adolescentis

899 2325 1030 2359 impetum
1052 2324 1159 2352 faceret.
1191 2325 1339 2352 Prudentes
1361 2331 1450 2353 autem
1475 2332 1499 2352 ct
1521 2326 1583 2352 boni
1602 2327 1652 2352 viri
1669 2332 1693 2352 et

897 2361 1010 2388 credunt
1030 2361 1128 2388 Iactum
1150 2366 1176 2388 et
1196 2362 1319 2396 probant.
1356 2363 1427 2395 Quid
1442 2363 1568 2398 quaeris?
1597 2372 1692 2397 magna

896 2407 959 2433 spes
974 2403 1014 2425 cst
1031 2399 1056 2425 in
1074 2408 1114 2426 00.
1141 2399 1214 2427 Nihil
1230 2404 1278 2429 cst,
1296 2400 1368 2434 quod
1385 2409 1436 2427 non
1453 2401 1623 2427 existimetur
1635 2400 1693 2427 lau—

896 2436 939 2461 dis
955 2440 980 2462 et
995 2435 1096 2471 gloriae
1114 2445 1209 2464 caussa
1227 2436 1354 2464 facturus.
1386 2438 1517 2464 Antonius
1532 2443 1630 2467 autem.
1645 2446 1692 2464 no-

896 2478 950 2499 ster
965 2472 1116 2505 familiaris,
1133 2479 1203 2500 tanto
1219 2482 1248 2500 sc
1259 2474 1320 2500 odio
1331 2483 1390 2500 esse
1403 2474 1538 2509 intelligit,
1553 2480 1589 2505 ut,
1605 2484 1691 2510 ιμιιιιη

897 2510 1078 2537 interfectores
1098 2520 1162 2538 suos
1180 2511 1254 2537 domi
1269 2512 1476 2546 comprenderit,
1498 2521 1553 2538 rom
1573 2512 1690 2547 proferre

896 2556 946 2573 non
959 2548 1064 2575 audeat.
1086 2549 1117 2575 A.
1134 2548 1161 2575 d.
1178 2557 1222 2575 vu.
1246 2548 1426 2576 IdusOctobr.
1450 2549 1624 2576 Brundisium
1635 2555 1691 2576 crat

895 2585 1030 2619 profectus
1050 2585 1159 2612 obviam
1182 2585 1336 2621 legionibus
1358 2587 1538 2613 Macedonicis
1560 2596 1598 2616 iv,
1621 2596 1689 2622 quim

893 2622 948 2648 sibi
968 2622 1111 2650 conciliare
1134 2623 1247 2658 pecunia
1268 2624 1410 2658 cogitabat.
1427 2633 1526 2659 easque
1543 2624 1575 2651 ad
1590 2625 1688 2651 Urbem

893 2659 1027 2687 adducere
1043 2661 1106 2689 etin
1121 2660 1274 2689 cervicibus
1285 2662 1383 2689 nostris
1393 2661 1532 2689 collocare.
1564 2664 1588 2689 3.
1602 2661 1688 2689 nabes
