1941 3052
324 101 652 129 EPISTOLARUM
683 100 736 127 AD
764 98 993 126 DIVERSOS
1023 98 1174 124 LIB.1V.

46 176 84 202 lor
95 173 255 202 intestinus?
275 173 376 208 Cogita,
389 171 619 207 quemadmodum
634 171 723 197 adhuc
734 170 839 197 fortuna

45 213 187 240 nobiscum
203 211 300 246 egerit:
317 219 348 236 ea
359 210 437 236 nobis
449 214 539 245 erepta
551 218 623 240 esse,
641 217 710 243 quae
722 208 841 235 homini-
861 220 869 243 χ

44 251 97 277 bus
113 258 165 276 non
180 249 284 279 minus,
303 256 385 283 quarn
397 247 490 278 liberi,
508 255 568 273 cara
583 255 642 272 esse
658 246 770 278 debent,
793 253 841 280 pa-

46 289 133 318 triam,
148 287 323 315 honestatem,
337 285 505 320 dignitatem,
520 285 633 310 honores
644 292 748 310 omnes.
788 283 842 308 lloc

46 333 100 352 uno
112 323 281 350 incommodo
292 322 395 353 addito,
413 322 481 357 quid
496 321 529 348 ad
541 320 659 347 dolorem
671 320 783 355 adiungi
794 328 843 354 po-
862 336 863 341 .

46 361 113 390 tuit‘?
124 365 170 388 aut
180 361 228 395 qui
239 369 292 386 non
303 360 331 386 in
342 359 397 385 illis
408 360 490 385 rebus
502 359 663 385 exercitatus
674 359 781 384 animus
787 356 843 383 cal-

45 399 99 426 lere
111 400 164 425 iam
175 398 263 429 debet,
277 402 356 432 atque
367 397 456 423 omnia
468 396 580 422 minoris
592 394 750 422 aestimare?
764 397 788 421 3.
801 395 842 421 An

45 436 121 464 illius
136 436 224 462 vicem
241 434 339 470 (credo)
353 433 446 461 doles‘?
465 433 574 466 Quoties
590 434 617 459 in
632 441 690 459 eam
704 433 844 467 cogitatio-

46 483 108 501 nem
119 481 229 500 necesse
240 477 281 499 est
291 476 317 499 et
326 477 355 499 tu
365 472 481 502 veneris,
497 475 524 497 et
533 480 581 497 nos
592 479 672 505 saepe
684 470 840 500 incidimus,

46 512 121 539 hisce
140 510 308 545 temporibus
329 518 381 535 non
401 509 520 544 pessime
540 517 602 534 cum
617 508 652 534 iis
667 516 726 534 esse
742 511 840 538 actum,

46 549 149 584 quibus
160 549 219 574 sine
231 547 321 574 dolore
332 546 436 573 licitum
447 550 488 572 est
498 550 609 571 mortem
621 553 683 571 cum
699 545 754 571 vita
769 552 844 570 com-

46 585 168 613 mutare‘?
188 585 260 618 Quid
272 588 361 610 autem
376 583 435 615 suit,
449 583 521 618 quod
532 582 607 609 illam
618 582 668 608 hoc
679 586 799 616 tempore
810 580 843 607 ad

46 623 197 651 vivendum
219 630 315 657 magno
335 630 414 656 opere
435 621 548 647 invitare
568 618 676 654 posset?
695 627 764 653 quae
784 617 844 644 res‘?

47 669 117 696 quae
130 659 211 695 spes'?
221 659 294 694 quod
306 659 389 685 animi
401 656 544 684 solatium?
558 657 591 684 Ut
601 666 663 683 cum
675 656 766 691 aliquo
780 655 845 682 ado-

48 698 164 725 lescente
185 697 313 732 primario
334 696 475 722 coniuncta
496 699 608 721 aetatem
622 692 744 730 gereret?
772 693 845 719 Lici-

48 741 106 762 tum
117 739 158 761 est
168 735 227 764 tibi,
240 733 327 764 credo,
343 741 392 768 pro
403 737 447 759 tua
458 732 588 767 dignitate
599 740 633 758 ex
644 732 693 758 hac
704 731 844 757 iuventute

47 781 178 809 generum
190 771 317 806 deligere,
325 771 403 796 cuius
411 770 473 796 fidei
485 770 584 796 liberos
595 773 654 795 tuos
668 773 692 795 te
704 772 761 795 tuto
771 777 845 794 com-

48 811 152 837 mittere
163 809 283 843 putares!
297 809 337 834 An
348 812 378 833 ut
388 816 417 833 ea
430 807 528 833 liberos
539 815 573 833 ex
584 815 642 832 sese
653 810 767 841 pareret,
775 814 844 842 quos

48 856 134 883 quum
145 845 269 872 florentes
280 845 396 876 videret,
411 843 570 871 laetaretur?
585 844 633 879 qui
644 853 700 870 reni
711 853 726 870 a
736 848 845 879 parente

49 884 172 912 traditam
183 892 231 918 per
244 891 272 909 se
284 887 372 909 tenere
384 881 511 917 possent‘?
522 881 636 908 honores
647 881 791 907 ordinatim
797 890 846 916 pe-

48 922 124 949 tituri
134 925 224 947 essent
234 921 262 946 in
273 919 431 954 republica?
443 920 470 945 in
481 919 629 945 amicorum
641 919 755 954 negotiis
763 918 846 945 liber-

50 963 101 986 tate
111 967 159 985 sua
171 957 327 984 uterentur?
345 956 416 989 Quid
428 957 525 983 horum
536 956 596 987 fuit,
610 956 683 991 quod
694 965 746 983 non
758 957 843 991 prius,

50 1005 131 1032 quam
142 996 235 1022 datum
246 999 329 1025 esset,
342 994 498 1029 ademptum
510 993 562 1020 sit‘?
575 994 608 1020 At
618 1002 681 1020 vero
693 993 795 1020 malum
806 997 847 1020 est

50 1033 149 1060 liberos
161 1033 292 1059 amittere.
318 1031 432 1059 Malum:
446 1032 499 1057 nisi
511 1032 589 1066 peius
600 1032 644 1062 sit,
658 1031 724 1057 haec
735 1031 847 1057 sufferre

50 1075 76 1098 et
85 1071 199 1106 perpeti.
241 1071 265 1096 4.
287 1069 360 1102 Quae
376 1078 418 1095 res
435 1069 503 1095 mihi
515 1078 567 1095 non
578 1069 741 1095 mediocrem
752 1077 848 1095 conso-

51 1108 176 1135 lationem
188 1107 289 1138 attulit,
312 1106 372 1133 volo
383 1107 433 1133 tibi
444 1115 666 1137 commemorare,
690 1107 714 1132 si
726 1106 791 1133 forte
803 1115 848 1132 ea-

51 1145 113 1172 dem
124 1154 166 1172 res
177 1145 226 1171 tibi
237 1145 359 1170 minuere
370 1143 488 1170 dolorem
499 1144 593 1178 possit.
614 1144 656 1170 Ex
667 1143 729 1169 Asia
741 1143 848 1170 rediens

51 1192 137 1219 quum
153 1182 186 1209 ab
202 1183 303 1217 Aegina
319 1181 453 1217 Megaram
469 1190 564 1207 versus
580 1181 749 1216 navigarem,
772 1181 848 1216 coepi

51 1221 175 1256 regiones
186 1219 361 1246 circumcirca
371 1219 535 1253 prospicere.
576 1218 638 1245 Post
649 1227 691 1244 me
702 1222 757 1245 erat
768 1218 850 1254 Aegi-

51 1266 99 1289 na,
111 1261 170 1284 ante
181 1257 300 1292 Megara,
314 1256 407 1283 dextra
414 1256 553 1287 Piraeeus.
567 1256 676 1282 sinistra
687 1255 845 1289 Corinthus3

52 1303 122 1330 quae
142 1294 241 1330 oppida
257 1293 374 1329 quodam
391 1297 510 1328 tempore
525 1292 714 1319 florentissima
729 1293 846 1324 fuerunt,

52 1340 125 1359 nunc
145 1336 274 1366 prostrata
294 1336 320 1357 et
339 1331 428 1357 diruta
448 1335 509 1357 ante
523 1330 615 1356 oculos
630 1331 726 1357 iacent.
767 1330 849 1365 Coepi

52 1374 159 1406 egomet
172 1377 279 1395 mecum
290 1369 330 1394 sic
340 1369 471 1404 cogitare:
485 1368 563 1394 Hem!
578 1376 626 1394 nos
637 1367 796 1394 homunculi
808 1369 850 1394 in-

53 1406 212 1443 dignamur,
235 1407 258 1432 si
279 1406 341 1441 quis
361 1410 483 1432 nostrum
499 1405 602 1432 interiit
616 1410 662 1432 aut
677 1406 783 1432 occisus
799 1409 848 1437 est,

53 1452 171 1480 quorum
181 1444 236 1470 vita
248 1444 356 1470 brevior
366 1452 425 1469 esse
437 1442 526 1474 debet,
540 1451 627 1478 quum

110 1490 162 1508 uno
177 1483 231 1507 loco
243 1486 277 1507 loe
290 1483 411 1514 oppidum
422 1483 552 1507 cadavera

107 1521 223 1553 proiecta
234 1517 354 1545 iaceant?
367 1533 404 1538 —-
414 1533 451 1537 —
460 1533 498 1537 -

54 1557 136 1584 Visne
151 1561 179 1583 tu
195 1560 229 1587 te,
243 1555 330 1586 Servi,
343 1555 480 1586 cohibere,
498 1559 524 1581 et
534 1555 701 1585 meminisse.
715 1554 852 1581 hominem

54 1598 80 1621 te
94 1602 154 1620 esse
169 1592 280 1620 natum?
308 1592 392 1619 Crede
403 1592 485 1618 mihi:
517 1592 677 1627 cogitatione
689 1601 719 1618 ea
731 1601 783 1619 non
794 1601 853 1618 me-

55 1630 181 1658 diocriter
194 1639 255 1657 sum
267 1630 450 1656 confirmatus.
476 1629 530 1656 Hoc
541 1629 623 1661 idem,
637 1630 660 1656 si
672 1629 722 1656 tibi
734 1629 850 1661 videtur,

56 1667 97 1695 fac
107 1673 167 1695 ante
177 1667 270 1695 oculos
284 1667 334 1694 tibi
346 1675 490 1702 proponas.
531 1667 610 1693 Modo
620 1675 674 1693 uno
686 1671 805 1702 tempore
816 1671 854 1694 tot

55 1706 108 1732 viri
120 1705 265 1732 clarissimi
276 1705 448 1738 interierunt3
470 1704 503 1730 de
514 1704 628 1739 imperio
639 1704 733 1739 populi
741 1705 853 1731 Romani

56 1746 126 1770 tanta
137 1743 286 1770 deminutio
298 1742 365 1768 facta
376 1746 429 1769 est:
451 1750 546 1768 omnes
557 1742 711 1777 provinciae
718 1750 853 1777 conquas-

56 1784 127 1807 satae
147 1784 223 1807 sunt:
256 1780 284 1806 in
299 1780 382 1806 unius
398 1779 574 1806 mulierculae
585 1779 704 1805 animula
716 1780 739 1805 si
752 1780 852 1806 iactura

57 1817 125 1844 saeta
140 1822 188 1849 est,
207 1821 277 1843 tanto
293 1825 372 1852 opere
383 1816 579 1843 commoveris?
608 1825 677 1852 quae
689 1817 712 1843 si
724 1817 773 1843 hoc
785 1821 854 1844 tem-

57 1863 120 1891 pore
132 1863 184 1881 non
195 1854 268 1880 diem
280 1863 361 1880 suum
371 1854 481 1885 obisset.
499 1854 593 1889 paucis
604 1858 665 1889 post
674 1855 752 1880 annis
764 1859 853 1881 tamen

57 1893 83 1918 ei
103 1891 272 1918 moriendum
289 1891 352 1918 suit:
384 1892 512 1926 quoniam
529 1891 608 1918 homo
624 1896 684 1918 nata
699 1891 795 1919 fuerat.
826 1893 851 1918 5.

56 1929 144 1956 Etiam
156 1933 184 1955 tu
195 1929 229 1955 ab
241 1929 316 1955 hisce
328 1928 409 1955 rebus
420 1929 541 1955 animum
548 1937 578 1955 ac
584 1929 773 1964 cogitationem
780 1934 853 1956 tuam

58 1975 148 1997 avoca,
171 1970 251 2001 atque
271 1974 301 1992 ea
322 1966 412 2000 potius
427 1966 609 1997 reminiscere,
627 1974 696 2001 quae
711 1966 793 2002 digna
809 1971 854 1993 tua

57 2012 169 2039 persona
181 2007 258 2029 sunt:
281 2002 365 2034 illam,
379 2003 510 2038 quamdiu
521 2004 546 2029 ei
557 2011 626 2038 opus
637 2002 851 2037 suerit,vixisse;

58 2049 111 2068 una
126 2049 188 2067 cum
205 2039 344 2075 republica
360 2039 457 2074 suisse;
481 2044 514 2071 te.
532 2045 635 2075 patrem
646 2049 737 2072 suum,
750 2046 855 2076 praeto-

59 2086 124 2110 rem,
137 2077 285 2109 consulem,
299 2086 429 2113 augurem
440 2077 556 2110 vidisse,
575 2077 856 2113 adolescentibuspri-

59 2116 151 2142 mariis
168 2119 278 2150 nuptam
296 2115 393 2148 fuisse,
415 2115 543 2141 omnibus
559 2115 638 2141 bonis
649 2124 731 2150 prope
743 2115 856 2150 perfun-

59 2157 128 2180 ctam
148 2161 220 2186 esse,
252 2161 337 2188 quum
354 2152 508 2187 respublica
523 2152 669 2184 occideret,
690 2153 744 2179 vita
761 2161 856 2180 exces-

60 2190 138 2217 sisse.
177 2189 249 2222 Quid
269 2195 318 2221 est.
341 2189 414 2224 quod
436 2194 463 2216 tu
484 2194 530 2216 aut
544 2189 589 2215 illa
604 2198 667 2216 cum
684 2189 788 2217 fortuna
806 2191 856 2217 hoc

61 2227 167 2255 nomine
178 2228 256 2262 queri
267 2226 395 2262 possitis?
414 2227 534 2262 Denique
547 2227 601 2253 noli
612 2231 636 2253 te
647 2226 857 2255 oblivisciCice-

61 2273 151 2291 ronem
165 2273 234 2295 esse.
252 2269 277 2291 et
291 2273 362 2295 eum.
380 2265 428 2299 qui
444 2264 504 2290 aliis
516 2265 655 2290 consueris
665 2266 819 2300 praecipere
831 2270 857 2292 et

62 2301 124 2329 dare
134 2302 292 2335 consilium,
316 2310 403 2336 neque
415 2302 519 2328 imitare
531 2301 615 2327 malos
627 2302 755 2333 medicos,
768 2303 816 2338 qui
828 2303 855 2329 in

63 2338 157 2366 alienis
177 2339 279 2366 morbis
294 2339 451 2374 profitentur
467 2343 556 2365 tenere
567 2347 595 2365 se
607 2339 756 2366 medicinae
768 2340 857 2366 scien-

63 2376 135 2408 tiam,
158 2377 210 2411 ipsi
231 2385 259 2402 se
279 2385 372 2403 curare
384 2385 435 2402 non
452 2380 577 2411 possunt;
600 2375 648 2402 sed
667 2377 769 2411 potius¹
787 2385 856 2412 quae

64 2412 123 2440 aliis
134 2414 288 2449 praecipere
300 2413 379 2445 soles,
393 2422 422 2439 ea
435 2418 490 2439 tute
502 2413 551 2439 tibi
562 2413 677 2443 subiice,
692 2418 772 2449 atque
784 2414 856 2449 apud

64 2450 183 2477 animum
194 2459 321 2486 propone.
348 2453 373 2478 6.
386 2450 484 2477 Nullus
494 2450 569 2477 dolor
580 2455 628 2481 est,
642 2459 723 2486 quem
735 2460 786 2478 non
800 2451 858 2477 lon-

64 2487 200 2523 giuquitas
219 2489 348 2524 temporis
369 2489 474 2514 minuat
492 2496 522 2514 ac
542 2487 653 2514 molliat.
695 2489 748 2514 lloc
769 2492 794 2515 te
809 2497 858 2514 ex-

65 2529 183 2560 spectare
201 2530 318 2561 tempus,
335 2534 365 2552 ac
381 2535 434 2552 non
444 2526 468 2551 ei
480 2526 518 2551 rei
530 2525 661 2559 sapientia
673 2529 716 2552 tua
729 2530 753 2552 te
764 2534 858 2552 occur-

65 2569 132 2594 rere,
151 2562 201 2590 tibi
216 2567 293 2598 turpe
308 2567 359 2590 est.
399 2562 477 2596 Quod
490 2563 514 2589 si
526 2563 588 2597 quis
600 2563 680 2589 etiam
693 2562 786 2589 inseris
796 2572 859 2589 son-

66 2606 113 2626 sus
127 2604 180 2627 est:
202 2601 250 2636 qui
265 2600 340 2627 illius
354 2601 381 2627 in
393 2605 418 2628 te
430 2609 503 2627 amor
515 2599 714 2636 fuitpietasque
726 2601 752 2627 in
764 2609 858 2627 omnes

67 2643 139 2668 tuos,
161 2636 211 2664 hoc
230 2641 301 2665 certe
323 2638 370 2665 illa
386 2642 411 2665 te
426 2637 512 2665 faeere
528 2646 580 2664 non
592 2637 660 2665 vult.
703 2639 740 2664 Da
757 2637 807 2665 hoc
818 2638 858 2665 illi

1207 98 1226 123 E
1239 98 1268 123 P.
1294 98 1305 123 4
1326 112 1362 116 —
1383 99 1407 124 6,
1637 97 1687 122 687

861 172 869 187 '¹
891 174 1024 196 mortuae:
1057 169 1090 195 da
1111 169 1206 194 ceteris
1221 168 1316 194 amicis
1332 176 1362 193 ac
1378 166 1567 197 familiaribus,
1584 167 1633 201 qui
1643 172 1689 192 tuo

891 207 981 233 dolore
993 211 1124 232 maerent:
1153 205 1186 231 da
1197 206 1311 240 patriae,
1335 209 1373 236 ut,
1387 205 1409 231 si
1421 213 1474 239 qua
1486 205 1513 230 in
1524 212 1551 229 re
1562 212 1630 238 opus
1643 204 1686 234 sit,

892 253 972 279 opera
991 249 1016 270 et
1036 243 1149 270 consilio
1165 248 1210 269 tuo
1227 243 1266 269 uti
1277 243 1372 277 possit.
1412 242 1542 276 Denique,
1560 242 1688 275 quoniam

893 282 919 307 in
939 290 998 307 eam
1014 281 1147 307 fortunam
1163 280 1332 310 devenimus,
1351 284 1380 306 ut
1393 280 1473 305 etiam
1486 279 1549 304 huic
1561 279 1598 304 rei
1611 278 1689 304 nobis

893 318 1067 345 serviendum
1078 319 1125 344 sit:
1150 318 1203 344 noli
1214 318 1389 347 committere,
1403 322 1431 343 ut
1442 317 1588 351 quisquam
1603 321 1627 342 te
1638 324 1690 350 pu-

893 361 929 382 tet
944 365 997 382 non
1012 361 1066 382 tam
1078 355 1170 385 filiam,
1186 364 1268 390 quam
1280 354 1445 389 reipublicae
1457 359 1576 388 tempora
1587 358 1611 379 et
1623 353 1690 379 alio-

894 402 954 419 rum
970 394 1109 419 victoriam
1122 392 1224 427 lugere.
1254 392 1333 418 Plura
1345 400 1387 417 nie
1399 391 1431 417 ad
1444 396 1467 417 te
1479 391 1511 417 de
1524 391 1572 416 hac
1584 400 1611 416 re
1623 391 1690 416 scri-

894 431 957 457 bere
968 430 1060 465 pudet,
1074 438 1107 456 ne
1120 430 1214 456 videar
1224 430 1383 464 prudentiae
1395 434 1455 455 tuae
1462 428 1595 454 diffidere.
1618 428 1691 460 Qua-

894 477 931 499 re,
949 469 973 494 si
989 468 1039 494 hoc
1053 476 1138 493 unum
1154 476 1326 501 proposuero,
1340 467 1421 492 tinem
1433 466 1529 492 faciam
1541 465 1689 491 scribendi.

895 505 1020 531 Vidimus
1041 504 1184 539 aliquoties
1205 504 1353 530 secundam
1373 503 1556 538 pulcherrime
1577 508 1600 529 te
1622 502 1690 528 ferre

895 542 1038 573 fortunam,
1052 550 1233 577 magnamque
1244 550 1278 568 ex
1289 550 1318 567 ea
1331 550 1358 567 re
1372 546 1397 567 te
1410 541 1516 567 laudern
1529 540 1626 575 apisci:
1650 539 1691 565 sac

895 580 1041 615 aliquando
1061 579 1256 614 intelligamus,
1279 578 1420 604 adversam
1439 586 1546 612 quoque
1562 583 1586 603 te
1605 585 1691 612 aeque

896 617 963 643 serre
984 625 1071 652 posse,
1090 625 1177 651 neque
1194 616 1222 642 id
1239 617 1336 646 maius,
1350 624 1432 650 quam
1444 615 1548 645 debeat,
1563 615 1612 640 tibi
1623 623 1691 640 onus

895 654 996 686 videri,
1014 663 1046 680 ne
1058 662 1092 680 ex
1102 654 1229 680 omnibus
1242 653 1388 679 virtutibus
1401 653 1465 678 haec
1477 661 1530 678 una
1542 652 1589 678 tibi
1600 652 1692 678 videa-

896 696 938 718 tur
958 692 1062 717 deesse.
1103 690 1180 723 Quod
1196 690 1229 716 ad
1245 699 1287 716 me
1303 691 1405 720 attinet,
1422 698 1507 724 quum
1524 694 1548 715 te
1560 688 1693 724 tranquil-

897 729 989 755 liorem
1009 729 1099 754 animo
1120 736 1179 753 esse
1199 736 1324 763 cognoro,
1346 728 1379 753 de
1400 728 1433 753 iis
1450 727 1545 755 rebus,
1564 735 1632 761 quae
1648 726 1692 751 hie

895 771 1039 801 geruntur,
1065 764 1351 800 quemadmodumque
1376 773 1404 790 se
1425 764 1564 799 provincia
1586 764 1690 793 habeat.

895 804 1036 830 certiorem
1048 802 1154 829 faciam.
1178 801 1273 838 [Vale.]

942 873 981 894 Vl.
999 873 1075 893 ARG.
1091 871 1187 898 Sulpicii
1203 871 1320 898 epistulam
1331 878 1407 895 magno
1419 870 1463 890 sihi
1474 869 1554 889 solatio
1565 869 1644 892 fuisse,
1656 870 1694 889 sed

896 908 1003 928 iustiores
1014 909 1041 927 ob
1052 914 1143 928 caussas
1153 907 1239 927 dulenti
1249 906 1342 926 reditum
1354 905 1402 926 eins
1413 908 1434 925 et
1441 904 1621 925 consuetudinem
1629 903 1694 923 etiam

897 943 977 964 maiori
987 943 1110 963 levamento
1121 943 1169 963 fore
1180 942 1281 962 affirmat.

1071 981 1167 1001 (Asturae,
1178 980 1259 997 Caesare
1269 979 1301 996 lv.
1314 983 1353 996 cus.
1364 976 1402 994 sine
1414 977 1458 994 coll.
1471 978 1525 996 709.)

1011 1023 1048 1049 M.
1070 1023 1100 1049 T.
1122 1022 1152 1049 C.
1175 1022 1203 1049 S.
1225 1023 1255 1048 D.
1278 1021 1361 1048 SER.
1384 1019 1578 1047 SULPICIO.

955 1063 1048 1103 [Ego
1059 1076 1131 1099 vero,
1145 1068 1232 1099 Servi,
1246 1067 1355 1098 vellem,
1365 1071 1394 1093 ut
1405 1066 1511 1095 scribis.
1526 1066 1553 1092 in
1565 1074 1624 1092 meo
1635 1074 1697 1101 gra-

899 1105 1012 1132 vissimo
1023 1114 1087 1131 casu
1098 1105 1244 1132 adfuisses.
1279 1104 1416 1137 Quantum
1428 1104 1500 1130 enim
1512 1112 1639 1138 praesens
1654 1111 1697 1129 me

900 1143 1028 1169 adiuvare
1039 1144 1158 1177 potueris
1170 1147 1195 1169 et
1206 1142 1377 1173 consolando,
1387 1146 1411 1168 et
1423 1150 1505 1176 prope
1512 1149 1596 1176 aeque
1604 1140 1698 1167 dolen-

900 1180 943 1212 do,
957 1180 1035 1206 facile
1046 1189 1081 1206 ex
1091 1189 1122 1207 eo
1134 1180 1264 1216 intelligo,
1274 1179 1356 1215 quod,
1366 1179 1461 1205 litteris
1474 1179 1559 1209 lectis,
1573 1178 1698 1213 aliquan-

900 1223 958 1244 tum
973 1218 1109 1253 acquievi.
1149 1218 1217 1244 Nam
1233 1222 1259 1244 et
1276 1226 1306 1243 ea
1317 1217 1461 1251 scripsisti,
1474 1224 1543 1250 quae
1556 1215 1644 1241 levare
1656 1215 1698 1241 lu-

900 1260 974 1281 ctum
994 1259 1116 1290 possent,
1138 1260 1164 1282 et
1182 1255 1210 1281 in
1225 1263 1267 1280 me
1286 1253 1448 1280 consolando
1465 1262 1517 1279 non
1534 1252 1698 1279 mediocrem

902 1293 960 1327 ipse
976 1293 1060 1319 animi
1075 1292 1195 1319 dolorem
1207 1292 1368 1318 adhibuisti.
1410 1291 1522 1317 Servius
1535 1295 1623 1316 tamen
1635 1294 1698 1316 tuus

901 1330 1029 1356 omnibus
1049 1329 1156 1361 officiis,
1173 1338 1243 1364 quae
1264 1329 1305 1355 illi
1321 1329 1434 1363 tempori
1445 1328 1528 1354 tribui
1543 1331 1697 1362 potuerunt,

902 1367 1057 1398 declaravit,
1080 1372 1105 1394 et
1120 1368 1215 1402 quanti
1231 1367 1289 1401 ipse
1306 1374 1347 1392 me
1360 1365 1466 1396 faceret,
1488 1370 1513 1391 et
1524 1373 1605 1399 quam
1617 1372 1698 1390 suum

903 1404 982 1431 talem
998 1413 1060 1440 erga
1075 1413 1117 1431 me
1132 1405 1253 1431 animum
1266 1404 1316 1430 tibi
1327 1408 1432 1439 gratum
1444 1407 1549 1437 putaret
1561 1401 1628 1428 sore:
1651 1410 1700 1427 cu-

903 1443 946 1469 ius
966 1442 1053 1469 officia
1069 1441 1228 1469 iucundiora
1246 1441 1308 1467 licet
1323 1449 1402 1475 saepe
1418 1440 1486 1466 mihi
1498 1439 1606 1470 fuerint,
1620 1447 1701 1465 num·

903 1488 985 1515 quam
997 1484 1085 1506 tamen
1097 1480 1222 1515 gratiora.
1245 1479 1285 1505 Me
1297 1483 1386 1504 autem
1398 1487 1450 1504 non
1461 1478 1544 1503 oratio
1556 1482 1600 1503 tua
1612 1476 1700 1502 solum

903 1522 929 1544 et
949 1518 1062 1544 societas
1083 1525 1168 1552 paene
1184 1516 1376 1552 aegritudinis,
1394 1515 1441 1541 sed
1460 1516 1540 1541 etiam
1557 1514 1700 1540 auctoritas

903 1555 1066 1581 consolatur.
1107 1554 1195 1588 Turpe
1215 1554 1288 1579 enim
1309 1562 1368 1579 esse
1384 1553 1519 1583 existinm,
1538 1560 1580 1578 me
1597 1559 1648 1577 non
1665 1551 1700 1577 ita

904 1591 972 1618 ferre
993 1601 1086 1618 casum
1107 1600 1212 1622 meum,
1235 1596 1264 1617 ut
1282 1596 1323 1622 tu,
1342 1590 1387 1617 tali
1403 1590 1534 1624 sapientia
1550 1588 1699 1624 praeditus,

905 1629 1046 1656 serendum
1062 1634 1150 1664 putas.
1191 1628 1245 1655 Sed
1260 1629 1398 1663 opprimor
1414 1627 1548 1654 interdum
1564 1631 1590 1653 et
1601 1626 1648 1652 vix
1659 1634 1702 1652 re-

904 1667 970 1694 sisto
981 1667 1076 1697 dolori,
1084 1666 1157 1701 quod
1168 1675 1197 1692 ea
1209 1674 1252 1692 me
1263 1666 1356 1692 solatia
1367 1665 1505 1695 deficiunt,
1514 1672 1582 1699 quae
1593 1664 1699 1694 ceteris,

904 1713 1020 1739 quorum
1036 1704 1104 1731 mihi
1119 1703 1243 1738 exempla
1254 1711 1383 1738 propono,
1396 1702 1481 1728 simili
1492 1703 1519 1727 in
1533 1701 1637 1727 fortuna
1649 1709 1701 1727 non

904 1741 1060 1768 defuerunt.
1100 1742 1168 1768 Nam
1191 1745 1217 1767 et
1232 1741 1264 1773 Q.
1278 1741 1422 1771 Maximus,
1440 1740 1488 1774 qui
1505 1739 1592 1765 tilium
1603 1746 1703 1764 consu·

905 1779 997 1811 larem,
1010 1779 1114 1805 clarum
1127 1780 1228 1810 virum,
1247 1783 1272 1805 et
1283 1778 1389 1813 magnis
1401 1777 1482 1804 rebus
1493 1777 1586 1812 gestis,
1600 1776 1700 1806 amisit,

905 1822 931 1844 et
942 1817 971 1844 L.
979 1817 1100 1848 Paullus,
1114 1817 1162 1851 qui
1173 1816 1228 1842 duo
1239 1821 1342 1851 septem
1354 1815 1461 1845 diebus,
1471 1819 1497 1841 et
1508 1818 1596 1840 vester
1607 1812 1702 1840 Gallus

905 1859 931 1882 et
941 1855 976 1881 M.
989 1854 1061 1885 Cato.
1075 1854 1123 1889 qui
1135 1862 1242 1880 summo
1254 1853 1373 1888 ingenio,
1386 1860 1492 1879 summa
1505 1852 1603 1878 virtute
1616 1850 1703 1876 lilium

905 1892 1031 1927 perdidit,
1054 1892 1088 1918 iis
1109 1891 1277 1927 temporibus
1297 1890 1419 1922 suerunt,
1442 1895 1471 1916 ut
1491 1897 1583 1915 eorum
1600 1888 1703 1914 luctum

906 1931 1026 1965 ipsorum
1043 1929 1162 1965 dignitas
1177 1928 1360 1955 consolaretur
1370 1936 1410 1959 ea,
1424 1935 1506 1962 quani
1517 1935 1552 1952 ex
1563 1925 1703 1960 republica

905 1967 1149 2002 consequebantur.
1180 1968 1206 1993 2.
1223 1966 1290 1992 Mihi
1304 1970 1403 1996 autem,
1420 1965 1527 1991 amissis
1539 1962 1703 1990 ornamentis

906 2005 950 2036 iis,
971 2013 1040 2039 quae
1062 2005 1120 2039 ipse
1136 2011 1339 2034 commemoras,
1357 2010 1480 2038 quaeque
1492 2010 1564 2027 eram
1576 2000 1704 2027 maximis

908 2041 1045 2068 laboribus
1068 2041 1196 2076 adeptus,
1223 2049 1309 2067 unum
1330 2040 1456 2066 manebat
1477 2038 1544 2065 illud
1566 2038 1702 2066 solatium,

906 2079 980 2114 quod
990 2083 1113 2114 ereptum
1125 2083 1175 2105 est.
1216 2078 1274 2104 Non
1285 2078 1434 2103 amicorum
1449 2076 1573 2112 negotiis,
1587 2084 1638 2101 non
1652 2075 1704 2100 rei-

907 2116 1032 2151 publicae
1065 2116 1251 2150 procuratione
1282 2114 1500 2149 impediebantur
1530 2113 1704 2148 cogitationes

908 2162 995 2179 meae:
1023 2153 1091 2179 nibil
1105 2153 1131 2179 in
1145 2152 1200 2178 foro
1211 2160 1289 2188 agere
1309 2151 1419 2178 licebat:
1464 2151 1585 2185 aspicere
1601 2149 1704 2175 curiam

908 2199 959 2217 non
981 2195 1115 2225 poteram,
1138 2189 1338 2219 existimabam,
1352 2189 1379 2214 id
1391 2187 1464 2223 quod
1475 2192 1539 2216 erat,
1556 2195 1650 2213 omnes
1662 2194 1704 2211 me

907 2233 933 2254 et
944 2227 1091 2254 industriae
1103 2235 1177 2252 meae
1190 2226 1292 2252 fructus
1304 2231 1329 2252 et
1341 2224 1628 2260 fortunacperdidisse.
1651 2222 1704 2248 Sed

907 2273 993 2300 quum
1004 2265 1159 2299 cogitarem.
1174 2263 1239 2290 haec
1250 2263 1318 2289 mihi
1331 2267 1418 2289 tecum
1429 2267 1527 2289 etcum
1539 2260 1705 2296 quibusdam

907 2310 967 2328 esse
977 2301 1141 2332 communia,
1154 2306 1180 2327 et
1190 2309 1275 2335 quum
1291 2299 1441 2333 frangerem
1454 2299 1570 2333 iamipse
1578 2305 1706 2332 nii-coge-

908 2347 1019 2374 remque
1034 2338 1080 2364 illa
1097 2338 1164 2364 serre
1180 2337 1333 2364 toleranter:
1350 2327 1498 2366 lmhobmn.
1512 2334 1706 2370 qiinconsuge·

908 2385 973 2408 rem,
987 2376 1034 2402 ubi
1046 2375 1274 2411 conquiescerem,
1287 2375 1366 2400 cuius
1379 2374 1405 2400 in
1417 2382 1539 2400 sermone
1550 2378 1576 2399 et
1586 2372 1706 2398 suavita-

909 2419 932 2440 te
943 2422 1037 2440 omnes
1048 2422 1126 2439 curas
1137 2412 1296 2447 doloresque
1307 2411 1480 2446 deponerem.
1517 2411 1593 2436 Nunc
1604 2414 1703 2439 autem,

909 2451 958 2477 hoc
978 2456 1030 2477 tam
1054 2450 1130 2486 gravi
1144 2449 1264 2480 vulnere,
1281 2449 1360 2475 etiam
1378 2448 1432 2479 illa,
1450 2456 1518 2483 quae
1529 2447 1705 2473 consanuisse

909 2488 1080 2519 videbantur,
1104 2487 1306 2513 recrudescunt.
1359 2487 1416 2512 Non
1432 2487 1514 2516 enini,
1529 2490 1557 2511 ut
1568 2490 1624 2511 tum
1636 2492 1678 2510 ine
1690 2492 1703 2510 a

909 2525 1048 2561 republica
1072 2529 1204 2551 maestum
1220 2524 1317 2550 (lomus
1328 2523 1489 2558 excipiebat,
1512 2531 1581 2558 quae
1594 2521 1702 2552 levaret.

909 2564 948 2589 sie
969 2571 1041 2589 nunc
1060 2561 1140 2589 domo
1160 2570 1283 2588 maerens
1298 2561 1331 2587 nd
1348 2560 1542 2596 rempublicam
1559 2559 1704 2595 confugere

910 2609 1031 2635 possum,
1044 2605 1073 2626 ut
1084 2600 1111 2626 in
1122 2600 1181 2626 eius
1192 2599 1270 2625 bonis
1281 2599 1461 2634 acquiescam.
1488 2599 1578 2633 ltaque
1589 2602 1615 2623 et
1625 2596 1705 2623 domo

910 2638 1017 2669 absum,
1029 2642 1055 2665 et
1067 2637 1131 2669 soro,
1144 2636 1216 2673 quod
1229 2644 1277 2663 nec
1289 2644 1351 2663 eum
1363 2635 1492 2667 dolorem,
1505 2643 1586 2671 quem
1597 2643 1611 2661 e
1623 2642 1704 2670 repu-
