<?xml version="1.0" encoding="UTF-8"?>
<!DOCTYPE html PUBLIC "-//W3C//DTD XHTML 1.0 Transitional//EN"
    "http://www.w3.org/TR/xhtml1/DTD/xhtml1-transitional.dtd">
<html xmlns="http://www.w3.org/1999/xhtml" xml:lang="en" lang="en">
 <head>
  <title>
</title>
<meta http-equiv="Content-Type" content="text/html;charset=utf-8" />
  <meta name='ocr-system' content='tesseract 3.04.00' />
  <meta name='ocr-capabilities' content='ocr_page ocr_carea ocr_par ocr_line ocrx_word'/>
</head>
<body>
  <div class='ocr_page' id='page_1' title='image "./operaomniaunovol00ciceuoft/operaomniaunovol00ciceuoft_1341.png"; bbox 0 0 1941 3052; ppageno 0'>
   <div class='ocr_carea' id='block_1_1' title="bbox 740 135 1068 162">
    <p class='ocr_par' dir='ltr' id='par_1_1' title="bbox 740 135 1068 162">
     <span class='ocr_line' id='line_1_1' title="bbox 740 135 1068 162; baseline 0.003 -1"><span class='ocrx_word' id='word_1_1' title='bbox 740 135 1068 162; x_wconf 82' lang='lat' dir='ltr'>FRAGMENTA.</span> 
     </span>
    </p>
   </div>
   <div class='ocr_carea' id='block_1_2' title="bbox 78 203 915 2674">
    <p class='ocr_par' dir='ltr' id='par_1_2' title="bbox 78 203 906 1740">
     <span class='ocr_line' id='line_1_2' title="bbox 78 203 874 240; baseline 0 -8"><span class='ocrx_word' id='word_1_2' title='bbox 78 209 126 236; x_wconf 83' lang='lat' dir='ltr'><strong>tes,</strong></span> <span class='ocrx_word' id='word_1_3' title='bbox 139 213 208 240; x_wconf 89' lang='lat' dir='ltr'><strong>qnos</strong></span> <span class='ocrx_word' id='word_1_4' title='bbox 218 208 244 231; x_wconf 91' lang='lat' dir='ltr'><strong>et</strong></span> <span class='ocrx_word' id='word_1_5' title='bbox 254 204 332 230; x_wconf 90' lang='lat' dir='ltr'><strong>vivos</strong></span> <span class='ocrx_word' id='word_1_6' title='bbox 344 203 420 230; x_wconf 88' lang='lat' dir='ltr'><strong>alatis</strong></span> <span class='ocrx_word' id='word_1_7' title='bbox 432 208 457 230; x_wconf 89' lang='lat' dir='ltr'><strong>et</strong></span> <span class='ocrx_word' id='word_1_8' title='bbox 467 208 642 239; x_wconf 89' lang='lat' dir='ltr'><strong>consumptos</strong></span> <span class='ocrx_word' id='word_1_9' title='bbox 653 205 716 232; x_wconf 91' lang='lat' dir='ltr'><strong>sinu</strong></span> <span class='ocrx_word' id='word_1_10' title='bbox 727 207 874 240; x_wconf 84' lang='lat' dir='ltr'><strong>recipiatis.</strong></span> 
     </span>
     <span class='ocr_line' id='line_1_3' title="bbox 78 241 876 278; baseline 0.001 -10"><span class='ocrx_word' id='word_1_11' title='bbox 78 243 147 268; x_wconf 81' lang='lat' dir='ltr'><strong>Haec</strong></span> <span class='ocrx_word' id='word_1_12' title='bbox 159 242 204 268; x_wconf 87' lang='lat' dir='ltr'><strong>ille</strong></span> <span class='ocrx_word' id='word_1_13' title='bbox 216 242 295 268; x_wconf 77' lang='lat' dir='ltr'><strong>dixit.</strong></span> <span class='ocrx_word' id='word_1_14' title='bbox 330 242 389 268; x_wconf 86' lang='lat' dir='ltr'><strong>XII.</strong></span> <span class='ocrx_word' id='word_1_15' title='bbox 406 241 506 267; x_wconf 83' lang='lat' dir='ltr'><strong>Deinde</strong></span> <span class='ocrx_word' id='word_1_16' title='bbox 518 241 550 267; x_wconf 91' lang='lat' dir='ltr'><strong>ad</strong></span> <span class='ocrx_word' id='word_1_17' title='bbox 563 244 781 277; x_wconf 80' lang='lat' dir='ltr'>temperationem</span> <span class='ocrx_word' id='word_1_18' title='bbox 794 252 876 278; x_wconf 91' lang='lat' dir='ltr'><strong>supe-</strong></span> 
     </span>
     <span class='ocr_line' id='line_1_4' title="bbox 78 279 875 313; baseline 0 -7"><span class='ocrx_word' id='word_1_19' title='bbox 78 280 175 306; x_wconf 89' lang='lat' dir='ltr'><strong>riorem</strong></span> <span class='ocrx_word' id='word_1_20' title='bbox 196 279 319 305; x_wconf 90' lang='lat' dir='ltr'><strong>revertit:</strong></span> <span class='ocrx_word' id='word_1_21' title='bbox 342 279 370 305; x_wconf 90' lang='lat' dir='ltr'><strong>in</strong></span> <span class='ocrx_word' id='word_1_22' title='bbox 388 287 442 313; x_wconf 92' lang='lat' dir='ltr'><strong>qua</strong></span> <span class='ocrx_word' id='word_1_23' title='bbox 462 287 570 305; x_wconf 86' lang='lat' dir='ltr'><strong>omnem</strong></span> <span class='ocrx_word' id='word_1_24' title='bbox 590 281 712 306; x_wconf 86' lang='lat' dir='ltr'><strong>animum</strong></span> <span class='ocrx_word' id='word_1_25' title='bbox 733 282 875 307; x_wconf 86' lang='lat' dir='ltr'><strong>universae</strong></span> 
     </span>
     <span class='ocr_line' id='line_1_5' title="bbox 78 316 876 353; baseline 0.001 -10"><span class='ocrx_word' id='word_1_26' title='bbox 78 321 188 344; x_wconf 88' lang='lat' dir='ltr'><strong>naturae</strong></span> <span class='ocrx_word' id='word_1_27' title='bbox 202 321 355 351; x_wconf 85' lang='lat' dir='ltr'><strong>temperans</strong></span> <span class='ocrx_word' id='word_1_28' title='bbox 376 316 569 350; x_wconf 84' lang='lat' dir='ltr'><strong>permiscebat,</strong></span> <span class='ocrx_word' id='word_1_29' title='bbox 592 318 794 353; x_wconf 79' lang='lat' dir='ltr'>superiorisque</span> <span class='ocrx_word' id='word_1_30' title='bbox 815 327 876 352; x_wconf 89' lang='lat' dir='ltr'><strong>per-</strong></span> 
     </span>
     <span class='ocr_line' id='line_1_6' title="bbox 78 353 877 389; baseline 0 -8"><span class='ocrx_word' id='word_1_31' title='bbox 78 355 218 381; x_wconf 84' lang='lat' dir='ltr'><strong>mixtionis</strong></span> <span class='ocrx_word' id='word_1_32' title='bbox 234 353 364 389; x_wconf 74' lang='lat' dir='ltr'><strong>reliquias</strong></span> <span class='ocrx_word' id='word_1_33' title='bbox 380 353 497 380; x_wconf 82' lang='lat' dir='ltr'><strong>fundens</strong></span> <span class='ocrx_word' id='word_1_34' title='bbox 515 355 660 389; x_wconf 82' lang='lat' dir='ltr'><strong>aequabat,</strong></span> <span class='ocrx_word' id='word_1_35' title='bbox 682 355 777 381; x_wconf 89' lang='lat' dir='ltr'><strong>eodem</strong></span> <span class='ocrx_word' id='word_1_36' title='bbox 798 355 877 381; x_wconf 91' lang='lat' dir='ltr'><strong>modo</strong></span> 
     </span>
     <span class='ocr_line' id='line_1_7' title="bbox 79 391 877 427; baseline 0 -9"><span class='ocrx_word' id='word_1_37' title='bbox 79 392 171 423; x_wconf 79' lang='lat' dir='ltr'><strong>ferme,</strong></span> <span class='ocrx_word' id='word_1_38' title='bbox 184 392 239 418; x_wconf 89' lang='lat' dir='ltr'><strong>nisi</strong></span> <span class='ocrx_word' id='word_1_39' title='bbox 249 391 323 426; x_wconf 86' lang='lat' dir='ltr'><strong>quod</strong></span> <span class='ocrx_word' id='word_1_40' title='bbox 335 399 387 417; x_wconf 91' lang='lat' dir='ltr'><strong>non</strong></span> <span class='ocrx_word' id='word_1_41' title='bbox 399 391 433 417; x_wconf 90' lang='lat' dir='ltr'><strong>ita</strong></span> <span class='ocrx_word' id='word_1_42' title='bbox 446 392 623 426; x_wconf 85' lang='lat' dir='ltr'><strong>incorruptas,</strong></span> <span class='ocrx_word' id='word_1_43' title='bbox 633 397 662 418; x_wconf 91' lang='lat' dir='ltr'><strong>ut</strong></span> <span class='ocrx_word' id='word_1_44' title='bbox 672 401 711 423; x_wconf 84' lang='lat' dir='ltr'><strong>ea,</strong></span> <span class='ocrx_word' id='word_1_45' title='bbox 724 401 794 427; x_wconf 90' lang='lat' dir='ltr'><strong>quae</strong></span> <span class='ocrx_word' id='word_1_46' title='bbox 805 402 877 419; x_wconf 88' lang='lat' dir='ltr'><strong>sem-</strong></span> 
     </span>
     <span class='ocr_line' id='line_1_8' title="bbox 78 428 878 465; baseline 0 -9"><span class='ocrx_word' id='word_1_47' title='bbox 78 438 127 464; x_wconf 86' lang='lat' dir='ltr'><strong>per</strong></span> <span class='ocrx_word' id='word_1_48' title='bbox 144 429 231 460; x_wconf 86' lang='lat' dir='ltr'><strong>idem,</strong></span> <span class='ocrx_word' id='word_1_49' title='bbox 253 428 301 455; x_wconf 91' lang='lat' dir='ltr'><strong>sed</strong></span> <span class='ocrx_word' id='word_1_50' title='bbox 317 428 350 455; x_wconf 92' lang='lat' dir='ltr'><strong>ab</strong></span> <span class='ocrx_word' id='word_1_51' title='bbox 367 429 401 454; x_wconf 91' lang='lat' dir='ltr'><strong>iis</strong></span> <span class='ocrx_word' id='word_1_52' title='bbox 417 428 568 455; x_wconf 89' lang='lat' dir='ltr'><strong>secundum</strong></span> <span class='ocrx_word' id='word_1_53' title='bbox 583 429 708 455; x_wconf 83' lang='lat' dir='ltr'><strong>sumebat</strong></span> <span class='ocrx_word' id='word_1_54' title='bbox 723 435 803 465; x_wconf 85' lang='lat' dir='ltr'><strong>atque</strong></span> <span class='ocrx_word' id='word_1_55' title='bbox 824 435 878 456; x_wconf 80' lang='lat' dir='ltr'><strong>ter—</strong></span> 
     </span>
     <span class='ocr_line' id='line_1_9' title="bbox 79 466 877 502; baseline 0 -10"><span class='ocrx_word' id='word_1_56' title='bbox 79 467 158 493; x_wconf 91' lang='lat' dir='ltr'><strong>tium.</strong></span> <span class='ocrx_word' id='word_1_57' title='bbox 198 467 264 493; x_wconf 92' lang='lat' dir='ltr'><strong>Toto</strong></span> <span class='ocrx_word' id='word_1_58' title='bbox 279 467 362 502; x_wconf 80' lang='lat' dir='ltr'><strong>igitur</strong></span> <span class='ocrx_word' id='word_1_59' title='bbox 377 467 451 492; x_wconf 90' lang='lat' dir='ltr'><strong>omni</strong></span> <span class='ocrx_word' id='word_1_60' title='bbox 462 467 620 497; x_wconf 89' lang='lat' dir='ltr'><strong>constituto,</strong></span> <span class='ocrx_word' id='word_1_61' title='bbox 637 466 774 493; x_wconf 86' lang='lat' dir='ltr'><strong>sideribus</strong></span> <span class='ocrx_word' id='word_1_62' title='bbox 785 476 877 502; x_wconf 86' lang='lat' dir='ltr'><strong>parem</strong></span> 
     </span>
     <span class='ocr_line' id='line_1_10' title="bbox 78 503 878 539; baseline -0.001 -8"><span class='ocrx_word' id='word_1_63' title='bbox 78 512 224 531; x_wconf 88' lang='lat' dir='ltr'><strong>numerum</strong></span> <span class='ocrx_word' id='word_1_64' title='bbox 235 503 375 530; x_wconf 86' lang='lat' dir='ltr'><strong>distribuit</strong></span> <span class='ocrx_word' id='word_1_65' title='bbox 385 504 537 530; x_wconf 87' lang='lat' dir='ltr'><strong>animorum</strong></span> <span class='ocrx_word' id='word_1_66' title='bbox 550 508 575 530; x_wconf 89' lang='lat' dir='ltr'><strong>et</strong></span> <span class='ocrx_word' id='word_1_67' title='bbox 585 503 708 539; x_wconf 81' lang='lat' dir='ltr'><strong>singulos</strong></span> <span class='ocrx_word' id='word_1_68' title='bbox 715 504 878 530; x_wconf 84' lang='lat' dir='ltr'><strong>adiunxitad</strong></span> 
     </span>
     <span class='ocr_line' id='line_1_11' title="bbox 78 541 879 577; baseline 0 -9"><span class='ocrx_word' id='word_1_69' title='bbox 78 541 187 577; x_wconf 82' lang='lat' dir='ltr'><strong>singula</strong></span> <span class='ocrx_word' id='word_1_70' title='bbox 202 546 282 576; x_wconf 91' lang='lat' dir='ltr'><strong>atque</strong></span> <span class='ocrx_word' id='word_1_71' title='bbox 294 542 328 567; x_wconf 91' lang='lat' dir='ltr'><strong>ita</strong></span> <span class='ocrx_word' id='word_1_72' title='bbox 341 542 419 576; x_wconf 88' lang='lat' dir='ltr'><strong>quasi</strong></span> <span class='ocrx_word' id='word_1_73' title='bbox 431 542 458 567; x_wconf 94' lang='lat' dir='ltr'><strong>in</strong></span> <span class='ocrx_word' id='word_1_74' title='bbox 470 550 580 567; x_wconf 91' lang='lat' dir='ltr'><strong>currum</strong></span> <span class='ocrx_word' id='word_1_75' title='bbox 592 542 776 568; x_wconf 87' lang='lat' dir='ltr'><strong>universitatis</strong></span> <span class='ocrx_word' id='word_1_76' title='bbox 791 543 879 577; x_wconf 87' lang='lat' dir='ltr'><strong>impo-</strong></span> 
     </span>
     <span class='ocr_line' id='line_1_12' title="bbox 78 578 879 614; baseline 0 -9"><span class='ocrx_word' id='word_1_77' title='bbox 78 580 134 605; x_wconf 87' lang='lat' dir='ltr'><strong>suit</strong></span> <span class='ocrx_word' id='word_1_78' title='bbox 144 579 419 613; x_wconf 84' lang='lat' dir='ltr'><strong>commonstravitque</strong></span> <span class='ocrx_word' id='word_1_79' title='bbox 432 578 504 614; x_wconf 84' lang='lat' dir='ltr'><strong>leges</strong></span> <span class='ocrx_word' id='word_1_80' title='bbox 517 578 610 605; x_wconf 80' lang='lat' dir='ltr'><strong>fatales</strong></span> <span class='ocrx_word' id='word_1_81' title='bbox 621 587 651 604; x_wconf 90' lang='lat' dir='ltr'><strong>ac</strong></span> <span class='ocrx_word' id='word_1_82' title='bbox 663 580 836 610; x_wconf 83' lang='lat' dir='ltr'><strong>necessarias⁷</strong></span> <span class='ocrx_word' id='word_1_83' title='bbox 854 584 879 605; x_wconf 91' lang='lat' dir='ltr'><strong>et</strong></span> 
     </span>
     <span class='ocr_line' id='line_1_13' title="bbox 78 616 878 651; baseline 0 -8"><span class='ocrx_word' id='word_1_84' title='bbox 78 616 196 643; x_wconf 83' lang='lat' dir='ltr'><strong>ostendit</strong></span> <span class='ocrx_word' id='word_1_85' title='bbox 207 617 326 651; x_wconf 90' lang='lat' dir='ltr'><strong>primum</strong></span> <span class='ocrx_word' id='word_1_86' title='bbox 337 621 425 642; x_wconf 89' lang='lat' dir='ltr'><strong>ortum</strong></span> <span class='ocrx_word' id='word_1_87' title='bbox 440 625 526 642; x_wconf 88' lang='lat' dir='ltr'><strong>unum</strong></span> <span class='ocrx_word' id='word_1_88' title='bbox 537 616 592 642; x_wconf 84' lang='lat' dir='ltr'><strong>fore</strong></span> <span class='ocrx_word' id='word_1_89' title='bbox 603 616 744 647; x_wconf 85' lang='lat' dir='ltr'><strong>omnibus,</strong></span> <span class='ocrx_word' id='word_1_90' title='bbox 761 626 878 651; x_wconf 89' lang='lat' dir='ltr'><strong>eumque</strong></span> 
     </span>
     <span class='ocr_line' id='line_1_14' title="bbox 79 653 879 689; baseline -0.001 -9"><span class='ocrx_word' id='word_1_91' title='bbox 79 654 248 680; x_wconf 88' lang='lat' dir='ltr'><strong>moderatum</strong></span> <span class='ocrx_word' id='word_1_92' title='bbox 267 658 348 689; x_wconf 85' lang='lat' dir='ltr'><strong>atque</strong></span> <span class='ocrx_word' id='word_1_93' title='bbox 367 658 534 680; x_wconf 85' lang='lat' dir='ltr'><strong>constantem</strong></span> <span class='ocrx_word' id='word_1_94' title='bbox 555 662 604 680; x_wconf 84' lang='lat' dir='ltr'><strong>nec</strong></span> <span class='ocrx_word' id='word_1_95' title='bbox 625 653 658 679; x_wconf 92' lang='lat' dir='ltr'><strong>ab</strong></span> <span class='ocrx_word' id='word_1_96' title='bbox 676 654 729 680; x_wconf 92' lang='lat' dir='ltr'><strong>ullo</strong></span> <span class='ocrx_word' id='word_1_97' title='bbox 748 655 879 680; x_wconf 89' lang='lat' dir='ltr'><strong>imminu-</strong></span> 
     </span>
     <span class='ocr_line' id='line_1_15' title="bbox 79 691 879 726; baseline -0.001 -8"><span class='ocrx_word' id='word_1_98' title='bbox 79 696 151 718; x_wconf 87' lang='lat' dir='ltr'><strong>tum:</strong></span> <span class='ocrx_word' id='word_1_99' title='bbox 169 692 234 718; x_wconf 88' lang='lat' dir='ltr'><strong>satis</strong></span> <span class='ocrx_word' id='word_1_100' title='bbox 249 696 352 722; x_wconf 84' lang='lat' dir='ltr'><strong>autem,</strong></span> <span class='ocrx_word' id='word_1_101' title='bbox 370 696 396 718; x_wconf 88' lang='lat' dir='ltr'><strong>et</strong></span> <span class='ocrx_word' id='word_1_102' title='bbox 411 692 489 726; x_wconf 88' lang='lat' dir='ltr'><strong>quasi</strong></span> <span class='ocrx_word' id='word_1_103' title='bbox 505 692 608 726; x_wconf 87' lang='lat' dir='ltr'><strong>sparsis</strong></span> <span class='ocrx_word' id='word_1_104' title='bbox 623 691 735 723; x_wconf 86' lang='lat' dir='ltr'><strong>animis,</strong></span> <span class='ocrx_word' id='word_1_105' title='bbox 754 691 823 722; x_wconf 81' lang='lat' dir='ltr'><strong>sore,</strong></span> <span class='ocrx_word' id='word_1_106' title='bbox 840 693 879 717; x_wconf 88' lang='lat' dir='ltr'><strong>uti</strong></span> 
     </span>
     <span class='ocr_line' id='line_1_16' title="bbox 78 728 880 764; baseline -0.001 -9"><span class='ocrx_word' id='word_1_107' title='bbox 78 730 159 756; x_wconf 90' lang='lat' dir='ltr'><strong>certis</strong></span> <span class='ocrx_word' id='word_1_108' title='bbox 170 734 322 764; x_wconf 88' lang='lat' dir='ltr'><strong>temporum</strong></span> <span class='ocrx_word' id='word_1_109' title='bbox 334 728 486 756; x_wconf 90' lang='lat' dir='ltr'><strong>intervallis</strong></span> <span class='ocrx_word' id='word_1_110' title='bbox 497 729 611 755; x_wconf 90' lang='lat' dir='ltr'><strong>oriretur</strong></span> <span class='ocrx_word' id='word_1_111' title='bbox 623 728 735 760; x_wconf 76' lang='lat' dir='ltr'><strong>animal,</strong></span> <span class='ocrx_word' id='word_1_112' title='bbox 752 728 825 764; x_wconf 91' lang='lat' dir='ltr'><strong>quod</strong></span> <span class='ocrx_word' id='word_1_113' title='bbox 837 737 880 754; x_wconf 85' lang='lat' dir='ltr'><strong>es-</strong></span> 
     </span>
     <span class='ocr_line' id='line_1_17' title="bbox 79 765 881 802; baseline -0.001 -9"><span class='ocrx_word' id='word_1_114' title='bbox 79 771 120 793; x_wconf 91' lang='lat' dir='ltr'><strong>set</strong></span> <span class='ocrx_word' id='word_1_115' title='bbox 130 766 163 793; x_wconf 90' lang='lat' dir='ltr'><strong>ad</strong></span> <span class='ocrx_word' id='word_1_116' title='bbox 174 766 278 793; x_wconf 86' lang='lat' dir='ltr'><strong>cultum</strong></span> <span class='ocrx_word' id='word_1_117' title='bbox 289 766 401 793; x_wconf 91' lang='lat' dir='ltr'><strong>deorum</strong></span> <span class='ocrx_word' id='word_1_118' title='bbox 413 767 596 802; x_wconf 88' lang='lat' dir='ltr'><strong>aptissimum.</strong></span> <span class='ocrx_word' id='word_1_119' title='bbox 616 765 669 792; x_wconf 90' lang='lat' dir='ltr'><strong>Sed</strong></span> <span class='ocrx_word' id='word_1_120' title='bbox 681 775 766 801; x_wconf 89' lang='lat' dir='ltr'><strong>quum</strong></span> <span class='ocrx_word' id='word_1_121' title='bbox 777 766 881 800; x_wconf 76' lang='lat' dir='ltr'><strong>duplex</strong></span> 
     </span>
     <span class='ocr_line' id='line_1_18' title="bbox 79 804 903 839; baseline 0 -9"><span class='ocrx_word' id='word_1_122' title='bbox 79 809 150 831; x_wconf 87' lang='lat' dir='ltr'><strong>esset</strong></span> <span class='ocrx_word' id='word_1_123' title='bbox 164 809 258 831; x_wconf 88' lang='lat' dir='ltr'><strong>natura</strong></span> <span class='ocrx_word' id='word_1_124' title='bbox 272 805 381 839; x_wconf 82' lang='lat' dir='ltr'><strong>generis</strong></span> <span class='ocrx_word' id='word_1_125' title='bbox 394 804 520 835; x_wconf 88' lang='lat' dir='ltr'><strong>humani,</strong></span> <span class='ocrx_word' id='word_1_126' title='bbox 538 805 578 830; x_wconf 89' lang='lat' dir='ltr'><strong>sie</strong></span> <span class='ocrx_word' id='word_1_127' title='bbox 589 813 617 830; x_wconf 92' lang='lat' dir='ltr'><strong>se</strong></span> <span class='ocrx_word' id='word_1_128' title='bbox 629 811 671 829; x_wconf 90' lang='lat' dir='ltr'><strong>res</strong></span> <span class='ocrx_word' id='word_1_129' title='bbox 684 804 832 835; x_wconf 84' lang='lat' dir='ltr'><strong>habebant,</strong></span> <span class='ocrx_word' id='word_1_130' title='bbox 851 808 880 830; x_wconf 85' lang='lat' dir='ltr'><strong>ut</strong></span> <span class='ocrx_word' id='word_1_131' title='bbox 902 808 903 814; x_wconf 68' lang='lat'>¹</span> 
     </span>
     <span class='ocr_line' id='line_1_19' title="bbox 78 841 877 877; baseline -0.003 -9"><span class='ocrx_word' id='word_1_132' title='bbox 78 843 260 876; x_wconf 84' lang='lat' dir='ltr'><strong>praestantius</strong></span> <span class='ocrx_word' id='word_1_133' title='bbox 266 850 353 877; x_wconf 83' lang='lat' dir='ltr'><strong>genus</strong></span> <span class='ocrx_word' id='word_1_134' title='bbox 364 846 436 868; x_wconf 90' lang='lat' dir='ltr'><strong>esset</strong></span> <span class='ocrx_word' id='word_1_135' title='bbox 446 850 548 873; x_wconf 79' lang='lat' dir='ltr'><strong>eorum,</strong></span> <span class='ocrx_word' id='word_1_136' title='bbox 557 842 605 876; x_wconf 90' lang='lat' dir='ltr'><strong>qui</strong></span> <span class='ocrx_word' id='word_1_137' title='bbox 617 846 707 868; x_wconf 88' lang='lat' dir='ltr'><strong>essent</strong></span> <span class='ocrx_word' id='word_1_138' title='bbox 720 841 803 867; x_wconf 85' lang='lat' dir='ltr'><strong>futuri</strong></span> <span class='ocrx_word' id='word_1_139' title='bbox 816 841 877 867; x_wconf 90' lang='lat' dir='ltr'><strong>viri.</strong></span> 
     </span>
     <span class='ocr_line' id='line_1_20' title="bbox 79 879 881 914; baseline -0.001 -9"><span class='ocrx_word' id='word_1_140' title='bbox 79 880 168 912; x_wconf 81' lang='lat' dir='ltr'><strong>Quum</strong></span> <span class='ocrx_word' id='word_1_141' title='bbox 185 884 274 906; x_wconf 91' lang='lat' dir='ltr'><strong>autem</strong></span> <span class='ocrx_word' id='word_1_142' title='bbox 285 880 389 906; x_wconf 86' lang='lat' dir='ltr'><strong>animos</strong></span> <span class='ocrx_word' id='word_1_143' title='bbox 400 879 577 914; x_wconf 81' lang='lat' dir='ltr'><strong>corporibus*</strong></span> <span class='ocrx_word' id='word_1_144' title='bbox 593 888 656 906; x_wconf 89' lang='lat' dir='ltr'><strong>cum</strong></span> <span class='ocrx_word' id='word_1_145' title='bbox 668 879 825 905; x_wconf 86' lang='lat' dir='ltr'><strong>necessitate</strong></span> <span class='ocrx_word' id='word_1_146' title='bbox 838 879 881 904; x_wconf 90' lang='lat' dir='ltr'><strong>in—</strong></span> 
     </span>
     <span class='ocr_line' id='line_1_21' title="bbox 79 917 880 952; baseline -0.001 -10"><span class='ocrx_word' id='word_1_147' title='bbox 79 917 203 947; x_wconf 80' lang='lat' dir='ltr'><strong>sevisset,</strong></span> <span class='ocrx_word' id='word_1_148' title='bbox 212 925 353 952; x_wconf 88' lang='lat' dir='ltr'><strong>quumque</strong></span> <span class='ocrx_word' id='word_1_149' title='bbox 359 917 392 943; x_wconf 94' lang='lat' dir='ltr'><strong>ad</strong></span> <span class='ocrx_word' id='word_1_150' title='bbox 403 926 513 952; x_wconf 91' lang='lat' dir='ltr'><strong>corpora</strong></span> <span class='ocrx_word' id='word_1_151' title='bbox 524 918 682 944; x_wconf 85' lang='lat' dir='ltr'><strong>necessitate</strong></span> <span class='ocrx_word' id='word_1_152' title='bbox 694 921 751 943; x_wconf 89' lang='lat' dir='ltr'><strong>tum</strong></span> <span class='ocrx_word' id='word_1_153' title='bbox 762 917 880 942; x_wconf 85' lang='lat' dir='ltr'><strong>accessio</strong></span> 
     </span>
     <span class='ocr_line' id='line_1_22' title="bbox 79 954 880 989; baseline -0.002 -9"><span class='ocrx_word' id='word_1_154' title='bbox 79 954 167 985; x_wconf 86' lang='lat' dir='ltr'><strong>fieret,</strong></span> <span class='ocrx_word' id='word_1_155' title='bbox 185 958 242 981; x_wconf 91' lang='lat' dir='ltr'><strong>tum</strong></span> <span class='ocrx_word' id='word_1_156' title='bbox 258 954 407 987; x_wconf 81' lang='lat' dir='ltr'><strong>abscessio;</strong></span> <span class='ocrx_word' id='word_1_157' title='bbox 431 955 566 989; x_wconf 89' lang='lat' dir='ltr'><strong>principio</strong></span> <span class='ocrx_word' id='word_1_158' title='bbox 581 963 690 981; x_wconf 87' lang='lat' dir='ltr'><strong>necesse</strong></span> <span class='ocrx_word' id='word_1_159' title='bbox 704 959 880 980; x_wconf 88' lang='lat' dir='ltr'><strong>eratsensum</strong></span> 
     </span>
     <span class='ocr_line' id='line_1_23' title="bbox 79 992 881 1027; baseline -0.002 -9"><span class='ocrx_word' id='word_1_160' title='bbox 79 992 209 1018; x_wconf 82' lang='lat' dir='ltr'><strong>exsistere</strong></span> <span class='ocrx_word' id='word_1_161' title='bbox 220 1000 315 1023; x_wconf 90' lang='lat' dir='ltr'><strong>unum,</strong></span> <span class='ocrx_word' id='word_1_162' title='bbox 323 1000 550 1027; x_wconf 87' lang='lat' dir='ltr'><strong>communemque</strong></span> <span class='ocrx_word' id='word_1_163' title='bbox 562 993 684 1019; x_wconf 89' lang='lat' dir='ltr'><strong>omnium</strong></span> <span class='ocrx_word' id='word_1_164' title='bbox 695 992 881 1018; x_wconf 89' lang='lat' dir='ltr'><strong>vehementio-</strong></span> 
     </span>
     <span class='ocr_line' id='line_1_24' title="bbox 80 1028 881 1065; baseline -0.002 -9"><span class='ocrx_word' id='word_1_165' title='bbox 80 1038 107 1055; x_wconf 87' lang='lat' dir='ltr'><strong>re</strong></span> <span class='ocrx_word' id='word_1_166' title='bbox 123 1033 197 1056; x_wconf 88' lang='lat' dir='ltr'><strong>motu</strong></span> <span class='ocrx_word' id='word_1_167' title='bbox 213 1030 373 1061; x_wconf 84' lang='lat' dir='ltr'><strong>excitatum,</strong></span> <span class='ocrx_word' id='word_1_168' title='bbox 391 1030 621 1065; x_wconf 88' lang='lat' dir='ltr'><strong>coniunctumque</strong></span> <span class='ocrx_word' id='word_1_169' title='bbox 638 1035 760 1056; x_wconf 85' lang='lat' dir='ltr'><strong>naturae:</strong></span> <span class='ocrx_word' id='word_1_170' title='bbox 783 1028 881 1055; x_wconf 84' lang='lat' dir='ltr'><strong>deinde</strong></span> 
     </span>
     <span class='ocr_line' id='line_1_25' title="bbox 80 1066 882 1101; baseline -0.001 -9"><span class='ocrx_word' id='word_1_171' title='bbox 80 1066 216 1101; x_wconf 89' lang='lat' dir='ltr'><strong>voluptate</strong></span> <span class='ocrx_word' id='word_1_172' title='bbox 231 1072 258 1094; x_wconf 87' lang='lat' dir='ltr'><strong>et</strong></span> <span class='ocrx_word' id='word_1_173' title='bbox 272 1067 395 1094; x_wconf 90' lang='lat' dir='ltr'><strong>molestia</strong></span> <span class='ocrx_word' id='word_1_174' title='bbox 412 1068 528 1094; x_wconf 85' lang='lat' dir='ltr'><strong>mixtum</strong></span> <span class='ocrx_word' id='word_1_175' title='bbox 544 1076 675 1094; x_wconf 89' lang='lat' dir='ltr'><strong>amorem:</strong></span> <span class='ocrx_word' id='word_1_176' title='bbox 699 1071 759 1101; x_wconf 88' lang='lat' dir='ltr'><strong>post</strong></span> <span class='ocrx_word' id='word_1_177' title='bbox 773 1067 840 1092; x_wconf 93' lang='lat' dir='ltr'><strong>iram</strong></span> <span class='ocrx_word' id='word_1_178' title='bbox 857 1070 882 1092; x_wconf 86' lang='lat' dir='ltr'><strong>et</strong></span> 
     </span>
     <span class='ocr_line' id='line_1_26' title="bbox 80 1104 879 1140; baseline -0.001 -10"><span class='ocrx_word' id='word_1_179' title='bbox 80 1109 182 1130; x_wconf 89' lang='lat' dir='ltr'><strong>metum</strong></span> <span class='ocrx_word' id='word_1_180' title='bbox 194 1109 220 1131; x_wconf 89' lang='lat' dir='ltr'><strong>et</strong></span> <span class='ocrx_word' id='word_1_181' title='bbox 231 1104 351 1140; x_wconf 87' lang='lat' dir='ltr'><strong>reliquos</strong></span> <span class='ocrx_word' id='word_1_182' title='bbox 363 1109 451 1131; x_wconf 85' lang='lat' dir='ltr'><strong>motus</strong></span> <span class='ocrx_word' id='word_1_183' title='bbox 463 1105 561 1136; x_wconf 85' lang='lat' dir='ltr'><strong>animi,</strong></span> <span class='ocrx_word' id='word_1_184' title='bbox 575 1105 687 1132; x_wconf 86' lang='lat' dir='ltr'><strong>comites</strong></span> <span class='ocrx_word' id='word_1_185' title='bbox 698 1104 879 1139; x_wconf 69' lang='lat' dir='ltr'><strong>superiorum,</strong></span> 
     </span>
     <span class='ocr_line' id='line_1_27' title="bbox 79 1142 881 1177; baseline -0.001 -9"><span class='ocrx_word' id='word_1_186' title='bbox 79 1146 105 1168; x_wconf 92' lang='lat' dir='ltr'><strong>et</strong></span> <span class='ocrx_word' id='word_1_187' title='bbox 121 1142 154 1168; x_wconf 90' lang='lat' dir='ltr'><strong>iis</strong></span> <span class='ocrx_word' id='word_1_188' title='bbox 170 1142 251 1169; x_wconf 90' lang='lat' dir='ltr'><strong>etiam</strong></span> <span class='ocrx_word' id='word_1_189' title='bbox 266 1142 413 1168; x_wconf 88' lang='lat' dir='ltr'><strong>contrarios</strong></span> <span class='ocrx_word' id='word_1_190' title='bbox 432 1142 610 1169; x_wconf 85' lang='lat' dir='ltr'><strong>dissidentes:</strong></span> <span class='ocrx_word' id='word_1_191' title='bbox 631 1151 699 1177; x_wconf 91' lang='lat' dir='ltr'><strong>quos</strong></span> <span class='ocrx_word' id='word_1_192' title='bbox 717 1142 765 1176; x_wconf 89' lang='lat' dir='ltr'><strong>qui</strong></span> <span class='ocrx_word' id='word_1_193' title='bbox 781 1142 881 1168; x_wconf 90' lang='lat' dir='ltr'><strong>ratione</strong></span> 
     </span>
     <span class='ocr_line' id='line_1_28' title="bbox 81 1178 882 1214; baseline -0.001 -9"><span class='ocrx_word' id='word_1_194' title='bbox 81 1179 193 1211; x_wconf 85' lang='lat' dir='ltr'><strong>rexerit,</strong></span> <span class='ocrx_word' id='word_1_195' title='bbox 209 1181 279 1206; x_wconf 91' lang='lat' dir='ltr'><strong>iuste</strong></span> <span class='ocrx_word' id='word_1_196' title='bbox 291 1180 402 1212; x_wconf 80' lang='lat' dir='ltr'><strong>vixerit3</strong></span> <span class='ocrx_word' id='word_1_197' title='bbox 420 1180 468 1214; x_wconf 92' lang='lat' dir='ltr'><strong>qni</strong></span> <span class='ocrx_word' id='word_1_198' title='bbox 480 1184 569 1206; x_wconf 88' lang='lat' dir='ltr'><strong>autem</strong></span> <span class='ocrx_word' id='word_1_199' title='bbox 582 1180 624 1206; x_wconf 88' lang='lat' dir='ltr'><strong>his</strong></span> <span class='ocrx_word' id='word_1_200' title='bbox 636 1188 664 1206; x_wconf 90' lang='lat' dir='ltr'><strong>se</strong></span> <span class='ocrx_word' id='word_1_201' title='bbox 676 1178 823 1210; x_wconf 83' lang='lat' dir='ltr'><strong>dediderit,</strong></span> <span class='ocrx_word' id='word_1_202' title='bbox 840 1179 882 1205; x_wconf 93' lang='lat' dir='ltr'><strong>in-</strong></span> 
     </span>
     <span class='ocr_line' id='line_1_29' title="bbox 80 1216 882 1252; baseline -0.001 -9"><span class='ocrx_word' id='word_1_203' title='bbox 80 1217 160 1243; x_wconf 88' lang='lat' dir='ltr'><strong>iuste.</strong></span> <span class='ocrx_word' id='word_1_204' title='bbox 194 1217 283 1252; x_wconf 90' lang='lat' dir='ltr'><strong>Atque</strong></span> <span class='ocrx_word' id='word_1_205' title='bbox 294 1217 348 1248; x_wconf 76' lang='lat' dir='ltr'><strong>ille,</strong></span> <span class='ocrx_word' id='word_1_206' title='bbox 362 1218 411 1252; x_wconf 90' lang='lat' dir='ltr'><strong>qui</strong></span> <span class='ocrx_word' id='word_1_207' title='bbox 422 1221 492 1243; x_wconf 90' lang='lat' dir='ltr'><strong>recte</strong></span> <span class='ocrx_word' id='word_1_208' title='bbox 503 1222 529 1244; x_wconf 92' lang='lat' dir='ltr'><strong>et</strong></span> <span class='ocrx_word' id='word_1_209' title='bbox 540 1217 651 1244; x_wconf 82' lang='lat' dir='ltr'><strong>honeste</strong></span> <span class='ocrx_word' id='word_1_210' title='bbox 662 1216 829 1243; x_wconf 87' lang='lat' dir='ltr'><strong>curriculum</strong></span> <span class='ocrx_word' id='word_1_211' title='bbox 841 1217 882 1242; x_wconf 90' lang='lat' dir='ltr'><strong>vi-</strong></span> 
     </span>
     <span class='ocr_line' id='line_1_30' title="bbox 80 1254 881 1289; baseline -0.001 -9"><span class='ocrx_word' id='word_1_212' title='bbox 80 1254 162 1280; x_wconf 88' lang='lat' dir='ltr'><strong>vendi</strong></span> <span class='ocrx_word' id='word_1_213' title='bbox 175 1263 189 1280; x_wconf 87' lang='lat' dir='ltr'><strong>a</strong></span> <span class='ocrx_word' id='word_1_214' title='bbox 201 1259 294 1281; x_wconf 88' lang='lat' dir='ltr'><strong>natura</strong></span> <span class='ocrx_word' id='word_1_215' title='bbox 305 1254 398 1281; x_wconf 89' lang='lat' dir='ltr'><strong>datum</strong></span> <span class='ocrx_word' id='word_1_216' title='bbox 410 1254 563 1286; x_wconf 82' lang='lat' dir='ltr'><strong>confecerit,</strong></span> <span class='ocrx_word' id='word_1_217' title='bbox 573 1254 682 1281; x_wconf 90' lang='lat' dir='ltr'><strong>adillud</strong></span> <span class='ocrx_word' id='word_1_218' title='bbox 694 1259 805 1285; x_wconf 88' lang='lat' dir='ltr'><strong>astrum,</strong></span> <span class='ocrx_word' id='word_1_219' title='bbox 814 1262 881 1289; x_wconf 89' lang='lat' dir='ltr'><strong>quo-</strong></span> 
     </span>
     <span class='ocr_line' id='line_1_31' title="bbox 80 1291 906 1327; baseline -0.001 -9"><span class='ocrx_word' id='word_1_220' title='bbox 80 1300 143 1318; x_wconf 92' lang='lat' dir='ltr'><strong>cum</strong></span> <span class='ocrx_word' id='word_1_221' title='bbox 155 1296 234 1327; x_wconf 89' lang='lat' dir='ltr'><strong>aptus</strong></span> <span class='ocrx_word' id='word_1_222' title='bbox 245 1291 334 1322; x_wconf 80' lang='lat' dir='ltr'><strong>fuerit,</strong></span> <span class='ocrx_word' id='word_1_223' title='bbox 349 1296 508 1319; x_wconf 68' lang='lat' dir='ltr'><strong>revertetur,</strong></span> <span class='ocrx_word' id='word_1_224' title='bbox 542 1292 594 1324; x_wconf 90' lang='lat' dir='ltr'><strong>Qui</strong></span> <span class='ocrx_word' id='word_1_225' title='bbox 606 1296 695 1319; x_wconf 86' lang='lat' dir='ltr'><strong>autem</strong></span> <span class='ocrx_word' id='word_1_226' title='bbox 708 1291 882 1318; x_wconf 83' lang='lat' dir='ltr'><strong>immoderate</strong></span> <span class='ocrx_word' id='word_1_227' title='bbox 905 1296 906 1304; x_wconf 67' lang='lat'>¹</span> 
     </span>
     <span class='ocr_line' id='line_1_32' title="bbox 80 1329 882 1364; baseline -0.002 -8"><span class='ocrx_word' id='word_1_228' title='bbox 80 1333 106 1356; x_wconf 88' lang='lat' dir='ltr'><strong>et</strong></span> <span class='ocrx_word' id='word_1_229' title='bbox 117 1330 293 1364; x_wconf 87' lang='lat' dir='ltr'><strong>intemperate</strong></span> <span class='ocrx_word' id='word_1_230' title='bbox 304 1330 412 1361; x_wconf 83' lang='lat' dir='ltr'><strong>vixerit,</strong></span> <span class='ocrx_word' id='word_1_231' title='bbox 421 1338 484 1356; x_wconf 87' lang='lat' dir='ltr'><strong>eum</strong></span> <span class='ocrx_word' id='word_1_232' title='bbox 495 1329 632 1356; x_wconf 89' lang='lat' dir='ltr'><strong>secundus</strong></span> <span class='ocrx_word' id='word_1_233' title='bbox 643 1334 717 1356; x_wconf 90' lang='lat' dir='ltr'><strong>ortus</strong></span> <span class='ocrx_word' id='word_1_234' title='bbox 730 1330 756 1355; x_wconf 89' lang='lat' dir='ltr'><strong>in</strong></span> <span class='ocrx_word' id='word_1_235' title='bbox 769 1329 882 1364; x_wconf 83' lang='lat' dir='ltr'><strong>liguram</strong></span> 
     </span>
     <span class='ocr_line' id='line_1_33' title="bbox 80 1366 882 1402; baseline -0.001 -9"><span class='ocrx_word' id='word_1_236' title='bbox 80 1366 244 1394; x_wconf 88' lang='lat' dir='ltr'><strong>muliebrem</strong></span> <span class='ocrx_word' id='word_1_237' title='bbox 265 1366 415 1394; x_wconf 83' lang='lat' dir='ltr'><strong>transferet.</strong></span> <span class='ocrx_word' id='word_1_238' title='bbox 456 1368 489 1394; x_wconf 90' lang='lat' dir='ltr'><strong>Et</strong></span> <span class='ocrx_word' id='word_1_239' title='bbox 509 1368 531 1393; x_wconf 89' lang='lat' dir='ltr'><strong>si</strong></span> <span class='ocrx_word' id='word_1_240' title='bbox 549 1376 581 1393; x_wconf 90' lang='lat' dir='ltr'><strong>ne</strong></span> <span class='ocrx_word' id='word_1_241' title='bbox 597 1371 653 1393; x_wconf 91' lang='lat' dir='ltr'><strong>tum</strong></span> <span class='ocrx_word' id='word_1_242' title='bbox 670 1366 782 1402; x_wconf 89' lang='lat' dir='ltr'><strong>quidem</strong></span> <span class='ocrx_word' id='word_1_243' title='bbox 802 1367 882 1392; x_wconf 81' lang='lat' dir='ltr'><strong>tinem</strong></span> 
     </span>
     <span class='ocr_line' id='line_1_34' title="bbox 80 1404 883 1440; baseline -0.002 -9"><span class='ocrx_word' id='word_1_244' title='bbox 80 1405 209 1431; x_wconf 89' lang='lat' dir='ltr'><strong>vitiorum</strong></span> <span class='ocrx_word' id='word_1_245' title='bbox 226 1404 317 1432; x_wconf 89' lang='lat' dir='ltr'><strong>faciet:</strong></span> <span class='ocrx_word' id='word_1_246' title='bbox 340 1405 452 1440; x_wconf 84' lang='lat' dir='ltr'><strong>gravius</strong></span> <span class='ocrx_word' id='word_1_247' title='bbox 468 1405 549 1431; x_wconf 90' lang='lat' dir='ltr'><strong>etiam</strong></span> <span class='ocrx_word' id='word_1_248' title='bbox 569 1405 724 1435; x_wconf 90' lang='lat' dir='ltr'><strong>iactabitur,</strong></span> <span class='ocrx_word' id='word_1_249' title='bbox 742 1409 767 1430; x_wconf 87' lang='lat' dir='ltr'><strong>et</strong></span> <span class='ocrx_word' id='word_1_250' title='bbox 783 1404 809 1430; x_wconf 88' lang='lat' dir='ltr'><strong>in</strong></span> <span class='ocrx_word' id='word_1_251' title='bbox 825 1405 883 1429; x_wconf 90' lang='lat' dir='ltr'><strong>suis</strong></span> 
     </span>
     <span class='ocr_line' id='line_1_35' title="bbox 80 1441 884 1478; baseline -0.001 -10"><span class='ocrx_word' id='word_1_252' title='bbox 80 1442 203 1469; x_wconf 90' lang='lat' dir='ltr'><strong>moribus</strong></span> <span class='ocrx_word' id='word_1_253' title='bbox 214 1442 370 1469; x_wconf 90' lang='lat' dir='ltr'><strong>simillimas</strong></span> <span class='ocrx_word' id='word_1_254' title='bbox 377 1442 477 1478; x_wconf 80' lang='lat' dir='ltr'><strong>figuras</strong></span> <span class='ocrx_word' id='word_1_255' title='bbox 484 1442 620 1477; x_wconf 85' lang='lat' dir='ltr'><strong>pecudum</strong></span> <span class='ocrx_word' id='word_1_256' title='bbox 631 1447 657 1469; x_wconf 89' lang='lat' dir='ltr'><strong>et</strong></span> <span class='ocrx_word' id='word_1_257' title='bbox 669 1441 785 1468; x_wconf 83' lang='lat' dir='ltr'><strong>serarum</strong></span> <span class='ocrx_word' id='word_1_258' title='bbox 798 1446 884 1468; x_wconf 91' lang='lat' dir='ltr'><strong>trans—</strong></span> 
     </span>
     <span class='ocr_line' id='line_1_36' title="bbox 82 1479 882 1515; baseline -0.001 -9"><span class='ocrx_word' id='word_1_259' title='bbox 82 1479 196 1506; x_wconf 85' lang='lat' dir='ltr'><strong>feretur:</strong></span> <span class='ocrx_word' id='word_1_260' title='bbox 229 1488 318 1515; x_wconf 89' lang='lat' dir='ltr'><strong>neque</strong></span> <span class='ocrx_word' id='word_1_261' title='bbox 342 1479 474 1506; x_wconf 92' lang='lat' dir='ltr'><strong>malorum</strong></span> <span class='ocrx_word' id='word_1_262' title='bbox 497 1480 644 1507; x_wconf 87' lang='lat' dir='ltr'><strong>terminum</strong></span> <span class='ocrx_word' id='word_1_263' title='bbox 665 1480 741 1514; x_wconf 90' lang='lat' dir='ltr'><strong>prius</strong></span> <span class='ocrx_word' id='word_1_264' title='bbox 761 1479 882 1514; x_wconf 82' lang='lat' dir='ltr'><strong>aspiciet,</strong></span> 
     </span>
     <span class='ocr_line' id='line_1_37' title="bbox 81 1516 884 1553; baseline -0.001 -10"><span class='ocrx_word' id='word_1_265' title='bbox 81 1526 164 1552; x_wconf 89' lang='lat' dir='ltr'><strong>quam</strong></span> <span class='ocrx_word' id='word_1_266' title='bbox 176 1516 250 1543; x_wconf 88' lang='lat' dir='ltr'><strong>illam</strong></span> <span class='ocrx_word' id='word_1_267' title='bbox 262 1518 341 1553; x_wconf 92' lang='lat' dir='ltr'><strong>sequi</strong></span> <span class='ocrx_word' id='word_1_268' title='bbox 353 1518 470 1552; x_wconf 87' lang='lat' dir='ltr'><strong>coeperit</strong></span> <span class='ocrx_word' id='word_1_269' title='bbox 484 1518 698 1548; x_wconf 86' lang='lat' dir='ltr'><strong>conversionem,</strong></span> <span class='ocrx_word' id='word_1_270' title='bbox 707 1525 789 1552; x_wconf 86' lang='lat' dir='ltr'><strong>quam</strong></span> <span class='ocrx_word' id='word_1_271' title='bbox 802 1516 884 1543; x_wconf 87' lang='lat' dir='ltr'><strong>habe-</strong></span> 
     </span>
     <span class='ocr_line' id='line_1_38' title="bbox 81 1554 885 1589; baseline -0.001 -8"><span class='ocrx_word' id='word_1_272' title='bbox 81 1554 128 1581; x_wconf 89' lang='lat' dir='ltr'><strong>bat</strong></span> <span class='ocrx_word' id='word_1_273' title='bbox 138 1555 166 1581; x_wconf 90' lang='lat' dir='ltr'><strong>in</strong></span> <span class='ocrx_word' id='word_1_274' title='bbox 178 1563 207 1581; x_wconf 90' lang='lat' dir='ltr'><strong>se</strong></span> <span class='ocrx_word' id='word_1_275' title='bbox 218 1555 286 1589; x_wconf 84' lang='lat' dir='ltr'><strong>ipse⁷</strong></span> <span class='ocrx_word' id='word_1_276' title='bbox 300 1555 424 1582; x_wconf 90' lang='lat' dir='ltr'><strong>eiusdem</strong></span> <span class='ocrx_word' id='word_1_277' title='bbox 436 1559 462 1582; x_wconf 91' lang='lat' dir='ltr'><strong>et</strong></span> <span class='ocrx_word' id='word_1_278' title='bbox 471 1555 567 1586; x_wconf 86' lang='lat' dir='ltr'><strong>unius,</strong></span> <span class='ocrx_word' id='word_1_279' title='bbox 581 1554 662 1581; x_wconf 88' lang='lat' dir='ltr'><strong>simul</strong></span> <span class='ocrx_word' id='word_1_280' title='bbox 676 1556 794 1581; x_wconf 89' lang='lat' dir='ltr'><strong>innatam</strong></span> <span class='ocrx_word' id='word_1_281' title='bbox 806 1559 831 1581; x_wconf 92' lang='lat' dir='ltr'><strong>et</strong></span> <span class='ocrx_word' id='word_1_282' title='bbox 844 1555 885 1580; x_wconf 95' lang='lat' dir='ltr'><strong>in-</strong></span> 
     </span>
     <span class='ocr_line' id='line_1_39' title="bbox 81 1591 882 1627; baseline -0.001 -9"><span class='ocrx_word' id='word_1_283' title='bbox 81 1593 172 1619; x_wconf 87' lang='lat' dir='ltr'><strong>sitam.</strong></span> <span class='ocrx_word' id='word_1_284' title='bbox 212 1591 290 1624; x_wconf 87' lang='lat' dir='ltr'><strong>Quod</strong></span> <span class='ocrx_word' id='word_1_285' title='bbox 306 1597 364 1619; x_wconf 89' lang='lat' dir='ltr'><strong>tum</strong></span> <span class='ocrx_word' id='word_1_286' title='bbox 380 1593 499 1624; x_wconf 88' lang='lat' dir='ltr'><strong>eveniet,</strong></span> <span class='ocrx_word' id='word_1_287' title='bbox 517 1601 603 1627; x_wconf 89' lang='lat' dir='ltr'><strong>quum</strong></span> <span class='ocrx_word' id='word_1_288' title='bbox 615 1592 674 1623; x_wconf 88' lang='lat' dir='ltr'><strong>illa,</strong></span> <span class='ocrx_word' id='word_1_289' title='bbox 690 1601 758 1627; x_wconf 87' lang='lat' dir='ltr'><strong>quae</strong></span> <span class='ocrx_word' id='word_1_290' title='bbox 770 1601 803 1618; x_wconf 84' lang='lat' dir='ltr'><strong>ex</strong></span> <span class='ocrx_word' id='word_1_291' title='bbox 817 1592 882 1627; x_wconf 86' lang='lat' dir='ltr'><strong>igni,</strong></span> 
     </span>
     <span class='ocr_line' id='line_1_40' title="bbox 81 1629 884 1665; baseline 0 -9"><span class='ocrx_word' id='word_1_292' title='bbox 81 1630 154 1660; x_wconf 83' lang='lat' dir='ltr'><strong>ae&#39;re,</strong></span> <span class='ocrx_word' id='word_1_293' title='bbox 171 1638 240 1664; x_wconf 89' lang='lat' dir='ltr'><strong>aqua</strong></span> <span class='ocrx_word' id='word_1_294' title='bbox 253 1634 333 1665; x_wconf 87' lang='lat' dir='ltr'><strong>atque</strong></span> <span class='ocrx_word' id='word_1_295' title='bbox 345 1634 422 1661; x_wconf 84' lang='lat' dir='ltr'><strong>terra,</strong></span> <span class='ocrx_word' id='word_1_296' title='bbox 437 1629 591 1657; x_wconf 86' lang='lat' dir='ltr'><strong>turbulenta</strong></span> <span class='ocrx_word' id='word_1_297' title='bbox 603 1634 628 1656; x_wconf 88' lang='lat' dir='ltr'><strong>et</strong></span> <span class='ocrx_word' id='word_1_298' title='bbox 640 1631 750 1657; x_wconf 81' lang='lat' dir='ltr'><strong>rationis</strong></span> <span class='ocrx_word' id='word_1_299' title='bbox 764 1630 884 1664; x_wconf 82' lang='lat' dir='ltr'><strong>expertia</strong></span> 
     </span>
     <span class='ocr_line' id='line_1_41' title="bbox 81 1667 883 1702; baseline 0 -9"><span class='ocrx_word' id='word_1_300' title='bbox 81 1667 246 1698; x_wconf 81' lang='lat' dir='ltr'><strong>insederint,</strong></span> <span class='ocrx_word' id='word_1_301' title='bbox 264 1667 383 1702; x_wconf 89' lang='lat' dir='ltr'><strong>denique</strong></span> <span class='ocrx_word' id='word_1_302' title='bbox 400 1668 500 1694; x_wconf 88' lang='lat' dir='ltr'><strong>ratione</strong></span> <span class='ocrx_word' id='word_1_303' title='bbox 517 1667 665 1702; x_wconf 84' lang='lat' dir='ltr'><strong>depulerit,</strong></span> <span class='ocrx_word' id='word_1_304' title='bbox 682 1673 707 1694; x_wconf 91' lang='lat' dir='ltr'><strong>et</strong></span> <span class='ocrx_word' id='word_1_305' title='bbox 723 1667 756 1693; x_wconf 92' lang='lat' dir='ltr'><strong>ad</strong></span> <span class='ocrx_word' id='word_1_306' title='bbox 767 1668 883 1702; x_wconf 89' lang='lat' dir='ltr'><strong>primam</strong></span> 
     </span>
     <span class='ocr_line' id='line_1_42' title="bbox 82 1704 753 1740; baseline 0 -9"><span class='ocrx_word' id='word_1_307' title='bbox 82 1709 162 1740; x_wconf 86' lang='lat' dir='ltr'><strong>atque</strong></span> <span class='ocrx_word' id='word_1_308' title='bbox 173 1705 303 1739; x_wconf 88' lang='lat' dir='ltr'><strong>optimam</strong></span> <span class='ocrx_word' id='word_1_309' title='bbox 315 1704 483 1732; x_wconf 78' lang='lat' dir='ltr'><strong>affectionem</strong></span> <span class='ocrx_word' id='word_1_310' title='bbox 494 1705 578 1731; x_wconf 90' lang='lat' dir='ltr'><strong>animi</strong></span> <span class='ocrx_word' id='word_1_311' title='bbox 590 1705 753 1739; x_wconf 85' lang='lat' dir='ltr'><strong>pervenerit.</strong></span> 
     </span>
    </p>

    <p class='ocr_par' dir='ltr' id='par_1_3' title="bbox 81 1741 915 2674">
     <span class='ocr_line' id='line_1_43' title="bbox 138 1741 885 1778; baseline 0 -10"><span class='ocrx_word' id='word_1_312' title='bbox 138 1742 208 1768; x_wconf 90' lang='lat' dir='ltr'>XIII.</span> <span class='ocrx_word' id='word_1_313' title='bbox 233 1741 307 1774; x_wconf 87' lang='lat' dir='ltr'><strong>Quae</strong></span> <span class='ocrx_word' id='word_1_314' title='bbox 327 1751 414 1777; x_wconf 88' lang='lat' dir='ltr'><strong>quum</strong></span> <span class='ocrx_word' id='word_1_315' title='bbox 435 1743 470 1769; x_wconf 89' lang='lat' dir='ltr'><strong>ita</strong></span> <span class='ocrx_word' id='word_1_316' title='bbox 491 1742 675 1778; x_wconf 83' lang='lat' dir='ltr'><strong>designasset,</strong></span> <span class='ocrx_word' id='word_1_317' title='bbox 702 1750 830 1777; x_wconf 81' lang='lat' dir='ltr'><strong>seseque,</strong></span> <span class='ocrx_word' id='word_1_318' title='bbox 861 1742 885 1768; x_wconf 94' lang='lat' dir='ltr'><strong>si</strong></span> 
     </span>
     <span class='ocr_line' id='line_1_44' title="bbox 81 1779 885 1815; baseline -0.001 -9"><span class='ocrx_word' id='word_1_319' title='bbox 81 1779 149 1815; x_wconf 90' lang='lat' dir='ltr'><strong>quid</strong></span> <span class='ocrx_word' id='word_1_320' title='bbox 161 1784 252 1814; x_wconf 89' lang='lat' dir='ltr'><strong>postea</strong></span> <span class='ocrx_word' id='word_1_321' title='bbox 264 1779 368 1806; x_wconf 83' lang='lat' dir='ltr'><strong>fraudis</strong></span> <span class='ocrx_word' id='word_1_322' title='bbox 383 1784 429 1806; x_wconf 91' lang='lat' dir='ltr'><strong>aut</strong></span> <span class='ocrx_word' id='word_1_323' title='bbox 445 1780 504 1806; x_wconf 88' lang='lat' dir='ltr'><strong>vitii</strong></span> <span class='ocrx_word' id='word_1_324' title='bbox 516 1781 664 1810; x_wconf 87' lang='lat' dir='ltr'><strong>evenisset,</strong></span> <span class='ocrx_word' id='word_1_325' title='bbox 688 1785 761 1806; x_wconf 85' lang='lat' dir='ltr'><strong>extra</strong></span> <span class='ocrx_word' id='word_1_326' title='bbox 776 1788 885 1806; x_wconf 87' lang='lat' dir='ltr'><strong>omnem</strong></span> 
     </span>
     <span class='ocr_line' id='line_1_45' title="bbox 81 1816 886 1852; baseline -0.002 -8"><span class='ocrx_word' id='word_1_327' title='bbox 81 1816 191 1852; x_wconf 86' lang='lat' dir='ltr'><strong>culpam</strong></span> <span class='ocrx_word' id='word_1_328' title='bbox 206 1825 385 1852; x_wconf 88' lang='lat' dir='ltr'><strong>caussamque</strong></span> <span class='ocrx_word' id='word_1_329' title='bbox 398 1817 547 1852; x_wconf 86' lang='lat' dir='ltr'><strong>posuisset:</strong></span> <span class='ocrx_word' id='word_1_330' title='bbox 574 1817 641 1844; x_wconf 84' lang='lat' dir='ltr'><strong>alios</strong></span> <span class='ocrx_word' id='word_1_331' title='bbox 654 1818 679 1843; x_wconf 91' lang='lat' dir='ltr'><strong>iu</strong></span> <span class='ocrx_word' id='word_1_332' title='bbox 693 1822 804 1848; x_wconf 76' lang='lat' dir='ltr'><strong>terram,</strong></span> <span class='ocrx_word' id='word_1_333' title='bbox 819 1817 886 1843; x_wconf 81' lang='lat' dir='ltr'><strong>alios</strong></span> 
     </span>
     <span class='ocr_line' id='line_1_46' title="bbox 81 1854 886 1890; baseline -0.001 -9"><span class='ocrx_word' id='word_1_334' title='bbox 81 1856 110 1881; x_wconf 93' lang='lat' dir='ltr'><strong>in</strong></span> <span class='ocrx_word' id='word_1_335' title='bbox 132 1854 238 1886; x_wconf 86' lang='lat' dir='ltr'><strong>lunam,</strong></span> <span class='ocrx_word' id='word_1_336' title='bbox 267 1854 334 1881; x_wconf 84' lang='lat' dir='ltr'><strong>alios</strong></span> <span class='ocrx_word' id='word_1_337' title='bbox 360 1855 387 1881; x_wconf 92' lang='lat' dir='ltr'><strong>in</strong></span> <span class='ocrx_word' id='word_1_338' title='bbox 412 1854 531 1890; x_wconf 89' lang='lat' dir='ltr'><strong>reliquas</strong></span> <span class='ocrx_word' id='word_1_339' title='bbox 558 1855 652 1881; x_wconf 89' lang='lat' dir='ltr'><strong>mundi</strong></span> <span class='ocrx_word' id='word_1_340' title='bbox 681 1860 784 1889; x_wconf 82' lang='lat' dir='ltr'><strong>partes,</strong></span> <span class='ocrx_word' id='word_1_341' title='bbox 817 1864 886 1890; x_wconf 89' lang='lat' dir='ltr'><strong>quae</strong></span> 
     </span>
     <span class='ocr_line' id='line_1_47' title="bbox 82 1891 886 1928; baseline -0.002 -9"><span class='ocrx_word' id='word_1_342' title='bbox 82 1896 147 1919; x_wconf 88' lang='lat' dir='ltr'><strong>sunt</strong></span> <span class='ocrx_word' id='word_1_343' title='bbox 171 1891 203 1918; x_wconf 87' lang='lat' dir='ltr'><strong>ad</strong></span> <span class='ocrx_word' id='word_1_344' title='bbox 229 1893 378 1926; x_wconf 87' lang='lat' dir='ltr'><strong>spatiorum</strong></span> <span class='ocrx_word' id='word_1_345' title='bbox 407 1894 536 1927; x_wconf 88' lang='lat' dir='ltr'><strong>temporis</strong></span> <span class='ocrx_word' id='word_1_346' title='bbox 557 1892 783 1928; x_wconf 72' lang='lat' dir='ltr'><strong>significationem</strong></span> <span class='ocrx_word' id='word_1_347' title='bbox 811 1897 886 1918; x_wconf 86' lang='lat' dir='ltr'><strong>notae</strong></span> 
     </span>
     <span class='ocr_line' id='line_1_48' title="bbox 82 1929 886 1965; baseline 0.001 -10"><span class='ocrx_word' id='word_1_348' title='bbox 82 1929 257 1960; x_wconf 85' lang='lat' dir='ltr'><strong>constitutae,</strong></span> <span class='ocrx_word' id='word_1_349' title='bbox 290 1938 421 1965; x_wconf 83' lang='lat' dir='ltr'><strong>spargens</strong></span> <span class='ocrx_word' id='word_1_350' title='bbox 444 1930 524 1965; x_wconf 89' lang='lat' dir='ltr'><strong>quasi</strong></span> <span class='ocrx_word' id='word_1_351' title='bbox 549 1930 664 1956; x_wconf 86' lang='lat' dir='ltr'><strong>serebat.</strong></span> <span class='ocrx_word' id='word_1_352' title='bbox 707 1930 767 1956; x_wconf 82' lang='lat' dir='ltr'><strong>l&#39;ost</strong></span> <span class='ocrx_word' id='word_1_353' title='bbox 797 1935 886 1956; x_wconf 82' lang='lat' dir='ltr'><strong>autem</strong></span> 
     </span>
     <span class='ocr_line' id='line_1_49' title="bbox 82 1967 884 2002; baseline 0 -9"><span class='ocrx_word' id='word_1_354' title='bbox 82 1967 214 1993; x_wconf 90' lang='lat' dir='ltr'><strong>sationem</strong></span> <span class='ocrx_word' id='word_1_355' title='bbox 226 1975 284 1993; x_wconf 87' lang='lat' dir='ltr'><strong>eam</strong></span> <span class='ocrx_word' id='word_1_356' title='bbox 296 1967 364 1998; x_wconf 90' lang='lat' dir='ltr'><strong>diis,</strong></span> <span class='ocrx_word' id='word_1_357' title='bbox 381 1972 410 1994; x_wconf 91' lang='lat' dir='ltr'><strong>ut</strong></span> <span class='ocrx_word' id='word_1_358' title='bbox 420 1967 455 1993; x_wconf 93' lang='lat' dir='ltr'><strong>ita</strong></span> <span class='ocrx_word' id='word_1_359' title='bbox 466 1967 569 1998; x_wconf 89' lang='lat' dir='ltr'><strong>dicam,</strong></span> <span class='ocrx_word' id='word_1_360' title='bbox 588 1967 741 1994; x_wconf 88' lang='lat' dir='ltr'><strong>iunioribus</strong></span> <span class='ocrx_word' id='word_1_361' title='bbox 752 1967 884 2002; x_wconf 85' lang='lat' dir='ltr'><strong>permisit,</strong></span> 
     </span>
     <span class='ocr_line' id='line_1_50' title="bbox 83 2004 887 2040; baseline 0 -10"><span class='ocrx_word' id='word_1_362' title='bbox 83 2008 113 2031; x_wconf 92' lang='lat' dir='ltr'><strong>ut</strong></span> <span class='ocrx_word' id='word_1_363' title='bbox 123 2012 233 2039; x_wconf 88' lang='lat' dir='ltr'><strong>corpora</strong></span> <span class='ocrx_word' id='word_1_364' title='bbox 246 2004 367 2031; x_wconf 89' lang='lat' dir='ltr'><strong>mortalia</strong></span> <span class='ocrx_word' id='word_1_365' title='bbox 379 2004 547 2039; x_wconf 76' lang='lat' dir='ltr'><strong>effingerent,</strong></span> <span class='ocrx_word' id='word_1_366' title='bbox 563 2009 751 2040; x_wconf 90' lang='lat' dir='ltr'><strong>quantumque</strong></span> <span class='ocrx_word' id='word_1_367' title='bbox 763 2009 834 2031; x_wconf 85' lang='lat' dir='ltr'><strong>esset</strong></span> <span class='ocrx_word' id='word_1_368' title='bbox 846 2014 887 2030; x_wconf 85' lang='lat' dir='ltr'><strong>re-</strong></span> 
     </span>
     <span class='ocr_line' id='line_1_51' title="bbox 85 2041 886 2077; baseline -0.001 -9"><span class='ocrx_word' id='word_1_369' title='bbox 85 2041 191 2076; x_wconf 90' lang='lat' dir='ltr'><strong>liquum</strong></span> <span class='ocrx_word' id='word_1_370' title='bbox 202 2050 236 2068; x_wconf 86' lang='lat' dir='ltr'><strong>ex</strong></span> <span class='ocrx_word' id='word_1_371' title='bbox 247 2041 365 2069; x_wconf 89' lang='lat' dir='ltr'><strong>humano</strong></span> <span class='ocrx_word' id='word_1_372' title='bbox 377 2043 480 2073; x_wconf 88' lang='lat' dir='ltr'><strong>animo,</strong></span> <span class='ocrx_word' id='word_1_373' title='bbox 494 2042 567 2077; x_wconf 91' lang='lat' dir='ltr'><strong>quod</strong></span> <span class='ocrx_word' id='word_1_374' title='bbox 579 2042 689 2068; x_wconf 83' lang='lat' dir='ltr'><strong>deberet</strong></span> <span class='ocrx_word' id='word_1_375' title='bbox 701 2041 826 2068; x_wconf 82' lang='lat' dir='ltr'><strong>accedere</strong></span> <span class='ocrx_word' id='word_1_376' title='bbox 835 2062 841 2072; x_wconf 77' lang='grc'>,</span> <span class='ocrx_word' id='word_1_377' title='bbox 861 2041 886 2067; x_wconf 87' lang='lat' dir='ltr'><strong>id</strong></span> 
     </span>
     <span class='ocr_line' id='line_1_52' title="bbox 83 2078 887 2114; baseline -0.001 -9"><span class='ocrx_word' id='word_1_378' title='bbox 83 2087 173 2110; x_wconf 86' lang='lat' dir='ltr'><strong>omne,</strong></span> <span class='ocrx_word' id='word_1_379' title='bbox 186 2083 212 2106; x_wconf 90' lang='lat' dir='ltr'><strong>et</strong></span> <span class='ocrx_word' id='word_1_380' title='bbox 222 2087 291 2114; x_wconf 89' lang='lat' dir='ltr'><strong>quae</strong></span> <span class='ocrx_word' id='word_1_381' title='bbox 303 2080 497 2114; x_wconf 85' lang='lat' dir='ltr'><strong>consequentia</strong></span> <span class='ocrx_word' id='word_1_382' title='bbox 508 2084 611 2110; x_wconf 87' lang='lat' dir='ltr'><strong>essent,</strong></span> <span class='ocrx_word' id='word_1_383' title='bbox 629 2078 793 2114; x_wconf 81' lang='lat' dir='ltr'><strong>perpolirent</strong></span> <span class='ocrx_word' id='word_1_384' title='bbox 803 2084 828 2106; x_wconf 82' lang='lat' dir='ltr'><strong>et</strong></span> <span class='ocrx_word' id='word_1_385' title='bbox 839 2079 887 2104; x_wconf 86' lang='lat' dir='ltr'><strong>ab-</strong></span> 
     </span>
     <span class='ocr_line' id='line_1_53' title="bbox 83 2116 888 2151; baseline -0.002 -8"><span class='ocrx_word' id='word_1_386' title='bbox 83 2116 232 2143; x_wconf 88' lang='lat' dir='ltr'><strong>solverent:</strong></span> <span class='ocrx_word' id='word_1_387' title='bbox 256 2116 355 2143; x_wconf 86' lang='lat' dir='ltr'><strong>deinde</strong></span> <span class='ocrx_word' id='word_1_388' title='bbox 371 2121 400 2144; x_wconf 90' lang='lat' dir='ltr'><strong>ut</strong></span> <span class='ocrx_word' id='word_1_389' title='bbox 416 2116 479 2143; x_wconf 89' lang='lat' dir='ltr'><strong>huic</strong></span> <span class='ocrx_word' id='word_1_390' title='bbox 491 2117 620 2143; x_wconf 79' lang='lat' dir='ltr'><strong>animanti</strong></span> <span class='ocrx_word' id='word_1_391' title='bbox 633 2116 783 2151; x_wconf 86' lang='lat' dir='ltr'><strong>principem</strong></span> <span class='ocrx_word' id='word_1_392' title='bbox 796 2124 824 2142; x_wconf 81' lang='lat' dir='ltr'><strong>se</strong></span> <span class='ocrx_word' id='word_1_393' title='bbox 836 2116 888 2142; x_wconf 94' lang='lat' dir='ltr'><strong>du-</strong></span> 
     </span>
     <span class='ocr_line' id='line_1_54' title="bbox 83 2153 888 2189; baseline -0.001 -9"><span class='ocrx_word' id='word_1_394' title='bbox 83 2162 199 2188; x_wconf 89' lang='lat' dir='ltr'><strong>cemque</strong></span> <span class='ocrx_word' id='word_1_395' title='bbox 217 2154 370 2188; x_wconf 89' lang='lat' dir='ltr'><strong>praeberet,</strong></span> <span class='ocrx_word' id='word_1_396' title='bbox 392 2154 531 2189; x_wconf 89' lang='lat' dir='ltr'><strong>vitamque</strong></span> <span class='ocrx_word' id='word_1_397' title='bbox 545 2155 605 2180; x_wconf 86' lang='lat' dir='ltr'><strong>eius</strong></span> <span class='ocrx_word' id='word_1_398' title='bbox 618 2153 799 2188; x_wconf 84' lang='lat' dir='ltr'><strong>pulcherrime</strong></span> <span class='ocrx_word' id='word_1_399' title='bbox 812 2162 888 2189; x_wconf 78' lang='lat' dir='ltr'><strong>rege-</strong></span> 
     </span>
     <span class='ocr_line' id='line_1_55' title="bbox 85 2190 887 2227; baseline -0.001 -10"><span class='ocrx_word' id='word_1_400' title='bbox 85 2195 124 2218; x_wconf 87' lang='lat' dir='ltr'><strong>ret</strong></span> <span class='ocrx_word' id='word_1_401' title='bbox 137 2195 163 2217; x_wconf 91' lang='lat' dir='ltr'><strong>et</strong></span> <span class='ocrx_word' id='word_1_402' title='bbox 173 2191 349 2227; x_wconf 83' lang='lat' dir='ltr'><strong>gubernaret:</strong></span> <span class='ocrx_word' id='word_1_403' title='bbox 373 2192 426 2218; x_wconf 84' lang='lat' dir='ltr'><strong>nisi</strong></span> <span class='ocrx_word' id='word_1_404' title='bbox 442 2196 578 2226; x_wconf 89' lang='lat' dir='ltr'><strong>quatenus</strong></span> <span class='ocrx_word' id='word_1_405' title='bbox 596 2192 652 2226; x_wconf 83' lang='lat' dir='ltr'><strong>ipse</strong></span> <span class='ocrx_word' id='word_1_406' title='bbox 669 2190 825 2217; x_wconf 75' lang='lat' dir='ltr'><strong>benefactus</strong></span> <span class='ocrx_word' id='word_1_407' title='bbox 839 2199 887 2216; x_wconf 84' lang='lat' dir='ltr'><strong>sua</strong></span> 
     </span>
     <span class='ocr_line' id='line_1_56' title="bbox 84 2227 888 2264; baseline -0.002 -10"><span class='ocrx_word' id='word_1_408' title='bbox 84 2227 165 2262; x_wconf 85' lang='lat' dir='ltr'><strong>culpa</strong></span> <span class='ocrx_word' id='word_1_409' title='bbox 181 2228 235 2254; x_wconf 90' lang='lat' dir='ltr'><strong>sibi</strong></span> <span class='ocrx_word' id='word_1_410' title='bbox 246 2228 351 2264; x_wconf 84' lang='lat' dir='ltr'><strong>aliquid</strong></span> <span class='ocrx_word' id='word_1_411' title='bbox 363 2229 488 2255; x_wconf 86' lang='lat' dir='ltr'><strong>miseriae</strong></span> <span class='ocrx_word' id='word_1_412' title='bbox 499 2233 650 2263; x_wconf 88' lang='lat' dir='ltr'><strong>quaereret.</strong></span> <span class='ocrx_word' id='word_1_413' title='bbox 691 2228 778 2262; x_wconf 78' lang='lat' dir='ltr'><strong>Atque</strong></span> <span class='ocrx_word' id='word_1_414' title='bbox 793 2228 888 2262; x_wconf 81' lang='lat' dir='ltr'><strong>isqui-</strong></span> 
     </span>
     <span class='ocr_line' id='line_1_57' title="bbox 85 2265 913 2300; baseline 0 -9"><span class='ocrx_word' id='word_1_415' title='bbox 85 2265 157 2296; x_wconf 88' lang='lat' dir='ltr'><strong>dem,</strong></span> <span class='ocrx_word' id='word_1_416' title='bbox 166 2266 214 2300; x_wconf 88' lang='lat' dir='ltr'><strong>qui</strong></span> <span class='ocrx_word' id='word_1_417' title='bbox 225 2270 321 2292; x_wconf 88' lang='lat' dir='ltr'><strong>cuncta</strong></span> <span class='ocrx_word' id='word_1_418' title='bbox 330 2266 654 2300; x_wconf 84' lang='lat' dir='ltr'><strong>composuit‚constanter</strong></span> <span class='ocrx_word' id='word_1_419' title='bbox 666 2266 691 2291; x_wconf 92' lang='lat' dir='ltr'><strong>in</strong></span> <span class='ocrx_word' id='word_1_420' title='bbox 703 2274 753 2291; x_wconf 91' lang='lat' dir='ltr'><strong>suo</strong></span> <span class='ocrx_word' id='word_1_421' title='bbox 765 2265 889 2291; x_wconf 79' lang='lat' dir='ltr'><strong>manebat</strong></span> <span class='ocrx_word' id='word_1_422' title='bbox 912 2297 913 2300; x_wconf 13' lang='grc' dir='ltr'><strong>Ἴ</strong></span> 
     </span>
     <span class='ocr_line' id='line_1_58' title="bbox 85 2303 913 2338; baseline -0.002 -8"><span class='ocrx_word' id='word_1_423' title='bbox 85 2307 170 2330; x_wconf 86' lang='lat' dir='ltr'><strong>statu:</strong></span> <span class='ocrx_word' id='word_1_424' title='bbox 183 2303 232 2337; x_wconf 91' lang='lat' dir='ltr'><strong>qui</strong></span> <span class='ocrx_word' id='word_1_425' title='bbox 243 2307 333 2330; x_wconf 87' lang='lat' dir='ltr'><strong>autem</strong></span> <span class='ocrx_word' id='word_1_426' title='bbox 345 2308 420 2330; x_wconf 89' lang='lat' dir='ltr'><strong>erant</strong></span> <span class='ocrx_word' id='word_1_427' title='bbox 430 2303 464 2330; x_wconf 89' lang='lat' dir='ltr'><strong>ab</strong></span> <span class='ocrx_word' id='word_1_428' title='bbox 475 2312 506 2329; x_wconf 91' lang='lat' dir='ltr'><strong>eo</strong></span> <span class='ocrx_word' id='word_1_429' title='bbox 515 2304 606 2333; x_wconf 89' lang='lat' dir='ltr'><strong>creati,</strong></span> <span class='ocrx_word' id='word_1_430' title='bbox 620 2311 705 2338; x_wconf 89' lang='lat' dir='ltr'><strong>quum</strong></span> <span class='ocrx_word' id='word_1_431' title='bbox 717 2303 835 2337; x_wconf 79' lang='lat' dir='ltr'><strong>parentis</strong></span> <span class='ocrx_word' id='word_1_432' title='bbox 846 2312 890 2328; x_wconf 89' lang='lat' dir='ltr'><strong>or·</strong></span> <span class='ocrx_word' id='word_1_433' title='bbox 912 2331 913 2336; x_wconf 21' lang='lat'>¹</span> 
     </span>
     <span class='ocr_line' id='line_1_59' title="bbox 85 2340 888 2376; baseline -0.002 -9"><span class='ocrx_word' id='word_1_434' title='bbox 85 2340 178 2367; x_wconf 90' lang='lat' dir='ltr'><strong>dinem</strong></span> <span class='ocrx_word' id='word_1_435' title='bbox 189 2340 389 2375; x_wconf 77' lang='lat' dir='ltr'><strong>cognovissent,</strong></span> <span class='ocrx_word' id='word_1_436' title='bbox 404 2340 476 2366; x_wconf 90' lang='lat' dir='ltr'><strong>hunc</strong></span> <span class='ocrx_word' id='word_1_437' title='bbox 488 2340 681 2376; x_wconf 84' lang='lat' dir='ltr'><strong>sequebantur.</strong></span> <span class='ocrx_word' id='word_1_438' title='bbox 701 2341 791 2374; x_wconf 87' lang='lat' dir='ltr'><strong>ltaque</strong></span> <span class='ocrx_word' id='word_1_439' title='bbox 802 2348 888 2374; x_wconf 84' lang='lat' dir='ltr'><strong>quum</strong></span> 
     </span>
     <span class='ocr_line' id='line_1_60' title="bbox 86 2377 913 2412; baseline -0.002 -8"><span class='ocrx_word' id='word_1_440' title='bbox 86 2377 254 2412; x_wconf 82' lang='lat' dir='ltr'><strong>accepissent</strong></span> <span class='ocrx_word' id='word_1_441' title='bbox 270 2377 419 2404; x_wconf 85' lang='lat' dir='ltr'><strong>immortale</strong></span> <span class='ocrx_word' id='word_1_442' title='bbox 435 2378 602 2412; x_wconf 89' lang='lat' dir='ltr'><strong>principium</strong></span> <span class='ocrx_word' id='word_1_443' title='bbox 625 2377 745 2404; x_wconf 84' lang='lat' dir='ltr'><strong>mortalis</strong></span> <span class='ocrx_word' id='word_1_444' title='bbox 766 2377 889 2403; x_wconf 90' lang='lat' dir='ltr'><strong>animan-</strong></span> <span class='ocrx_word' id='word_1_445' title='bbox 912 2389 913 2395; x_wconf 68' lang='lat'><em>=</em></span> 
     </span>
     <span class='ocr_line' id='line_1_61' title="bbox 86 2414 914 2450; baseline -0.002 -9"><span class='ocrx_word' id='word_1_446' title='bbox 86 2415 135 2446; x_wconf 85' lang='lat' dir='ltr'><strong>tis,</strong></span> <span class='ocrx_word' id='word_1_447' title='bbox 155 2415 291 2441; x_wconf 87' lang='lat' dir='ltr'><strong>imitantes</strong></span> <span class='ocrx_word' id='word_1_448' title='bbox 305 2415 455 2450; x_wconf 77' lang='lat' dir='ltr'><strong>genitorem</strong></span> <span class='ocrx_word' id='word_1_449' title='bbox 469 2419 495 2441; x_wconf 88' lang='lat' dir='ltr'><strong>et</strong></span> <span class='ocrx_word' id='word_1_450' title='bbox 506 2414 655 2441; x_wconf 80' lang='lat' dir='ltr'><strong>effectorem</strong></span> <span class='ocrx_word' id='word_1_451' title='bbox 668 2414 725 2445; x_wconf 84' lang='lat' dir='ltr'><strong>sui,</strong></span> <span class='ocrx_word' id='word_1_452' title='bbox 744 2414 890 2449; x_wconf 70' lang='lat' dir='ltr'><strong>particulas</strong></span> <span class='ocrx_word' id='word_1_453' title='bbox 913 2437 914 2447; x_wconf 64' lang='lat'><strong>,</strong></span> 
     </span>
     <span class='ocr_line' id='line_1_62' title="bbox 87 2451 914 2488; baseline -0.001 -10"><span class='ocrx_word' id='word_1_454' title='bbox 87 2452 160 2488; x_wconf 85' lang='lat' dir='ltr'><strong>ignis</strong></span> <span class='ocrx_word' id='word_1_455' title='bbox 171 2456 197 2478; x_wconf 89' lang='lat' dir='ltr'><strong>et</strong></span> <span class='ocrx_word' id='word_1_456' title='bbox 211 2457 295 2478; x_wconf 86' lang='lat' dir='ltr'><strong>terrae</strong></span> <span class='ocrx_word' id='word_1_457' title='bbox 306 2457 332 2478; x_wconf 90' lang='lat' dir='ltr'><strong>et</strong></span> <span class='ocrx_word' id='word_1_458' title='bbox 343 2460 428 2487; x_wconf 89' lang='lat' dir='ltr'><strong>aquae</strong></span> <span class='ocrx_word' id='word_1_459' title='bbox 440 2457 466 2479; x_wconf 87' lang='lat' dir='ltr'><strong>et</strong></span> <span class='ocrx_word' id='word_1_460' title='bbox 476 2453 581 2478; x_wconf 88' lang='lat' dir='ltr'><strong>animae</strong></span> <span class='ocrx_word' id='word_1_461' title='bbox 593 2460 606 2477; x_wconf 84' lang='lat' dir='ltr'><strong>a</strong></span> <span class='ocrx_word' id='word_1_462' title='bbox 619 2451 734 2482; x_wconf 85' lang='grc'>1111111111),</span> <span class='ocrx_word' id='word_1_463' title='bbox 751 2460 819 2486; x_wconf 84' lang='lat' dir='ltr'><strong>quas</strong></span> <span class='ocrx_word' id='word_1_464' title='bbox 831 2460 890 2477; x_wconf 89' lang='lat' dir='ltr'><strong>rur·</strong></span> <span class='ocrx_word' id='word_1_465' title='bbox 913 2452 914 2483; x_wconf 59' lang='grc' dir='ltr'><em>ζ</em></span> 
     </span>
     <span class='ocr_line' id='line_1_63' title="bbox 87 2485 914 2524; baseline -0.004 -8"><span class='ocrx_word' id='word_1_466' title='bbox 87 2498 135 2516; x_wconf 88' lang='lat' dir='ltr'><strong>sus</strong></span> <span class='ocrx_word' id='word_1_467' title='bbox 147 2489 303 2521; x_wconf 85' lang='lat' dir='ltr'><strong>redderent,</strong></span> <span class='ocrx_word' id='word_1_468' title='bbox 322 2489 530 2520; x_wconf 81' lang='lat' dir='ltr'><strong>mutuabantur,</strong></span> <span class='ocrx_word' id='word_1_469' title='bbox 547 2497 647 2524; x_wconf 82' lang='lat' dir='ltr'><strong>easque</strong></span> <span class='ocrx_word' id='word_1_470' title='bbox 660 2488 729 2515; x_wconf 89' lang='lat' dir='ltr'><strong>inter</strong></span> <span class='ocrx_word' id='word_1_471' title='bbox 739 2498 768 2515; x_wconf 83' lang='lat' dir='ltr'><strong>so</strong></span> <span class='ocrx_word' id='word_1_472' title='bbox 779 2489 891 2523; x_wconf 83' lang='lat' dir='ltr'><strong>copula-</strong></span> <span class='ocrx_word' id='word_1_473' title='bbox 913 2485 914 2500; x_wconf 62' lang='lat'>³</span> 
     </span>
     <span class='ocr_line' id='line_1_64' title="bbox 88 2518 915 2561; baseline -0.002 -8"><span class='ocrx_word' id='word_1_474' title='bbox 88 2526 162 2558; x_wconf 83' lang='lat' dir='ltr'><strong>bant,</strong></span> <span class='ocrx_word' id='word_1_475' title='bbox 176 2526 249 2553; x_wconf 87' lang='lat' dir='ltr'><strong>haud</strong></span> <span class='ocrx_word' id='word_1_476' title='bbox 261 2526 358 2553; x_wconf 88' lang='lat' dir='ltr'><strong>iisdem</strong></span> <span class='ocrx_word' id='word_1_477' title='bbox 372 2526 499 2557; x_wconf 81' lang='lat' dir='ltr'><strong>vinculis,</strong></span> <span class='ocrx_word' id='word_1_478' title='bbox 513 2526 615 2561; x_wconf 86' lang='lat' dir='ltr'><strong>quibus</strong></span> <span class='ocrx_word' id='word_1_479' title='bbox 627 2526 679 2560; x_wconf 75' lang='lat' dir='ltr'><strong>ipsi</strong></span> <span class='ocrx_word' id='word_1_480' title='bbox 693 2530 768 2552; x_wconf 89' lang='lat' dir='ltr'><strong>erant</strong></span> <span class='ocrx_word' id='word_1_481' title='bbox 779 2525 890 2561; x_wconf 77' lang='lat' dir='ltr'><strong>colliga-</strong></span> <span class='ocrx_word' id='word_1_482' title='bbox 913 2518 915 2545; x_wconf 67' lang='lat' dir='ltr'><strong>l</strong></span> 
     </span>
     <span class='ocr_line' id='line_1_65' title="bbox 89 2563 915 2600; baseline -0.001 -10"><span class='ocrx_word' id='word_1_483' title='bbox 89 2564 123 2594; x_wconf 89' lang='lat' dir='ltr'><strong>ti,</strong></span> <span class='ocrx_word' id='word_1_484' title='bbox 141 2563 188 2590; x_wconf 89' lang='lat' dir='ltr'><strong>sed</strong></span> <span class='ocrx_word' id='word_1_485' title='bbox 201 2563 314 2595; x_wconf 82' lang='lat' dir='ltr'><strong>talibus,</strong></span> <span class='ocrx_word' id='word_1_486' title='bbox 332 2573 401 2599; x_wconf 90' lang='lat' dir='ltr'><strong>quae</strong></span> <span class='ocrx_word' id='word_1_487' title='bbox 412 2564 486 2590; x_wconf 82' lang='lat' dir='ltr'><strong>cerni</strong></span> <span class='ocrx_word' id='word_1_488' title='bbox 498 2572 549 2589; x_wconf 91' lang='lat' dir='ltr'><strong>non</strong></span> <span class='ocrx_word' id='word_1_489' title='bbox 563 2567 671 2598; x_wconf 83' lang='lat' dir='ltr'><strong>possent</strong></span> <span class='ocrx_word' id='word_1_490' title='bbox 682 2568 789 2598; x_wconf 88' lang='lat' dir='ltr'><strong>propter</strong></span> <span class='ocrx_word' id='word_1_491' title='bbox 800 2572 891 2598; x_wconf 79' lang='lat' dir='ltr'><strong>parvi-</strong></span> <span class='ocrx_word' id='word_1_492' title='bbox 914 2567 915 2600; x_wconf 57' lang='grc'><strong>1</strong></span> 
     </span>
     <span class='ocr_line' id='line_1_66' title="bbox 90 2600 891 2637; baseline -0.001 -10"><span class='ocrx_word' id='word_1_493' title='bbox 90 2605 184 2632; x_wconf 86' lang='lat' dir='ltr'><strong>tatem,</strong></span> <span class='ocrx_word' id='word_1_494' title='bbox 201 2601 304 2628; x_wconf 88' lang='lat' dir='ltr'><strong>crebris</strong></span> <span class='ocrx_word' id='word_1_495' title='bbox 320 2601 536 2637; x_wconf 77' lang='lat' dir='ltr'><strong>quasilcuneolis</strong></span> <span class='ocrx_word' id='word_1_496' title='bbox 552 2601 672 2631; x_wconf 79' lang='lat' dir='ltr'><strong>iniectis,</strong></span> <span class='ocrx_word' id='word_1_497' title='bbox 691 2609 775 2626; x_wconf 89' lang='lat' dir='ltr'><strong>unum</strong></span> <span class='ocrx_word' id='word_1_498' title='bbox 789 2600 891 2627; x_wconf 56' lang='grc'>01111111*-</span> 
     </span>
     <span class='ocr_line' id='line_1_67' title="bbox 90 2637 891 2674; baseline -0.001 -9"><span class='ocrx_word' id='word_1_499' title='bbox 90 2637 155 2665; x_wconf 85' lang='lat' dir='ltr'><strong>bant</strong></span> <span class='ocrx_word' id='word_1_500' title='bbox 169 2646 203 2665; x_wconf 83' lang='lat' dir='ltr'><strong>ex</strong></span> <span class='ocrx_word' id='word_1_501' title='bbox 217 2639 345 2666; x_wconf 90' lang='lat' dir='ltr'><strong>omnibus</strong></span> <span class='ocrx_word' id='word_1_502' title='bbox 359 2648 471 2674; x_wconf 87' lang='lat' dir='ltr'><strong>corpus:</strong></span> <span class='ocrx_word' id='word_1_503' title='bbox 494 2640 612 2673; x_wconf 84' lang='lat' dir='ltr'><strong>itemque</strong></span> <span class='ocrx_word' id='word_1_504' title='bbox 629 2638 656 2664; x_wconf 89' lang='lat' dir='ltr'><strong>iu</strong></span> <span class='ocrx_word' id='word_1_505' title='bbox 670 2646 701 2664; x_wconf 81' lang='lat' dir='ltr'><strong>eo</strong></span> <span class='ocrx_word' id='word_1_506' title='bbox 714 2637 840 2665; x_wconf 81' lang='lat' dir='ltr'><strong>influente</strong></span> <span class='ocrx_word' id='word_1_507' title='bbox 852 2642 891 2664; x_wconf 86' lang='lat' dir='ltr'><strong>at-</strong></span> 
     </span>
    </p>
   </div>
   <div class='ocr_carea' id='block_1_3' title="bbox 899 216 914 2273">
    <p class='ocr_par' dir='ltr' id='par_1_4' title="bbox 899 216 914 2273">
     <span class='ocr_line' id='line_1_68' title="bbox 899 216 914 2273; baseline 0 0"><span class='ocrx_word' id='word_1_508' title='bbox 899 216 914 2273; x_wconf 95' lang='lat' dir='ltr'><strong> </strong></span> 
     </span>
    </p>
   </div>
   <div class='ocr_carea' id='block_1_4' title="bbox 90 2666 1547 2712">
    <p class='ocr_par' dir='ltr' id='par_1_5' title="bbox 90 2666 1547 2712">
     <span class='ocr_line' id='line_1_69' title="bbox 90 2666 1547 2712; baseline -0.006 -11"><span class='ocrx_word' id='word_1_509' title='bbox 90 2683 144 2712; x_wconf 85' lang='lat' dir='ltr'><strong>que</strong></span> <span class='ocrx_word' id='word_1_510' title='bbox 159 2674 285 2703; x_wconf 81' lang='lat' dir='ltr'><strong>effluente</strong></span> <span class='ocrx_word' id='word_1_511' title='bbox 301 2678 391 2704; x_wconf 91' lang='lat' dir='ltr'><strong>animo</strong></span> <span class='ocrx_word' id='word_1_512' title='bbox 407 2676 501 2704; x_wconf 91' lang='lat' dir='ltr'><strong>divino</strong></span> <span class='ocrx_word' id='word_1_513' title='bbox 517 2675 635 2703; x_wconf 85' lang='lat' dir='ltr'><strong>ambitus</strong></span> <span class='ocrx_word' id='word_1_514' title='bbox 648 2674 799 2711; x_wconf 79' lang='lat' dir='ltr'><strong>illigabunt.</strong></span> <span class='ocrx_word' id='word_1_515' title='bbox 841 2676 892 2702; x_wconf 86' lang='lat' dir='ltr'><strong>lta·</strong></span> <span class='ocrx_word' id='word_1_516' title='bbox 914 2667 924 2700; x_wconf 59' lang='grc'><strong>1</strong></span> <span class='ocrx_word' id='word_1_517' title='bbox 943 2674 1128 2709; x_wconf 64' lang='lat' dir='ltr'><strong>‹praes-tionem</strong></span> <span class='ocrx_word' id='word_1_518' title='bbox 1146 2672 1226 2698; x_wconf 82' lang='lat' dir='ltr'><strong>totius</strong></span> <span class='ocrx_word' id='word_1_519' title='bbox 1244 2675 1352 2697; x_wconf 81' lang='lat' dir='ltr'><strong>naturae</strong></span> <span class='ocrx_word' id='word_1_520' title='bbox 1371 2666 1547 2702; x_wconf 81' lang='lat' dir='ltr'><strong>impulerunt.</strong></span> 
     </span>
    </p>
   </div>
   <div class='ocr_carea' id='block_1_5' title="bbox 918 2221 1738 2298">
    <p class='ocr_par' dir='ltr' id='par_1_6' title="bbox 918 2221 1738 2298">
     <span class='ocr_line' id='line_1_70' title="bbox 918 2221 1594 2259; baseline -0.013 -6"><span class='ocrx_word' id='word_1_521' title='bbox 918 2229 920 2238; x_wconf 76' lang='lat'><em>&#39;</em></span> <span class='ocrx_word' id='word_1_522' title='bbox 942 2228 986 2257; x_wconf 83' lang='lat' dir='ltr'><strong>tin,</strong></span> <span class='ocrx_word' id='word_1_523' title='bbox 1000 2225 1177 2252; x_wconf 75' lang='lat' dir='ltr'><strong>inconstantia</strong></span> <span class='ocrx_word' id='word_1_524' title='bbox 1194 2224 1401 2259; x_wconf 74' lang='lat' dir='ltr'><strong>perturbataque</strong></span> <span class='ocrx_word' id='word_1_525' title='bbox 1413 2221 1542 2246; x_wconf 67' lang='lat' dir='ltr'><strong>efficiunt.</strong></span> <span class='ocrx_word' id='word_1_526' title='bbox 1592 2256 1594 2259; x_wconf 35' lang='grc' dir='ltr'>Ι</span> 
     </span>
     <span class='ocr_line' id='line_1_71' title="bbox 918 2259 1738 2298; baseline -0.016 -8"><span class='ocrx_word' id='word_1_527' title='bbox 918 2279 920 2285; x_wconf 52' lang='grc' dir='ltr'><strong>ν</strong></span> <span class='ocrx_word' id='word_1_528' title='bbox 943 2264 1028 2290; x_wconf 85' lang='lat' dir='ltr'><strong>lorum</strong></span> <span class='ocrx_word' id='word_1_529' title='bbox 1041 2263 1152 2298; x_wconf 88' lang='lat' dir='ltr'><strong>quidem</strong></span> <span class='ocrx_word' id='word_1_530' title='bbox 1163 2262 1282 2290; x_wconf 76' lang='lat' dir='ltr'><strong>caussis.</strong></span> <span class='ocrx_word' id='word_1_531' title='bbox 1307 2265 1336 2286; x_wconf 91' lang='grc'>111.</span> <span class='ocrx_word' id='word_1_532' title='bbox 1352 2259 1479 2286; x_wconf 73' lang='lat' dir='ltr'><strong>haberent</strong></span> <span class='ocrx_word' id='word_1_533' title='bbox 1496 2265 1554 2282; x_wconf 85' lang='lat' dir='ltr'><strong>eam</strong></span> <span class='ocrx_word' id='word_1_534' title='bbox 1571 2264 1639 2282; x_wconf 69' lang='lat' dir='ltr'><strong>vnn,</strong></span> <span class='ocrx_word' id='word_1_535' title='bbox 1657 2262 1738 2288; x_wconf 80' lang='lat' dir='ltr'><strong>quam</strong></span> 
     </span>
    </p>
   </div>
   <div class='ocr_carea' id='block_1_6' title="bbox 905 212 923 2626">
    <p class='ocr_par' dir='ltr' id='par_1_7' title="bbox 905 212 923 2626">
     <span class='ocr_line' id='line_1_72' title="bbox 905 212 923 2626; baseline 0 0"><span class='ocrx_word' id='word_1_536' title='bbox 905 212 923 2626; x_wconf 95' lang='lat' dir='ltr'><strong> </strong></span> 
     </span>
    </p>
   </div>
   <div class='ocr_carea' id='block_1_7' title="bbox 1664 141 1723 165">
    <p class='ocr_par' dir='ltr' id='par_1_8' title="bbox 1664 141 1723 165">
     <span class='ocr_line' id='line_1_73' title="bbox 1664 141 1723 165; baseline -0.017 0"><span class='ocrx_word' id='word_1_537' title='bbox 1664 141 1723 165; x_wconf 75' lang='grc'>1317</span> 
     </span>
    </p>
   </div>
   <div class='ocr_carea' id='block_1_8' title="bbox 928 206 1724 499">
    <p class='ocr_par' dir='ltr' id='par_1_9' title="bbox 928 206 1724 424">
     <span class='ocr_line' id='line_1_74' title="bbox 928 206 1724 244; baseline 0.004 -11"><span class='ocrx_word' id='word_1_538' title='bbox 928 216 980 242; x_wconf 88' lang='lat' dir='ltr'><strong>que</strong></span> <span class='ocrx_word' id='word_1_539' title='bbox 997 207 1037 234; x_wconf 90' lang='lat' dir='ltr'><strong>illi</strong></span> <span class='ocrx_word' id='word_1_540' title='bbox 1052 209 1080 234; x_wconf 89' lang='lat' dir='ltr'><strong>in</strong></span> <span class='ocrx_word' id='word_1_541' title='bbox 1096 206 1194 234; x_wconf 84' lang='lat' dir='ltr'><strong>flumen</strong></span> <span class='ocrx_word' id='word_1_542' title='bbox 1211 206 1327 244; x_wconf 82' lang='lat' dir='ltr'><strong>[ingens]</strong></span> <span class='ocrx_word' id='word_1_543' title='bbox 1344 209 1479 239; x_wconf 86' lang='lat' dir='ltr'><strong>immersi,</strong></span> <span class='ocrx_word' id='word_1_544' title='bbox 1497 217 1584 243; x_wconf 89' lang='lat' dir='ltr'><strong>neque</strong></span> <span class='ocrx_word' id='word_1_545' title='bbox 1600 210 1724 236; x_wconf 79' lang='lat' dir='ltr'><strong>tenebant</strong></span> 
     </span>
     <span class='ocr_line' id='line_1_75' title="bbox 929 245 1724 281; baseline 0.001 -10"><span class='ocrx_word' id='word_1_546' title='bbox 929 253 1015 280; x_wconf 89' lang='lat' dir='ltr'><strong>neque</strong></span> <span class='ocrx_word' id='word_1_547' title='bbox 1027 245 1194 274; x_wconf 87' lang='lat' dir='ltr'><strong>tenebantur,</strong></span> <span class='ocrx_word' id='word_1_548' title='bbox 1211 245 1258 271; x_wconf 92' lang='lat' dir='ltr'><strong>sed</strong></span> <span class='ocrx_word' id='word_1_549' title='bbox 1271 246 1296 271; x_wconf 93' lang='lat' dir='ltr'><strong>vi</strong></span> <span class='ocrx_word' id='word_1_550' title='bbox 1309 254 1404 281; x_wconf 81' lang='lat' dir='ltr'><strong>magna</strong></span> <span class='ocrx_word' id='word_1_551' title='bbox 1416 250 1473 272; x_wconf 86' lang='lat' dir='ltr'><strong>tum</strong></span> <span class='ocrx_word' id='word_1_552' title='bbox 1485 245 1604 272; x_wconf 80' lang='lat' dir='ltr'><strong>ferebant</strong></span> <span class='ocrx_word' id='word_1_553' title='bbox 1617 251 1672 272; x_wconf 90' lang='lat' dir='ltr'><strong>tum</strong></span> <span class='ocrx_word' id='word_1_554' title='bbox 1686 247 1724 272; x_wconf 77' lang='lat' dir='ltr'><strong>se-</strong></span> 
     </span>
     <span class='ocr_line' id='line_1_76' title="bbox 929 283 1720 318; baseline 0.001 -10"><span class='ocrx_word' id='word_1_555' title='bbox 929 283 1065 308; x_wconf 87' lang='lat' dir='ltr'><strong>rebantur.</strong></span> <span class='ocrx_word' id='word_1_556' title='bbox 1097 283 1132 308; x_wconf 88' lang='lat' dir='ltr'><strong>Ita</strong></span> <span class='ocrx_word' id='word_1_557' title='bbox 1145 287 1229 308; x_wconf 88' lang='lat' dir='ltr'><strong>totum</strong></span> <span class='ocrx_word' id='word_1_558' title='bbox 1241 283 1339 309; x_wconf 91' lang='lat' dir='ltr'><strong>animal</strong></span> <span class='ocrx_word' id='word_1_559' title='bbox 1352 283 1510 309; x_wconf 88' lang='lat' dir='ltr'><strong>movebatur</strong></span> <span class='ocrx_word' id='word_1_560' title='bbox 1522 283 1588 309; x_wconf 88' lang='lat' dir='ltr'><strong>illud</strong></span> <span class='ocrx_word' id='word_1_561' title='bbox 1599 284 1720 318; x_wconf 87' lang='lat' dir='ltr'><strong>quidem,</strong></span> 
     </span>
     <span class='ocr_line' id='line_1_77' title="bbox 929 319 1721 350; baseline 0.001 -5"><span class='ocrx_word' id='word_1_562' title='bbox 929 319 976 345; x_wconf 86' lang='lat' dir='ltr'><strong>sed</strong></span> <span class='ocrx_word' id='word_1_563' title='bbox 987 319 1160 346; x_wconf 87' lang='lat' dir='ltr'><strong>immoderate</strong></span> <span class='ocrx_word' id='word_1_564' title='bbox 1172 324 1197 346; x_wconf 85' lang='lat' dir='ltr'><strong>et</strong></span> <span class='ocrx_word' id='word_1_565' title='bbox 1208 319 1327 350; x_wconf 82' lang='lat' dir='ltr'><strong>fortuitu,</strong></span> <span class='ocrx_word' id='word_1_566' title='bbox 1341 325 1369 346; x_wconf 90' lang='lat' dir='ltr'><strong>ut</strong></span> <span class='ocrx_word' id='word_1_567' title='bbox 1380 329 1427 346; x_wconf 78' lang='lat' dir='ltr'><strong>sex</strong></span> <span class='ocrx_word' id='word_1_568' title='bbox 1440 320 1556 346; x_wconf 85' lang='lat' dir='ltr'><strong>motibus</strong></span> <span class='ocrx_word' id='word_1_569' title='bbox 1570 321 1721 347; x_wconf 85' lang='lat' dir='ltr'><strong>veheretur.</strong></span> 
     </span>
     <span class='ocr_line' id='line_1_78' title="bbox 929 357 1724 391; baseline 0.001 -9"><span class='ocrx_word' id='word_1_570' title='bbox 929 358 996 382; x_wconf 85' lang='lat' dir='ltr'><strong>Nam</strong></span> <span class='ocrx_word' id='word_1_571' title='bbox 1008 362 1032 383; x_wconf 92' lang='lat' dir='ltr'><strong>et</strong></span> <span class='ocrx_word' id='word_1_572' title='bbox 1044 362 1103 382; x_wconf 91' lang='lat' dir='ltr'><strong>ante</strong></span> <span class='ocrx_word' id='word_1_573' title='bbox 1114 362 1139 382; x_wconf 91' lang='lat' dir='ltr'><strong>et</strong></span> <span class='ocrx_word' id='word_1_574' title='bbox 1150 365 1227 391; x_wconf 82' lang='lat' dir='ltr'><strong>pone,</strong></span> <span class='ocrx_word' id='word_1_575' title='bbox 1242 358 1273 382; x_wconf 78' lang='lat' dir='ltr'><strong>ad</strong></span> <span class='ocrx_word' id='word_1_576' title='bbox 1288 357 1388 383; x_wconf 69' lang='lat' dir='ltr'><strong>laevam</strong></span> <span class='ocrx_word' id='word_1_577' title='bbox 1401 363 1425 383; x_wconf 87' lang='lat' dir='ltr'><strong>et</strong></span> <span class='ocrx_word' id='word_1_578' title='bbox 1437 358 1468 383; x_wconf 89' lang='lat' dir='ltr'><strong>ad</strong></span> <span class='ocrx_word' id='word_1_579' title='bbox 1482 358 1612 384; x_wconf 78' lang='lat' dir='ltr'><strong>dextram.</strong></span> <span class='ocrx_word' id='word_1_580' title='bbox 1626 363 1724 384; x_wconf 65' lang='grc'>015111·-</span> 
     </span>
     <span class='ocr_line' id='line_1_79' title="bbox 929 394 1550 424; baseline -0.002 -4"><span class='ocrx_word' id='word_1_581' title='bbox 929 403 988 420; x_wconf 88' lang='lat' dir='ltr'><strong>sum</strong></span> <span class='ocrx_word' id='word_1_582' title='bbox 1001 399 1025 420; x_wconf 80' lang='lat' dir='ltr'><strong>et</strong></span> <span class='ocrx_word' id='word_1_583' title='bbox 1037 394 1172 424; x_wconf 83' lang='lat' dir='ltr'><strong>deorsum,</strong></span> <span class='ocrx_word' id='word_1_584' title='bbox 1187 394 1264 419; x_wconf 88' lang='lat' dir='ltr'><strong>modo</strong></span> <span class='ocrx_word' id='word_1_585' title='bbox 1277 394 1504 424; x_wconf 78' lang='lat' dir='ltr'><strong>huc.mo‹10i¹1uc</strong></span> <span class='ocrx_word' id='word_1_586' title='bbox 1516 410 1550 414; x_wconf 85' lang='lat'><strong>—</strong></span> 
     </span>
    </p>

    <p class='ocr_par' dir='ltr' id='par_1_10' title="bbox 929 430 1724 499">
     <span class='ocr_line' id='line_1_80' title="bbox 929 430 1724 467; baseline 0.003 -11"><span class='ocrx_word' id='word_1_587' title='bbox 929 430 940 443; x_wconf 82' lang='lat'>*</span> <span class='ocrx_word' id='word_1_588' title='bbox 958 430 969 442; x_wconf 62' lang='lat'><strong>*²</strong></span> <span class='ocrx_word' id='word_1_589' title='bbox 986 432 996 443; x_wconf 70' lang='lat'>*</span> <span class='ocrx_word' id='word_1_590' title='bbox 1017 440 1065 457; x_wconf 87' lang='lat' dir='ltr'><strong>sex</strong></span> <span class='ocrx_word' id='word_1_591' title='bbox 1090 440 1148 457; x_wconf 85' lang='lat' dir='ltr'><strong>oras</strong></span> <span class='ocrx_word' id='word_1_592' title='bbox 1169 433 1345 467; x_wconf 70' lang='lat' dir='ltr'><strong>regionesque</strong></span> <span class='ocrx_word' id='word_1_593' title='bbox 1368 441 1460 457; x_wconf 80' lang='lat' dir='ltr'><strong>versus</strong></span> <span class='ocrx_word' id='word_1_594' title='bbox 1482 440 1572 458; x_wconf 87' lang='lat' dir='ltr'><strong>errans</strong></span> <span class='ocrx_word' id='word_1_595' title='bbox 1595 432 1724 466; x_wconf 81' lang='lat' dir='ltr'><strong>procede—</strong></span> 
     </span>
     <span class='ocr_line' id='line_1_81' title="bbox 931 468 1056 499; baseline 0.008 -6"><span class='ocrx_word' id='word_1_596' title='bbox 931 469 982 499; x_wconf 87' lang='lat' dir='ltr'><strong>bat,</strong></span> <span class='ocrx_word' id='word_1_597' title='bbox 998 468 1009 480; x_wconf 70' lang='grc'><strong><em>*</em></strong></span> <span class='ocrx_word' id='word_1_598' title='bbox 1021 468 1033 478; x_wconf 68' lang='lat'><strong>¹¹</strong></span> <span class='ocrx_word' id='word_1_599' title='bbox 1045 468 1056 480; x_wconf 71' lang='lat'>*</span> 
     </span>
    </p>
   </div>
   <div class='ocr_carea' id='block_1_9' title="bbox 929 512 1723 636">
    <p class='ocr_par' dir='ltr' id='par_1_11' title="bbox 929 512 1723 636">
     <span class='ocr_line' id='line_1_82' title="bbox 980 512 1723 535; baseline 0.001 -6"><span class='ocrx_word' id='word_1_600' title='bbox 980 512 1039 535; x_wconf 78' lang='lat' dir='ltr'><strong>&lt;Tres</strong></span> <span class='ocrx_word' id='word_1_601' title='bbox 1050 512 1091 529; x_wconf 66' lang='lat' dir='ltr'><strong>sers-</strong></span> <span class='ocrx_word' id='word_1_602' title='bbox 1103 512 1178 529; x_wconf 66' lang='lat' dir='ltr'><strong>desunt</strong></span> <span class='ocrx_word' id='word_1_603' title='bbox 1188 512 1276 534; x_wconf 54' lang='lat' dir='ltr'><strong>paginae</strong></span> <span class='ocrx_word' id='word_1_604' title='bbox 1287 513 1385 530; x_wconf 69' lang='lat' dir='ltr'><strong>orationis</strong></span> <span class='ocrx_word' id='word_1_605' title='bbox 1396 513 1522 531; x_wconf 56' lang='lat' dir='ltr'><strong>I‘Intv‘vnivae.</strong></span> <span class='ocrx_word' id='word_1_606' title='bbox 1542 512 1610 531; x_wconf 59' lang='lat' dir='ltr'><strong>vti-tm</strong></span> <span class='ocrx_word' id='word_1_607' title='bbox 1621 516 1668 531; x_wconf 74' lang='lat' dir='ltr'><strong>ante</strong></span> <span class='ocrx_word' id='word_1_608' title='bbox 1679 513 1723 530; x_wconf 67' lang='lat' dir='ltr'><strong>bia-</strong></span> 
     </span>
     <span class='ocr_line' id='line_1_83' title="bbox 929 537 1723 560; baseline -0.001 -4"><span class='ocrx_word' id='word_1_609' title='bbox 929 540 974 556; x_wconf 85' lang='lat' dir='ltr'><strong>tum</strong></span> <span class='ocrx_word' id='word_1_610' title='bbox 985 538 1057 555; x_wconf 73' lang='lat' dir='ltr'><strong>ultima</strong></span> <span class='ocrx_word' id='word_1_611' title='bbox 1067 538 1118 555; x_wconf 69' lang='lat' dir='ltr'><strong>haec</strong></span> <span class='ocrx_word' id='word_1_612' title='bbox 1128 541 1176 554; x_wconf 81' lang='lat' dir='ltr'><strong>sunt</strong></span> <span class='ocrx_word' id='word_1_613' title='bbox 1187 542 1219 560; x_wconf 86' lang='lat' dir='ltr'><strong>ap.</strong></span> <span class='ocrx_word' id='word_1_614' title='bbox 1231 537 1283 555; x_wconf 79' lang='lat' dir='ltr'><strong>l&#39;lat.</strong></span> <span class='ocrx_word' id='word_1_615' title='bbox 1294 543 1313 560; x_wconf 85' lang='lat' dir='ltr'><strong>p.</strong></span> <span class='ocrx_word' id='word_1_616' title='bbox 1325 539 1355 556; x_wconf 67' lang='grc'>«13.</span> <span class='ocrx_word' id='word_1_617' title='bbox 1367 538 1389 556; x_wconf 70' lang='lat'><strong>15.</strong></span> <span class='ocrx_word' id='word_1_618' title='bbox 1401 538 1432 555; x_wconf 78' lang='lat' dir='ltr'><strong>ed.</strong></span> <span class='ocrx_word' id='word_1_619' title='bbox 1482 539 1515 560; x_wconf 76' lang='lat' dir='ltr'><strong>pli.</strong></span> <span class='ocrx_word' id='word_1_620' title='bbox 1533 539 1560 560; x_wconf 84' lang='lat' dir='ltr'><strong>‘p.</strong></span> <span class='ocrx_word' id='word_1_621' title='bbox 1576 539 1605 556; x_wconf 67' lang='grc' dir='ltr'><strong>Η.</strong></span> <span class='ocrx_word' id='word_1_622' title='bbox 1621 538 1653 555; x_wconf 56' lang='lat' dir='ltr'><strong>etl.</strong></span> <span class='ocrx_word' id='word_1_623' title='bbox 1670 538 1691 556; x_wconf 75' lang='lat'><strong>15·</strong></span> <span class='ocrx_word' id='word_1_624' title='bbox 1701 539 1723 555; x_wconf 79' lang='lat' dir='ltr'><strong>k-</strong></span> 
     </span>
     <span class='ocr_line' id='line_1_84' title="bbox 930 562 1722 585; baseline 0 -4"><span class='ocrx_word' id='word_1_625' title='bbox 930 562 995 585; x_wconf 82' lang='lat' dir='ltr'><strong>ker.):</strong></span> <span class='ocrx_word' id='word_1_626' title='bbox 1011 564 1061 581; x_wconf 59' lang='grc' dir='ltr'><strong>κάτω</strong></span> <span class='ocrx_word' id='word_1_627' title='bbox 1073 571 1089 581; x_wconf 69' lang='grc' dir='ltr'><strong>ιε</strong></span> <span class='ocrx_word' id='word_1_628' title='bbox 1102 570 1134 580; x_wconf 60' lang='grc' dir='ltr'><strong>και</strong></span> <span class='ocrx_word' id='word_1_629' title='bbox 1145 572 1185 581; x_wconf 69' lang='lat' dir='ltr'><strong>nm»</strong></span> <span class='ocrx_word' id='word_1_630' title='bbox 1196 571 1227 582; x_wconf 69' lang='grc' dir='ltr'><strong>κη·</strong></span> <span class='ocrx_word' id='word_1_631' title='bbox 1241 565 1310 584; x_wconf 47' lang='lat' dir='ltr'><strong>miris.</strong></span> <span class='ocrx_word' id='word_1_632' title='bbox 1339 564 1445 585; x_wconf 67' lang='lat' dir='ltr'><strong>Atnruptm-</strong></span> <span class='ocrx_word' id='word_1_633' title='bbox 1457 564 1556 581; x_wconf 62' lang='lat' dir='ltr'><strong>··r.ui·1ni=</strong></span> <span class='ocrx_word' id='word_1_634' title='bbox 1567 563 1623 581; x_wconf 81' lang='lat' dir='ltr'><strong>iilum</strong></span> <span class='ocrx_word' id='word_1_635' title='bbox 1635 564 1666 581; x_wconf 77' lang='lat' dir='ltr'><strong>nis</strong></span> <span class='ocrx_word' id='word_1_636' title='bbox 1678 569 1695 579; x_wconf 62' lang='lat' dir='ltr'><strong>x·</strong></span> <span class='ocrx_word' id='word_1_637' title='bbox 1705 569 1722 581; x_wconf 83' lang='lat' dir='ltr'><strong>r-</strong></span> 
     </span>
     <span class='ocr_line' id='line_1_85' title="bbox 930 587 1723 611; baseline -0.001 -5"><span class='ocrx_word' id='word_1_638' title='bbox 930 589 962 606; x_wconf 74' lang='lat' dir='ltr'><strong>bis</strong></span> <span class='ocrx_word' id='word_1_639' title='bbox 972 594 1005 611; x_wconf 75' lang='lat' dir='ltr'><strong>ap.</strong></span> <span class='ocrx_word' id='word_1_640' title='bbox 1016 588 1068 606; x_wconf 75' lang='lat' dir='ltr'><strong>I&#39;lat.</strong></span> <span class='ocrx_word' id='word_1_641' title='bbox 1079 593 1098 610; x_wconf 44' lang='lat' dir='ltr'><strong>pr</strong></span> <span class='ocrx_word' id='word_1_642' title='bbox 1109 587 1140 605; x_wconf 64' lang='lat'><strong>40.</strong></span> <span class='ocrx_word' id='word_1_643' title='bbox 1151 588 1176 606; x_wconf 78' lang='lat' dir='ltr'><strong>A.</strong></span> <span class='ocrx_word' id='word_1_644' title='bbox 1188 588 1221 606; x_wconf 66' lang='lat' dir='ltr'><strong>cul.</strong></span> <span class='ocrx_word' id='word_1_645' title='bbox 1237 588 1348 611; x_wconf 65' lang='grc' dir='ltr'>Ξῐυ1111.”11.</span> <span class='ocrx_word' id='word_1_646' title='bbox 1358 589 1388 606; x_wconf 64' lang='lat'><strong>212.</strong></span> <span class='ocrx_word' id='word_1_647' title='bbox 1399 589 1430 606; x_wconf 72' lang='lat' dir='ltr'><strong>ed.</strong></span> <span class='ocrx_word' id='word_1_648' title='bbox 1442 588 1539 609; x_wconf 51' lang='lat' dir='ltr'><strong>bekker„</strong></span> <span class='ocrx_word' id='word_1_649' title='bbox 1552 594 1622 606; x_wconf 67' lang='lat' dir='ltr'><strong>rur-os</strong></span> <span class='ocrx_word' id='word_1_650' title='bbox 1633 589 1723 606; x_wconf 65' lang='lat' dir='ltr'><strong>ann-:tti-</strong></span> 
     </span>
     <span class='ocr_line' id='line_1_86' title="bbox 930 613 1353 636; baseline -0.002 -4"><span class='ocrx_word' id='word_1_651' title='bbox 930 616 974 632; x_wconf 85' lang='lat' dir='ltr'><strong>tur:</strong></span> <span class='ocrx_word' id='word_1_652' title='bbox 990 614 1031 632; x_wconf 53' lang='lat' dir='ltr'><strong>irak</strong></span> <span class='ocrx_word' id='word_1_653' title='bbox 1042 622 1059 632; x_wconf 69' lang='grc' dir='ltr'><strong>η</strong></span> <span class='ocrx_word' id='word_1_654' title='bbox 1070 613 1095 631; x_wconf 64' lang='grc' dir='ltr'><strong>ιη’·</strong></span> <span class='ocrx_word' id='word_1_655' title='bbox 1106 616 1149 635; x_wconf 57' lang='lat'><strong>7101</strong></span> <span class='ocrx_word' id='word_1_656' title='bbox 1160 622 1194 636; x_wconf 63' lang='grc' dir='ltr'><strong>ιη»</strong></span> <span class='ocrx_word' id='word_1_657' title='bbox 1205 614 1294 636; x_wconf 44' lang='lat' dir='ltr'><strong>ruvirum</strong></span> <span class='ocrx_word' id='word_1_658' title='bbox 1305 616 1353 634; x_wconf 67' lang='lat' dir='ltr'><strong>etc.)</strong></span> 
     </span>
    </p>
   </div>
   <div class='ocr_carea' id='block_1_10' title="bbox 1440 546 1482 552">
    <p class='ocr_par' dir='ltr' id='par_1_12' title="bbox 1440 546 1482 552">
     <span class='ocr_line' id='line_1_87' title="bbox 1440 546 1482 552; baseline 0 0"><span class='ocrx_word' id='word_1_659' title='bbox 1440 546 1482 552; x_wconf 95' lang='lat' dir='ltr'><strong> </strong></span> 
     </span>
    </p>
   </div>
   <div class='ocr_carea' id='block_1_11' title="bbox 931 655 1730 1174">
    <p class='ocr_par' dir='ltr' id='par_1_13' title="bbox 931 655 1726 906">
     <span class='ocr_line' id='line_1_88' title="bbox 987 655 1726 690; baseline -0.001 -9"><span class='ocrx_word' id='word_1_660' title='bbox 987 656 1040 681; x_wconf 86' lang='lat' dir='ltr'><strong>Iam</strong></span> <span class='ocrx_word' id='word_1_661' title='bbox 1053 664 1114 681; x_wconf 80' lang='lat' dir='ltr'><strong>vero</strong></span> <span class='ocrx_word' id='word_1_662' title='bbox 1127 664 1218 681; x_wconf 86' lang='lat' dir='ltr'><strong>earum</strong></span> <span class='ocrx_word' id='word_1_663' title='bbox 1233 656 1467 690; x_wconf 65' lang='lat' dir='ltr'><strong>imaginum,mme</strong></span> <span class='ocrx_word' id='word_1_664' title='bbox 1480 656 1616 690; x_wconf 75' lang='lat' dir='ltr'><strong>tinguntur</strong></span> <span class='ocrx_word' id='word_1_665' title='bbox 1628 660 1651 681; x_wconf 83' lang='lat' dir='ltr'><strong>et</strong></span> <span class='ocrx_word' id='word_1_666' title='bbox 1665 655 1726 680; x_wconf 76' lang='lat' dir='ltr'><strong>red-</strong></span> 
     </span>
     <span class='ocr_line' id='line_1_89' title="bbox 931 692 1724 727; baseline -0.003 -8"><span class='ocrx_word' id='word_1_667' title='bbox 931 693 1032 719; x_wconf 90' lang='lat' dir='ltr'><strong>duntur</strong></span> <span class='ocrx_word' id='word_1_668' title='bbox 1044 693 1070 718; x_wconf 93' lang='lat' dir='ltr'><strong>in</strong></span> <span class='ocrx_word' id='word_1_669' title='bbox 1082 693 1209 726; x_wconf 67' lang='lat' dir='ltr'><strong>speculis,</strong></span> <span class='ocrx_word' id='word_1_670' title='bbox 1219 702 1374 727; x_wconf 87' lang='lat' dir='ltr'><strong>eorumque,</strong></span> <span class='ocrx_word' id='word_1_671' title='bbox 1389 701 1457 727; x_wconf 87' lang='lat' dir='ltr'><strong>quae</strong></span> <span class='ocrx_word' id='word_1_672' title='bbox 1470 692 1609 726; x_wconf 76' lang='lat' dir='ltr'><strong>splendida</strong></span> <span class='ocrx_word' id='word_1_673' title='bbox 1621 698 1644 718; x_wconf 76' lang='lat' dir='ltr'><strong>et</strong></span> <span class='ocrx_word' id='word_1_674' title='bbox 1658 692 1724 717; x_wconf 69' lang='lat' dir='ltr'><strong>levia</strong></span> 
     </span>
     <span class='ocr_line' id='line_1_90' title="bbox 931 730 1724 764; baseline -0.003 -7"><span class='ocrx_word' id='word_1_675' title='bbox 931 735 1007 761; x_wconf 87' lang='lat' dir='ltr'><strong>sunt,</strong></span> <span class='ocrx_word' id='word_1_676' title='bbox 1034 731 1161 756; x_wconf 85' lang='lat' dir='ltr'><strong>rationem</strong></span> <span class='ocrx_word' id='word_1_677' title='bbox 1181 731 1332 764; x_wconf 86' lang='lat' dir='ltr'><strong>perspicere</strong></span> <span class='ocrx_word' id='word_1_678' title='bbox 1354 730 1423 755; x_wconf 80' lang='lat' dir='ltr'><strong>liaud</strong></span> <span class='ocrx_word' id='word_1_679' title='bbox 1447 730 1556 755; x_wconf 76' lang='lat' dir='ltr'><strong>diflicile</strong></span> <span class='ocrx_word' id='word_1_680' title='bbox 1569 735 1617 755; x_wconf 76' lang='lat' dir='ltr'><strong>est.</strong></span> <span class='ocrx_word' id='word_1_681' title='bbox 1660 730 1724 755; x_wconf 73' lang='lat' dir='ltr'><strong>Nam</strong></span> 
     </span>
     <span class='ocr_line' id='line_1_91' title="bbox 932 768 1723 803; baseline -0.003 -9"><span class='ocrx_word' id='word_1_682' title='bbox 932 777 965 794; x_wconf 87' lang='lat' dir='ltr'><strong>ex</strong></span> <span class='ocrx_word' id='word_1_683' title='bbox 976 769 1047 803; x_wconf 79' lang='lat' dir='ltr'><strong>ignis</strong></span> <span class='ocrx_word' id='word_1_684' title='bbox 1066 768 1206 802; x_wconf 86' lang='lat' dir='ltr'><strong>utriusque</strong></span> <span class='ocrx_word' id='word_1_685' title='bbox 1222 768 1324 793; x_wconf 81' lang='lat' dir='ltr'><strong>externi</strong></span> <span class='ocrx_word' id='word_1_686' title='bbox 1337 772 1415 801; x_wconf 87' lang='lat' dir='ltr'><strong>atque</strong></span> <span class='ocrx_word' id='word_1_687' title='bbox 1429 768 1524 792; x_wconf 78' lang='lat' dir='ltr'><strong>interni</strong></span> <span class='ocrx_word' id='word_1_688' title='bbox 1537 768 1723 792; x_wconf 72' lang='lat' dir='ltr'><strong>commuuione</strong></span> 
     </span>
     <span class='ocr_line' id='line_1_92' title="bbox 932 803 1726 839; baseline -0.003 -8"><span class='ocrx_word' id='word_1_689' title='bbox 932 806 1000 831; x_wconf 91' lang='lat' dir='ltr'><strong>inter</strong></span> <span class='ocrx_word' id='word_1_690' title='bbox 1012 806 1094 839; x_wconf 84' lang='lat' dir='ltr'><strong>ipsos,</strong></span> <span class='ocrx_word' id='word_1_691' title='bbox 1107 813 1192 839; x_wconf 89' lang='lat' dir='ltr'><strong>quum</strong></span> <span class='ocrx_word' id='word_1_692' title='bbox 1204 813 1275 830; x_wconf 90' lang='lat' dir='ltr'><strong>unus</strong></span> <span class='ocrx_word' id='word_1_693' title='bbox 1288 813 1334 839; x_wconf 89' lang='lat' dir='ltr'><strong>per</strong></span> <span class='ocrx_word' id='word_1_694' title='bbox 1347 803 1468 839; x_wconf 78' lang='lat' dir='ltr'><strong>singulas</strong></span> <span class='ocrx_word' id='word_1_695' title='bbox 1481 809 1568 838; x_wconf 74' lang='lat' dir='ltr'><strong>partes</strong></span> <span class='ocrx_word' id='word_1_696' title='bbox 1579 804 1687 829; x_wconf 70' lang='lat' dir='ltr'><strong>effectus</strong></span> <span class='ocrx_word' id='word_1_697' title='bbox 1702 809 1726 829; x_wconf 73' lang='lat' dir='ltr'><strong>et</strong></span> 
     </span>
     <span class='ocr_line' id='line_1_93' title="bbox 933 841 1723 876; baseline -0.003 -8"><span class='ocrx_word' id='word_1_698' title='bbox 933 842 1025 868; x_wconf 86' lang='lat' dir='ltr'><strong>multis</strong></span> <span class='ocrx_word' id='word_1_699' title='bbox 1041 842 1128 868; x_wconf 89' lang='lat' dir='ltr'><strong>modis</strong></span> <span class='ocrx_word' id='word_1_700' title='bbox 1143 850 1253 868; x_wconf 87' lang='lat' dir='ltr'><strong>concors</strong></span> <span class='ocrx_word' id='word_1_701' title='bbox 1264 847 1289 868; x_wconf 88' lang='lat' dir='ltr'><strong>et</strong></span> <span class='ocrx_word' id='word_1_702' title='bbox 1300 846 1378 876; x_wconf 85' lang='lat' dir='ltr'><strong>aptus</strong></span> <span class='ocrx_word' id='word_1_703' title='bbox 1389 841 1510 867; x_wconf 83' lang='lat' dir='ltr'><strong>redditus</strong></span> <span class='ocrx_word' id='word_1_704' title='bbox 1522 842 1548 866; x_wconf 93' lang='lat' dir='ltr'><strong>in</strong></span> <span class='ocrx_word' id='word_1_705' title='bbox 1563 841 1649 866; x_wconf 79' lang='lat' dir='ltr'><strong>levore</strong></span> <span class='ocrx_word' id='word_1_706' title='bbox 1661 850 1723 866; x_wconf 82' lang='lat' dir='ltr'><strong>con-</strong></span> 
     </span>
     <span class='ocr_line' id='line_1_94' title="bbox 932 880 1012 906; baseline -0.013 0"><span class='ocrx_word' id='word_1_707' title='bbox 932 880 1012 906; x_wconf 85' lang='lat' dir='ltr'><strong>sedit.</strong></span> 
     </span>
    </p>

    <p class='ocr_par' dir='ltr' id='par_1_14' title="bbox 932 914 1730 1174">
     <span class='ocr_line' id='line_1_95' title="bbox 988 914 1726 951; baseline -0.004 -8"><span class='ocrx_word' id='word_1_708' title='bbox 988 917 1058 943; x_wconf 79' lang='lat' dir='ltr'><strong>xlv.</strong></span> <span class='ocrx_word' id='word_1_709' title='bbox 1074 916 1124 942; x_wconf 83' lang='lat' dir='ltr'><strong>Sed</strong></span> <span class='ocrx_word' id='word_1_710' title='bbox 1137 917 1159 942; x_wconf 85' lang='lat' dir='ltr'><strong>si</strong></span> <span class='ocrx_word' id='word_1_711' title='bbox 1172 917 1198 942; x_wconf 94' lang='lat' dir='ltr'><strong>in</strong></span> <span class='ocrx_word' id='word_1_712' title='bbox 1210 915 1352 951; x_wconf 87' lang='lat' dir='ltr'><strong>splendore</strong></span> <span class='ocrx_word' id='word_1_713' title='bbox 1363 914 1495 941; x_wconf 80' lang='lat' dir='ltr'><strong>consedit:</strong></span> <span class='ocrx_word' id='word_1_714' title='bbox 1511 920 1566 940; x_wconf 82' lang='lat' dir='ltr'><strong>tuni</strong></span> <span class='ocrx_word' id='word_1_715' title='bbox 1580 914 1620 940; x_wconf 69' lang='lat' dir='ltr'><strong>vel</strong></span> <span class='ocrx_word' id='word_1_716' title='bbox 1633 915 1726 940; x_wconf 77' lang='lat' dir='ltr'><strong>eadent</strong></span> 
     </span>
     <span class='ocr_line' id='line_1_96' title="bbox 932 950 1727 989; baseline -0.006 -9"><span class='ocrx_word' id='word_1_717' title='bbox 932 955 1037 989; x_wconf 84' lang='lat' dir='ltr'><strong>species</strong></span> <span class='ocrx_word' id='word_1_718' title='bbox 1049 954 1091 980; x_wconf 90' lang='lat' dir='ltr'><strong>vel</strong></span> <span class='ocrx_word' id='word_1_719' title='bbox 1104 954 1238 980; x_wconf 86' lang='lat' dir='ltr'><strong>interdum</strong></span> <span class='ocrx_word' id='word_1_720' title='bbox 1251 954 1388 979; x_wconf 86' lang='lat' dir='ltr'><strong>immutata</strong></span> <span class='ocrx_word' id='word_1_721' title='bbox 1400 950 1670 988; x_wconf 77' lang='lat' dir='ltr'><strong>redditur[omniaqu‹›</strong></span> <span class='ocrx_word' id='word_1_722' title='bbox 1681 954 1727 976; x_wconf 74' lang='lat' dir='ltr'><strong>lm-</strong></span> 
     </span>
     <span class='ocr_line' id='line_1_97' title="bbox 933 988 1727 1024; baseline -0.006 -6"><span class='ocrx_word' id='word_1_723' title='bbox 933 994 1042 1018; x_wconf 74' lang='lat' dir='ltr'><strong>iusmodi</strong></span> <span class='ocrx_word' id='word_1_724' title='bbox 1057 995 1199 1017; x_wconf 70' lang='lat' dir='ltr'><strong>necessario</strong></span> <span class='ocrx_word' id='word_1_725' title='bbox 1214 995 1240 1016; x_wconf 75' lang='lat' dir='ltr'><strong>in</strong></span> <span class='ocrx_word' id='word_1_726' title='bbox 1254 992 1354 1023; x_wconf 76' lang='lat' dir='ltr'><strong>speculo</strong></span> <span class='ocrx_word' id='word_1_727' title='bbox 1371 988 1535 1024; x_wconf 57' lang='lat' dir='ltr'><strong>reseruntur}</strong></span> <span class='ocrx_word' id='word_1_728' title='bbox 1557 998 1641 1023; x_wconf 86' lang='grc'>(11111111</span> <span class='ocrx_word' id='word_1_729' title='bbox 1658 990 1727 1024; x_wconf 73' lang='lat' dir='ltr'><strong>ignis</strong></span> 
     </span>
     <span class='ocr_line' id='line_1_98' title="bbox 932 1026 1728 1063; baseline -0.006 -7"><span class='ocrx_word' id='word_1_730' title='bbox 932 1029 1071 1056; x_wconf 90' lang='lat' dir='ltr'><strong>oculorum</strong></span> <span class='ocrx_word' id='word_1_731' title='bbox 1083 1038 1144 1054; x_wconf 87' lang='lat' dir='ltr'><strong>cum</strong></span> <span class='ocrx_word' id='word_1_732' title='bbox 1156 1037 1187 1054; x_wconf 92' lang='lat' dir='ltr'><strong>eo</strong></span> <span class='ocrx_word' id='word_1_733' title='bbox 1198 1029 1267 1063; x_wconf 78' lang='lat' dir='ltr'><strong>igne.</strong></span> <span class='ocrx_word' id='word_1_734' title='bbox 1281 1028 1328 1062; x_wconf 88' lang='lat' dir='ltr'><strong>qui</strong></span> <span class='ocrx_word' id='word_1_735' title='bbox 1341 1032 1380 1053; x_wconf 85' lang='lat' dir='ltr'><strong>est</strong></span> <span class='ocrx_word' id='word_1_736' title='bbox 1390 1027 1424 1053; x_wconf 95' lang='lat' dir='ltr'><strong>ob</strong></span> <span class='ocrx_word' id='word_1_737' title='bbox 1435 1036 1464 1052; x_wconf 84' lang='lat' dir='ltr'><strong>os</strong></span> <span class='ocrx_word' id='word_1_738' title='bbox 1475 1026 1590 1055; x_wconf 77' lang='lat' dir='ltr'><strong>offusus,</strong></span> <span class='ocrx_word' id='word_1_739' title='bbox 1610 1026 1643 1061; x_wconf 35' lang='lat' dir='ltr'><strong>{in</strong></span> <span class='ocrx_word' id='word_1_740' title='bbox 1657 1035 1682 1051; x_wconf 60' lang='lat' dir='ltr'><strong>re</strong></span> <span class='ocrx_word' id='word_1_741' title='bbox 1694 1028 1728 1051; x_wconf 57' lang='lat' dir='ltr'><strong>Ic-</strong></span> 
     </span>
     <span class='ocr_line' id='line_1_99' title="bbox 933 1063 1729 1102; baseline -0.008 -9"><span class='ocrx_word' id='word_1_742' title='bbox 933 1070 959 1093; x_wconf 83' lang='lat' dir='ltr'><strong>vi</strong></span> <span class='ocrx_word' id='word_1_743' title='bbox 970 1072 992 1092; x_wconf 83' lang='lat' dir='ltr'><strong>et</strong></span> <span class='ocrx_word' id='word_1_744' title='bbox 1003 1065 1156 1102; x_wconf 68' lang='lat' dir='ltr'><strong>splendida]</strong></span> <span class='ocrx_word' id='word_1_745' title='bbox 1174 1074 1202 1091; x_wconf 84' lang='lat' dir='ltr'><strong>se</strong></span> <span class='ocrx_word' id='word_1_746' title='bbox 1216 1065 1350 1094; x_wconf 78' lang='lat' dir='ltr'><strong>confudit,</strong></span> <span class='ocrx_word' id='word_1_747' title='bbox 1374 1070 1399 1090; x_wconf 90' lang='lat' dir='ltr'><strong>et</strong></span> <span class='ocrx_word' id='word_1_748' title='bbox 1413 1063 1534 1089; x_wconf 87' lang='lat' dir='ltr'><strong>contulit.</strong></span> <span class='ocrx_word' id='word_1_749' title='bbox 1576 1064 1668 1089; x_wconf 77' lang='lat' dir='ltr'><strong>Dextra</strong></span> <span class='ocrx_word' id='word_1_750' title='bbox 1682 1072 1729 1088; x_wconf 78' lang='lat' dir='ltr'><strong>au—</strong></span> 
     </span>
     <span class='ocr_line' id='line_1_100' title="bbox 934 1101 1729 1138; baseline -0.008 -7"><span class='ocrx_word' id='word_1_751' title='bbox 934 1109 987 1131; x_wconf 87' lang='lat' dir='ltr'><strong>tem</strong></span> <span class='ocrx_word' id='word_1_752' title='bbox 999 1104 1138 1134; x_wconf 82' lang='lat' dir='ltr'><strong>videntur,</strong></span> <span class='ocrx_word' id='word_1_753' title='bbox 1156 1112 1225 1138; x_wconf 88' lang='lat' dir='ltr'><strong>quae</strong></span> <span class='ocrx_word' id='word_1_754' title='bbox 1243 1103 1316 1128; x_wconf 84' lang='lat' dir='ltr'><strong>laeva</strong></span> <span class='ocrx_word' id='word_1_755' title='bbox 1328 1107 1403 1131; x_wconf 85' lang='lat' dir='ltr'><strong>sunt,</strong></span> <span class='ocrx_word' id='word_1_756' title='bbox 1421 1102 1484 1135; x_wconf 89' lang='lat' dir='ltr'><strong>quia</strong></span> <span class='ocrx_word' id='word_1_757' title='bbox 1497 1101 1635 1126; x_wconf 70' lang='lat' dir='ltr'><strong>contrariis</strong></span> <span class='ocrx_word' id='word_1_758' title='bbox 1648 1102 1729 1134; x_wconf 76' lang='lat' dir='ltr'><strong>parti-</strong></span> 
     </span>
     <span class='ocr_line' id='line_1_101' title="bbox 935 1137 1730 1174; baseline -0.006 -6"><span class='ocrx_word' id='word_1_759' title='bbox 935 1142 985 1168; x_wconf 92' lang='lat' dir='ltr'><strong>bus</strong></span> <span class='ocrx_word' id='word_1_760' title='bbox 1009 1141 1148 1167; x_wconf 87' lang='lat' dir='ltr'><strong>oculorum</strong></span> <span class='ocrx_word' id='word_1_761' title='bbox 1172 1140 1317 1167; x_wconf 82' lang='lat' dir='ltr'><strong>contrarias</strong></span> <span class='ocrx_word' id='word_1_762' title='bbox 1337 1144 1424 1174; x_wconf 88' lang='lat' dir='ltr'><strong>partes</strong></span> <span class='ocrx_word' id='word_1_763' title='bbox 1444 1140 1591 1173; x_wconf 83' lang='lat' dir='ltr'><strong>attingunt,</strong></span> <span class='ocrx_word' id='word_1_764' title='bbox 1616 1137 1730 1173; x_wconf 59' lang='lat' dir='ltr'><strong>[praeter</strong></span> 
     </span>
    </p>
   </div>
   <div class='ocr_carea' id='block_1_12' title="bbox 934 1174 1566 1227">
    <p class='ocr_par' dir='ltr' id='par_1_15' title="bbox 934 1174 1566 1227">
     <span class='ocr_line' id='line_1_102' title="bbox 934 1174 1566 1211; baseline -0.009 -5"><span class='ocrx_word' id='word_1_765' title='bbox 934 1189 1027 1206; x_wconf 83' lang='lat' dir='ltr'><strong>morem</strong></span> <span class='ocrx_word' id='word_1_766' title='bbox 1037 1182 1160 1205; x_wconf 83' lang='lat' dir='ltr'><strong>usitatum</strong></span> <span class='ocrx_word' id='word_1_767' title='bbox 1170 1180 1320 1204; x_wconf 74' lang='lat' dir='ltr'><strong>cutiecttonis</strong></span> <span class='ocrx_word' id='word_1_768' title='bbox 1332 1181 1354 1202; x_wconf 79' lang='lat' dir='ltr'><strong>et</strong></span> <span class='ocrx_word' id='word_1_769' title='bbox 1368 1174 1566 1211; x_wconf 28' lang='lat' dir='ltr'><strong>conunissuraer]</strong></span> 
     </span>
     <span class='ocr_line' id='line_1_103' title="bbox 1239 1214 1427 1227; baseline -0.011 0"><span class='ocrx_word' id='word_1_770' title='bbox 1239 1214 1250 1227; x_wconf 69' lang='lat'>*</span> <span class='ocrx_word' id='word_1_771' title='bbox 1328 1214 1338 1226; x_wconf 61' lang='lat' dir='ltr'>t</span> <span class='ocrx_word' id='word_1_772' title='bbox 1418 1214 1427 1225; x_wconf 66' lang='lat' dir='ltr'>t</span> 
     </span>
    </p>
   </div>
   <div class='ocr_carea' id='block_1_13' title="bbox 905 1248 1731 1288">
    <p class='ocr_par' dir='ltr' id='par_1_16' title="bbox 905 1248 1731 1288">
     <span class='ocr_line' id='line_1_104' title="bbox 905 1248 1731 1288; baseline -0.008 -8"><span class='ocrx_word' id='word_1_773' title='bbox 905 1274 913 1281; x_wconf 66' lang='grc'><strong>,,</strong></span> <span class='ocrx_word' id='word_1_774' title='bbox 935 1253 1107 1288; x_wconf 86' lang='lat' dir='ltr'><strong>Respondent</strong></span> <span class='ocrx_word' id='word_1_775' title='bbox 1122 1257 1211 1279; x_wconf 92' lang='lat' dir='ltr'><strong>autem</strong></span> <span class='ocrx_word' id='word_1_776' title='bbox 1227 1251 1320 1278; x_wconf 82' lang='lat' dir='ltr'><strong>dextra</strong></span> <span class='ocrx_word' id='word_1_777' title='bbox 1336 1250 1452 1280; x_wconf 82' lang='lat' dir='ltr'><strong>dextris,</strong></span> <span class='ocrx_word' id='word_1_778' title='bbox 1475 1249 1548 1275; x_wconf 82' lang='lat' dir='ltr'><strong>laeva</strong></span> <span class='ocrx_word' id='word_1_779' title='bbox 1565 1248 1648 1275; x_wconf 85' lang='lat' dir='ltr'><strong>laevis</strong></span> <span class='ocrx_word' id='word_1_780' title='bbox 1669 1257 1731 1274; x_wconf 81' lang='lat' dir='ltr'><strong>con-</strong></span> 
     </span>
    </p>
   </div>
   <div class='ocr_carea' id='block_1_14' title="bbox 935 1286 1738 2186">
    <p class='ocr_par' dir='ltr' id='par_1_17' title="bbox 935 1286 1738 2186">
     <span class='ocr_line' id='line_1_105' title="bbox 936 1286 1732 1324; baseline -0.01 -6"><span class='ocrx_word' id='word_1_781' title='bbox 936 1292 1058 1318; x_wconf 83' lang='lat' dir='ltr'><strong>versione</strong></span> <span class='ocrx_word' id='word_1_782' title='bbox 1078 1290 1227 1320; x_wconf 89' lang='lat' dir='ltr'><strong>luminum,</strong></span> <span class='ocrx_word' id='word_1_783' title='bbox 1249 1297 1335 1324; x_wconf 89' lang='lat' dir='ltr'><strong>quum</strong></span> <span class='ocrx_word' id='word_1_784' title='bbox 1355 1296 1384 1314; x_wconf 89' lang='lat' dir='ltr'><strong>ea</strong></span> <span class='ocrx_word' id='word_1_785' title='bbox 1407 1288 1474 1313; x_wconf 88' lang='lat' dir='ltr'><strong>inter</strong></span> <span class='ocrx_word' id='word_1_786' title='bbox 1494 1295 1522 1313; x_wconf 91' lang='lat' dir='ltr'><strong>se</strong></span> <span class='ocrx_word' id='word_1_787' title='bbox 1539 1296 1590 1313; x_wconf 90' lang='lat' dir='ltr'><strong>non</strong></span> <span class='ocrx_word' id='word_1_788' title='bbox 1607 1286 1732 1311; x_wconf 78' lang='lat' dir='ltr'><strong>cobaere-</strong></span> 
     </span>
     <span class='ocr_line' id='line_1_106' title="bbox 935 1323 1732 1363; baseline -0.01 -8"><span class='ocrx_word' id='word_1_789' title='bbox 935 1334 1023 1355; x_wconf 88' lang='lat' dir='ltr'><strong>seuut.</strong></span> <span class='ocrx_word' id='word_1_790' title='bbox 1050 1328 1079 1354; x_wconf 90' lang='lat' dir='ltr'><strong>Id</strong></span> <span class='ocrx_word' id='word_1_791' title='bbox 1091 1328 1128 1359; x_wconf 89' lang='lat' dir='ltr'><strong>lit,</strong></span> <span class='ocrx_word' id='word_1_792' title='bbox 1141 1336 1226 1363; x_wconf 90' lang='lat' dir='ltr'><strong>quum</strong></span> <span class='ocrx_word' id='word_1_793' title='bbox 1238 1326 1409 1361; x_wconf 87' lang='lat' dir='ltr'><strong>speculorum</strong></span> <span class='ocrx_word' id='word_1_794' title='bbox 1423 1324 1515 1350; x_wconf 75' lang='lat' dir='ltr'><strong>levitas</strong></span> <span class='ocrx_word' id='word_1_795' title='bbox 1528 1324 1590 1350; x_wconf 83' lang='lat' dir='ltr'><strong>hinc</strong></span> <span class='ocrx_word' id='word_1_796' title='bbox 1603 1323 1732 1357; x_wconf 62' lang='lat' dir='ltr'><strong>illincque</strong></span> 
     </span>
     <span class='ocr_line' id='line_1_107' title="bbox 936 1360 1731 1400; baseline -0.01 -7"><span class='ocrx_word' id='word_1_797' title='bbox 936 1366 1107 1393; x_wconf 83' lang='lat' dir='ltr'><strong>altitudinem</strong></span> <span class='ocrx_word' id='word_1_798' title='bbox 1120 1365 1268 1400; x_wconf 90' lang='lat' dir='ltr'><strong>assumpsit</strong></span> <span class='ocrx_word' id='word_1_799' title='bbox 1278 1369 1303 1390; x_wconf 86' lang='lat' dir='ltr'><strong>et</strong></span> <span class='ocrx_word' id='word_1_800' title='bbox 1315 1364 1348 1390; x_wconf 88' lang='lat' dir='ltr'><strong>ita</strong></span> <span class='ocrx_word' id='word_1_801' title='bbox 1360 1363 1453 1389; x_wconf 84' lang='lat' dir='ltr'><strong>dextra</strong></span> <span class='ocrx_word' id='word_1_802' title='bbox 1464 1361 1577 1387; x_wconf 77' lang='lat' dir='ltr'><strong>detrusit</strong></span> <span class='ocrx_word' id='word_1_803' title='bbox 1590 1361 1615 1386; x_wconf 94' lang='lat' dir='ltr'><strong>in</strong></span> <span class='ocrx_word' id='word_1_804' title='bbox 1629 1360 1731 1386; x_wconf 72' lang='lat' dir='ltr'><strong>laevam</strong></span> 
     </span>
     <span class='ocr_line' id='line_1_108' title="bbox 936 1397 1732 1439; baseline -0.011 -9"><span class='ocrx_word' id='word_1_805' title='bbox 936 1409 1037 1439; x_wconf 88' lang='lat' dir='ltr'><strong>partem</strong></span> <span class='ocrx_word' id='word_1_806' title='bbox 1062 1403 1215 1433; x_wconf 83' lang='lat' dir='ltr'><strong>oculorum,</strong></span> <span class='ocrx_word' id='word_1_807' title='bbox 1249 1401 1377 1435; x_wconf 85' lang='lat' dir='ltr'><strong>laevaque</strong></span> <span class='ocrx_word' id='word_1_808' title='bbox 1404 1401 1431 1426; x_wconf 91' lang='lat' dir='ltr'><strong>in</strong></span> <span class='ocrx_word' id='word_1_809' title='bbox 1456 1399 1587 1425; x_wconf 79' lang='lat' dir='ltr'><strong>dextram.</strong></span> <span class='ocrx_word' id='word_1_810' title='bbox 1629 1397 1732 1431; x_wconf 80' lang='lat' dir='ltr'><strong>Supina</strong></span> 
     </span>
     <span class='ocr_line' id='line_1_109' title="bbox 936 1437 1732 1474; baseline -0.011 -6"><span class='ocrx_word' id='word_1_811' title='bbox 936 1442 1016 1468; x_wconf 85' lang='lat' dir='ltr'><strong>etiam</strong></span> <span class='ocrx_word' id='word_1_812' title='bbox 1027 1450 1071 1467; x_wconf 88' lang='lat' dir='ltr'><strong>ora</strong></span> <span class='ocrx_word' id='word_1_813' title='bbox 1083 1445 1229 1467; x_wconf 90' lang='lat' dir='ltr'><strong>cernuntur</strong></span> <span class='ocrx_word' id='word_1_814' title='bbox 1242 1438 1401 1474; x_wconf 83' lang='lat' dir='ltr'><strong>depulsione</strong></span> <span class='ocrx_word' id='word_1_815' title='bbox 1419 1437 1566 1463; x_wconf 86' lang='lat' dir='ltr'><strong>luminum:</strong></span> <span class='ocrx_word' id='word_1_816' title='bbox 1589 1444 1657 1470; x_wconf 89' lang='lat' dir='ltr'><strong>quae</strong></span> <span class='ocrx_word' id='word_1_817' title='bbox 1669 1444 1732 1460; x_wconf 77' lang='lat' dir='ltr'><strong>con-</strong></span> 
     </span>
     <span class='ocr_line' id='line_1_110' title="bbox 937 1473 1732 1510; baseline -0.011 -5"><span class='ocrx_word' id='word_1_818' title='bbox 937 1484 1043 1505; x_wconf 86' lang='lat' dir='ltr'><strong>vertens</strong></span> <span class='ocrx_word' id='word_1_819' title='bbox 1054 1478 1179 1504; x_wconf 80' lang='lat' dir='ltr'><strong>inferiora</strong></span> <span class='ocrx_word' id='word_1_820' title='bbox 1191 1477 1291 1505; x_wconf 84' lang='lat' dir='ltr'><strong>reddit,</strong></span> <span class='ocrx_word' id='word_1_821' title='bbox 1308 1484 1376 1510; x_wconf 86' lang='lat' dir='ltr'><strong>quae</strong></span> <span class='ocrx_word' id='word_1_822' title='bbox 1387 1479 1449 1500; x_wconf 88' lang='lat' dir='ltr'><strong>sunt</strong></span> <span class='ocrx_word' id='word_1_823' title='bbox 1463 1474 1611 1508; x_wconf 80' lang='lat' dir='ltr'><strong>superiora.</strong></span> <span class='ocrx_word' id='word_1_824' title='bbox 1652 1473 1732 1506; x_wconf 67' lang='grc'>,1111111</span> 
     </span>
     <span class='ocr_line' id='line_1_111' title="bbox 938 1509 1734 1550; baseline -0.011 -7"><span class='ocrx_word' id='word_1_825' title='bbox 938 1517 1002 1543; x_wconf 82' lang='lat' dir='ltr'><strong>haec</strong></span> <span class='ocrx_word' id='word_1_826' title='bbox 1013 1517 1103 1542; x_wconf 89' lang='lat' dir='ltr'><strong>omnia</strong></span> <span class='ocrx_word' id='word_1_827' title='bbox 1115 1525 1149 1542; x_wconf 82' lang='lat' dir='ltr'><strong>ex</strong></span> <span class='ocrx_word' id='word_1_828' title='bbox 1160 1524 1190 1541; x_wconf 89' lang='lat' dir='ltr'><strong>eo</strong></span> <span class='ocrx_word' id='word_1_829' title='bbox 1205 1522 1302 1550; x_wconf 78' lang='lat' dir='ltr'><strong>genere</strong></span> <span class='ocrx_word' id='word_1_830' title='bbox 1318 1518 1393 1541; x_wconf 83' lang='lat' dir='ltr'><strong>sunt,</strong></span> <span class='ocrx_word' id='word_1_831' title='bbox 1417 1520 1485 1546; x_wconf 90' lang='lat' dir='ltr'><strong>quae</strong></span> <span class='ocrx_word' id='word_1_832' title='bbox 1502 1519 1589 1536; x_wconf 85' lang='lat' dir='ltr'><strong>rerum</strong></span> <span class='ocrx_word' id='word_1_833' title='bbox 1605 1509 1734 1536; x_wconf 65' lang='lat' dir='ltr'><strong>adiuvant</strong></span> 
     </span>
     <span class='ocr_line' id='line_1_112' title="bbox 937 1547 1733 1585; baseline -0.01 -5"><span class='ocrx_word' id='word_1_834' title='bbox 937 1563 1056 1580; x_wconf 86' lang='lat' dir='ltr'><strong>caussas.</strong></span> <span class='ocrx_word' id='word_1_835' title='bbox 1096 1553 1202 1585; x_wconf 85' lang='lat' dir='ltr'><strong>Quibus</strong></span> <span class='ocrx_word' id='word_1_836' title='bbox 1214 1553 1297 1578; x_wconf 89' lang='lat' dir='ltr'><strong>utitur</strong></span> <span class='ocrx_word' id='word_1_837' title='bbox 1309 1551 1466 1576; x_wconf 82' lang='lat' dir='ltr'><strong>ministeriis</strong></span> <span class='ocrx_word' id='word_1_838' title='bbox 1477 1548 1554 1577; x_wconf 86' lang='lat' dir='ltr'><strong>deus,</strong></span> <span class='ocrx_word' id='word_1_839' title='bbox 1567 1556 1651 1582; x_wconf 85' lang='lat' dir='ltr'><strong>quum</strong></span> <span class='ocrx_word' id='word_1_840' title='bbox 1663 1547 1733 1580; x_wconf 76' lang='lat' dir='ltr'><strong>opti—</strong></span> 
     </span>
     <span class='ocr_line' id='line_1_113' title="bbox 937 1584 1734 1626; baseline -0.013 -8"><span class='ocrx_word' id='word_1_841' title='bbox 937 1593 975 1618; x_wconf 91' lang='lat' dir='ltr'><strong>mi</strong></span> <span class='ocrx_word' id='word_1_842' title='bbox 990 1592 1124 1626; x_wconf 81' lang='lat' dir='ltr'><strong>speciem,</strong></span> <span class='ocrx_word' id='word_1_843' title='bbox 1146 1589 1234 1626; x_wconf 90' lang='lat' dir='ltr'><strong>quoad</strong></span> <span class='ocrx_word' id='word_1_844' title='bbox 1251 1589 1307 1615; x_wconf 78' lang='lat' dir='ltr'><strong>lieri</strong></span> <span class='ocrx_word' id='word_1_845' title='bbox 1324 1592 1422 1622; x_wconf 77' lang='lat' dir='ltr'><strong>potest,</strong></span> <span class='ocrx_word' id='word_1_846' title='bbox 1441 1586 1533 1612; x_wconf 74' lang='lat' dir='ltr'><strong>eflicit.</strong></span> <span class='ocrx_word' id='word_1_847' title='bbox 1573 1584 1624 1610; x_wconf 69' lang='lat' dir='ltr'><strong>Sed</strong></span> <span class='ocrx_word' id='word_1_848' title='bbox 1639 1584 1734 1609; x_wconf 77' lang='lat' dir='ltr'><strong>existi—</strong></span> 
     </span>
     <span class='ocr_line' id='line_1_114' title="bbox 938 1621 1733 1663; baseline -0.014 -7"><span class='ocrx_word' id='word_1_849' title='bbox 938 1634 1011 1655; x_wconf 88' lang='lat' dir='ltr'><strong>mant</strong></span> <span class='ocrx_word' id='word_1_850' title='bbox 1022 1629 1158 1663; x_wconf 83' lang='lat' dir='ltr'><strong>plerique,</strong></span> <span class='ocrx_word' id='word_1_851' title='bbox 1182 1636 1232 1654; x_wconf 87' lang='lat' dir='ltr'><strong>non</strong></span> <span class='ocrx_word' id='word_1_852' title='bbox 1245 1627 1310 1652; x_wconf 81' lang='lat' dir='ltr'><strong>haec</strong></span> <span class='ocrx_word' id='word_1_853' title='bbox 1325 1624 1479 1651; x_wconf 81' lang='lat' dir='ltr'><strong>adiuvantia</strong></span> <span class='ocrx_word' id='word_1_854' title='bbox 1494 1630 1664 1649; x_wconf 78' lang='lat' dir='ltr'><strong>caussarum.</strong></span> <span class='ocrx_word' id='word_1_855' title='bbox 1687 1621 1733 1646; x_wconf 76' lang='lat' dir='ltr'><strong>sed</strong></span> 
     </span>
     <span class='ocr_line' id='line_1_115' title="bbox 938 1658 1734 1701; baseline -0.014 -8"><span class='ocrx_word' id='word_1_856' title='bbox 938 1667 986 1693; x_wconf 82' lang='lat' dir='ltr'><strong>lias</strong></span> <span class='ocrx_word' id='word_1_857' title='bbox 997 1667 1070 1701; x_wconf 85' lang='lat' dir='ltr'><strong>ipsas</strong></span> <span class='ocrx_word' id='word_1_858' title='bbox 1081 1675 1139 1691; x_wconf 76' lang='lat' dir='ltr'><strong>esse</strong></span> <span class='ocrx_word' id='word_1_859' title='bbox 1150 1665 1272 1691; x_wconf 87' lang='lat' dir='ltr'><strong>omnium</strong></span> <span class='ocrx_word' id='word_1_860' title='bbox 1284 1672 1402 1689; x_wconf 77' lang='lat' dir='ltr'><strong>caussas.</strong></span> <span class='ocrx_word' id='word_1_861' title='bbox 1413 1670 1481 1696; x_wconf 85' lang='lat' dir='ltr'><strong>quae</strong></span> <span class='ocrx_word' id='word_1_862' title='bbox 1494 1662 1548 1686; x_wconf 79' lang='lat' dir='ltr'><strong>vim</strong></span> <span class='ocrx_word' id='word_1_863' title='bbox 1562 1659 1675 1685; x_wconf 80' lang='lat' dir='ltr'><strong>babeant</strong></span> <span class='ocrx_word' id='word_1_864' title='bbox 1688 1658 1734 1683; x_wconf 82' lang='lat' dir='ltr'><strong>sri-</strong></span> 
     </span>
     <span class='ocr_line' id='line_1_116' title="bbox 937 1699 1734 1740; baseline -0.014 -9"><span class='ocrx_word' id='word_1_865' title='bbox 937 1705 1010 1740; x_wconf 83' lang='lat' dir='ltr'><strong>goris</strong></span> <span class='ocrx_word' id='word_1_866' title='bbox 1021 1709 1046 1730; x_wconf 81' lang='lat' dir='ltr'><strong>et</strong></span> <span class='ocrx_word' id='word_1_867' title='bbox 1057 1703 1161 1733; x_wconf 80' lang='lat' dir='ltr'><strong>caloris,</strong></span> <span class='ocrx_word' id='word_1_868' title='bbox 1175 1701 1352 1728; x_wconf 77' lang='lat' dir='ltr'><strong>concretionis</strong></span> <span class='ocrx_word' id='word_1_869' title='bbox 1364 1705 1388 1725; x_wconf 87' lang='lat' dir='ltr'><strong>et</strong></span> <span class='ocrx_word' id='word_1_870' title='bbox 1399 1699 1520 1734; x_wconf 86' lang='lat' dir='ltr'><strong>liquoris,</strong></span> <span class='ocrx_word' id='word_1_871' title='bbox 1529 1702 1633 1723; x_wconf 75' lang='lat' dir='ltr'><strong>careant</strong></span> <span class='ocrx_word' id='word_1_872' title='bbox 1646 1701 1734 1721; x_wconf 75' lang='lat' dir='ltr'><strong>autem</strong></span> 
     </span>
     <span class='ocr_line' id='line_1_117' title="bbox 938 1734 1733 1776; baseline -0.013 -8"><span class='ocrx_word' id='word_1_873' title='bbox 938 1742 1011 1768; x_wconf 88' lang='lat' dir='ltr'><strong>omni</strong></span> <span class='ocrx_word' id='word_1_874' title='bbox 1025 1741 1201 1776; x_wconf 74' lang='lat' dir='ltr'><strong>intelligentia</strong></span> <span class='ocrx_word' id='word_1_875' title='bbox 1213 1745 1293 1774; x_wconf 86' lang='lat' dir='ltr'><strong>atque</strong></span> <span class='ocrx_word' id='word_1_876' title='bbox 1306 1738 1419 1767; x_wconf 84' lang='lat' dir='ltr'><strong>ratione,</strong></span> <span class='ocrx_word' id='word_1_877' title='bbox 1433 1744 1514 1770; x_wconf 79' lang='lat' dir='ltr'><strong>quae.</strong></span> <span class='ocrx_word' id='word_1_878' title='bbox 1530 1735 1581 1760; x_wconf 76' lang='lat' dir='ltr'><strong>nisi</strong></span> <span class='ocrx_word' id='word_1_879' title='bbox 1596 1735 1621 1760; x_wconf 93' lang='grc'><strong>111</strong></span> <span class='ocrx_word' id='word_1_880' title='bbox 1635 1734 1733 1759; x_wconf 82' lang='lat' dir='ltr'><strong>animo.</strong></span> 
     </span>
     <span class='ocr_line' id='line_1_118' title="bbox 939 1774 1735 1811; baseline -0.014 -6"><span class='ocrx_word' id='word_1_881' title='bbox 939 1779 1013 1805; x_wconf 86' lang='lat' dir='ltr'><strong>nulla</strong></span> <span class='ocrx_word' id='word_1_882' title='bbox 1024 1778 1074 1805; x_wconf 91' lang='lat' dir='ltr'><strong>alia</strong></span> <span class='ocrx_word' id='word_1_883' title='bbox 1087 1779 1112 1804; x_wconf 90' lang='lat' dir='ltr'><strong>in</strong></span> <span class='ocrx_word' id='word_1_884' title='bbox 1129 1783 1221 1804; x_wconf 89' lang='lat' dir='ltr'><strong>natura</strong></span> <span class='ocrx_word' id='word_1_885' title='bbox 1234 1776 1409 1811; x_wconf 72' lang='lat' dir='ltr'><strong>reperiantur.</strong></span> <span class='ocrx_word' id='word_1_886' title='bbox 1446 1774 1560 1799; x_wconf 71' lang='lat' dir='ltr'><strong>Animus</strong></span> <span class='ocrx_word' id='word_1_887' title='bbox 1575 1777 1662 1797; x_wconf 82' lang='lat' dir='ltr'><strong>autem</strong></span> <span class='ocrx_word' id='word_1_888' title='bbox 1675 1779 1735 1795; x_wconf 71' lang='lat' dir='ltr'><strong>sen—</strong></span> 
     </span>
     <span class='ocr_line' id='line_1_119' title="bbox 939 1810 1736 1850; baseline -0.015 -7"><span class='ocrx_word' id='word_1_889' title='bbox 939 1826 1000 1843; x_wconf 88' lang='lat' dir='ltr'><strong>sum</strong></span> <span class='ocrx_word' id='word_1_890' title='bbox 1020 1825 1127 1842; x_wconf 88' lang='lat' dir='ltr'><strong>omnem</strong></span> <span class='ocrx_word' id='word_1_891' title='bbox 1149 1814 1243 1850; x_wconf 85' lang='lat' dir='ltr'><strong>elIugit</strong></span> <span class='ocrx_word' id='word_1_892' title='bbox 1258 1812 1409 1840; x_wconf 72' lang='lat' dir='ltr'><strong>oculorum.</strong></span> <span class='ocrx_word' id='word_1_893' title='bbox 1451 1811 1483 1836; x_wconf 75' lang='lat' dir='ltr'><strong>At</strong></span> <span class='ocrx_word' id='word_1_894' title='bbox 1502 1810 1572 1845; x_wconf 83' lang='lat' dir='ltr'><strong>ignis</strong></span> <span class='ocrx_word' id='word_1_895' title='bbox 1589 1814 1612 1834; x_wconf 80' lang='grc'><strong>1-1</strong></span> <span class='ocrx_word' id='word_1_896' title='bbox 1628 1816 1695 1842; x_wconf 78' lang='lat' dir='ltr'><strong>aqua</strong></span> <span class='ocrx_word' id='word_1_897' title='bbox 1712 1813 1736 1831; x_wconf 86' lang='lat' dir='ltr'><strong>et</strong></span> 
     </span>
     <span class='ocr_line' id='line_1_120' title="bbox 940 1845 1737 1887; baseline -0.015 -6"><span class='ocrx_word' id='word_1_898' title='bbox 940 1859 1007 1881; x_wconf 88' lang='lat' dir='ltr'><strong>terra</strong></span> <span class='ocrx_word' id='word_1_899' title='bbox 1018 1858 1044 1880; x_wconf 87' lang='lat' dir='ltr'><strong>et</strong></span> <span class='ocrx_word' id='word_1_900' title='bbox 1054 1862 1098 1879; x_wconf 85' lang='lat' dir='ltr'><strong>aer</strong></span> <span class='ocrx_word' id='word_1_901' title='bbox 1109 1861 1217 1887; x_wconf 79' lang='lat' dir='ltr'><strong>corpora</strong></span> <span class='ocrx_word' id='word_1_902' title='bbox 1229 1856 1301 1880; x_wconf 78' lang='lat' dir='ltr'><strong>sunt,</strong></span> <span class='ocrx_word' id='word_1_903' title='bbox 1315 1858 1399 1884; x_wconf 84' lang='lat' dir='ltr'><strong>eaque</strong></span> <span class='ocrx_word' id='word_1_904' title='bbox 1411 1852 1566 1874; x_wconf 86' lang='lat' dir='ltr'><strong>cernuntur.</strong></span> <span class='ocrx_word' id='word_1_905' title='bbox 1599 1845 1676 1871; x_wconf 87' lang='lat' dir='ltr'><strong>Illum</strong></span> <span class='ocrx_word' id='word_1_906' title='bbox 1689 1853 1737 1870; x_wconf 84' lang='lat' dir='ltr'><strong>au-</strong></span> 
     </span>
     <span class='ocr_line' id='line_1_121' title="bbox 941 1887 1738 1926; baseline -0.016 -8"><span class='ocrx_word' id='word_1_907' title='bbox 941 1896 1002 1921; x_wconf 81' lang='lat' dir='ltr'><strong>tem.</strong></span> <span class='ocrx_word' id='word_1_908' title='bbox 1011 1891 1059 1926; x_wconf 86' lang='lat' dir='ltr'><strong>qui</strong></span> <span class='ocrx_word' id='word_1_909' title='bbox 1075 1890 1266 1925; x_wconf 70' lang='lat' dir='ltr'><strong>intelligentiae</strong></span> <span class='ocrx_word' id='word_1_910' title='bbox 1278 1887 1479 1922; x_wconf 79' lang='lat' dir='ltr'><strong>sapientiaeque</strong></span> <span class='ocrx_word' id='word_1_911' title='bbox 1490 1894 1517 1910; x_wconf 77' lang='lat' dir='ltr'><strong>se</strong></span> <span class='ocrx_word' id='word_1_912' title='bbox 1525 1888 1668 1909; x_wconf 83' lang='lat' dir='ltr'><strong>amatorem</strong></span> <span class='ocrx_word' id='word_1_913' title='bbox 1677 1890 1738 1916; x_wconf 79' lang='grc'>11111-</span> 
     </span>
     <span class='ocr_line' id='line_1_122' title="bbox 941 1922 1737 1960; baseline -0.015 -5"><span class='ocrx_word' id='word_1_914' title='bbox 941 1929 1042 1958; x_wconf 79' lang='lat' dir='ltr'><strong>litetur,</strong></span> <span class='ocrx_word' id='word_1_915' title='bbox 1065 1937 1174 1954; x_wconf 75' lang='lat' dir='ltr'><strong>necesse</strong></span> <span class='ocrx_word' id='word_1_916' title='bbox 1191 1932 1230 1953; x_wconf 82' lang='lat' dir='ltr'><strong>est</strong></span> <span class='ocrx_word' id='word_1_917' title='bbox 1245 1925 1420 1960; x_wconf 82' lang='lat' dir='ltr'><strong>intelligentis</strong></span> <span class='ocrx_word' id='word_1_918' title='bbox 1432 1922 1616 1956; x_wconf 70' lang='lat' dir='ltr'><strong>sapientisque</strong></span> <span class='ocrx_word' id='word_1_919' title='bbox 1629 1924 1737 1945; x_wconf 82' lang='lat' dir='ltr'><strong>naturae</strong></span> 
     </span>
     <span class='ocr_line' id='line_1_123' title="bbox 941 1958 1738 2001; baseline -0.016 -8"><span class='ocrx_word' id='word_1_920' title='bbox 941 1967 1042 2001; x_wconf 87' lang='lat' dir='ltr'><strong>primas</strong></span> <span class='ocrx_word' id='word_1_921' title='bbox 1053 1974 1163 1991; x_wconf 76' lang='lat' dir='ltr'><strong>caussas</strong></span> <span class='ocrx_word' id='word_1_922' title='bbox 1174 1964 1345 1998; x_wconf 80' lang='lat' dir='ltr'><strong>conquirere:</strong></span> <span class='ocrx_word' id='word_1_923' title='bbox 1369 1960 1467 1986; x_wconf 80' lang='lat' dir='ltr'><strong>deinde</strong></span> <span class='ocrx_word' id='word_1_924' title='bbox 1481 1958 1613 1985; x_wconf 72' lang='lat' dir='ltr'><strong>secundas</strong></span> <span class='ocrx_word' id='word_1_925' title='bbox 1629 1966 1738 1982; x_wconf 54' lang='lat' dir='ltr'><strong>:antiss-*is</strong></span> 
     </span>
     <span class='ocr_line' id='line_1_124' title="bbox 941 1995 1736 2036; baseline -0.016 -6"><span class='ocrx_word' id='word_1_926' title='bbox 941 2012 1030 2030; x_wconf 78' lang='lat' dir='ltr'><strong>rernm</strong></span> <span class='ocrx_word' id='word_1_927' title='bbox 1047 2012 1153 2031; x_wconf 82' lang='lat' dir='ltr'><strong>earum,</strong></span> <span class='ocrx_word' id='word_1_928' title='bbox 1171 2010 1240 2036; x_wconf 81' lang='lat' dir='ltr'><strong>(piae</strong></span> <span class='ocrx_word' id='word_1_929' title='bbox 1257 2000 1408 2027; x_wconf 75' lang='lat' dir='ltr'><strong>necessario</strong></span> <span class='ocrx_word' id='word_1_930' title='bbox 1419 2002 1525 2023; x_wconf 77' lang='lat' dir='ltr'><strong>movent</strong></span> <span class='ocrx_word' id='word_1_931' title='bbox 1538 1995 1612 2022; x_wconf 77' lang='lat' dir='ltr'><strong>alias.</strong></span> <span class='ocrx_word' id='word_1_932' title='bbox 1632 1995 1736 2029; x_wconf 67' lang='lat' dir='ltr'><strong>lqttuinj</strong></span> 
     </span>
     <span class='ocr_line' id='line_1_125' title="bbox 942 2033 1738 2075; baseline -0.015 -8"><span class='ocrx_word' id='word_1_933' title='bbox 942 2042 1015 2075; x_wconf 81' lang='lat' dir='ltr'><strong>ipsae</strong></span> <span class='ocrx_word' id='word_1_934' title='bbox 1037 2041 1070 2066; x_wconf 87' lang='lat' dir='ltr'><strong>ab</strong></span> <span class='ocrx_word' id='word_1_935' title='bbox 1089 2040 1150 2065; x_wconf 81' lang='lat' dir='ltr'><strong>aliis</strong></span> <span class='ocrx_word' id='word_1_936' title='bbox 1172 2042 1320 2064; x_wconf 86' lang='lat' dir='ltr'><strong>moventur.</strong></span> <span class='ocrx_word' id='word_1_937' title='bbox 1360 2036 1488 2068; x_wconf 74' lang='lat' dir='ltr'><strong>Quocirca</strong></span> <span class='ocrx_word' id='word_1_938' title='bbox 1512 2033 1588 2059; x_wconf 77' lang='lat' dir='ltr'><strong>nobis</strong></span> <span class='ocrx_word' id='word_1_939' title='bbox 1606 2033 1644 2057; x_wconf 71' lang='lat' dir='ltr'><strong>si«-</strong></span> <span class='ocrx_word' id='word_1_940' title='bbox 1659 2040 1738 2056; x_wconf 67' lang='lat' dir='ltr'><strong>vernn</strong></span> 
     </span>
     <span class='ocr_line' id='line_1_126' title="bbox 941 2069 1738 2108; baseline -0.015 -4"><span class='ocrx_word' id='word_1_941' title='bbox 941 2087 1000 2104; x_wconf 79' lang='lat' dir='ltr'><strong>csse</strong></span> <span class='ocrx_word' id='word_1_942' title='bbox 1016 2077 1184 2106; x_wconf 83' lang='lat' dir='ltr'><strong>faciendum,</strong></span> <span class='ocrx_word' id='word_1_943' title='bbox 1207 2081 1236 2102; x_wconf 90' lang='lat' dir='ltr'><strong>ut</strong></span> <span class='ocrx_word' id='word_1_944' title='bbox 1251 2075 1284 2101; x_wconf 85' lang='lat' dir='ltr'><strong>de</strong></span> <span class='ocrx_word' id='word_1_945' title='bbox 1301 2079 1414 2108; x_wconf 80' lang='lat' dir='ltr'><strong>utroque</strong></span> <span class='ocrx_word' id='word_1_946' title='bbox 1432 2081 1479 2098; x_wconf 81' lang='lat' dir='ltr'><strong>nos</strong></span> <span class='ocrx_word' id='word_1_947' title='bbox 1494 2070 1604 2105; x_wconf 86' lang='lat' dir='ltr'><strong>quidem</strong></span> <span class='ocrx_word' id='word_1_948' title='bbox 1617 2069 1738 2094; x_wconf 56' lang='lat' dir='ltr'><strong>‹lauimus-</strong></span> 
     </span>
     <span class='ocr_line' id='line_1_127' title="bbox 940 2109 1737 2150; baseline -0.015 -9"><span class='ocrx_word' id='word_1_949' title='bbox 940 2123 1038 2150; x_wconf 73' lang='lat' dir='ltr'><strong>gencre</strong></span> <span class='ocrx_word' id='word_1_950' title='bbox 1049 2122 1216 2143; x_wconf 83' lang='lat' dir='ltr'><strong>caussarum,</strong></span> <span class='ocrx_word' id='word_1_951' title='bbox 1229 2112 1373 2147; x_wconf 83' lang='lat' dir='ltr'><strong>separatim</strong></span> <span class='ocrx_word' id='word_1_952' title='bbox 1388 2115 1476 2136; x_wconf 88' lang='lat' dir='ltr'><strong>autem</strong></span> <span class='ocrx_word' id='word_1_953' title='bbox 1489 2109 1521 2134; x_wconf 84' lang='lat' dir='ltr'><strong>de</strong></span> <span class='ocrx_word' id='word_1_954' title='bbox 1535 2109 1579 2135; x_wconf 77' lang='lat' dir='ltr'><strong>iis.</strong></span> <span class='ocrx_word' id='word_1_955' title='bbox 1597 2115 1666 2141; x_wconf 74' lang='lat' dir='ltr'><strong>quae</strong></span> <span class='ocrx_word' id='word_1_956' title='bbox 1677 2114 1737 2131; x_wconf 82' lang='grc'>1-11111</span> 
     </span>
     <span class='ocr_line' id='line_1_128' title="bbox 942 2145 1737 2186; baseline -0.014 -8"><span class='ocrx_word' id='word_1_957' title='bbox 942 2145 1118 2186; x_wconf 80' lang='lat' dir='ltr'><strong>intelligentia</strong></span> <span class='ocrx_word' id='word_1_958' title='bbox 1134 2155 1197 2176; x_wconf 81' lang='lat' dir='ltr'><strong>sunt</strong></span> <span class='ocrx_word' id='word_1_959' title='bbox 1217 2149 1364 2175; x_wconf 69' lang='lat' dir='ltr'><strong>el‘lirientes</strong></span> <span class='ocrx_word' id='word_1_960' title='bbox 1386 2147 1627 2182; x_wconf 71' lang='lat' dir='ltr'><strong>puchwrrimarum</strong></span> <span class='ocrx_word' id='word_1_961' title='bbox 1651 2151 1737 2168; x_wconf 71' lang='lat' dir='ltr'><strong>reruni</strong></span> 
     </span>
    </p>
   </div>
   <div class='ocr_carea' id='block_1_15' title="bbox 941 2179 1737 2243">
    <p class='ocr_par' dir='ltr' id='par_1_18' title="bbox 941 2179 1737 2243">
     <span class='ocr_line' id='line_1_129' title="bbox 941 2179 1737 2243; baseline -0.016 -27"><span class='ocrx_word' id='word_1_962' title='bbox 941 2195 1020 2224; x_wconf 87' lang='lat' dir='ltr'><strong>atque</strong></span> <span class='ocrx_word' id='word_1_963' title='bbox 1032 2189 1210 2223; x_wconf 86' lang='lat' dir='ltr'><strong>optimarum:</strong></span> <span class='ocrx_word' id='word_1_964' title='bbox 1234 2192 1258 2212; x_wconf 92' lang='lat' dir='ltr'><strong>et</strong></span> <span class='ocrx_word' id='word_1_965' title='bbox 1270 2186 1302 2211; x_wconf 85' lang='lat' dir='ltr'><strong>de</strong></span> <span class='ocrx_word' id='word_1_966' title='bbox 1316 2186 1362 2214; x_wconf 78' lang='lat' dir='ltr'><strong>iis,</strong></span> <span class='ocrx_word' id='word_1_967' title='bbox 1379 2193 1462 2219; x_wconf 81' lang='lat' dir='ltr'><strong>quae.</strong></span> <span class='ocrx_word' id='word_1_968' title='bbox 1483 2187 1604 2243; x_wconf 53' lang='lat' dir='ltr'><strong>inu-ante:</strong></span> <span class='ocrx_word' id='word_1_969' title='bbox 1621 2179 1737 2242; x_wconf 64' lang='lat' dir='ltr'><strong>ppulen-</strong></span> 
     </span>
     <span class='ocr_line' id='line_1_130' title="bbox 1585 2225 1737 2243; baseline -0.013 0"><span class='ocrx_word' id='word_1_970' title='bbox 1585 2234 1589 2243; x_wconf 71' lang='lat'><em>;</em></span> <span class='ocrx_word' id='word_1_971' title='bbox 1606 2227 1619 2242; x_wconf 66' lang='lat'><strong>(¹</strong></span> <span class='ocrx_word' id='word_1_972' title='bbox 1631 2228 1637 2242; x_wconf 85' lang='lat' dir='ltr'><strong>t</strong></span> <span class='ocrx_word' id='word_1_973' title='bbox 1650 2226 1663 2241; x_wconf 70' lang='lat' dir='ltr'><strong>t*</strong></span> <span class='ocrx_word' id='word_1_974' title='bbox 1674 2225 1737 2241; x_wconf 66' lang='lat' dir='ltr'><strong>Usu*</strong></span> 
     </span>
    </p>
   </div>
   <div class='ocr_carea' id='block_1_16' title="bbox 942 2292 1739 2631">
    <p class='ocr_par' dir='ltr' id='par_1_19' title="bbox 942 2292 1739 2631">
     <span class='ocr_line' id='line_1_131' title="bbox 943 2292 1739 2329; baseline -0.016 -2"><span class='ocrx_word' id='word_1_975' title='bbox 943 2310 1013 2327; x_wconf 72' lang='lat' dir='ltr'><strong>nnnc</strong></span> <span class='ocrx_word' id='word_1_976' title='bbox 1027 2300 1123 2326; x_wconf 77' lang='lat' dir='ltr'><strong>liabent</strong></span> <span class='ocrx_word' id='word_1_977' title='bbox 1134 2321 1139 2329; x_wconf 85' lang='lat'><strong>,</strong></span> <span class='ocrx_word' id='word_1_978' title='bbox 1152 2300 1217 2324; x_wconf 75' lang='lat' dir='ltr'><strong>snus</strong></span> <span class='ocrx_word' id='word_1_979' title='bbox 1230 2298 1312 2323; x_wconf 77' lang='lat' dir='ltr'><strong>ferme</strong></span> <span class='ocrx_word' id='word_1_980' title='bbox 1324 2305 1383 2322; x_wconf 80' lang='lat' dir='ltr'><strong>esse</strong></span> <span class='ocrx_word' id='word_1_981' title='bbox 1395 2295 1496 2321; x_wconf 71' lang='lat' dir='ltr'><strong>dictum</strong></span> <span class='ocrx_word' id='word_1_982' title='bbox 1510 2299 1581 2328; x_wconf 82' lang='grc'>1111111.</span> <span class='ocrx_word' id='word_1_983' title='bbox 1625 2292 1739 2316; x_wconf 71' lang='lat' dir='ltr'><strong>Maxima</strong></span> 
     </span>
     <span class='ocr_line' id='line_1_132' title="bbox 942 2328 1738 2365; baseline -0.018 0"><span class='ocrx_word' id='word_1_984' title='bbox 942 2343 1030 2365; x_wconf 84' lang='lat' dir='ltr'><strong>autem</strong></span> <span class='ocrx_word' id='word_1_985' title='bbox 1049 2346 1140 2363; x_wconf 84' lang='lat' dir='ltr'><strong>eorum</strong></span> <span class='ocrx_word' id='word_1_986' title='bbox 1159 2336 1260 2362; x_wconf 73' lang='lat' dir='ltr'><strong>utilitas</strong></span> <span class='ocrx_word' id='word_1_987' title='bbox 1276 2335 1371 2360; x_wconf 79' lang='lat' dir='ltr'><strong>donata</strong></span> <span class='ocrx_word' id='word_1_988' title='bbox 1389 2333 1506 2359; x_wconf 81' lang='lat' dir='ltr'><strong>humano</strong></span> <span class='ocrx_word' id='word_1_989' title='bbox 1521 2330 1612 2364; x_wconf 67' lang='lat' dir='ltr'><strong>generi</strong></span> <span class='ocrx_word' id='word_1_990' title='bbox 1628 2328 1738 2353; x_wconf 72' lang='lat' dir='ltr'><strong>‹lt-orum</strong></span> 
     </span>
     <span class='ocr_line' id='line_1_133' title="bbox 944 2368 1739 2408; baseline -0.016 -6"><span class='ocrx_word' id='word_1_991' title='bbox 944 2384 1053 2402; x_wconf 82' lang='lat' dir='ltr'><strong>munere</strong></span> <span class='ocrx_word' id='word_1_992' title='bbox 1069 2375 1198 2408; x_wconf 73' lang='lat' dir='ltr'><strong>deinceps</strong></span> <span class='ocrx_word' id='word_1_993' title='bbox 1214 2372 1372 2407; x_wconf 70' lang='lat' dir='ltr'><strong>explicetur.</strong></span> <span class='ocrx_word' id='word_1_994' title='bbox 1416 2371 1511 2395; x_wconf 74' lang='lat' dir='ltr'><strong>Iterum</strong></span> <span class='ocrx_word' id='word_1_995' title='bbox 1533 2368 1604 2392; x_wconf 81' lang='lat' dir='ltr'><strong>euim</strong></span> <span class='ocrx_word' id='word_1_996' title='bbox 1625 2371 1739 2399; x_wconf 76' lang='lat' dir='ltr'><strong>‹quinia-</strong></span> 
     </span>
     <span class='ocr_line' id='line_1_134' title="bbox 944 2402 1737 2443; baseline -0.014 -4"><span class='ocrx_word' id='word_1_997' title='bbox 944 2422 1002 2440; x_wconf 81' lang='lat' dir='ltr'><strong>rutn</strong></span> <span class='ocrx_word' id='word_1_998' title='bbox 1019 2412 1187 2443; x_wconf 58' lang='lat' dir='ltr'><strong>cognitiones</strong></span> <span class='ocrx_word' id='word_1_999' title='bbox 1204 2410 1280 2436; x_wconf 78' lang='lat' dir='ltr'><strong>nobis</strong></span> <span class='ocrx_word' id='word_1_1000' title='bbox 1297 2407 1368 2434; x_wconf 76' lang='lat' dir='ltr'><strong>oetdi</strong></span> <span class='ocrx_word' id='word_1_1001' title='bbox 1385 2406 1539 2434; x_wconf 77' lang='lat' dir='ltr'><strong>attulerunt.</strong></span> <span class='ocrx_word' id='word_1_1002' title='bbox 1583 2404 1647 2429; x_wconf 71' lang='lat' dir='ltr'><strong>Natu</strong></span> <span class='ocrx_word' id='word_1_1003' title='bbox 1664 2402 1737 2428; x_wconf 66' lang='lat' dir='ltr'><strong>liat-c.</strong></span> 
     </span>
     <span class='ocr_line' id='line_1_135' title="bbox 942 2439 1739 2485; baseline -0.014 -10"><span class='ocrx_word' id='word_1_1004' title='bbox 942 2459 1012 2485; x_wconf 85' lang='lat' dir='ltr'><strong>quae</strong></span> <span class='ocrx_word' id='word_1_1005' title='bbox 1024 2440 1063 2476; x_wconf 66' lang='lat' dir='ltr'><strong>osi</strong></span> <span class='ocrx_word' id='word_1_1006' title='bbox 1079 2449 1167 2475; x_wconf 80' lang='grc'>1111111111</span> <span class='ocrx_word' id='word_1_1007' title='bbox 1184 2448 1217 2473; x_wconf 77' lang='lat' dir='ltr'><strong>de</strong></span> <span class='ocrx_word' id='word_1_1008' title='bbox 1230 2446 1407 2472; x_wconf 71' lang='lat' dir='ltr'><strong>Universitate</strong></span> <span class='ocrx_word' id='word_1_1009' title='bbox 1423 2448 1506 2469; x_wconf 80' lang='lat' dir='ltr'><strong>oratio</strong></span> <span class='ocrx_word' id='word_1_1010' title='bbox 1522 2450 1535 2467; x_wconf 87' lang='lat' dir='ltr'><strong>a</strong></span> <span class='ocrx_word' id='word_1_1011' title='bbox 1553 2440 1644 2467; x_wconf 74' lang='lat' dir='ltr'><strong>nobis.</strong></span> <span class='ocrx_word' id='word_1_1012' title='bbox 1669 2439 1739 2465; x_wconf 81' lang='grc'>11111111</span> 
     </span>
     <span class='ocr_line' id='line_1_136' title="bbox 944 2476 1738 2522; baseline -0.015 -9"><span class='ocrx_word' id='word_1_1013' title='bbox 944 2496 1072 2522; x_wconf 81' lang='lat' dir='ltr'><strong>uniquam</strong></span> <span class='ocrx_word' id='word_1_1014' title='bbox 1084 2491 1154 2512; x_wconf 68' lang='lat' dir='ltr'><strong>esset</strong></span> <span class='ocrx_word' id='word_1_1015' title='bbox 1168 2486 1288 2512; x_wconf 72' lang='lat' dir='ltr'><strong>inventa,</strong></span> <span class='ocrx_word' id='word_1_1016' title='bbox 1305 2483 1328 2508; x_wconf 72' lang='lat' dir='ltr'><strong>si</strong></span> <span class='ocrx_word' id='word_1_1017' title='bbox 1345 2490 1431 2516; x_wconf 74' lang='lat' dir='ltr'><strong>neque</strong></span> <span class='ocrx_word' id='word_1_1018' title='bbox 1442 2479 1529 2505; x_wconf 67' lang='lat' dir='ltr'><strong>sidera</strong></span> <span class='ocrx_word' id='word_1_1019' title='bbox 1545 2486 1631 2512; x_wconf 81' lang='lat' dir='ltr'><strong>neque</strong></span> <span class='ocrx_word' id='word_1_1020' title='bbox 1642 2476 1680 2518; x_wconf 57' lang='lat' dir='ltr'><strong>sul</strong></span> <span class='ocrx_word' id='word_1_1021' title='bbox 1694 2485 1738 2502; x_wconf 85' lang='lat' dir='ltr'><strong>ne-</strong></span> 
     </span>
     <span class='ocr_line' id='line_1_137' title="bbox 942 2516 1727 2559; baseline -0.014 -9"><span class='ocrx_word' id='word_1_1022' title='bbox 942 2533 995 2559; x_wconf 89' lang='lat' dir='ltr'><strong>que</strong></span> <span class='ocrx_word' id='word_1_1023' title='bbox 1006 2523 1110 2550; x_wconf 74' lang='lat' dir='ltr'><strong>caeluni</strong></span> <span class='ocrx_word' id='word_1_1024' title='bbox 1125 2521 1466 2553; x_wconf 73' lang='lat' dir='ltr'><strong>suboculorumaspectum</strong></span> <span class='ocrx_word' id='word_1_1025' title='bbox 1475 2516 1568 2541; x_wconf 75' lang='lat' dir='ltr'><strong>rudere</strong></span> <span class='ocrx_word' id='word_1_1026' title='bbox 1580 2519 1727 2549; x_wconf 60' lang='lat' dir='ltr'><strong>institissent</strong></span> 
     </span>
     <span class='ocr_line' id='line_1_138' title="bbox 944 2555 1739 2592; baseline -0.016 -4"><span class='ocrx_word' id='word_1_1027' title='bbox 944 2563 1020 2588; x_wconf 80' lang='lat' dir='ltr'><strong>Nunc</strong></span> <span class='ocrx_word' id='word_1_1028' title='bbox 1033 2571 1095 2587; x_wconf 78' lang='lat' dir='ltr'><strong>vero</strong></span> <span class='ocrx_word' id='word_1_1029' title='bbox 1106 2560 1164 2586; x_wconf 77' lang='lat' dir='ltr'><strong>dies</strong></span> <span class='ocrx_word' id='word_1_1030' title='bbox 1177 2565 1319 2592; x_wconf 74' lang='lat' dir='ltr'><strong>noctesque</strong></span> <span class='ocrx_word' id='word_1_1031' title='bbox 1330 2556 1417 2582; x_wconf 77' lang='lat' dir='ltr'><strong>oculis</strong></span> <span class='ocrx_word' id='word_1_1032' title='bbox 1432 2555 1554 2588; x_wconf 72' lang='lat' dir='ltr'><strong>cognitae</strong></span> <span class='ocrx_word' id='word_1_1033' title='bbox 1563 2573 1568 2581; x_wconf 86' lang='lat'>.</span> <span class='ocrx_word' id='word_1_1034' title='bbox 1591 2558 1647 2578; x_wconf 85' lang='grc'>111111</span> <span class='ocrx_word' id='word_1_1035' title='bbox 1664 2560 1739 2591; x_wconf 87' lang='grc'>1111·11-</span> 
     </span>
     <span class='ocr_line' id='line_1_139' title="bbox 943 2588 1738 2631; baseline -0.015 -7"><span class='ocrx_word' id='word_1_1036' title='bbox 943 2600 1014 2625; x_wconf 79' lang='lat' dir='ltr'><strong>sium</strong></span> <span class='ocrx_word' id='word_1_1037' title='bbox 1027 2606 1213 2631; x_wconf 83' lang='lat' dir='ltr'><strong>annorumque</strong></span> <span class='ocrx_word' id='word_1_1038' title='bbox 1228 2595 1417 2621; x_wconf 67' lang='lat' dir='ltr'><strong>conversiones</strong></span> <span class='ocrx_word' id='word_1_1039' title='bbox 1433 2592 1464 2617; x_wconf 89' lang='lat' dir='ltr'><strong>ad</strong></span> <span class='ocrx_word' id='word_1_1040' title='bbox 1482 2598 1624 2617; x_wconf 84' lang='lat' dir='ltr'><strong>numerum</strong></span> <span class='ocrx_word' id='word_1_1041' title='bbox 1638 2588 1738 2614; x_wconf 69' lang='grc'>111111111-</span> 
     </span>
    </p>
   </div>
   <div class='ocr_carea' id='block_1_17' title="bbox 914 2625 1738 2673">
    <p class='ocr_par' dir='ltr' id='par_1_20' title="bbox 914 2625 1738 2673">
     <span class='ocr_line' id='line_1_140' title="bbox 914 2625 1738 2673; baseline -0.016 -11"><span class='ocrx_word' id='word_1_1042' title='bbox 914 2646 923 2673; x_wconf 72' lang='lat'><strong>,‘</strong></span> <span class='ocrx_word' id='word_1_1043' title='bbox 944 2641 1019 2662; x_wconf 85' lang='lat' dir='ltr'><strong>natae</strong></span> <span class='ocrx_word' id='word_1_1044' title='bbox 1035 2641 1111 2665; x_wconf 76' lang='lat' dir='ltr'><strong>sunt,</strong></span> <span class='ocrx_word' id='word_1_1045' title='bbox 1136 2640 1160 2660; x_wconf 84' lang='lat' dir='ltr'><strong>et</strong></span> <span class='ocrx_word' id='word_1_1046' title='bbox 1175 2634 1293 2668; x_wconf 77' lang='lat' dir='ltr'><strong>spatium</strong></span> <span class='ocrx_word' id='word_1_1047' title='bbox 1310 2631 1437 2665; x_wconf 68' lang='lat' dir='ltr'><strong>temporis</strong></span> <span class='ocrx_word' id='word_1_1048' title='bbox 1448 2629 1586 2654; x_wconf 80' lang='lat' dir='ltr'><strong>dimensae</strong></span> <span class='ocrx_word' id='word_1_1049' title='bbox 1598 2632 1659 2652; x_wconf 71' lang='lat' dir='ltr'><strong>suut</strong></span> <span class='ocrx_word' id='word_1_1050' title='bbox 1671 2631 1695 2651; x_wconf 79' lang='lat' dir='ltr'><strong>et</strong></span> <span class='ocrx_word' id='word_1_1051' title='bbox 1707 2625 1738 2649; x_wconf 78' lang='grc'>1111</span> 
     </span>
    </p>
   </div>
   <div class='ocr_carea' id='block_1_18' title="bbox 1587 2663 1740 2697">
    <p class='ocr_par' dir='ltr' id='par_1_21' title="bbox 1587 2663 1740 2697">
     <span class='ocr_line' id='line_1_141' title="bbox 1587 2663 1740 2697; baseline -0.02 -7"><span class='ocrx_word' id='word_1_1052' title='bbox 1587 2663 1692 2697; x_wconf 74' lang='lat' dir='ltr'><strong>Quibus</strong></span> <span class='ocrx_word' id='word_1_1053' title='bbox 1707 2670 1740 2687; x_wconf 74' lang='lat' dir='ltr'><strong>ex</strong></span> 
     </span>
    </p>
   </div>
  </div>
 </body>
</html>
