1941 3052
410 130 457 156 IN
489 130 689 157 VERREM
722 131 821 158 ACT.
844 132 876 158 11.

69 203 120 226 tate
134 208 187 226 non
201 198 265 226 fuit:
281 199 370 234 palam
384 200 417 226 de
430 200 496 227 sella
510 210 540 227 ac
553 201 682 228 tribunali
692 202 861 237 pronuntiat:

68 246 93 263 ει
111 246 176 267 onis
195 245 345 263 Ansam-su
368 247 515 265 srnemuu
539 248 587 265 aar
609 248 764 266 carinus
785 249 862 266 naun

68 283 183 301 meane
209 283 333 306 venter,
357 284 426 301 sess
445 284 511 302 aius
530 285 626 302 nonan
649 285 860 303 xactrruauu:

69 316 95 338 et
112 311 208 342 simul,
230 315 259 337 ut
276 311 309 337 ad
323 320 446 339 caussam
461 313 597 340 accederet
610 322 761 348 nomenque
775 313 864 340 defer—

69 353 116 380 ret,
132 349 306 384 Agathinum,
322 358 422 376 novum
436 349 543 376 affinem
554 355 634 385 atque
645 351 787 386 hospitem,
803 359 864 377 coe-

69 387 109 421 pit
121 386 230 412 hortari.
253 387 320 412 Tum
334 387 380 413 ille
394 387 464 413 clare
477 388 603 414 omnibus
617 388 804 414 audientibus:
820 397 864 414 se-

69 432 97 450 se
115 422 143 449 id
161 432 214 450 non
233 432 292 450 esse
310 423 443 451 facturum
463 434 550 460 neque
564 434 592 451 se
608 434 694 460 usque
708 434 739 452 eo
753 425 863 452 Sthenio

69 469 129 487 esse
142 461 297 492 inimicum,
318 466 348 487 ut
361 470 423 488 eum
438 463 475 488 rei
490 462 611 497 capitalis
626 463 734 489 affinem
748 471 807 488 esse
821 462 864 488 di-

68 502 149 524 ceret.
170 498 218 524 Hic
232 502 289 524 tum
303 503 412 534 repente
424 499 541 525 Pacilius
555 499 675 535 quidam,
692 500 771 526 homo
781 509 863 535 egens

68 540 95 562 et
108 535 189 566 levis,
206 535 320 562 accedit:
341 537 389 568 ait,
410 537 434 563 si
449 536 552 568 liceret,
573 545 669 563 nomen
683 537 802 563 absentis
816 536 864 562 de-

68 572 137 599 ferre
151 581 180 599 se
194 572 273 599 velle.
300 574 351 600 Iste
367 583 437 604 vero,
453 578 478 600 et
493 574 572 600 licere
586 578 611 600 et
626 574 681 600 fieri
696 573 780 600 solere
795 578 820 599 et
834 582 863 599 se

68 614 249 645 recepturum.
283 612 374 646 Itaque
388 611 516 637 defertur.
550 611 638 637 Edicit
651 611 750 641 statim,
767 615 797 636 ut
811 611 863 636 Ka·
884 618 885 627 ¹

68 647 156 674 lendis
175 648 313 674 Decembr.
333 649 402 675 adsit
417 648 544 675 Sthenius
560 648 711 683 Syracusis.
746 649 788 674 95.
804 648 860 679 Hic,

67 685 116 720 qui
134 685 245 711 Romam
268 686 436 720 pervenisset
457 686 577 720 satisque
597 685 710 711 feliciter
727 685 791 711 anni
810 685 862 711 iam

67 722 180 749 adverso
198 726 316 757 tempore
334 723 488 758 navigasset
505 723 649 758 omniaque
666 722 805 749 habuisset
819 731 864 748 ae-

67 760 161 795 quiora
175 764 200 786 et
213 759 393 794 placabiliora,
409 769 491 795 quam
505 760 625 786 animum
638 760 768 795 praetoris
782 765 863 794 atque

68 797 196 832 hospitis,
216 805 272 823 rem
291 797 324 823 ad
338 797 438 824 amicos
452 806 515 823 suos
529 796 640 823 detulit:
660 806 743 832 quae,
764 801 794 823 ut
807 802 863 823 erat

67 834 160 861 acerba
174 838 254 869 atque
267 834 387 870 indigna,
404 835 443 860 sic
457 834 598 861 videbatur
611 835 748 861 omnibus.

120 871 248 897 XXXIX.
270 872 362 906 Itaque
376 872 403 898 in
417 876 511 898 senatu
525 872 652 898 continuo
666 872 714 899 Cn.
730 871 861 898 Lentulus

66 913 92 935 et
110 909 139 935 L.
159 908 264 935 Gellius
286 908 410 935 consules
433 909 535 935 faciunt
557 910 732 940 mentionem,
757 910 861 944 placere

66 946 161 977 statui,
181 946 205 972 si
218 946 341 981 patribus
355 946 514 981 conscriptis
529 947 678 978 videretur,
699 956 734 973 ne
750 957 862 973 ansan-

65 993 115 1009 τες
129 993 257 1010 somnes
271 993 299 1009 IN
313 993 482 1010 rnovincns
496 993 544 1010 aar
559 994 687 1010 ιηεκεκτ
701 993 798 1011 nanum
813 994 861 1010 CA-

66 1029 219 1048 rtrauuu:
233 1025 364 1047 'caussam
377 1021 482 1048 Sthenii
496 1026 590 1053 totam,
611 1026 637 1048 et
650 1022 729 1048 istius
743 1022 861 1048 crudeli-

65 1062 144 1085 tatem
159 1062 185 1084 et
198 1058 367 1094 iniquitatem
381 1063 505 1085 senatum
519 1059 623 1086 docent.
664 1059 762 1086 Aderat
776 1060 803 1085 in
818 1068 861 1086 se-

64 1099 129 1122 natu
142 1096 244 1127 Verres,
261 1100 335 1130 pater
347 1096 436 1127 istius,
452 1101 478 1122 et
491 1095 556 1123 flens
571 1105 656 1123 unum
670 1105 807 1132 quemque
817 1105 862 1123 se-

64 1137 182 1160 natorem
197 1134 319 1169 rogabat,
340 1138 369 1160 ut
383 1133 437 1160 filio
451 1143 501 1160 suo
515 1139 647 1169 parceret3
668 1143 756 1169 neque
770 1139 859 1161 tamen

64 1170 181 1197 multum
200 1171 367 1205 proficiebat:
388 1176 443 1197 erat
461 1172 532 1197 enim
552 1180 658 1198 summa
676 1172 802 1199 voluntas
816 1181 860 1198 se-

64 1212 152 1234 natus.
193 1209 285 1243 Itaque
307 1209 454 1235 sententiae
476 1209 647 1241 dicebantur,
673 1219 751 1240 ouum
770 1219 860 1236 srnss-

63 1254 130 1272 utus
148 1254 255 1272 ussus
273 1255 345 1272 nnus
363 1255 473 1273 uerus
492 1256 592 1278 esser,
613 1256 648 1273 nr.
666 1256 796 1273 ABSENTE
812 1257 859 1273 iu-

64 1291 169 1310 niciun
184 1292 299 1310 nannum
314 1292 396 1310 rtem
410 1293 558 1315 PLAGERE,
574 1293 621 1316 ar,
641 1294 666 1311 si
680 1293 756 1315 onon
770 1293 858 1310 asser

63 1329 240 1351 rAcrun,1e
258 1329 354 1347 anun
372 1330 440 1347 essa
460 1330 512 1347 non
532 1330 674 1348 rucene.
706 1323 747 1348 96.
763 1322 801 1348 Eo
814 1321 858 1347 die

63 1357 174 1393 transigi
190 1357 256 1384 nihil
271 1358 366 1392 potuit,
381 1358 454 1393 quod
468 1363 494 1385 et
507 1358 534 1384 id
545 1359 673 1393 temporis
685 1363 749 1390 erat,
766 1363 791 1385 et
801 1359 855 1390 ille,

62 1400 136 1431 pater
151 1395 240 1426 istius,
256 1395 396 1422 invenerat
409 1395 545 1427 homines,
561 1396 608 1431 qui
623 1396 736 1423 dicendo
750 1401 857 1431 tempus

61 1436 259 1460 consumerent.
301 1433 392 1459 Postea
406 1442 489 1459 senex
503 1433 595 1460 Verres
609 1433 764 1461 defensores
778 1438 857 1469 atque

62 1470 181 1505 hospites
205 1478 297 1497 omnes
320 1469 425 1497 Sthenii
447 1471 585 1497 convenit:
614 1476 688 1506 rogat
710 1480 755 1498 eos
778 1476 857 1506 atque

60 1512 125 1539 orat,
141 1516 175 1534 ne
188 1511 345 1543 oppugnent
359 1507 444 1534 filium
459 1516 554 1534 suum:
569 1508 603 1534 de
613 1508 722 1535 Sthenio
737 1517 769 1535 ne
784 1508 858 1535 labo-

61 1549 132 1571 rent:
153 1545 291 1572 confirmat
306 1544 362 1576 his,
383 1549 539 1571 curaturum
554 1554 583 1571 se
601 1554 674 1577 esse,
696 1555 729 1572 ne
746 1546 813 1581 quid
833 1546 857 1572 ei

60 1591 107 1617 per
121 1581 207 1609 filium
222 1591 302 1608 suum
317 1586 455 1609 noceatur:
471 1591 502 1608 se
516 1583 638 1609 homines
652 1588 738 1610 certos
750 1584 808 1610 eius
819 1584 856 1610 rei

60 1628 156 1646 caussa
174 1620 202 1646 in
216 1619 336 1646 Siciliam
355 1623 381 1646 et
399 1624 467 1646 terra
485 1624 511 1646 et
530 1620 596 1646 mari
616 1629 676 1647 esse
695 1621 854 1647 missurum.

59 1657 93 1684 Et
111 1661 168 1684 erat
185 1657 302 1692 spatium
321 1657 427 1684 dierum
446 1656 500 1683 fere
519 1658 628 1693 triginta
646 1662 707 1684 ante
722 1658 855 1684 Kalendas

59 1695 208 1721 Decembr.:
224 1703 279 1729 quo
292 1694 336 1720 die
350 1695 414 1726 iste,
435 1699 465 1721 ut
479 1694 620 1730 Syracusis
635 1695 764 1722 Sthenius
778 1695 857 1722 ades-

59 1736 108 1763 set,
125 1731 253 1758 edixerat.
289 1733 330 1758 97.
347 1732 555 1759 Commoventur
568 1732 647 1759 amici
662 1732 776 1763 Sthenii,
794 1741 857 1767 spc-

60 1773 118 1796 rant
136 1769 204 1800 fore,
224 1773 254 1795 ut
272 1769 356 1804 patris
376 1769 471 1796 litteris
490 1770 648 1805 nuntiisque
667 1770 739 1797 filius
757 1770 791 1796 ab
810 1770 856 1797 illo

60 1806 148 1833 furore
162 1810 309 1834 revocetur.
331 1807 360 1833 In
375 1811 470 1833 senatu
485 1811 575 1842 postea
586 1816 681 1834 caussa
693 1817 745 1834 non
757 1808 854 1843 agitur.

59 1844 173 1871 Veniunt
187 1844 220 1870 ad
233 1844 316 1870 istum
330 1844 470 1870 domestici
485 1845 572 1871 nuntii
587 1844 743 1880 litterasque
757 1854 770 1871 a
781 1850 856 1880 patre

58 1881 172 1908 afferunt
182 1885 242 1908 ante
253 1881 386 1908 Kalendas
394 1882 542 1913 Decembr.,
554 1891 640 1917 quum
652 1883 696 1909 isti
707 1883 787 1909 etiam
798 1887 854 1909 tum

57 1918 91 1945 de
110 1918 221 1945 Sthenio
240 1919 266 1945 in
286 1919 389 1955 integro
408 1923 460 1945 tota
478 1928 520 1945 res
545 1924 630 1946 esset:
659 1920 808 1955 eodemque
831 1920 855 1946 ei

59 1961 176 1991 tempore
189 1956 223 1983 de
237 1956 329 1982 eadem
344 1965 372 1983 re
387 1956 487 1983 litterae
501 1957 653 1992 complures
668 1966 681 1983 a
692 1957 785 1984 multis
796 1958 855 1984 eius

57 1993 151 2020 amicis
165 2002 195 2019 ac
209 1994 368 2020 necessariis
382 1993 539 2020 afferuntur.
579 1994 636 2020 XL.
656 1995 704 2021 Hic
722 1995 786 2026 iste,
807 1995 854 2030 qui

58 2039 120 2066 prae
134 2030 280 2065 cupiditate
294 2039 381 2066 neque
395 2030 476 2057 oflicii
490 2031 533 2057 sui
545 2039 632 2066 neque
643 2031 755 2066 periculi
767 2041 854 2067 neque

58 2068 164 2103 pietatis
183 2076 271 2103 neque
289 2067 464 2095 humanitatis
484 2069 612 2095 rationem
632 2069 772 2096 habuisset
794 2079 855 2096 um-

57 2114 148 2140 quam,
162 2114 248 2140 neque
259 2105 286 2131 in
297 2114 336 2136 eo,
349 2105 421 2140 quod
432 2106 598 2137 monebatur,
615 2107 796 2133 auctoritatem
808 2116 855 2142 pa-

58 2142 115 2174 tris,
132 2151 180 2169 nec
195 2143 221 2169 in
237 2151 280 2173 co,
300 2142 372 2177 quod
388 2143 543 2178 rogabatur,
565 2143 728 2170 voluntatem
744 2149 854 2179 antepo—

58 2179 173 2207 nendam
196 2180 301 2215 putavit
324 2179 430 2206 libidini
452 2189 530 2207 suae:
555 2190 633 2207 mane
657 2181 784 2207 Kalendis
804 2183 853 2208 De-

57 2217 157 2244 cembr.
174 2221 203 2244 ut
217 2217 345 2248 edixerat,
361 2217 503 2244 Sthenium
517 2218 593 2244 citari
604 2218 687 2245 iubet.
710 2220 751 2245 98.
765 2219 792 2245 Si
805 2219 852 2245 abs

57 2259 82 2281 te
95 2255 174 2281 istam
189 2263 244 2281 rem
259 2263 356 2289 parcns
370 2259 433 2281 tuus
447 2254 562 2281 alicuius
581 2256 660 2282 amici
679 2261 785 2291 rogatu,
807 2257 853 2283 be-

58 2292 186 2328 nignitate
199 2296 245 2319 aut
256 2292 400 2318 ambitione
409 2291 541 2318 adductus
552 2293 676 2327 petisset,
692 2294 852 2329 gravissima

56 2333 145 2356 tamen
159 2329 230 2365 apud
246 2334 270 2356 te
284 2329 408 2356 voluntas
423 2329 505 2364 patris
520 2338 579 2356 esse
593 2330 746 2357 debuisset:
766 2340 852 2366 qumn

57 2375 119 2394 vero
132 2367 180 2393 abs
195 2371 219 2394 te
235 2369 272 2393 tui
286 2367 381 2402 cupitis
391 2375 486 2393 caussa
498 2371 598 2401 peteret
608 2367 784 2403 hominesque
795 2377 853 2394 cer-

57 2408 96 2431 tos
110 2403 189 2431 domo
203 2405 331 2435 misisset,
348 2405 430 2439 hique
444 2413 475 2431 eo
490 2409 607 2439 tempore
621 2405 653 2431 ad
669 2409 693 2431 te
705 2406 850 2437 venissent,

56 2449 141 2476 quum
156 2441 204 2468 tibi
219 2441 246 2468 in
260 2442 363 2478 integro
378 2446 429 2468 tota
448 2450 490 2468 res
509 2446 593 2472 esset,
614 2451 647 2468 ne
666 2446 722 2468 tum
740 2443 850 2477 quidem

56 2482 81 2505 te
94 2479 189 2514 potuit,
206 2479 229 2505 si
243 2488 295 2505 non
310 2479 425 2514 pictatis,
442 2483 468 2505 at
481 2478 577 2505 salutis
592 2483 652 2505 tuae
666 2480 733 2506 ratio
746 2480 778 2506 ad
792 2479 852 2506 osti-

55 2515 128 2542 cium
147 2516 343 2551 sanitatemque
365 2516 511 2543 reducere?
533 2516 601 2543 Citat
619 2525 709 2543 reum:
739 2526 790 2544 non
810 2526 852 2543 re-

55 2552 178 2588 spondet.
218 2553 288 2580 Citat
301 2558 495 2580 accusatorem:
516 2553 666 2588 (attendite,
682 2563 792 2588 quaeso,
809 2555 851 2580 iu-

55 2589 143 2616 dices:
169 2590 270 2622 videte,
290 2595 391 2625 quanto
408 2599 487 2626 opere
506 2591 585 2617 istius
599 2591 731 2617 amentiae
746 2591 850 2618 fortuna

55 2627 113 2662 ipsa
127 2627 266 2655 adversata
276 2628 320 2659 sit,
337 2632 362 2654 et
373 2628 456 2655 simul
468 2628 565 2659 videte,
582 2629 644 2663 quis
657 2628 760 2655 Sthenii
770 2637 850 2655 caus-

54 2672 112 2691 sam
126 2673 205 2692 casus
219 2665 377 2702 adiuveritc)
396 2665 492 2692 citatus
507 2670 653 2698 accusator,
670 2666 704 2693 M.
721 2666 847 2697 Pacilius,

883 762 885 776 l

913 132 1000 158 LIB.
1022 133 1054 158 11.
1089 132 1185 158 ΠΛΡ.
1221 134 1310 159 35—
1334 135 1371 159 42.
1659 137 1708 161 273

916 202 1006 229 nescio
1019 211 1074 237 quo
1087 212 1164 234 casu,
1185 212 1237 230 non
1252 204 1403 238 respondit,
1424 213 1476 231 non
1495 204 1578 230 assuit.
1619 207 1660 231 99.
1681 206 1708 232 Si

915 248 1041 274 praesens
1056 240 1184 266 Sthenius
1199 249 1260 266 reus
1275 246 1346 267 esset
1360 241 1459 267 factus:
1480 242 1504 267 si
1522 241 1664 269 manifesto
1682 243 1709 269 in

915 276 1045 303 maleficio
1059 281 1205 309 teneretur;
1227 283 1329 308 tamen,
1346 287 1430 313 quum
1445 283 1582 305 accusator
1597 288 1648 305 non
1663 279 1710 306 ad-

915 319 994 345 esset,
1011 314 1151 340 Sthenium
1165 315 1336 341 condemnari
1352 324 1403 342 non
1417 320 1557 350 oporteret.
1591 316 1707 347 Etenim.

915 351 938 377 si
956 356 1047 385 posset
1065 360 1126 377 reus
1145 352 1255 378 absente
1273 357 1425 379 accusatore
1443 353 1628 384 condemnari,
1658 362 1709 380 non

915 397 964 423 ego
982 397 996 414 a
1010 389 1110 415 Vibone
1124 389 1223 415 Veliam
1243 390 1356 424 parvulo
1374 390 1481 426 navigio
1499 391 1568 417 inter
1582 390 1711 426 fugitivo-

915 434 974 451 rum
989 434 1018 451 ac
1033 425 1196 459 praedonum
1209 435 1238 452 ac
1248 431 1291 453 tua
1302 427 1354 453 tela
1366 427 1510 459 venissem,
1526 437 1580 462 quo
1591 433 1710 463 tempore

914 463 1001 488 omnis
1016 463 1060 488 illa
1076 472 1134 489 mea
1149 463 1283 490 festinatio
1298 464 1348 490 fuit
1361 474 1423 491 cum
1438 465 1557 499 periculo
1571 466 1666 500 capitis
1675 466 1710 492 ob

915 508 972 525 eam
987 508 1119 531 caussam,
1136 509 1169 526 ne
1183 505 1211 526 tu
1222 510 1255 527 ex
1266 502 1318 527 reis
1330 502 1484 532 eximerere,
1501 503 1524 528 si
1536 511 1585 537 ego
1594 503 1627 528 ad
1637 503 1709 529 diem

915 545 966 563 non
985 537 1132 563 affuissem.
1173 537 1249 569 Quod
1268 539 1350 574 igitur
1369 539 1416 565 tibi
1435 544 1491 565 erat
1509 540 1536 566 in
1552 545 1596 566 tuo
1610 540 1710 567 iudicio

914 574 1122 608 optatissimum,
1138 575 1200 609 (me,
1216 584 1301 609 quum
1313 577 1407 602 citatus
1420 585 1516 607 essem,
1530 586 1582 603 non
1594 577 1709 611 adesse„

914 620 961 637 cur
971 610 1080 637 Sthenio
1094 621 1145 638 non
1161 613 1259 646 putasti
1272 613 1398 647 prodesse
1409 619 1537 648 oportere,
1553 623 1638 649 quum
1650 615 1708 641 eius

914 652 1052 674 accusator
1066 657 1118 675 non
1132 649 1270 675 affuisset?
1296 651 1387 685 Itaque
1403 651 1472 681 fecit,
1490 656 1517 677 ut
1532 652 1620 678 exitus
1634 653 1709 686 prin—

914 685 984 719 cipio
1001 685 1159 712 simillimus
1177 687 1351 720 reperiretur:
1376 697 1456 722 quem
1476 689 1613 715 absentem
1633 698 1709 716 reum

915 722 1020 752 fecerat,
1036 731 1098 748 eum
1111 723 1221 749 absente
1235 730 1387 751 accusatore
1401 725 1568 752 condemnat.

969 759 1038 785 XLI.
1051 761 1108 786 400.
1124 761 1302 787 Nuntiabatur
1316 762 1356 787 illi
1370 763 1464 796 primis
1476 762 1530 788 illis
1543 764 1708 798 temporibus

914 797 954 827 id,
975 797 1047 831 quod
1066 802 1140 832 pater
1153 807 1261 833 quoque
1275 799 1308 824 ad
1322 808 1382 825 eum
1399 799 1522 833 pluribus
1539 801 1627 826 verbis
1642 801 1709 827 scri-

914 839 1015 869 pserat,
1035 835 1160 870 agitatam
1175 844 1230 861 rem
1250 844 1309 862 esse
1327 837 1354 862 in
1373 841 1481 862 senatu:
1502 838 1581 863 etiam
1600 838 1627 863 in
1645 847 1709 864 con-

913 872 988 898 cione
1006 872 1146 898 tribunum
1164 872 1252 907 plebis
1271 873 1304 899 de
1322 882 1417 900 caussa
1437 874 1541 900 Sthenii
1556 875 1590 900 M.
1607 874 1709 901 Palica-

914 918 978 935 num
993 918 1052 935 esse
1067 914 1208 944 questum:
1228 916 1363 945 postremo
1381 920 1424 937 me
1438 912 1528 946 ipsum
1542 912 1614 946 apud
1627 911 1708 938 colle-

913 946 988 982 gium
1003 946 1052 972 hoc
1066 947 1234 974 tribunorum
1250 948 1351 983 plebis,
1372 957 1457 983 quum
1476 958 1567 975 eorum
1587 949 1707 976 omnium

913 983 999 1010 edicto
1017 993 1069 1010 non
1090 984 1179 1011 liceret
1198 994 1362 1020 quemquam
1382 986 1479 1012 Romae
1501 995 1574 1017 esse,
1598 987 1646 1021 qui
1669 987 1708 1013 rei

912 1021 1033 1055 capitalis
1048 1022 1240 1049 condemnatus
1254 1028 1333 1054 esset,
1350 1024 1438 1059 egisse
1452 1033 1576 1050 caussam
1587 1024 1705 1055 Sthenii;

912 1062 937 1084 et
950 1067 1036 1093 quum
1051 1068 1106 1085 rem
1121 1060 1156 1085 ita
1170 1061 1371 1094 exposuissem,
1392 1061 1622 1095 quemadmodum
1637 1070 1708 1088 nunc

911 1096 983 1130 apud
998 1105 1054 1128 vos,
1071 1097 1278 1133 docuissemque
1294 1098 1361 1124 hanc
1374 1098 1571 1125 damnationem
1583 1099 1644 1125 duci
1656 1108 1707 1125 non

911 1138 1045 1168 oportere:
1073 1142 1093 1160 x
1107 1135 1229 1161 tribunos
1244 1135 1331 1170 plebis
1348 1136 1396 1162 hoc
1413 1137 1553 1167 statuisse,
1575 1136 1656 1171 idque
1674 1136 1707 1162 de

910 1171 1030 1197 omnium
1051 1173 1182 1198 sententia
1201 1174 1402 1207 pronuntiatum
1425 1182 1498 1200 esse:
1528 1183 1580 1199 sos
1604 1183 1706 1199 vinem

909 1217 1058 1235 srnemun
1073 1219 1208 1236 inrenmi
1224 1220 1344 1241 semro.
1365 1221 1421 1241 Quo
1438 1221 1526 1237 mars
1540 1221 1566 1237 ει
1583 1220 1707 1237 ricemer

911 1255 1007 1272 nonar.
1022 1255 1100 1273 essa.
1137 1249 1194 1273 40¹.
1213 1247 1303 1280 Quum
1318 1248 1383 1274 haec
1397 1248 1429 1274 ad
1444 1249 1526 1274 istum
1541 1249 1704 1279 all'errentur,

910 1283 1001 1310 timuit
1014 1283 1168 1319 aliquando,
1185 1289 1210 1311 et
1224 1290 1373 1312 commotus
1388 1291 1437 1312 est.
1475 1287 1557 1312 Vertit
1571 1286 1664 1312 stilum
1679 1286 1706 1312 in

910 1321 1009 1347 tabulis
1023 1322 1095 1348 suis:
1112 1331 1166 1356 quo
1181 1322 1249 1349 facto
1262 1332 1385 1349 caussam
1395 1332 1502 1349 omnem
1514 1325 1607 1350 evertit
1617 1333 1704 1350 suam.

910 1358 982 1384 Nihil
997 1359 1068 1385 enim
1082 1359 1135 1386 sibi
1150 1360 1246 1395 reliqui
1262 1360 1336 1391 fecit,
1353 1361 1424 1395 qnod
1439 1361 1546 1387 defendi
1561 1361 1651 1395 aliqua
1665 1369 1707 1387 ra-

911 1396 981 1421 tione
995 1401 1095 1431 posset.
1136 1397 1202 1423 Nam
1217 1398 1240 1423 si
1260 1398 1294 1423 ita
1312 1397 1479 1424 defenderet:
1508 1399 1589 1433 recipi
1609 1407 1705 1425 nomen

909 1433 1029 1460 absentis
1045 1434 1117 1465 licet3
1139 1434 1188 1460 hoc
1207 1435 1262 1461 fieri
1282 1435 1308 1461 in
1324 1436 1459 1469 provincia
1475 1435 1547 1462 nulla
1563 1436 1606 1462 lex
1619 1440 1703 1462 vetat:

909 1471 977 1497 mala
992 1475 1018 1497 et
1031 1471 1151 1506 improba
1166 1472 1334 1503 defensione,
1352 1482 1445 1499 verum
1460 1472 1549 1507 aliqua
1565 1478 1651 1499 tamen
1666 1474 1705 1499 uti

910 1509 1053 1535 videretur.
1084 1509 1220 1535 Postremo
1234 1509 1279 1535 illo
1293 1509 1513 1544 desperatissimo
1528 1510 1651 1545 perfugio
1665 1511 1703 1536 uti

909 1551 1008 1580 posset,
1025 1554 1054 1572 se
1065 1546 1262 1581 imprudentem
1275 1547 1378 1577 secisse,
1392 1548 1561 1573 existimasse
1573 1548 1598 1573 id
1611 1548 1702 1574 licere:

908 1592 1074 1618 quamquam
1090 1584 1153 1610 haec
1168 1584 1350 1618 perditissima
1360 1584 1480 1611 defensio
1491 1589 1539 1615 est,
1557 1589 1644 1611 tamen
1656 1585 1705 1611 ali-

908 1621 974 1655 quid
988 1621 1042 1647 dici
1057 1621 1201 1647 videretur.
1242 1621 1321 1648 Tollit
1335 1631 1368 1648 ex
1382 1622 1480 1648 tabulis
1495 1622 1535 1653 id,
1551 1622 1624 1657 quod
1638 1627 1702 1653 erat,

908 1663 933 1684 et
947 1658 1008 1684 facit
1022 1667 1108 1685 coram
1123 1658 1241 1685 delatum
1257 1668 1325 1685 csse.

963 1695 1044 1722 XLII.
1069 1698 1125 1722 102.
1148 1696 1194 1722 Hic
1210 1696 1306 1726 videte,
1323 1697 1349 1722 in
1363 1701 1427 1731 quot
1442 1705 1471 1722 se
1486 1696 1594 1731 laqueos
1609 1696 1706 1723 indue-

908 1733 950 1764 rit,
966 1741 1081 1768 quorum
1097 1743 1130 1760 ex
1144 1733 1219 1760 nullo
1233 1743 1261 1760 se
1276 1742 1404 1768 umquam
1416 1734 1562 1768 expediret.
1586 1734 1703 1760 Primum

908 1771 966 1805 ipse
980 1771 1007 1797 in
1022 1770 1112 1797 Sicilia
1127 1780 1206 1805 saepe
1220 1771 1307 1806 palam
1322 1771 1355 1797 dc
1371 1771 1426 1798 loco
1439 1771 1576 1806 superiore
1590 1771 1702 1801 dixerat,

907 1813 933 1834 et
947 1808 973 1834 in
988 1818 1110 1835 sermone
1125 1808 1217 1835 multis
1232 1808 1438 1839 demonstrarat,
1461 1808 1538 1835 licere
1553 1818 1648 1835 nomen
1663 1818 1705 1835 re-

907 1846 995 1880 cipere
1013 1846 1146 1872 absentis:
1175 1855 1203 1872 sc
1221 1846 1344 1880 exemplo
1363 1846 1471 1877 fecisse,
1495 1846 1567 1880 quod
1587 1845 1702 1872 fecisset.

909 1884 976 1909 llaec
991 1892 1052 1910 eum
1067 1883 1213 1914 dictitasse,
1230 1884 1315 1918 priore
1330 1884 1431 1910 actione
1446 1888 1470 1909 et
1484 1884 1546 1909 Scx.
1562 1884 1704 1918 Pompeius

908 1920 1022 1947 Chlorus
1037 1921 1118 1951 dixit,
1141 1921 1173 1946 de
1191 1921 1269 1947 cuius
1285 1921 1381 1947 virtute
1396 1926 1471 1947 antea
1486 1921 1701 1949 commemoravi.

908 1963 933 1984 et
951 1959 999 1985 Cn.
1016 1959 1159 1993 Pompeius
1174 1958 1342 1989 Theodorus,
1365 1959 1442 1985 homo
1461 1963 1486 1984 ct
1505 1958 1552 1984 Cn.
1575 1959 1701 1992 Pompeii.

907 1995 1050 2022 clarissimi
1066 1996 1126 2026 viri,
1143 1995 1243 2022 iudicio
1257 1996 1383 2030 plurimis
1395 1996 1574 2030 maximisque
1586 1996 1611 2022 in
1624 1995 1702 2021 rebus

907 2033 1122 2068 probatissimus,
1132 2037 1157 2059 et
1166 2033 1286 2059 omnium
1299 2033 1494 2059 existimatione
1504 2033 1701 2062 ornatissimus,

906 2075 931 2097 et
945 2070 1054 2097 Posides
1069 2071 1170 2097 Macros
1190 2070 1362 2100 Soluntinus,
1385 2071 1463 2096 homo
1481 2079 1586 2096 summa
1607 2070 1703 2096 nobili-

907 2112 967 2139 tate,
983 2108 1189 2137 existimatione,
1207 2108 1317 2134 virtute:
1343 2113 1367 2133 ct
1383 2108 1431 2133 hac.
1445 2108 1546 2134 actione
1559 2116 1640 2142 quam
1657 2117 1702 2133 vo-

907 2145 966 2171 letis
981 2145 1058 2171 multi
1072 2145 1174 2175 dicent,
1195 2145 1280 2180 etqui
1295 2154 1327 2171 cx
1343 2146 1393 2171 isto
1409 2146 1466 2179 ipso
1481 2145 1635 2173 audierunt.
1653 2145 1701 2171 siri

907 2182 1027 2217 primarii
1039 2183 1122 2208 nostri
1132 2182 1244 2213 ordinis,
1258 2182 1347 2213 etalii,
1359 2182 1406 2216 qui
1419 2182 1604 2211 iuterfuerunt.
1616 2191 1701 2216 (luum

906 2220 1025 2246 absentis
1044 2228 1140 2246 nomen
1159 2220 1330 2254 reciperetur.
1372 2219 1470 2245 Dcindc
1486 2220 1595 2250 Itomae,
1615 2228 1700 2254 quum

906 2266 947 2283 res
962 2261 1032 2283 essct
1045 2262 1101 2283 actu
1116 2258 1143 2283 in
1162 2261 1270 2287 senatu,
1291 2266 1383 2283 omncs
1403 2257 1482 2282 istius
1500 2257 1592 2287 amici,
1613 2257 1639 2282 in
1660 2257 1701 2282 his

905 2294 983 2320 ctiam
1002 2299 1076 2328 pater
1093 2295 1152 2320 eius
1171 2294 1220 2320 hoc
1238 2293 1397 2320 defendebat
1422 2294 1499 2319 licere
1524 2294 1593 2319 ficri:
1622 2302 1701 2328 sacpc

904 2340 963 2357 csse
979 2331 1091 2357 factum:
1116 2332 1212 2361 istum,
1228 2331 1300 2366 quod
1316 2331 1434 2360 fecisset,
1451 2331 1563 2357 aliorum
1579 2331 1701 2365 exemplo

904 2369 1079 2403 institutoque
1103 2368 1208 2394 fecisse.
1252 2370 1307 2394 ⁴03.
1330 2369 1396 2394 Dicit
1423 2373 1554 2402 praetcrea
1583 2368 1700 2394 testimo-

905 2406 978 2432 ninm
999 2410 1048 2431 tota
1069 2405 1173 2432 Sicilia:
1201 2414 1284 2440 quae,
1305 2406 1331 2432 in
1350 2405 1540 2431 cuunnnuibns
1559 2404 1699 2440 postulatis

903 2443 1042 2469 civitatum
1061 2443 1196 2472 omnium,
1216 2442 1374 2469 consulibus
1393 2442 1489 2473 edidit,
1511 2452 1602 2477 rugan-c
1621 2448 1700 2477 atquc

902 2489 976 2506 orare
991 2485 1078 2514 patres
1092 2480 1266 2514 conscriptos,
1283 2485 1311 2506 ut
1324 2484 1483 2510 statuerent,
1501 2489 1532 2505 nc
1547 2480 1698 2506 absentium

903 2517 1009 2543 nomina
1025 2517 1215 2551 reciperentur.
1258 2517 1314 2549 Qua
1329 2517 1362 2543 dc
1377 2526 1403 2543 re
1417 2517 1466 2543 Cn.
1482 2517 1635 2547 Lentulum,
1653 2527 1698 2552 pn-

903 2559 1008 2581 tronum
1027 2555 1147 2585 Siciliae,
1172 2554 1353 2581 clarissimum
1377 2554 1585 2586 adolescentem,
1611 2555 1698 2581 diccrc

901 2592 1029 2622 audistis,
1050 2592 1169 2622 Siculos,
1188 2600 1274 2627 quum
1294 2601 1322 2617 sc
1341 2600 1477 2622 caussam,
1501 2601 1570 2627 quac
1590 2601 1637 2627 pro
1656 2592 1697 2618 his

901 2629 953 2655 sibi
969 2629 995 2655 in
1009 2633 1103 2655 senatu
1118 2629 1220 2663 agenda
1234 2634 1318 2659 essct,
1335 2629 1472 2659 docerent.
1489 2629 1521 2655 dc
1536 2630 1639 2656 Sthcnii
1654 2639 1697 2655 ca-

902 2666 1017 2693 lamitate
1027 2671 1136 2702 questos
1147 2675 1216 2698 esse,
1230 2671 1391 2702 propterque
1403 2666 1470 2693 hanc
1481 2667 1615 2698 iniuriam,
1628 2676 1697 2702 quae

1462 2716 1493 2739 :35
