1941 3052
237 104 286 128 7558
817 104 857 128 δὲ.
891 102 924 127 M.

238 171 420 199 conservanda
443 171 554 206 pecunia
571 182 584 197 n
603 180 644 197 me
659 171 793 206 deposita.
814 173 917 207 quique
933 171 1032 198 scelere

239 210 307 236 ultra,
323 209 471 235 deserentes
487 210 628 243 pecuniam
646 209 782 243 public-am
800 209 848 234 hoc
864 218 973 235 munere
989 219 1033 235 κο-

237 248 359 272 eietatern
377 246 523 271 facinorum
545 254 605 271 cum
626 246 757 271 Dolabella
781 247 910 276 inierunt.
937 246 1031 272 faciam

239 293 285 309 vos
301 284 435 309 eertiores.
477 283 511 308 De
527 283 642 316 quihus,
660 284 682 308 si
696 283 772 308 vobis
786 283 934 313 videbitur,
948 284 985 313 ui,
1004 289 1033 310 ut

239 321 324 346 meriti
337 325 407 348 sunt,
421 320 538 352 graviter
548 320 754 350 constitueritis,
771 329 873 355 nosque
886 325 972 346 vestra
984 330 1032 346 au-

237 358 354 383 vuol-itate
368 357 550 382 tirmaveritis:
566 356 672 382 facilius
683 361 708 383 et
718 357 820 392 reliqua
833 358 941 391 exigere
949 359 1032 384 vecti-

236 394 315 429 galia,
330 398 355 419 et
365 398 456 419 exacta
469 402 575 419 servare
588 395 744 428 poterimus.
782 395 881 421 Interea
893 404 948 429 quo
958 403 1032 421 com-

237 430 343 456 modius
361 430 500 463 vectigalia
518 431 585 456 tueri
598 432 818 466 provinciamque
830 432 863 457 ah
875 433 972 458 iniuria
984 433 1032 458 de—

237 467 344 493 fendere
365 468 481 501 possim.
512 467 678 502 praesidium
705 470 886 495 necessarium
908 469 1032 496 volunta-

236 505 361 539 riumque
375 505 539 538 comparavi.
580 506 605 531 7.
629 506 674 531 llis
687 505 781 532 litteris
792 507 914 541 scriptis,
932 507 1031 533 milites

235 542 341 567 circiter
356 550 427 573 Μελ,
445 550 514 576 quos
525 542 658 569 Dolabella
670 552 703 569 ex
715 544 776 570 Asia
791 544 998 578 conscripserat.
1017 553 1031 570 e

234 579 309 614 Syria
322 578 456 613 fugientes
468 579 494 605 in
508 579 694 616 Pamphyliam
707 586 847 607 venerunt.
880 582 910 607 lli
924 583 1031 608 nuntia-

235 620 331 642 verunt
343 616 504 642 Dolabellam
517 617 700 648 Antiocheam.
714 627 782 652 quae
796 619 821 644 in
833 618 908 654 Syria
921 624 969 648 est.
985 628 1031 645 ve·
1058 649 1059 655 1

235 654 320 685 nisse;
345 662 396 680 non
418 659 555 688 receptum
572 660 696 681 conatum
712 664 771 681 esse
787 655 930 690 aliquoties
946 656 973 682 vi
989 657 1031 682 in-

234 691 326 722 troire3
346 690 485 725 repulsum
502 700 609 726 semper
623 701 682 718 esse
697 701 758 718 cum
775 702 872 727 magno
887 702 936 719 suo
947 693 1030 719 detri-

234 733 336 759 mento;
351 729 440 763 itaque
451 733 559 755 centum
570 730 676 756 circiter
686 731 803 760 amissis.
819 731 906 765 aegris
919 730 1028 762 relictis,

234 770 312 791 noctu
325 765 469 792 Antiochea
482 765 634 802 profugisse
647 767 803 793 Laodiceam
816 777 923 800 versu-⁴13
938 776 966 794 ea
982 777 1030 794 no-

233 807 273 828 cte
284 811 378 828 omnes
391 802 444 828 fere
456 803 586 830 Asiaticos
599 803 698 830 milites
714 805 747 830 ab
762 814 793 831 eo
805 804 978 836 discessisse.
996 814 1029 832 ex

234 840 276 866 his
293 839 326 866 ad
341 840 507 875 octingentos
519 841 692 867 Antiocheam
710 842 807 868 rediise
823 847 849 868 et
860 851 888 869 se
900 843 934 868 iis
946 843 1029 869 tradi-

233 922 281 949 per
292 914 424 940 Amanum
436 915 462 941 in
475 914 596 942 Ciliciam
608 915 794 943 descendisse:
808 925 862 952 quo
873 926 905 943 ex
917 926 1029 943 numero
1049 929 1051 938 ι

215 958 261 977 'se
282 960 390 986 quoque
410 960 468 977 esse
488 952 626 984 dicebant;
649 953 771 980 Cassium
788 959 876 980 autem
892 963 954 980 cum
970 956 1028 980 suis

232 989 360 1015 omnibus
375 989 460 1023 copiis
476 991 627 1016 nuntiatum
643 999 702 1017 esse
717 991 854 1026 quatridui
872 992 921 1018 iter
932 992 1028 1018 Laodi·
1048 1015 1050 1019 ,

231 1034 277 1052 cea
288 1025 416 1056 abluisse,
426 1031 482 1052 tum
493 1035 578 1062 quum
590 1027 724 1054 Dolabella
736 1037 766 1055 eo
777 1029 906 1055 tenderet.
927 1029 1028 1061 Quam—

230 1063 323 1089 obrem
330 1063 686 1098 opinioncceleriusconlido
697 1065 935 1092 sceleratissimum
949 1066 1028 1093 latro-
1049 1078 1050 1083 ¹

232 1110 292 1127 nem
304 1109 403 1136 poenas
415 1100 550 1128 daturum.
590 1102 690 1135 Quarto
700 1103 787 1130 Nonas
800 1104 902 1134 lunias,
917 1104 1026 1139 Pergae.
1055 1125 1056 1140 3

1079 1139 1199 1165 nuntiata
1215 1143 1291 1165 sunt:
1314 1147 1397 1173 quae,
1415 1140 1479 1173 quia
1495 1139 1544 1166 tibi
1559 1144 1622 1166 sunt
1637 1141 1774 1174 propiora,
1790 1148 1872 1175 quam

1055 1168 1057 1185 ³
1079 1175 1166 1205 nobis,
1181 1181 1224 1202 tua
1238 1184 1279 1202 me
1290 1184 1385 1202 caussa
1397 1176 1483 1212 magis
1495 1181 1611 1207 movent.
1624 1185 1706 1212 quam
1718 1186 1786 1204 mea.
1821 1178 1873 1204 Ro-

284 1217 345 1238 xw.
361 1218 440 1239 Atto.
456 1218 559 1239 Ciceroni
574 1219 632 1246 patri
647 1219 771 1243 gratulatur
785 1220 812 1240 de
828 1219 887 1244 filiu.
908 1220 1024 1246 diligenter

231 1252 325 1273 Atheni·
341 1253 480 1274 incumbente
490 1254 516 1273 aul
527 1253 622 1274 litteras.
647 1254 717 1275 Mittit
728 1261 805 1275 versus
816 1254 838 1274 in
849 1255 969 1276 ,antonium
981 1263 992 1276 ι
1003 1263 1026 1277 ne

229 1288 380 1315 conscriptos.
396 1288 475 1315 quibus
491 1288 579 1315 aliquod
595 1288 710 1309 cii-emnia
725 1289 806 1310 dietum
821 1290 950 1318 complexu·
971 1295 1024 1312 ent.

231 1323 298 1347 Petit.
309 1327 332 1343 ut
339 1323 416 1343 Cicero
427 1324 453 1343 de
464 1331 487 1344 ae
497 1324 629 1344 mentionem
641 1324 708 1345 faciat
718 1324 741 1345 in
752 1325 923 1347 Commentariis
933 1327 960 1347 de
970 1327 1025 1348 Cne-

229 1358 286 1378 sari!
296 1358 397 1379 Interim.
426 1360 518 1379 (Antonio
529 1363 546 1378 et
558 1361 657 1379 nolula-ll·
668 1368 713 1379 coss.
725 1364 779 1381 710.)

376 1399 600 1427 TREBONIUS
625 1401 815 1429 CICERONI
840 1402 868 1429 S.

285 1438 307 1463 l.
330 1432 363 1463 S.
376 1437 407 1464 V.
420 1438 450 1464 B.
462 1438 492 1464 E.
508 1438 626 1464 Athenas
638 1439 700 1465 veni
711 1447 735 1466 a.
748 1439 775 1466 d.
787 1448 827 1466 Nl.
841 1439 900 1466 Kal.
913 1441 972 1467 lun.
985 1445 1025 1468 at-
1052 1467 1053 1470 ,

227 1482 280 1508 que
292 1473 340 1505 ibi,
349 1475 422 1509 quod
435 1475 552 1501 maxime
563 1476 697 1510 optabam,
712 1477 769 1503 vidi
781 1477 869 1504 filium
881 1482 967 1509 tuum¹
977 1478 1025 1505 de-
1045 1477 1053 1509 ᾗ
1076 1478 1143 1505 stro.
1162 1475 1202 1501 sic
1217 1475 1334 1505 scilicet,
1352 1479 1381 1501 ut
1396 1475 1504 1501 doctum
1515 1475 1652 1501 hominem
1664 1484 1678 1501 a
1690 1484 1741 1502 non
1754 1475 1867 1506 indocto,

227 1511 315 1537 ditum
332 1512 443 1546 optimis
464 1513 563 1539 studiis
588 1522 749 1549 summaque
773 1514 919 1541 modestiae
942 1515 1022 1542 sama.

226 1548 284 1580 Qua
295 1557 329 1575 ex
340 1557 367 1575 re
379 1554 506 1584 quantam
522 1549 687 1585 voluptatem
701 1552 819 1586 ceperim
828 1573 834 1582 ,
852 1553 920 1579 scire
937 1558 1020 1587 potes,

226 1586 307 1612 etiam
319 1595 361 1612 me
373 1591 484 1613 tacente.
516 1588 573 1614 Non
585 1588 658 1614 enim
670 1589 767 1619 nescis.
784 1590 878 1624 quanti
890 1594 914 1616 te
926 1589 1022 1616 faciam

226 1627 252 1649 et
271 1631 353 1658 quam
376 1632 424 1658 pro
445 1628 534 1651 nostro
554 1625 697 1652 veterrimo
713 1626 912 1662 verissimoque
933 1636 1022 1654 amore

225 1660 354 1686 omnibus
368 1661 435 1692 tuis,
449 1661 530 1687 etiam
542 1663 678 1693 minimis,
696 1663 859 1694 commodis.
879 1673 930 1690 non
943 1664 1022 1691 modo

226 1701 298 1723 tanto
311 1697 389 1728 bono,
402 1698 546 1734 gaudeam.
568 1699 628 1726 Noli
640 1704 743 1734 putare,
753 1701 790 1726 mi
801 1701 903 1731 Cicero,
918 1710 959 1727 me
972 1701 1022 1728 hoc
1043 1717 1052 1730 μ,

225 1733 339 1760 auribus
354 1735 408 1761 tuis
423 1735 500 1761 dare:
523 1736 592 1762 nihil
607 1736 775 1764 adolescente
791 1742 849 1768 tuo,
865 1742 944 1773 atque
956 1738 1022 1765 adeo

226 1776 328 1802 nostro,
346 1771 424 1807 (nihil
441 1773 514 1799 enim
530 1773 599 1799 mihi
613 1782 628 1800 a
643 1778 668 1800 te
679 1779 835 1808 potestesse
846 1775 1022 1810 seiunctum)

224 1813 271 1835 aut
280 1808 425 1835 amabilius
440 1810 568 1836 omnibus
583 1810 630 1841 iis,
648 1812 697 1845 qui
709 1812 821 1838 Athenis
832 1816 907 1842 sunt,
925 1818 966 1839 est
976 1818 1022 1840 aut

224 1845 375 1872 studiosius
386 1855 479 1873 earum
490 1848 588 1874 artium
596 1868 602 1879 ,
615 1856 683 1882 quas
695 1853 723 1874 tu
735 1849 854 1875 maxime
865 1858 952 1880 amas.
971 1850 1021 1876 hoc

223 1887 265 1909 est
282 1883 456 1918 optimarum.

223 1928 299 1950 sum,
318 1919 432 1946 libenter
441 1929 548 1956 quoque
559 1921 691 1957 gratulor,
709 1931 758 1949 nec
770 1924 860 1950 minus
876 1925 956 1950 etiam
972 1933 1022 1951 no-

224 1956 276 1987 bis,
285 1957 357 1992 quod
369 1966 440 1989 eum,
448 1966 530 1993 quem
542 1967 650 1985 necesse
661 1959 843 1996 eratdiligere,
852 1961 1020 1996 qualiscum-

222 2002 277 2029 que
288 1999 370 2025 esset,
384 1994 463 2021 talem
476 1995 621 2027 habemus,
637 2001 667 2022 ut
679 1996 793 2023 libenter
801 2006 910 2033 quoque
920 1999 1020 2035 diliga-

223 2039 295 2058 mus.
336 2033 360 2058 Ξ.
383 2031 435 2064 Qui
450 2041 535 2067 quum
551 2033 619 2059 mihi
635 2034 662 2060 in
678 2042 801 2061 sermone
817 2035 968 2067 iniecisset,
990 2045 1018 2062 se

223 2067 293 2094 velle
304 2068 395 2095 Asiam
408 2069 504 2100 visere.
518 2079 570 2097 non
581 2070 660 2097 modo
672 2072 811 2102 invitatus,
824 2072 872 2099 sed
884 2074 963 2099 etiam
976 2082 1019 2100 ro-

221 2110 301 2141 gatus
318 2111 358 2132 est
373 2114 386 2132 a
402 2115 456 2137 me,
475 2112 504 2134 ut
519 2107 546 2133 id
558 2108 730 2142 potissimum
742 2109 820 2135 nobis
830 2110 1018 2137 obtinentibus

221 2143 389 2178 provinciam
402 2143 507 2171 faceret.
529 2145 579 2171 Cui
591 2154 639 2171 nos
649 2150 674 2172 et
685 2146 793 2172 caritate
804 2151 830 2173 et
840 2155 929 2174 amore
940 2152 1017 2174 tuum

220 2179 342 2206 officium
353 2185 532 2215 praestaturos
543 2191 595 2208 non
607 2182 689 2209 debes
700 2183 834 2210 dubitare.
868 2184 938 2211 Illud
949 2194 1018 2220 quo-

220 2226 274 2252 que
285 2218 335 2244 erit
345 2218 423 2244 nobis
434 2227 526 2250 curae„
545 2224 573 2246 ut
583 2219 726 2255 Cratippus
738 2229 790 2247 una
802 2229 864 2247 cum
875 2230 906 2248 eo
917 2222 965 2253 sit,
984 2231 1016 2249 ne

220 2259 312 2289 putes,
330 2255 358 2281 in
369 2255 432 2281 Asia
448 2255 573 2282 feriatum
589 2256 667 2283 illum
683 2257 716 2283 ab
733 2258 767 2284 iis
778 2258 891 2289 studiis,
909 2259 937 2286 in
947 2268 1016 2294 quae

220 2296 265 2318 tua
276 2292 457 2319 cohortatione
470 2294 607 2324 incitatur,
627 2294 758 2321 futurum.
798 2296 866 2322 Nam
879 2296 957 2322 illum
968 2305 1017 2332 pa—

220 2333 321 2360 ratum,
340 2334 370 2356 ut
382 2330 475 2362 video,
492 2335 518 2357 et
528 2331 682 2366 ingressum
694 2332 774 2367 pleno
783 2333 869 2368 gradu
883 2333 1016 2360 cohortari

220 2374 272 2391 non
284 2367 501 2399 intermittemus.
510 2377 564 2403 quo
576 2369 603 2395 in
614 2369 673 2395 dies
685 2368 793 2405 longius
802 2370 932 2397 discendo
938 2379 1016 2397 exer-

219 2403 358 2438 cendoque
369 2413 397 2430 se
409 2405 543 2439 procedat.
584 2407 608 2432 3.
626 2406 678 2433 Vos
689 2407 756 2441 quid
768 2408 883 2442 ageretis
895 2408 922 2434 in
934 2417 1015 2443 repu-

220 2439 300 2470 blica,
312 2449 397 2475 quum
407 2442 456 2468 has
467 2442 568 2469 litteras
577 2442 684 2474 dabam,
698 2452 750 2470 non
761 2445 890 2471 sciebam.
912 2445 1016 2472 Audie-

220 2475 283 2502 bam
301 2478 434 2511 quaedam
456 2479 622 2510 turbulenta,
645 2488 714 2515 quae
733 2480 840 2508 scilicet
858 2483 940 2516 cupio
955 2491 1014 2508 esse

220 2511 296 2543 falsa.
313 2514 497 2549 utaliquando
507 2517 590 2543 otiosa
602 2517 723 2544 libertate
734 2517 867 2551 fruamur3
886 2519 959 2554 quod
970 2519 1013 2546 vel

220 2550 332 2576 minime
352 2551 420 2577 mihi
439 2553 528 2580 adhuc
546 2555 668 2590 contigit.
701 2555 758 2590 Ego
774 2560 861 2582 tamen
877 2561 971 2583 nactus
985 2557 1013 2583 in

220 2587 389 2622 navigatione
409 2594 498 2616 nostra
518 2590 650 2625 pusillum
672 2591 829 2623 laxamenti,
853 2594 1013 2620 concinnavi

219 2623 270 2649 tibi
286 2625 479 2652 munusculum
495 2635 528 2654 ex
543 2628 666 2655 instituto
681 2637 754 2656 meo:
775 2634 801 2656 et
815 2629 932 2662 dictum,
949 2639 1012 2658 cum

1043 1536 1046 1552 t

1056 1068 1057 1073 ¹
1079 1064 1112 1089 de
1125 1069 1168 1090 tua
1179 1065 1326 1091 constantia
1338 1064 1469 1092 dubitem.
1478 1065 1525 1091 sed
1536 1066 1600 1099 quia
1613 1074 1669 1091 mos
1681 1070 1720 1091 est
1732 1066 1766 1091 ita

1043 1781 1044 1786 ¹
1072 1773 1194 1799 omnium
1211 1781 1297 1805 moreq
1321 1772 1369 1799 sed
1385 1772 1467 1798 velim
1482 1773 1522 1799 sic
1536 1773 1690 1802 existimes.
1708 1780 1764 1804 me,

959 102 988 128 Τ.
1020 102 1290 130 CICERONIS

1086 181 1181 206 mamm
1194 179 1282 199 nostro
1294 173 1391 200 honore
1403 184 1416 200 n
1428 180 1452 201 te
1463 175 1578 205 dietum.
1596 177 1716 203 conclusi
1732 183 1757 204 et
1773 178 1822 205 tibi
1835 179 1876 206 in-

1085 209 1122 235 fra
1133 210 1294 244 suimetipsi.
1336 212 1362 237 ln
1380 212 1481 246 quibus
1498 214 1640 240 versiculis
1655 216 1678 240 si
1695 216 1743 241 tihi
1759 216 1876 250 quibus-

1083 247 1144 272 dam
1172 248 1261 273 verbis
1287 248 1564 285 οὐθινῤῥημωίιηψος
1589 252 1712 281 videbor,
1739 253 1877 287 turpitudo

1084 293 1212 318 personae
1223 285 1295 312 eius.
1315 286 1340 311 in
1353 295 1434 320 quam
1447 286 1559 313 liberius
1572 289 1738 319 invehimur.
1756 299 1803 316 nos
1817 291 1876 316 vin-

1083 321 1194 347 dicabit.
1236 323 1359 356 ignosces
1369 324 1449 349 etiam
1462 324 1615 351 iracundiae
1628 332 1740 354 nostrae.
1753 336 1822 361 quae
1835 328 1877 353 iu-

1083 363 1122 383 sta
1134 364 1174 384 est
1186 360 1212 384 in
1224 360 1358 385 eiusmodi
1370 365 1394 386 et
1406 361 1528 387 homines
1539 367 1564 388 et
1573 363 1659 389 cives.
1699 364 1811 391 Deinde.
1827 367 1875 399 qul

1084 396 1170 427 magis
1187 396 1235 421 hoe
1248 397 1351 422 Lucilio
1363 397 1467 424 licuerit
1478 408 1615 425 assumere
1633 400 1774 429 libertatis.
1793 410 1875 436 quam

1084 433 1179 458 nobis?
1197 442 1296 467 quumv
1320 435 1426 461 etiamsi
1441 435 1504 462 odio
1519 437 1576 470 pari
1593 436 1673 463 fuerit
1689 438 1715 463 in
1731 447 1790 466 eon,
1807 447 1877 473 quos

1085 470 1168 498 laesit.
1178 474 1264 496 tamen
1277 477 1347 497 certe
1359 481 1409 498 non
1423 474 1509 506 magis
1519 474 1617 508 dignos
1629 475 1760 504 habuerit,
1771 477 1796 501 in
1808 484 1877 510 quos

1083 512 1152 532 tauta
1175 507 1295 534 libertate
1316 509 1458 536 verborum
1481 511 1637 537 incurreret.
1679 513 1702 538 4,
1727 512 1765 538 Tu
1775 533 1780 540 ,
1806 514 1877 538 sicut

1083 545 1150 570 mihi
1163 545 1299 579 pollicitus
1311 555 1348 575 es,
1357 547 1489 579 adiunges
1501 557 1542 574 me
1554 557 1635 583 quam
1648 550 1766 583 primum
1777 549 1877 575 adtuos

1082 590 1229 608 sermones.
1272 584 1391 618 Namque
1407 584 1473 610 illud
1487 594 1538 611 non
1550 585 1657 615 dubito.
1675 587 1755 620 quinv
1774 586 1876 621 siquid

1081 619 1114 645 dc
1127 619 1233 645 interitu
1242 620 1362 646 Caesaris
1373 622 1485 650 scribas.
1499 631 1550 649 non
1562 623 1671 657 patiaris
1683 633 1724 649 me
1735 624 1875 650 minimam

1082 662 1183 691 partein
1204 662 1228 682 et
1253 658 1290 683 rei
1312 663 1337 684 et
1357 660 1455 685 amoris
1472 660 1509 686 tui
1527 659 1604 686 serre.
1647 660 1708 686 Vale
1723 666 1748 687 et
1765 666 1875 687 matrem

1083 703 1209 728 meosque
1221 694 1269 720 tibi
1281 696 1481 723 commendatos
1493 697 1572 723 habe.
1589 698 1619 723 D.
1633 706 1688 724 rui.
1702 698 1759 724 Kal.
1773 699 1872 728 lunias.

1081 731 1203 757 Athenis.

1134 801 1218 823 xwu
1229 801 1245 821 A
1256 802 1306 821 RG.
1324 802 1443 822 Cornificio
1459 803 1549 823 Afric-e
1565 803 1676 830 praeferto
1691 804 1718 824 nte
1732 803 1824 829 Syri-eo
1840 808 1875 824 tu-

1081 835 1150 856 multu
1166 841 1185 855 et
1198 837 1280 856 urlmnu
1293 837 1339 857 otiu
1351 838 1435 858 scribit.
1467 838 1555 858 Librum
1566 840 1592 858 'le
1602 839 1688 866 optimo
1698 846 1775 866 grune
1784 839 1876 859 dicendi

232 877 306 903 disse
315 897 320 907 Ι
334 877 381 912 qui
393 886 407 903 a
419 878 511 904 CssSSlO
522 878 606 905 relicti
618 879 679 905 urbi
692 879 730 905 11Ιί
742 885 894 914 praeerant,
911 885 1028 906 caeteros
1049 876 1052 918 ζ
1081 878 1098 891 ι.
1112 872 1228 891 nmmum
1239 873 1381 897 ‹omme-ulai.
1393 877 1414 892 et
1425 880 1486 892 nuum
1498 873 1542 899 ὶμιὶ
1553 874 1648 893 nudium
1660 875 1780 895 mutim-t.

1252 909 1330 929 litum-z
1338 923 1343 929 ,
1354 909 1420 929 Fnbm,
1430 910 1463 927 Τι’
1472 910 1526 926 δια-μ,
1537 918 1575 926 fn..

1109 951 1252 978 CICERO
1272 952 1300 978 S.
1322 953 1351 978 D.
1374 952 1603 980 CORNIFICIO
1623 954 1844 981 COLLEGAE.

1138 991 1160 1015 4.
1175 987 1257 1016 (irata
1270 989 1336 1016 mihi
1348 990 1521 1016 vehementer
1531 996 1571 1017 est
1583 992 1710 1017 memoria
1722 992 1805 1018 nostri
1818 997 1871 1022 tua.

1079 1035 1160 1061 quam
1173 1027 1330 1062 significasti
1344 1026 1452 1053 litteris:
1468 1036 1549 1062 quam
1562 1033 1590 1054 ut
1601 1037 1752 1058 conserves,
1762 1037 1874 1064 nonquo

1259 1102 1300 1128 Ex
1317 1102 1394 1137 Syria
1415 1102 1493 1128 nobis
1514 1102 1720 1129 tumultuosiora
1740 1074 1872 1138 quletiglznm

1595 919 1599 925 ι
1610 912 1635 927 ill,
1649 913 1701 931 ΤιΝ,

1079 1100 1120 1130 di.
1145 1110 1218 1137 rogo.

1079 1221 1137 1239 mae
1148 1222 1288 1239 summum
1298 1214 1383 1240 otium
1395 1218 1447 1245 est;
1461 1213 1509 1240 sed
1520 1214 1564 1243 ita,
1573 1219 1602 1240 ut
1614 1214 1692 1240 malis
1703 1214 1811 1241 salubre
1821 1214 1873 1241 ali-

1078 1250 1150 1284 quod
1165 1255 1191 1277 et
1207 1250 1349 1277 honestum
1365 1251 1517 1286 negotium:
1534 1251 1606 1286 quod
1617 1260 1696 1286 spero
1707 1251 1774 1278 sore:
1793 1251 1872 1279 video

1078 1287 1105 1313 id
1121 1296 1201 1314 curae
1216 1296 1276 1314 esse
1291 1288 1407 1314 Caesari.
1448 1290 1473 1314 2.
1495 1289 1536 1315 Me
1550 1290 1630 1319 scito.
1651 1289 1717 1315 dum
1738 1294 1765 1316 tu
1786 1289 1869 1320 absis,

1077 1326 1156 1359 quasi
1166 1326 1334 1352 occasionem
1345 1325 1490 1360 quamdam
1501 1331 1527 1352 et
1538 1325 1673 1352 licentiam
1679 1331 1796 1357 nactum.
1804 1327 1872 1353 scri-

1078 1362 1139 1388 bere
1151 1362 1294 1394 audacius;
1313 1368 1338 1389 et
1349 1367 1434 1389 cetera
1445 1363 1557 1398 quidem
1571 1363 1694 1395 fortasse,
1710 1372 1779 1399 quae
1790 1365 1870 1390 etiam

1077 1404 1104 1426 tu
1120 1400 1294 1426 concederes:
1317 1400 1364 1426 sed
1380 1401 1502 1435 proxime
1518 1401 1615 1435 scripsi
1631 1403 1661 1427 de
1675 1404 1768 1435 optimo
1781 1409 1872 1434 genere

1076 1439 1175 1463 ἀίοεηιίι
1183 1448 1190 1463 .·
1206 1438 1232 1463 in
1245 1446 1299 1472 quo
1309 1446 1389 1472 saepe
1400 1438 1555 1472 suspicatus
1564 1446 1635 1469 sum,
1648 1443 1673 1464 te
1685 1447 1698 1464 a
1710 1438 1812 1465 iudicio
1822 1446 1871 1465 no—

1075 1511 1228 1546 paullulum
1244 1511 1387 1538 dissidere.
1428 1513 1496 1538 Huic
1511 1517 1539 1539 tu
1560 1512 1628 1539 libro
1652 1513 1770 1539 maxime
1786 1512 1869 1539 velim

1075 1557 1109 1575 ex
1120 1549 1223 1580 animo,
1241 1550 1381 1580 siminus,
1397 1550 1499 1585 gratiae
1510 1557 1614 1580 caussa,
1628 1549 1783 1586 suffragere.
1823 1550 1870 1576 Di-

1052 1596 1053 1605 *
1074 1594 1133 1612 cam
1145 1587 1212 1617 tuis,
1225 1591 1254 1613 ut
1265 1595 1341 1617 eum,
1358 1587 1382 1612 si
1394 1586 1491 1617 velint,
1508 1587 1661 1614 describant
1672 1587 1705 1613 ad
1716 1593 1795 1622 teque
1806 1588 1870 1613 mit-

1075 1628 1139 1649 tant.
1174 1624 1240 1650 Puto
1251 1624 1333 1654 enim,
1346 1624 1452 1650 etiamsi
1464 1632 1521 1650 rem
1532 1625 1622 1650 minus
1633 1624 1765 1659 probaris,
1779 1629 1868 1651 tamen

1074 1661 1102 1686 in
1117 1661 1167 1687 ista
1183 1660 1342 1691 solitudine,
1360 1660 1498 1696 quidquid
1513 1670 1526 1687 a
1542 1669 1585 1687 me
1601 1660 1749 1696 profectum
1760 1662 1808 1692 sit,
1826 1663 1870 1688 iu-

1073 1697 1193 1724 cundum
1219 1698 1269 1724 tibi
1295 1698 1360 1725 l'ore.
1404 1700 1430 1724 3.
1455 1697 1532 1730 Quod
1553 1698 1621 1724 mihi
1641 1699 1869 1725 existimationem

1074 1740 1147 1761 tuam
1167 1734 1382 1771 dignitatemque
1401 1735 1587 1766 commendas,
1614 1734 1680 1761 facis
1704 1740 1733 1762 tu
1755 1735 1868 1770 quidem

1781 1781 1867 1808 quum

1073 1810 1170 1840 amori.
1188 1818 1270 1844 quem
1282 1810 1351 1837 inter
1363 1818 1410 1836 nos
1421 1814 1547 1836 mutuum
1558 1818 1617 1836 esse
1629 1809 1791 1845 intelligam.
1804 1810 1868 1845 plu-

1073 1847 1172 1873 rimum
1184 1847 1314 1878 tribuam,
1331 1852 1388 1874 tum
1403 1846 1437 1873 de
1448 1855 1556 1873 summo
1567 1847 1675 1882 ingenio
1688 1852 1714 1873 et
1724 1847 1757 1873 de
1768 1847 1867 1874 studiis

496 1885 587 1919 Itaque
607 1885 670 1915 tibi,
691 1885 763 1920 quod
779 1895 841 1912 vere
856 1886 941 1913 iacere
958 1896 1021 1922 pos-
1049 1894 1050 1915 l
1073 1884 1127 1910 tuis
1141 1885 1253 1919 optimis
1266 1884 1335 1911 etde
1346 1892 1394 1918 spe
1405 1884 1591 1919 amplissimae
1601 1884 1742 1920 dignitatis
1752 1884 1868 1911 itaiudi-

1049 1921 1050 1928 ’
1071 1929 1140 1952 care,
1154 1926 1183 1948 ut
1193 1922 1329 1948 neminem
1341 1921 1392 1948 tibi
1403 1926 1576 1956 anteponam,
1591 1929 1744 1956 comparem
1755 1930 1865 1957 paucos.

1124 1993 1208 2015 XVIII.
1228 1995 1306 2016 ARG.
1320 1995 1494 2022 infrequentiam
1509 1995 1634 2016 litterarum
1649 1999 1756 2020 exeunt.
1770 1995 1865 2018 Cornifi-

1071 2029 1127 2050 cium
1137 2029 1225 2055 laudat.
1236 2031 1264 2052 de
1274 2038 1320 2059 rep.
1330 2031 1443 2058 queritur.
1455 2034 1548 2051 excusat
1556 2031 1680 2052 Caesarem.

1287 2067 1364 2090 (Fabio,
1374 2067 1470 2086 Trebonio
1481 2074 1528 2085 eon.
1538 2067 1582 2085 suff.
1593 2069 1647 2089 709.)

1097 2110 1240 2138 CICERO
1260 2110 1289 2137 S.
1310 2111 1341 2137 D.
1363 2110 1594 2138 CORNIFICIO
1613 2110 1834 2138 COLLEGAE.

1126 2149 1148 2174 l.
1171 2142 1255 2179 Quod
1266 2153 1416 2174 extremum
1428 2147 1480 2174 fuit
1490 2148 1518 2174 in
1528 2156 1558 2174 ea
1572 2147 1698 2182 epistola,
1715 2156 1798 2183 quam
1812 2156 1827 2174 a
1838 2152 1863 2174 te

1068 2185 1191 2219 proxime
1202 2186 1302 2220 accepi,
1315 2185 1349 2211 ad
1360 2185 1388 2211 id
1399 2185 1519 2220 primum
1530 2184 1707 2219 respondebo.
1732 2185 1863 2211 Animum

1068 2221 1172 2248 adverti
1191 2223 1278 2253 enim,
1301 2222 1351 2249 hoc
1366 2231 1414 2249 vos
1429 2230 1542 2257 magnos
1554 2227 1670 2249 oratores
1690 2221 1777 2249 facere
1795 2230 1863 2248 non-

1067 2267 1228 2294 numquam.
1249 2259 1383 2294 Epistolas
1393 2260 1511 2294 requiris
1522 2268 1609 2286 meas:
1621 2267 1671 2295 ego
1681 2264 1770 2286 autem
1781 2267 1863 2286 num-

1067 2304 1163 2331 quam,
1181 2305 1267 2332 quum
1283 2297 1352 2323 mihi
1362 2296 1552 2323 denuntiatum
1563 2300 1658 2323 esseta
1672 2296 1739 2327 tuis,
1757 2296 1796 2323 ire
1811 2295 1863 2322 ali·-

1067 2341 1162 2367 quem,
1180 2342 1233 2360 non
1248 2334 1322 2360 dedi.
1362 2333 1439 2366 Quod
1454 2333 1523 2360 mihi
1538 2333 1631 2360 videor
1645 2341 1679 2359 ex
1695 2334 1750 2359 tuis
1765 2333 1861 2360 litteris

1067 2370 1232 2406 intelligere,
1249 2376 1274 2397 te
1290 2370 1360 2397 nihil
1374 2371 1585 2398 commissurum
1600 2378 1660 2396 esse
1675 2375 1787 2401 temere,
1810 2378 1861 2396 nec

1066 2412 1139 2439 ante.
1157 2417 1240 2443 quam
1255 2409 1368 2439 scisses,
1385 2416 1440 2443 quo
1455 2408 1519 2438 iste,
1536 2407 1628 2433 nescio
1642 2407 1703 2442 qui.
1725 2407 1860 2434 Caecilius

1066 2445 1165 2471 Bassus
1176 2450 1340 2480 erumperet,
1353 2445 1504 2480 quidquam
1514 2445 1581 2470 certi
1591 2445 1800 2471 constituturum
1808 2465 1814 2475 ,
1830 2443 1859 2470 id

1065 2490 1115 2517 ego
1127 2487 1152 2508 et
1162 2491 1299 2517 speraram
1309 2482 1453 2517 prudentia
1467 2486 1512 2508 tua
1527 2480 1624 2511 fretus,
1641 2486 1679 2512 et,
1696 2486 1726 2508 ut
1740 2481 1860 2508 confide—

1065 2527 1131 2549 rem,
1145 2519 1265 2546 fecerunt
1275 2524 1336 2546 tuae
1345 2519 1514 2555 gratissimae
1525 2518 1595 2545 mihi
1606 2518 1721 2545 litterae:
1735 2518 1818 2554 idque
1828 2522 1860 2545 ut

1066 2556 1148 2583 facias
1163 2565 1245 2592 quam
1260 2557 1433 2592 saepissime,
1450 2560 1492 2586 ut,
1510 2560 1536 2582 et
1549 2555 1617 2590 quid
1632 2560 1661 2582 tu
1671 2564 1735 2591 agas
1749 2560 1776 2582 et
1788 2554 1857 2590 quid

1065 2598 1166 2629 agatur.
1184 2595 1253 2621 scire
1264 2595 1378 2629 possim,
1387 2597 1413 2620 et
1423 2593 1503 2619 etiam
1514 2592 1582 2627 quid
1593 2597 1702 2619 acturus
1712 2593 1764 2623 sis.
1777 2592 1857 2619 valde

1064 2635 1089 2658 te
1100 2639 1173 2667 rogo.
1213 2631 1271 2658 Etsi
1284 2631 1429 2666 periniquo
1441 2629 1563 2665 patiebar
1577 2630 1681 2661 animo,
1698 2634 1723 2657 te
1733 2638 1748 2656 a
1759 2638 1802 2656 me
1812 2629 1856 2656 di-
