1941 3052
415 154 463 181 IN
495 153 695 181 VERREM
728 152 826 179 ACT.
853 152 885 178 II.

78 234 164 257 cereS,
188 229 318 261 quantum
333 225 443 260 negotii,
464 224 530 259 quid
544 225 631 251 oneris
646 223 770 254 haberes,
792 231 871 249 num-

80 272 161 299 quam
175 262 313 298 cogitasti?
326 271 413 297 neque
427 262 495 288 illud
506 262 614 288 rationis
627 261 754 291 habuisti,
770 261 793 286 si
805 259 870 286 forte

79 300 280 336 expergefacere
294 304 318 326 te
333 308 434 334 posses,
451 308 508 325 eam
519 299 691 334 provinciam,
709 307 791 333 quam
802 297 871 324 tueri

79 338 209 374 singulari
223 337 352 372 sapientia
366 341 445 372 atque
459 337 608 372 integritate
621 335 730 362 difficile
744 339 822 366 esset,
839 334 872 360 ad

79 383 213 402 summam
237 374 377 401 stultitiam
405 374 606 409 nequitiamque
632 372 756 399 venisse?
781 373 872 407 Itaque

79 421 132 439 non
147 412 224 438 modo
237 411 315 438 domo
328 416 372 438 tua
384 411 556 437 Chelidonem
570 411 598 437 in
613 416 734 445 praetura
748 409 873 436 extrude-

79 458 107 476 re
125 449 247 480 noluisti,
267 449 315 475 sed
332 449 359 475 in
374 448 527 476 Chelidonis
545 448 655 474 domum
670 452 819 482 praeturam
834 451 873 472 to-

80 491 131 513 tam
147 486 277 513 detulisti.
318 487 359 513 39.
380 486 474 512 Secuta
488 486 624 521 provincia
638 489 691 511 est:
715 485 742 511 in
756 493 809 519 qua
824 483 873 510 tibi

79 532 227 559 numquam
242 524 315 550 venit
328 524 355 550 in
370 528 493 554 mentem,
511 531 562 549 non
576 522 624 549 tibi
638 522 737 548 idcirco
751 521 834 547 fasces
848 525 874 546 et

78 569 187 588 secures
200 565 226 587 et
239 565 337 587 tantam
351 561 455 595 imperii
470 561 525 587 vim
540 564 691 594 tantamque
706 563 874 585 ornamento—

79 607 139 625 rum
154 599 274 625 omnium
289 598 445 634 dignitatem
459 597 560 628 datam,
581 601 610 623 ut
627 605 718 622 earum
737 604 826 622 rerum
846 596 871 621 vi

79 640 106 663 et
127 636 279 662 auctoritate
301 636 389 662 omnia
407 634 533 671 repagula
547 635 626 665 iuris,
653 633 764 668 pudoris
777 632 873 659 officii-

79 681 132 709 que
146 673 332 708 perfringeres,
350 677 379 699 ut
391 672 511 699 omnium
523 672 589 698 bona
601 670 725 706 praedam
737 675 810 696 tuam
821 669 873 695 du·

79 719 161 742 ceres.
177 715 207 737 ut
218 710 320 736 nullius
334 719 375 736 res
389 714 453 740 tuta,
470 708 572 735 nullius
585 708 682 735 domus
695 707 794 738 clausa,
812 706 873 733 nul-

80 747 133 774 lius
147 748 200 774 vita
214 752 300 782 septa,
321 747 422 774 nullius
438 746 565 781 pudicitia
580 746 682 772 munita
695 750 784 772 contra
799 749 872 770 tuam

78 785 252 820 cupiditatem
266 789 291 811 et
304 784 442 810 audaciam
456 787 545 818 posset
558 792 630 809 esse:
646 783 673 809 in
687 791 740 818 qua
755 787 783 808 tu
798 786 823 808 te
837 782 872 807 ita

78 823 195 858 gessisti,
212 826 249 853 ut,
265 822 390 848 omnibus
404 830 489 856 quum
504 825 607 847 teneare
621 820 710 851 rebus,
727 819 760 846 ad
770 819 872 846 bellum

79 859 255 895 fugitivorum
273 858 422 895 confugias.
462 858 503 884 Ex
519 867 574 893 quo
591 858 643 884 iam
658 856 799 893 intelligis,
820 865 873 883 non

79 896 158 923 modo
176 896 277 923 nullam
296 896 344 922 tibi
363 896 558 927 defensionem,
583 895 630 922 sed
649 895 793 921 maximam
817 894 873 920 vim

78 934 222 960 criminum
232 938 364 961 exortam:
380 934 432 960 nisi
446 933 511 960 forte
522 932 605 959 Italici
620 932 794 968 fugitivorum
809 931 873 958 belli

78 971 205 1007 reliquias
224 976 303 1006 atque
320 970 389 998 illud
403 971 583 1005 Tempsanum
597 969 797 997 incommodum
812 978 874 1004 pro-

79 1009 161 1041 feres;
181 1009 214 1035 ad
227 1008 299 1044 quod
314 1017 405 1035 recens
418 1017 504 1043 quum
519 1013 544 1034 te
558 1012 754 1043 peropportune
769 1007 873 1033 fortuna

79 1046 219 1077 attulisset,
236 1047 259 1072 si
269 1046 336 1081 quid
350 1047 377 1072 in
391 1050 416 1072 te
430 1046 537 1072 virtutis
551 1050 630 1080 atque
644 1045 790 1071 industriae
806 1044 873 1071 fuis-

78 1088 126 1115 set,
143 1083 223 1115 idem,
239 1084 286 1118 qui
301 1092 406 1118 semper
420 1083 517 1114 fueras,
534 1083 659 1109 inventus
674 1091 712 1109 es,

134 1121 202 1148 XVI.
218 1122 258 1148 ⁴0.
283 1120 372 1153 Quum
387 1120 420 1147 ad
434 1125 458 1147 te
471 1120 603 1147 Valentini
619 1121 767 1151 venissent,
788 1124 814 1145 et
827 1127 874 1154 pro

78 1158 121 1186 his
136 1158 215 1185 homo
227 1158 343 1185 disertus
357 1163 383 1185 et
396 1157 506 1189 nobilis,
523 1158 558 1184 M.
575 1158 688 1189 Marius,
710 1157 871 1192 loqueretur,

78 1200 109 1223 ut
122 1196 258 1232 negotium
276 1196 441 1231 susciperes.
461 1199 502 1227 ut,
524 1204 609 1230 quum
630 1203 710 1229 penes
729 1200 753 1221 te
771 1199 874 1230 praeto-

78 1234 149 1260 rium
163 1234 306 1268 imperium
321 1242 350 1260 ac
364 1241 460 1260 nomen
473 1237 551 1264 esset,
568 1233 600 1259 ad
612 1233 683 1259 illam
696 1241 805 1267 parvam
817 1241 874 1258 ma-

79 1280 144 1298 num
159 1271 381 1306 exstinguendam
395 1270 492 1297 ducem
506 1274 531 1296 te
545 1271 748 1305 principemque
764 1270 874 1304 praebe-

79 1317 134 1335 res:
160 1317 211 1335 non
234 1308 312 1335 modo
335 1308 361 1334 id
383 1307 519 1344 refugisti,
543 1307 591 1334 sed
614 1316 644 1334 eo
667 1308 726 1342 ipso
745 1311 871 1342 tempore,

79 1354 165 1381 quum
180 1353 252 1372 esses
266 1346 293 1372 in
308 1345 403 1377 littore,
419 1345 506 1371 Tertia
520 1344 565 1371 illa
580 1350 633 1376 tua,
650 1353 731 1380 quam
746 1349 774 1371 tu
785 1349 873 1371 tecum

79 1383 244 1418 deportaras,
264 1387 319 1409 erat
336 1383 364 1409 in
382 1383 503 1409 omnium
521 1387 679 1417 conspectu:
703 1382 771 1417 ipsis
785 1386 873 1408 autem

78 1420 227 1448 Valentinis
245 1429 278 1446 ex
297 1425 349 1446 tam
367 1420 467 1446 illustri
482 1419 619 1455 nobilique
633 1419 780 1454 municipio
795 1419 874 1445 tantis

79 1457 112 1484 de
127 1458 206 1484 rebus
221 1466 379 1492 responsum
394 1457 499 1484 nullum
511 1457 616 1488 dedisti,
632 1466 717 1492 quum
729 1465 801 1483 esses
812 1465 874 1483 cum

80 1496 168 1522 tunica
191 1494 264 1530 pulla
287 1499 312 1522 et
335 1495 425 1530 pallio.
466 1494 537 1527 Quid
561 1495 633 1521 hunc
651 1494 872 1529 proficiscentem,

79 1533 145 1568 quid
160 1533 186 1559 in
201 1533 259 1567 ipsa
275 1532 410 1567 provincia
425 1532 519 1559 fecisse
534 1532 694 1558 existimatis
704 1553 710 1563 ,
727 1532 774 1566 qui
788 1540 874 1566 quum

79 1571 131 1596 iam
149 1578 182 1596 ex
200 1570 349 1604 provincia,
370 1578 422 1596 non
440 1570 472 1596 ad
487 1570 669 1604 triumphum,
691 1569 738 1595 sed
757 1569 788 1595 ad
804 1569 875 1594 iudi-

78 1608 150 1634 cium
169 1607 320 1638 decederet,
343 1616 375 1633 ne
394 1607 467 1633 illam
486 1607 596 1641 quidem
611 1606 749 1633 infamiam
765 1606 871 1641 fugerit,

78 1653 160 1680 quam
183 1645 242 1671 sine
264 1644 319 1671 ulla
341 1644 477 1679 voluptate
498 1643 638 1679 capiebat?
677 1645 717 1670 41.
740 1643 761 1670 Ο
783 1644 874 1670 divina

79 1686 187 1709 senatus
212 1681 358 1717 frequentis
380 1682 407 1709 in
426 1682 490 1709 aede
508 1681 630 1708 Bellonae
649 1681 872 1708 admurmuratio!

78 1719 205 1746 Memoria
222 1719 331 1751 tenetis,
356 1719 472 1751 iudices,
496 1727 582 1754 quum
601 1719 832 1754 advesperasceret
850 1723 876 1744 et

78 1756 170 1792 paullo
183 1760 243 1783 ante
256 1761 327 1783 esset
340 1756 373 1783 de
387 1757 436 1784 hoc
450 1757 600 1791 Tempsano
618 1756 787 1783 incommodo
805 1765 875 1782 nun-

78 1795 182 1825 tiatum,
198 1803 283 1829 quum
297 1794 462 1821 inveniretur
475 1803 562 1825 nemo.
578 1794 626 1829 qui
640 1794 667 1820 in
683 1794 728 1820 illa
743 1793 798 1820 loca
812 1802 874 1820 cum

77 1832 192 1866 imperio
210 1831 369 1863 mitteretur,
390 1832 492 1859 dixisse
510 1831 668 1867 quemdam,
689 1832 796 1858 Verrem
816 1839 875 1857 esse

78 1877 131 1896 non
151 1868 228 1905 longe
246 1878 260 1895 a
275 1869 404 1904 Tempsa:
432 1878 513 1905 quam
533 1868 609 1896 valde
628 1869 747 1895 universi
767 1869 875 1895 admur-

78 1907 222 1938 murarint,
237 1915 319 1942 quam
333 1906 421 1942 palam
436 1908 571 1942 principes
585 1906 802 1933 contradixerint.
842 1906 876 1932 Et

77 1944 102 1970 is
116 1948 153 1970 tot
166 1944 325 1971 criminibus
344 1945 560 1980 testimoniisque
578 1945 716 1971 convictus
735 1945 762 1971 in
782 1952 874 1971 eorum

79 1980 183 2007 tabellis
202 1989 277 2016 spem
296 1981 347 2008 sibi
366 1981 483 2017 aliquam
503 1983 589 2017 ponit,
614 1991 730 2017 quorum
753 1981 874 2009 omnium

79 2018 176 2053 palam,
192 2026 286 2045 caussa
299 2019 441 2054 incognita,
459 2028 521 2045 voce
535 2020 676 2046 damnatus
691 2018 750 2046 est?

135 2055 217 2082 XVII.
240 2057 280 2083 42.
302 2056 378 2082 Esto:
405 2056 471 2083 nihil
491 2065 523 2083 ex
542 2056 717 2092 fugitivorum
738 2056 807 2083 bello
830 2061 875 2084 aut

79 2093 233 2127 suspicione
248 2092 311 2119 belli
327 2093 414 2120 laudis
428 2094 541 2128 adeptus
555 2099 607 2125 est,
628 2095 700 2129 quod
716 2103 802 2129 neque
817 2094 875 2121 bel-

79 2129 135 2156 lum
155 2130 286 2156 eiusmodi
306 2138 393 2165 neque
411 2130 473 2157 belli
493 2131 642 2166 periculum
662 2131 713 2158 fuit
730 2133 757 2158 in
772 2132 871 2164 Sicilia,

79 2175 167 2202 neque
180 2167 213 2193 ab
229 2168 278 2193 isto
292 2168 429 2202 provisum
444 2172 497 2199 est,
514 2177 546 2195 ne
560 2168 632 2204 quod
646 2173 725 2195 esset.
766 2169 798 2196 At
813 2178 873 2196 vero

78 2208 168 2231 contra
191 2204 292 2231 bellum
318 2204 480 2239 praedonum
503 2205 616 2233 classem
639 2206 733 2233 habuit
754 2211 872 2233 ornatam

79 2241 301 2278 diligentiamque
320 2243 347 2268 in
366 2250 397 2269 eo
414 2243 593 2278 singularem3
621 2244 711 2279 itaque
729 2244 780 2270 isto
799 2253 873 2279 prae-

78 2283 133 2306 tore
151 2279 284 2314 praeclare
302 2279 410 2306 defensa
433 2281 569 2314 provincia
591 2285 640 2307 est.
682 2282 726 2308 Sic
747 2281 780 2308 de
804 2281 873 2308 bello

78 2316 256 2351 praedonum,
277 2316 315 2343 sic
329 2316 361 2343 de
375 2316 460 2343 classe
474 2317 621 2350 Siciliensi,
638 2318 753 2349 iudices.
774 2319 870 2350 dicum,

78 2357 108 2380 ut
121 2353 170 2380 hoc
184 2354 236 2380 iam
251 2358 310 2380 ante
323 2354 486 2386 confirmem,
503 2355 530 2381 in
545 2355 594 2381 hoc
608 2364 661 2382 uno
674 2364 770 2391 genere
780 2365 873 2383 omnes

78 2390 166 2417 inesse
183 2390 276 2426 culpas
294 2392 373 2418 istius
391 2393 535 2423 maximas,
560 2393 697 2425 avaritiae,
718 2394 870 2425 maiestatis.

78 2427 239 2460 dementiae,
256 2428 388 2461 libidinis,
409 2429 583 2456 crudelitatis.
623 2430 691 2457 llaec
705 2431 770 2457 dum
785 2431 874 2457 brevi-

77 2469 117 2491 ter
131 2473 247 2500 expono,
267 2475 380 2502 quaeso,
401 2471 430 2493 ut
445 2466 544 2494 fecistis
558 2467 658 2499 adhuc,
679 2467 821 2504 diligenter
835 2472 874 2494 at-

78 2502 187 2529 tendite.

135 2540 176 2567 43.
197 2540 262 2567 Rem
280 2540 401 2568 navalem
420 2542 538 2577 primum
556 2542 591 2568 ita
609 2541 669 2568 dico
687 2550 745 2568 esse
758 2542 873 2569 admini-

78 2579 199 2609 stratam,
215 2586 267 2604 non
281 2578 320 2604 uti
335 2579 470 2613 provincia
484 2579 683 2610 defenderetur,
700 2579 747 2605 sed
763 2584 791 2605 ut
804 2579 873 2605 clas-

78 2613 116 2640 sis
135 2615 241 2641 nomine
259 2616 371 2650 pecunia
385 2621 565 2651 quaereretur.
607 2617 781 2651 Superior-um
797 2625 873 2651 prac-

78 2654 165 2677 torum
179 2652 344 2679 consuetudo
357 2662 442 2688 quum
457 2654 520 2680 haec
535 2653 642 2684 fuisset.
663 2658 692 2680 ut
711 2662 792 2680 naves
805 2655 872 2680 civi-

78 2688 178 2716 tatibus
202 2694 345 2725 certusque
372 2699 500 2718 numerus
527 2696 668 2718 nautarum
699 2691 872 2727 militumque

920 151 1063 177 L113.V.
1099 150 1195 176 CAP.
1224 151 1254 176 ⁴2
1275 150 1372 175 -19,
1667 148 1714 175 333

922 223 1104 256 imperaretur,
1122 221 1254 247 maximae
1267 225 1293 247 et
1307 219 1531 255 locupletissimae
1544 219 1645 245 civitati
1660 219 1716 244 Ma-

923 260 1049 285 mertinae
1064 258 1129 285 nihil
1145 259 1239 285 horum
1255 257 1432 293 imperavisti:
1448 257 1482 283 ob
1492 265 1574 292 quam
1585 264 1640 282 rem
1650 255 1716 290 quid

923 297 971 322 tibi
986 297 1134 322 Mamertini
1148 295 1216 322 clam
1235 295 1356 321 dederint
1373 295 1514 329 pecuniae,
1535 298 1594 328 post
1612 293 1717 319 videbi-

923 339 979 360 tur:
1008 342 1041 360 ex
1054 334 1174 368 ipsorum
1189 332 1283 359 litteris
1297 337 1323 358 et
1336 332 1448 358 testibus
1462 339 1633 366 quaeremus.
1675 331 1715 356 44.

924 372 1024 397 Navem
1039 379 1101 397 vero
1116 370 1231 406 Cybeam
1245 370 1403 401 maximam,
1425 369 1540 395 triremis
1558 369 1642 394 instar
1656 367 1719 402 pul-

924 409 1083 434 cherrimam
1106 412 1185 443 atque
1208 408 1419 438 ornatissimam,
1443 405 1530 441 palam
1554 405 1718 431 aedificatam

925 450 1034 480 sumptu
1050 444 1158 480 publico
1176 445 1275 471 sciente
1289 444 1393 475 Sicilia,
1414 452 1461 479 per
1479 444 1718 479 magistratumque

925 483 1111 509 Mamertinum
1123 483 1170 508 tibi
1182 481 1269 508 datam
1282 481 1459 516 donatamque
1469 489 1528 507 esse
1541 480 1610 506 dico.
1650 480 1720 505 Haec

925 521 1013 551 navis,
1035 524 1128 546 onusta
1148 519 1244 554 praeda
1263 519 1410 549 Siciliensi,
1431 527 1516 553 quum
1535 518 1592 552 ipsa
1611 524 1720 552 quoque

925 562 994 583 esset
1007 566 1040 584 ex
1054 557 1163 592 praeda,
1179 556 1261 582 simul
1276 565 1361 591 quum
1376 557 1425 582 iste
1439 555 1589 585 decederet,
1606 553 1719 589 appulsa

925 594 1025 621 Veliam
1040 599 1080 620 est
1093 603 1154 620 cum
1170 593 1294 628 plurimis
1308 593 1388 619 rebus
1402 598 1427 619 et
1442 594 1488 623 iis,
1508 601 1576 627 quas
1593 596 1654 618 aute
1667 591 1720 617 Ro-

925 641 995 658 mam
1014 632 1117 658 mittere
1136 640 1198 657 cum
1215 631 1309 657 ceteris
1329 630 1407 656 furtis
1426 630 1524 659 noluit,
1549 629 1622 664 quod
1645 632 1720 655 erant

924 670 1076 695 carissimae
1095 669 1266 702 maximeque
1284 676 1345 694 eum
1369 667 1543 693 delectabant.
1584 667 1650 692 Eam
1673 674 1720 692 na-

924 715 984 732 vem
999 715 1084 740 nuper
1097 710 1202 741 egomet
1213 705 1268 731 vidi
1279 705 1367 731 Veliae
1381 704 1513 739 multique
1527 703 1572 730 alii
1584 703 1717 734 viderunt,

924 744 1131 778 pulcherrimam
1158 747 1237 777 atque
1262 742 1472 772 ornatissimam,
1500 741 1616 767 iudices:
1651 748 1720 775 quae

924 781 1034 816 quidem
1053 780 1191 811 omnibus,
1215 780 1263 814 qui
1282 788 1340 805 eam
1359 783 1528 814 aspexerant,
1553 782 1721 813 prospectare

924 819 977 845 iam
996 817 1123 844 exsilium
1143 822 1223 852 atque
1237 816 1374 852 explorare
1389 816 1479 852 fugam
1494 816 1595 842 domini
1610 815 1721 841 videba-

925 861 976 882 tur.
1017 856 1111 882 XVIII.
1133 856 1174 881 45.
1196 854 1267 887 Quid
1290 854 1356 881 mihi
1381 854 1429 880 hoc
1454 853 1509 880 loco
1528 851 1721 888 respondebis?

925 894 976 920 nisi
991 892 1056 920 forte
1070 893 1110 924 id,
1132 891 1217 927 quod,
1241 892 1344 918 tametsi
1364 891 1469 926 probari
1489 890 1563 917 nullo
1581 890 1660 916 modo
1673 897 1721 924 po-

925 935 988 962 test,
1009 935 1096 957 tamen
1111 930 1164 956 dici
1178 929 1288 964 quidem
1302 930 1330 955 in
1344 929 1444 955 iudicio
1457 928 1490 955 de
1505 928 1626 963 pecuniis
1644 935 1721 962 repe-

925 968 1016 995 tundis
1036 976 1144 994 necesse
1162 971 1214 998 est,
1234 967 1267 993 de
1285 971 1329 993 tua
1349 967 1461 1001 pecunia
1480 965 1644 992 aedificatam
1662 972 1721 990 esse

925 1015 982 1033 eam
997 1014 1102 1032 navem.
1141 1004 1217 1031 Aude
1231 1004 1280 1031 hoc
1294 1004 1388 1030 saltem
1402 1004 1502 1034 dicere,
1523 1002 1594 1038 quod
1613 1009 1722 1028 necesse

925 1048 974 1070 est.
1015 1043 1074 1069 Noli
1089 1047 1215 1073 metuere,
1231 1042 1361 1073 Hortensi,
1379 1050 1410 1068 ne
1424 1049 1559 1076 quaeram,
1576 1040 1623 1075 qui
1639 1039 1722 1066 licue-

925 1082 958 1108 rit
976 1080 1114 1107 aedificare
1134 1088 1228 1106 navem
1253 1080 1376 1105 senatori.
1417 1079 1549 1113 Antiquae
1571 1082 1635 1104 sunt
1655 1078 1722 1103 istae

925 1118 997 1154 leges
1019 1123 1044 1144 et
1067 1122 1199 1148 mortuae,
1227 1116 1455 1152 quemadmodum
1479 1121 1507 1142 tu
1531 1115 1600 1142 soles
1623 1115 1720 1145 dicere,

924 1164 993 1191 quae
1007 1160 1105 1182 vetant.
1146 1155 1208 1181 Fuit
1220 1155 1271 1181 ista
1285 1154 1436 1189 respublica
1449 1153 1595 1189 quondam,
1611 1152 1722 1179 fuitista

925 1194 1053 1220 severitas
1071 1194 1098 1219 in
1118 1192 1238 1224 iudiciis,
1260 1196 1289 1218 ut
1308 1192 1385 1218 istam
1404 1200 1459 1217 rem
1474 1195 1610 1218 accusator
1623 1191 1651 1216 in
1665 1198 1722 1215 ma-

924 1231 985 1267 gnis
999 1230 1159 1257 criminibus
1173 1229 1351 1256 obiiciendam
1366 1233 1479 1264 putaret.
1501 1228 1573 1261 Quid
1587 1228 1659 1254 enim
1673 1227 1722 1253 tibi

925 1277 992 1295 nave
1006 1277 1074 1303 opus
1089 1267 1157 1294 fuit?
1179 1268 1226 1303 qui
1240 1268 1263 1293 si
1277 1276 1332 1302 quo
1345 1267 1452 1302 publice
1467 1266 1680 1301 proficiscereris,
1697 1269 1723 1291 et

926 1306 1052 1341 praesidii
1070 1310 1096 1332 et
1114 1310 1237 1332 vecturae
1254 1313 1348 1331 caussa
1367 1309 1477 1339 sumptu
1493 1303 1602 1338 publico
1616 1302 1722 1338 navigia

925 1344 1125 1378 praeberentur,
1141 1343 1266 1378 privatim
1281 1346 1370 1368 autem
1385 1350 1433 1368 nec
1444 1342 1574 1377 proficisci
1585 1348 1722 1376 quoquam

926 1390 1027 1416 posses,
1046 1389 1093 1407 nec
1108 1388 1240 1407 arcessere
1255 1388 1295 1406 res
1311 1380 1499 1406 transmarinas
1514 1388 1546 1405 ex
1560 1379 1593 1404 iis
1605 1378 1678 1408 locis,
1695 1378 1722 1404 in

925 1419 1026 1453 quibus
1041 1418 1088 1444 tibi
1104 1418 1209 1448 habere,
1227 1418 1337 1443 mercari
1352 1416 1418 1443 niliil
1435 1416 1533 1443 liceret.
1566 1417 1606 1442 46.
1623 1414 1722 1441 Deinde

925 1464 974 1482 cur
987 1456 1136 1491 quidquam
1150 1460 1239 1481 contra
1254 1454 1326 1490 leges
1341 1454 1456 1489 parasti?
1482 1453 1585 1481 Valeret
1603 1453 1652 1479 hoc
1670 1453 1722 1479 cri-

926 1502 986 1519 men
1003 1494 1028 1519 in
1045 1493 1088 1519 illa
1104 1493 1185 1519 veteri
1199 1493 1339 1518 severitate
1353 1501 1382 1517 ac
1400 1491 1528 1527 dignitate
1547 1489 1720 1525 reipublicae.

926 1532 1002 1557 Nunc
1017 1540 1068 1557 non
1083 1530 1161 1556 modo
1176 1535 1200 1556 te
1215 1530 1263 1556 lloc
1276 1530 1387 1555 crimine
1399 1537 1450 1555 non
1462 1537 1558 1564 arguo:
1575 1527 1622 1554 sed
1633 1536 1666 1554 ne
1677 1527 1721 1554 illa

925 1568 1035 1603 quidem
1046 1568 1183 1594 communi
1194 1567 1386 1601 vituperatione
1398 1565 1572 1601 reprehendo.
1589 1566 1722 1592 Postremo

926 1611 953 1632 tu
968 1606 1017 1632 tibi
1032 1605 1080 1632 hoc
1096 1613 1242 1639 numquam
1258 1609 1348 1639 turpe,
1369 1613 1517 1639 numquam
1536 1603 1720 1633 criminosum,

926 1651 1074 1677 numquam
1089 1642 1254 1669 invidiosum
1269 1641 1322 1667 fore
1342 1642 1454 1676 putasti,
1475 1641 1648 1667 celeberrimo
1667 1640 1723 1666 loco

926 1680 1013 1716 palam
1032 1680 1080 1706 tibi
1099 1680 1230 1706 aedificari
1249 1680 1395 1705 onerariam
1416 1688 1508 1705 nan-m
1530 1679 1555 1704 in
1571 1687 1600 1704 ea
1614 1678 1724 1713 provin·

925 1719 974 1749 cia,
989 1726 1070 1753 quam
1085 1721 1113 1744 tu
1127 1726 1189 1744 cum
1203 1717 1316 1751 imperio
1329 1716 1486 1743 obtinebas?
1499 1715 1568 1748 Quid
1579 1724 1624 1741 eos
1637 1715 1719 1750 loqui,

925 1756 973 1791 qui
993 1755 1131 1781 videbant:
1160 1754 1226 1789 quid
1245 1754 1397 1780 existimare
1416 1763 1472 1785 eos,
1499 1754 1545 1788 qui
1568 1753 1720 1784 audiebant,

926 1792 1107 1819 arbitrabare?
1129 1793 1234 1818 inanem
1255 1796 1279 1818 te
1298 1801 1392 1818 navem
1408 1800 1465 1818 esse
1481 1792 1507 1817 in
1522 1790 1623 1817 ltaliam
1637 1790 1723 1816 dedu-

926 1830 1050 1857 cturum‘?
1077 1829 1267 1856 naviculariam
1290 1834 1328 1861 te,
1353 1838 1438 1864 quum
1458 1830 1567 1855 Romam
1591 1829 1720 1858 venisses,

926 1877 985 1895 esse
1003 1867 1155 1894 facturum?
1181 1868 1219 1894 Ne
1237 1867 1305 1893 illud
1324 1867 1434 1902 quidem
1453 1867 1598 1901 quisquam
1623 1871 1723 1900 poterat

925 1906 1071 1940 suspicari,
1093 1911 1118 1932 te
1136 1906 1163 1932 in
1179 1905 1250 1932 Italia
1270 1906 1433 1932 maritimum
1454 1904 1549 1930 habere
1569 1903 1683 1930 fundum
1699 1908 1723 1929 ct

926 1943 959 1970 ad
974 1943 1075 1970 fructus
1089 1943 1266 1978 deportandos
1280 1944 1425 1970 onerariam
1446 1951 1539 1968 navem
1559 1949 1720 1976 comparare.

926 1981 1065 2009 Eiusmodi
1079 1982 1112 2008 de
1127 1987 1150 2008 te
1165 1981 1272 2008 voluisti
1287 1989 1437 2007 sermonem
1451 1989 1510 2005 esse
1523 1980 1659 2009 omnium,
1677 1988 1723 2013 pa-

927 2020 978 2047 lam
990 2025 1019 2046 ut
1030 2019 1210 2054 loquerentur,
1224 2023 1248 2045 tc
1260 2018 1332 2045 illam
1346 2026 1438 2044 navem
1451 2025 1551 2052 parare,
1567 2025 1636 2051 quae
1648 2024 1723 2051 prae-

925 2058 986 2084 dam
1005 2066 1039 2084 ex
1057 2056 1148 2083 Sicilia
1166 2056 1315 2091 deportaret
1334 2060 1359 2082 et
1376 2055 1408 2081 ad
1427 2064 1456 2081 ea
1476 2054 1559 2084 furta,
1579 2062 1647 2088 quae.
1661 2053 1723 2079 reli-

926 2095 1041 2130 quisses,
1055 2093 1232 2121 commearet?
1253 2095 1293 2119 47.
1307 2093 1403 2119 Verum
1415 2093 1478 2118 llaec
1489 2100 1586 2122 omma,
1600 2092 1622 2117 si
1633 2091 1720 2121 dores,

927 2141 1021 2159 navem
1035 2132 1068 2158 de
1083 2136 1125 2158 tua
1141 2132 1253 2166 pecunia
1268 2131 1440 2159 aedificatam,
1458 2130 1561 2155 remitto
1572 2134 1650 2163 atque
1660 2138 1722 2154 cou-

925 2170 999 2196 cedo.
1040 2169 1092 2195 Sed
1111 2169 1173 2199 hoc,
1199 2169 1279 2195 homo
1296 2168 1491 2197 amentissime,
1518 2175 1569 2192 non
1595 2165 1722 2199 intelligis

926 2208 1012 2242 priore
1030 2207 1131 2233 actione
1150 2206 1183 2232 ab
1201 2206 1260 2232 istis
1275 2206 1341 2240 ipsis
1356 2205 1520 2231 Mamertinis
1535 2204 1588 2230 tuis
1604 2203 1722 2229 laudato-

926 2245 1000 2271 ribus
1012 2253 1070 2270 esse
1081 2243 1236 2270 sublatum?
1248 2243 1313 2269 Nam
1325 2242 1394 2268 (lixit
1404 2243 1494 2271 licius,
1509 2242 1632 2276 princeps
1644 2241 1722 2266 istius

927 2282 1077 2317 legationis.
1098 2289 1167 2316 quae
1181 2280 1214 2306 ad
1229 2285 1301 2306 tuam
1318 2279 1495 2305 laudationem
1511 2279 1591 2304 missa
1606 2283 1659 2307 est,
1677 2286 1722 2303 na-

926 2328 985 2345 vem
1001 2319 1048 2345 tibi
1062 2319 1150 2353 operis
1165 2317 1281 2352 publicis
1296 2317 1512 2343 Mamertinorum
1527 2324 1586 2341 csse
1600 2315 1722 2340 aedifica-

926 2361 977 2382 tam
997 2357 1075 2391 eique
1094 2355 1228 2381 faciendae
1246 2359 1393 2380 senatorem
1409 2354 1595 2379 Mamertinum
1616 2351 1722 2386 publice

926 2393 1082 2428 praefuisse.
1124 2392 1234 2427 Reliqua
1257 2396 1297 2418 est
1319 2392 1451 2417 materies.
1493 2391 1563 2416 Ilauc
1582 2389 1719 2423 Rheginis,

926 2436 954 2457 ut
972 2431 1023 2465 ipsi
1041 2430 1134 2456 dieunt
1147 2429 1262 2464 (tametsi
1282 2434 1310 2454 tu
1329 2437 1424 2463 negare
1439 2436 1490 2453 non
1506 2427 1589 2462 potes)
1603 2427 1719 2461 publice,

924 2468 996 2503 quod
1016 2466 1163 2494 Mamertini
1183 2466 1318 2492 materiem
1339 2474 1389 2492 non
1410 2465 1520 2494 liabent,
1545 2465 1719 2499 imperavisti.

926 2506 998 2531 xix.
1021 2505 1048 2531 Si
1063 2509 1134 2531 etex
1148 2512 1202 2539 quo
1217 2504 1244 2530 lit
1259 2504 1347 2533 navis,
1368 2508 1393 2529 et
1411 2503 1458 2537 qui
1474 2502 1587 2532 faciunt.
1610 2502 1722 2536 imperio

925 2543 971 2569 tibi
988 2547 1041 2573 tuo,
1059 2550 1109 2568 non
1125 2542 1208 2576 pretio
1224 2545 1326 2576 praesto
1338 2540 1459 2569 suerunt,
1477 2540 1522 2565 nbi
1535 2538 1640 2565 tandem
1653 2540 1720 2565 istuc

925 2580 998 2610 latet,
1019 2579 1091 2615 quod
1111 2583 1138 2605 tu
1153 2579 1186 2605 de
1201 2583 1244 2604 tua
1260 2578 1371 2613 pecunia
1385 2577 1452 2603 dicis
1468 2577 1639 2611 impensum?
1678 2578 1717 2603 4⁸.

924 2617 957 2643 At
972 2617 1119 2643 Mamertini
1135 2617 1161 2642 in
1177 2615 1274 2642 tubulis
1290 2614 1356 2641 nihil
1372 2615 1479 2641 liabent.
1509 2615 1627 2641 Primum
1643 2614 1721 2640 video

924 2655 1043 2689 potuisse
1062 2654 1131 2684 fieri,
1153 2658 1181 2680 ut
1199 2662 1232 2680 ex
1250 2653 1350 2679 aerario
1369 2651 1435 2679 nihil
1450 2651 1555 2678 darent:
1571 2667 1607 2671 —
1621 2652 1718 2678 etenim

924 2692 965 2718 vel
985 2692 1159 2727 Capitolium,
1188 2691 1257 2717 sicut
1275 2690 1346 2725 apud
1366 2690 1478 2716 maiores
1498 2694 1601 2716 nostros
1620 2689 1718 2715 factum
