1941 3052
400 131 586 159 ORATIO
619 131 708 159 PRO
740 131 771 158 Α.
806 130 1072 158 CLUENTIO.
1107 131 1206 158 CAP.

67 212 81 230 a
102 203 160 230 viro
177 202 341 234 continebat,
371 203 439 229 victa
457 203 580 234 avaritia,
609 202 702 230 sceleri
722 202 863 238 Oppianici

67 240 197 267 vendidit.
230 241 270 266 35.
286 239 360 266 Nihil
375 249 454 275 posse
467 241 520 267 iam
535 240 569 267 ad
582 240 651 267 hanc
664 241 862 275 improbitatem

67 278 129 304 addi
143 277 262 304 videtur:
279 277 406 304 attendite
420 278 531 304 exitum.
552 277 625 310 Quae
639 277 737 304 mulier
746 278 864 304 obtesta-

67 316 138 342 tione
155 315 207 341 viri
225 315 318 342 decem
336 314 391 341 illis
410 315 550 341 mensibus
569 324 602 341 ne
620 315 730 341 domum
752 314 862 350 quidem

66 352 164 383 ullam,
185 352 238 379 nisi
252 361 345 379 socrus
363 361 441 384 suae,
462 361 541 379 nosse
559 352 665 384 debuit,
687 352 751 379 haec
768 353 864 387 quinto

67 398 159 416 mense
173 394 232 424 post
246 390 298 416 viri
312 394 424 416 mortem
438 390 491 425 ipsi
505 389 653 425 Oppianico
667 390 768 425 nupsit.
790 389 864 422 Quae

66 427 176 462 nuptiae
190 436 242 453 non
257 427 400 454 diuturnae
414 427 532 454 fuerunt.
558 427 640 454 Erant
653 428 725 454 enim
740 436 792 453 non
807 435 864 453 ma-

66 465 185 491 trimonii
199 465 337 500 dignitate,
354 465 401 491 sed
415 465 524 491 sceleris
538 465 662 491 societate
676 465 842 491 coniunctae.

122 502 192 528 XIII.
209 504 250 528 36.
266 501 355 534 Quid?
368 502 413 528 illa
427 502 520 528 caedes
534 502 629 528 Asuvii
645 502 784 532 Larinatis,
801 501 865 528 ado-

66 538 193 566 lescentis
204 540 352 574 pecuniosi,
365 548 446 574 quam
457 539 527 566 clara
538 544 605 570 tum,
618 539 717 565 recenti
728 539 769 565 re!
781 547 863 574 quam

66 577 188 604 omnium
202 585 325 603 sermone
334 577 479 604 celebrata!
495 577 556 603 Fuit
565 576 682 603 Avillius
692 576 802 612 quidam
814 577 864 602 La-

66 614 138 641 rinas
153 614 255 650 perdita
270 615 388 650 nequitia
407 619 432 641 et
449 623 556 641 summa
574 618 703 649 egestate,
725 618 778 640 arte
796 622 864 648 qua-

66 651 127 678 dam
147 652 285 687 praeditus
303 652 336 678 ad
355 651 480 678 libidines
504 651 763 678 adolescentulorum
790 651 864 677 exci-

67 689 160 716 tandas
179 689 389 716 accommodata:
409 689 457 724 qui
476 693 505 715 ut
523 697 551 715 se
570 688 708 715 blanditiis
728 693 754 715 et
771 696 864 714 assen-

66 727 213 753 tationibus
232 727 259 753 in
273 727 369 753 Asuvii
387 726 610 753 consuetudinem
627 726 735 760 penitus
753 726 864 752 immer-

67 765 115 795 sit,
131 764 296 799 Oppianicus
310 764 436 790 continuo
450 772 556 798 sperare
570 763 665 798 coepit,
682 763 732 790 hoc
746 772 774 790 se
788 763 864 789 Avil-

67 801 115 833 lio,
132 806 268 836 tamquam
283 801 372 836 aliqua
387 801 509 827 machina
525 801 642 832 admota,
659 809 753 836 capere
767 801 863 827 Asuvii

66 838 271 865 adolescentiam
284 843 309 865 et
319 838 438 865 fortunas
449 839 508 864 eius
519 839 618 873 patrias
632 846 790 874 expugnare
801 846 864 873 pos-

66 884 105 902 se.
146 877 222 902 Ratio
235 877 382 911 excogitata
397 876 486 902 Larini
500 880 554 907 est,
575 884 618 902 res
633 875 725 902 tralata
740 876 862 902 Romam.

65 913 134 939 Inire
148 913 219 940 enim
234 913 261 940 id
275 913 418 940 consilium
433 913 540 940 facilius
558 913 586 940 in
604 912 763 945 solitudine,
784 912 862 948 perfi-

65 959 124 977 cere
143 959 199 977 rem
218 950 351 977 eiusmodi
369 951 537 978 commodius
556 951 582 977 in
602 950 679 977 turba
698 959 778 986 posse
792 950 864 977 arbi-

64 989 125 1015 trati
143 993 216 1015 sunt.
256 987 376 1015 Asuvius
394 997 456 1015 cum
475 986 573 1015 Avillio
588 989 698 1014 Romam
717 992 757 1014 est
776 988 864 1023 profe-

64 1030 133 1053 ctus.
168 1026 219 1052 Hos
235 1026 356 1062 vestigiis
371 1025 536 1061 Oppianicus
550 1031 710 1052 consecutus
725 1030 773 1052 est.
809 1027 863 1052 lam

64 1067 95 1090 ut
107 1064 205 1090 Romae
219 1063 344 1095 vixerint,
361 1064 462 1098 quibus
472 1063 613 1095 conviviis,
629 1063 731 1099 quibus
743 1062 860 1099 flagitiis,

63 1101 172 1136 quantis
186 1105 212 1127 et
225 1109 306 1136 quam
321 1100 439 1136 profusis
453 1101 623 1136 sumptibus,
640 1110 692 1127 non
707 1101 787 1128 modo
800 1110 864 1128 con-

64 1139 133 1170 scio,
154 1138 201 1165 sed
219 1139 298 1165 etiam
317 1139 430 1165 conviva
448 1143 474 1166 et
487 1139 607 1165 adiutore
621 1138 783 1174 Oppianico,
806 1138 863 1165 lon—

64 1185 130 1212 gum
145 1180 185 1203 est
198 1176 265 1202 mihi
279 1176 381 1209 dicere,
402 1177 557 1212 praesertim
577 1176 610 1202 ad
628 1176 679 1203 alia
699 1176 861 1211 properanti.

63 1214 173 1241 Exitum
191 1214 274 1240 huius
293 1213 464 1241 assimulatae
487 1214 675 1240 familiaritatis
699 1215 860 1250 cognoscite.

64 1252 107 1278 37.
122 1251 212 1283 Quum
226 1255 298 1278 esset
311 1251 465 1278 adolescens
480 1251 552 1287 apud
565 1251 752 1278 mulierculam
766 1260 863 1287 quam-

64 1288 126 1316 dam
140 1293 220 1324 atque
234 1289 281 1316 ubi
295 1293 474 1324 pernoctaret,
495 1289 533 1316 ibi
550 1289 623 1315 diem
638 1293 774 1324 posterum
789 1298 863 1316 com-

64 1331 224 1358 moraretur,
244 1326 375 1359 Avillius,
391 1331 421 1354 ut
434 1331 490 1354 erat
503 1328 692 1358 constitutum,
709 1326 821 1354 simulat
834 1335 863 1353 se

64 1368 200 1400 aegrotare
217 1368 244 1390 et
261 1368 449 1391 testamentum
470 1364 555 1391 facere
578 1364 656 1390 velle.
697 1364 862 1399 Oppianicus

63 1402 248 1438 obsignatores
259 1401 293 1428 ad
303 1410 375 1433 eum,
387 1402 435 1437 qui
446 1411 533 1437 neque
544 1401 677 1428 Asuvium
689 1410 776 1437 neque
786 1402 862 1429 Avil-

65 1438 132 1466 lium
151 1443 273 1471 nossent,
299 1439 421 1471 adducit,
446 1445 472 1466 et
494 1439 572 1466 illum
592 1439 726 1466 Asuvium
745 1440 863 1475 appellat

64 1477 131 1512 ipse.
166 1477 335 1504 Testamento
348 1476 444 1504 Asuvii
459 1479 566 1504 nomine
580 1477 728 1513 obsignato,
745 1477 863 1504 discedi—

64 1519 116 1542 tur.
138 1513 255 1541 Avillius
270 1513 343 1541 illico
355 1514 525 1541 convalescit.
548 1515 668 1542 Asuvius
683 1519 771 1541 autem
786 1515 862 1542 brevi

63 1552 110 1579 illo
121 1556 249 1587 tempore,
264 1552 342 1587 quasi
353 1552 380 1579 in
393 1552 512 1579 hortulos
524 1553 580 1584 irct,
598 1553 624 1578 in
636 1553 769 1579 arenarias
780 1561 863 1588 quas-

62 1589 125 1616 dam
144 1593 217 1616 extra
235 1593 338 1624 portam
352 1589 521 1625 Esquilinam
541 1590 700 1625 perductus,
721 1591 860 1617 occiditur.

64 1629 105 1654 38.
125 1626 177 1659 Qui
195 1635 281 1662 quum
300 1635 384 1654 unum
403 1628 456 1654 iam
471 1632 496 1654 et
509 1627 623 1654 alterum
637 1627 708 1654 diem
723 1628 862 1655 desidera-

63 1668 148 1696 retur,
169 1672 257 1700 neque
271 1664 298 1691 in
312 1665 346 1691 iis
362 1663 439 1696 locis,
461 1665 508 1692 ubi
522 1674 555 1692 ex
568 1665 764 1692 consuetudine
778 1675 862 1701 quae-

62 1702 179 1733 rebatur,
190 1702 366 1734 inveniretur,
378 1706 404 1729 et
413 1702 578 1738 Oppianicus
589 1703 616 1729 in
629 1702 684 1729 foro
695 1703 860 1730 Larinatium

62 1739 207 1771 dictitaret,
224 1747 310 1775 nuper
323 1748 353 1766 se
366 1744 392 1766 et
405 1749 468 1767 suos
483 1741 582 1767 amicos
597 1744 785 1768 testamentum
801 1742 860 1767 eius

61 1777 228 1813 obsignasse,
246 1776 335 1804 liberti
347 1777 453 1810 Asuvii,
470 1782 496 1804 et
509 1777 631 1805 nonnulli
643 1778 730 1811 amici,
747 1779 819 1814 quod
831 1787 861 1805 co

61 1814 118 1846 die,
144 1823 198 1850 quo
220 1819 385 1850 postremum
404 1815 524 1842 Asuvius
544 1816 619 1842 visus
638 1820 705 1847 crat,
730 1816 860 1843 Avillium

61 1860 124 1879 cum
138 1860 170 1878 eo
183 1851 268 1879 fuisse
282 1857 308 1879 et
324 1861 339 1879 a
357 1852 451 1879 multis
470 1854 559 1880 visum
578 1861 638 1880 esse
656 1854 806 1885 constabat,
833 1854 860 1881 in

62 1898 125 1916 eum
143 1889 288 1921 invadunt,
314 1894 340 1916 et
357 1890 495 1917 hominem
518 1895 578 1917 ante
601 1890 683 1926 pedes
702 1891 733 1924 Q.
754 1891 858 1923 Manlii,

61 1926 110 1962 qui
124 1931 181 1953 tum
195 1931 251 1954 erat
264 1927 402 1960 triumvir,
417 1928 597 1955 constituunt:
613 1933 693 1964 atque
707 1929 763 1956 illic
776 1930 862 1956 conti—

63 1972 129 1996 nuo,
146 1963 221 1991 nullo
236 1968 310 1997 teste,
327 1964 402 1992 nullo
416 1965 513 1997 indice,
530 1966 643 1992 recentis
659 1966 782 1993 maleficii
797 1975 861 1993 con-

62 2001 172 2028 scientia
187 2002 353 2036 perterritus,
369 2003 467 2034 omnia,
483 2007 513 2030 ut
527 2012 540 2029 a
555 2012 597 2030 me
612 2003 702 2038 paullo
715 2009 776 2030 ante
790 2004 860 2031 dicta

63 2043 135 2070 sunt,
152 2039 273 2073 exponit,
290 2039 478 2075 Asuviumque
493 2049 506 2066 a
521 2049 589 2072 sese,
605 2041 717 2068 consilio
731 2042 861 2076 Oppiani-

62 2076 99 2107 ci,
115 2075 286 2103 intersectum
301 2076 406 2104 fatetur.
433 2079 474 2104 39.
490 2078 646 2105 Extrahitur
660 2078 739 2105 domo
755 2079 860 2105 latitans

62 2113 228 2149 Oppianicus
247 2122 260 2140 a
275 2114 387 2141 Manlio:
412 2115 494 2142 index
508 2115 624 2142 Avillius
644 2124 677 2142 ex
691 2116 772 2142 altera
787 2121 860 2151 parte

61 2159 150 2178 coram
165 2155 279 2178 tenetur.
301 2152 348 2178 ttic
362 2152 428 2187 quid
443 2152 495 2178 iam
511 2153 613 2188 reliqua
623 2154 772 2188 quaeritis‘.>
786 2155 860 2180 Man-

63 2187 130 2215 lium
148 2188 270 2224 plerique
290 2189 402 2216 noratis:
429 2198 481 2216 non
500 2189 546 2216 ille
565 2191 690 2217 bonorem
706 2200 720 2217 a
735 2192 857 2226 pueritia,

62 2234 114 2253 non
129 2225 217 2252 studia
232 2226 353 2258 virtutis,
375 2235 426 2253 non
446 2227 531 2254 ullum
551 2228 757 2255 existimationis
776 2229 860 2256 bonae

62 2262 179 2290 fructum
199 2272 328 2299 umquam
346 2264 486 2300 cogitarat,
514 2264 562 2291 scd
580 2273 613 2292 ex
632 2266 762 2300 petulanti
781 2271 860 2301 atque

62 2301 184 2336 improbo
201 2310 292 2327 scurra
312 2302 338 2328 in
357 2301 500 2328 discordiis
518 2302 635 2329 civitatis
654 2303 686 2329 ad
704 2312 762 2330 eam
785 2304 860 2331 colu-

63 2346 161 2371 mnam,
178 2338 210 2365 ad
225 2347 305 2374 quam
322 2339 467 2366 multorum
482 2348 561 2374 saepe
571 2340 700 2367 conviciis
713 2341 859 2375 perductus

62 2379 129 2408 erat,
150 2380 207 2402 tum
226 2376 360 2412 suffragiis
380 2376 472 2411 populi
492 2382 656 2411 pervenerat.
698 2379 789 2413 ltaque
804 2387 858 2405 rem

61 2421 123 2440 cum
142 2412 290 2448 Oppianico
312 2414 447 2450 transigit:
478 2414 618 2449 pecuniam
643 2415 676 2441 ab
699 2423 730 2442 eo
753 2416 856 2451 accipit.

61 2458 184 2477 caussam
203 2455 228 2477 et
245 2456 398 2486 susceptam
419 2456 445 2478 et
459 2451 627 2478 manifestam
643 2452 781 2487 relinquit.
823 2453 860 2479 Ac

63 2492 118 2514 tum
130 2487 157 2514 in
167 2487 308 2523 Oppianici
318 2497 412 2515 caussa
423 2489 523 2515 crimen
536 2489 584 2515 boc
595 2489 762 2516 Asuvianum
773 2499 858 2525 quum

63 2524 176 2552 testibus
191 2525 296 2557 multis,
314 2531 370 2552 tum
387 2535 449 2552 vero
463 2526 561 2562 indicio
575 2526 666 2553 Avillii
682 2527 856 2562 probabatur:

61 2561 89 2588 111
107 2570 161 2597 quo
179 2562 247 2589 iuter
260 2563 387 2599 allegatos
401 2563 542 2598 Oppianici
557 2572 652 2590 nomen
668 2565 785 2599 primum
800 2573 860 2591 esso

61 2599 206 2630 constabat.
223 2600 290 2631 eius,
305 2609 387 2636 quem
402 2610 449 2627 vos
460 2601 588 2627 miserum
601 2606 681 2636 atquc
692 2602 858 2628 innocentem

63 2634 129 2663 talso
142 2636 243 2663 iudicio
256 2637 470 2664 circumventum
485 2647 544 2664 esse
558 2638 658 2664 dicitis.

117 2673 187 2701 xlv.
200 2675 241 2701 40.
257 2674 346 2708 Quid?
359 2675 446 2702 aviam
462 2676 707 2711 tuam,Oppianice,
722 2676 857 2708 Dinaeam,

1241 133 1256 157 9
1276 147 1313 151 -—
1335 133 1374 158 15.
1663 134 1711 159 377

915 203 958 229 cui
973 207 1001 228 tu
1016 210 1044 228 es
1059 202 1145 233 heres,
1162 207 1237 237 pater
1250 206 1314 229 tuus
1328 211 1380 229 non
1392 201 1533 229 manifesto
1544 203 1666 230 necavit?
1679 203 1711 230 ad

914 249 996 275 quam
1015 248 1100 275 quum
1119 240 1278 266 adduxisset
1295 240 1430 266 medicum
1444 239 1522 266 illum
1537 248 1632 270 suum,
1658 241 1712 267 iam

915 278 1065 312 cognitum,
1085 282 1111 304 et
1124 286 1204 312 saepe
1219 278 1359 309 victorem,
1380 286 1427 312 per
1444 286 1526 312 quem
1547 277 1714 304 interfecerat

915 314 1056 349 plurimoS,
1072 315 1170 341 mulier
1183 315 1322 346 exclamat,
1338 323 1367 341 se
1381 315 1414 341 ab
1427 323 1458 341 eo
1470 315 1544 341 nullo
1554 315 1633 341 modo
1644 315 1714 341 velle

915 352 1010 383 curari,
1027 360 1081 387 quo
1094 356 1203 378 curante
1217 361 1281 379 suos
1295 361 1387 379 omnes
1399 352 1568 387 perdidisset.
1591 353 1659 378 Tum
1672 361 1714 379 re-

916 394 995 424 pente
1008 389 1205 416 Anconitanum
1220 390 1375 425 quemdam,
1392 390 1421 416 L.
1439 389 1571 420 Clodium,
1589 390 1714 425 pharma-

915 426 1035 461 copolam
1049 427 1300 459 circumforaneum,
1317 428 1365 462 qui
1378 436 1442 453 casu
1457 432 1514 453 tum
1526 427 1652 454 Larinum
1668 436 1715 453 ve-

916 465 1008 495 nisset,
1025 465 1187 500 aggreditur,
1204 469 1303 491 etcum
1318 473 1348 491 eo
1358 465 1413 491 H-S
1424 465 1531 491 duobus
1542 464 1673 495 millibus,
1688 465 1713 490 111

915 501 986 536 quod
1002 502 1089 536 ipsius
1104 502 1202 528 tabulis
1217 506 1273 528 tum
1288 507 1329 529 est
1342 502 1562 533 demonstratum,
1579 502 1712 538 transigit.

916 539 944 564 L.
961 538 1084 570 Clodius,
1101 540 1148 574 qui
1162 544 1327 574 properaret,
1347 540 1391 566 cui
1406 539 1460 566 sora
1475 540 1558 566 multa
1573 544 1711 570 restarent,

915 575 996 602 simul
1012 581 1091 611 atque
1106 576 1274 603 introductus
1288 581 1336 608 est,
1353 586 1408 603 rem
1423 577 1549 603 confecit:
1566 578 1651 612 prima
1667 586 1714 612 po-

916 613 986 639 tione
1004 614 1144 640 mulierem
1163 613 1287 640 sustulit:
1312 622 1400 649 neque
1422 619 1512 649 postea
1532 615 1619 641 Larini
1643 623 1714 649 pun-

915 655 987 676 ctum
1002 655 1042 677 est
1056 652 1184 685 temporis
1198 656 1388 678 commoratus.
1430 653 1471 678 41.
1491 652 1590 678 Eadem
1606 652 1654 678 hac
1669 652 1714 678 Di-

915 696 978 714 naea
995 692 1183 715 testamentum
1199 688 1319 720 faciente,
1335 698 1420 724 quum
1437 689 1540 716 tabulas
1555 689 1715 724 prebendis-

915 730 955 751 set
969 725 1148 760 OppianicuS,
1169 726 1216 761 qui
1230 734 1313 761 gener
1326 728 1385 752 eius
1400 726 1509 757 fuisset,
1530 727 1614 762 digito
1629 727 1713 762 legata

914 762 1028 789 delevit:
1049 768 1087 794 et,
1104 772 1189 798 quum
1204 763 1233 789 id
1246 763 1339 790 multis
1354 763 1418 790 locis
1433 763 1552 795 fecisset,
1570 769 1630 799 post
1644 773 1714 790 mor-

915 804 967 826 tem
983 800 1041 826 eius
1061 809 1094 826 ne
1109 800 1197 827 lituris
1211 802 1319 837 coargui
1338 806 1440 836 posset,
1462 806 1664 831 testamentum,
1686 802 1711 827 111

915 837 980 863 alias
995 837 1099 864 tabulas
1118 838 1337 873 transscriptum,
1358 839 1444 874 signis
1464 838 1622 865 adulterinis
1641 839 1715 865 obsi-

914 875 1016 910 gnavit.
1051 875 1134 902 Multa
1149 880 1284 911 praetereo
1297 877 1433 903 consulto:
1450 877 1547 903 etenim
1563 884 1663 906 vereor,
1681 884 1713 902 ne

915 912 980 938 haec
994 913 1051 947 ipsa
1066 912 1181 940 nimium
1196 913 1280 940 multa
1295 922 1355 940 esse
1368 913 1519 940 videantur.
1560 914 1610 940 Vos
1624 918 1713 940 tamen

915 958 977 976 eum
992 949 1109 977 similem
1124 951 1167 977 sui
1183 950 1267 977 fuisse
1281 952 1308 978 in
1322 952 1417 978 ceteris
1431 959 1540 987 quoque
1551 952 1621 977 vitae
1632 952 1714 986 parti-

915 987 967 1014 hus
986 988 1140 1015 existimare
1158 988 1272 1015 debetis.
1313 989 1393 1016 Illum
1408 989 1512 1016 tabulas
1527 988 1650 1024 publicas
1666 989 1714 1015 La-

915 1025 967 1051 rini
981 1026 1115 1052 censorias
1130 1026 1291 1061 corrupisse,
1308 1026 1465 1053 decuriones
1477 1027 1597 1053 universi
1612 1027 1715 1053 iudica-

915 1067 1020 1089 verunt.
1051 1063 1119 1090 Cum
1133 1063 1180 1090 illo
1194 1064 1247 1090 iam
1262 1073 1340 1091 nemo
1354 1065 1492 1095 rationem,
1510 1073 1588 1090 nemo
1602 1072 1657 1090 rem
1673 1063 1715 1090 ul-

916 1100 968 1126 lam
982 1101 1168 1128 contrahebat:
1185 1110 1263 1128 nemo
1277 1102 1355 1128 illum
1370 1111 1404 1128 ex
1417 1106 1471 1128 tam
1486 1101 1579 1128 multis
1593 1102 1714 1137 cognatis

914 1142 940 1164 et
953 1137 1080 1165 affinibus
1091 1143 1204 1166 tutorem
1217 1148 1347 1174 umquam
1359 1139 1450 1166 liberis
1461 1139 1519 1166 suis
1529 1139 1651 1174 scripsit:
1669 1148 1716 1165 ne-

915 1184 958 1202 mo
972 1175 1049 1202 illum
1064 1176 1152 1208 aditu,
1174 1185 1251 1203 nemo
1265 1178 1468 1213 congressione,
1489 1185 1567 1203 nemo
1580 1185 1712 1207 sermone,

915 1222 993 1240 nemo
1006 1215 1130 1241 convivio
1140 1214 1254 1250 dignum
1266 1215 1414 1242 iudicabat:
1430 1223 1523 1241 omnes
1534 1214 1716 1249 aspernaban-

915 1255 965 1282 tur,
978 1260 1070 1278 onmes
1081 1252 1268 1284 abhorrebant,
1284 1261 1378 1279 omnes
1392 1257 1422 1279 ut
1435 1252 1554 1287 aliquam
1569 1253 1714 1278 immanem

914 1297 944 1315 ac
962 1290 1139 1324 perniciosam
1162 1290 1277 1316 bestiam
1299 1294 1458 1326 pestemque
1481 1289 1628 1326 fugiebant.
1672 1291 1712 1316 42.

914 1326 990 1353 Hunc
1009 1331 1096 1353 tamen
1111 1327 1248 1354 hominem
1263 1332 1316 1354 tam
1334 1327 1476 1359 audacem,
1497 1332 1550 1354 tam
1569 1326 1712 1357 nefarium,

915 1368 969 1390 tam
984 1369 1122 1391 nocentem
1138 1374 1287 1401 numquam
1301 1369 1454 1392 accusasset
1467 1365 1577 1396 Avitus,
1598 1364 1711 1394 iudices,

914 1402 937 1427 si
952 1401 979 1428 id
994 1403 1211 1436 praetermittere,
1228 1403 1303 1430 salvo
1316 1403 1401 1438 capite
1412 1411 1470 1434 suo,
1487 1403 1628 1437 potuisset.
1652 1402 1714 1428 Erat

915 1439 979 1466 huic
993 1439 1120 1466 inimicus
1131 1440 1310 1475 Oppianicus:
1327 1445 1390 1471 erat,
1407 1440 1453 1467 sed
1469 1445 1556 1467 tamen
1571 1444 1626 1466 erat
1638 1440 1713 1465 vitri-

914 1485 975 1510 cus3
996 1477 1113 1504 crudelis
1132 1483 1158 1504 et
1172 1478 1235 1504 liuic
1253 1477 1349 1505 infesta
1368 1482 1464 1504 mater:
1489 1482 1604 1504 attamen
1619 1481 1711 1503 mater.

915 1515 1050 1541 Postremo
1069 1515 1135 1541 1111111
1156 1519 1208 1542 tam
1228 1520 1360 1542 remotum
1379 1515 1412 1542 ab
1430 1515 1610 1545 accusatione,
1631 1523 1713 1549 quam

915 1552 1068 1584 Cluentius,
1089 1557 1115 1579 et
1133 1557 1226 1579 natura
1245 1558 1270 1579 ct
1288 1553 1424 1580 voluntate
1438 1557 1464 1579 et
1478 1553 1599 1579 instituta
1614 1552 1714 1578 ratione

914 1591 994 1616 vitae.
1017 1589 1069 1616 Sed
1083 1599 1169 1625 quum
1184 1595 1255 1617 esset
1269 1591 1332 1617 baec
1347 1590 1386 1617 1111
1402 1591 1536 1625 proposita
1547 1590 1671 1621 conditio,
1687 1594 1715 1615 ut

914 1632 960 1654 aut
974 1628 1043 1654 iuste
1058 1629 1156 1663 pieque
1170 1633 1306 1655 accusaret
1321 1633 1366 1654 aut
1376 1628 1469 1654 acerbe
1480 1627 1645 1664 indigneque
1657 1636 1715 1653 mo-

914 1669 1028 1697 reretur,
1056 1674 1194 1697 accusare,
1218 1674 1329 1701 quoquo
1347 1666 1425 1693 modo
1443 1670 1546 1701 posset,
1571 1673 1653 1700 quam
1668 1664 1715 1691 illo

914 1702 993 1729 modo
1007 1703 1098 1734 emori,
1115 1703 1220 1730 maluit.

971 1741 1011 1767 43.
1027 1740 1124 1776 Atque,
1142 1745 1170 1767 ut
1181 1741 1244 1767 baec
1255 1741 1288 1767 ita
1300 1749 1359 1767 csse
1370 1741 1520 1776 perspicere
1531 1741 1650 1775 possitis,
1667 1748 1715 1766 ex-

913 1786 1010 1813 ponam
1027 1778 1102 1805 vobis
1117 1778 1257 1813 Oppianici
1273 1778 1376 1805 facinus
1391 1778 1533 1805 manifesto
1547 1782 1713 1812 compertum

913 1820 993 1851 atque
1008 1815 1222 1851 deprehensum:
1239 1825 1271 1842 ex
1285 1825 1340 1851 quo
1350 1816 1431 1842 simul
1445 1821 1598 1851 utrumque,
1616 1820 1641 1841 et
1652 1815 1714 1841 buic

913 1862 1037 1880 accusare
1052 1858 1077 1880 et
1092 1853 1169 1880 illum
1183 1853 1355 1880 condemnari
1371 1862 1479 1880 necesse
1495 1853 1593 1883 fuisse,
1614 1853 1715 1879 intelli-

913 1891 992 1927 getis.
1033 1891 1090 1918 XV.
1111 1891 1245 1918 Martiales
1264 1891 1374 1927 quidam
1392 1891 1479 1918 Larini
1498 1890 1711 1926 appellabantur,

914 1928 1031 1955 ministri
1046 1929 1147 1964 publici
1163 1929 1268 1960 Martis,
1289 1934 1369 1964 atque
1383 1929 1406 1955 ci
1421 1929 1471 1955 deo
1486 1928 1622 1954 veteribus
1637 1929 1714 1954 insti-

914 1967 979 1992 tutis
994 1966 1225 2003 religionibusque
1240 1967 1403 1993 Larinatium
1417 1966 1576 1993 consecrati:
1597 1974 1712 2001 quorum

912 2012 998 2039 quum
1014 2005 1078 2030 satis
1093 2013 1207 2040 magnus
1226 2013 1355 2030 numerus
1373 2008 1457 2035 esset,
1479 2011 1620 2039 quumque
1639 2004 1711 2033 item,

915 2045 945 2067 ut
959 2041 986 2068 in
1001 2041 1092 2067 Sicilia
1107 2042 1233 2076 permulti
1250 2042 1358 2068 Venerei
1377 2046 1454 2072 suut,
1475 2042 1513 2067 sic
1527 2041 1566 2067 illi
1583 2041 1670 2067 Larini
1687 2042 1712 2067 iu

914 2079 1004 2105 Martis
1028 2078 1128 2105 familia
1156 2084 1374 2106 numerarentur:
1404 2083 1512 2114 repento
1536 2078 1710 2113 Oppianicus,

913 2125 957 2143 eos
972 2125 1065 2143 omnes
1081 2116 1178 2143 liberos
1193 2126 1252 2143 csse
1266 2117 1393 2152 civesque
1409 2117 1550 2146 Romanos,
1566 2116 1652 2150 coepit
1667 2115 1714 2141 de-

913 2153 1030 2180 fendere..
1053 2153 1177 2180 Graviter
1191 2154 1218 2180 id
1227 2154 1385 2181 decuriones
1395 2154 1558 2180 Larinatium
1569 2154 1713 2188 cunctique

913 2191 1064 2226 municipes
1079 2191 1207 2218 tulerunt.
1249 2193 1339 2227 Itaque
1353 2192 1386 2218 ab
1402 2192 1480 2218 Avito
1499 2191 1663 2226 petiverunt,
1685 2195 1714 2216 ut

912 2237 970 2255 eam
984 2237 1108 2255 caussam
1123 2229 1273 2264 susciperet
1287 2229 1449 2264 publicccpto
1463 2228 1627 2254 defenderet.
1648 2228 1713 2254 Axi-

912 2270 956 2292 tus
975 2274 1060 2301 (11111111
1080 2275 1109 2292 se
1128 2267 1161 2292 ab
1179 2267 1251 2292 omni
1271 2266 1404 2292 eiusmodi
1425 2266 1529 2301 negotio
1544 2265 1710 2294 removisset,

912 2307 1000 2329 tamen
1016 2312 1063 2337 pro
1078 2302 1146 2334 loco.
1169 2312 1216 2338 pro
1230 2304 1387 2338 antiquitate
1401 2304 1507 2337 generis
1526 2303 1583 2333 sui,
1606 2311 1652 2337 pro
1671 2312 1710 2332 eo,

911 2340 983 2375 quod
998 2349 1027 2366 su
1042 2349 1093 2366 11011
1108 2341 1165 2366 suis
1180 2340 1268 2367 solum
1280 2341 1436 2370 commodis.
1453 2340 1589 2366 sedetiam
1601 2348 1711 2366 suorum

912 2377 1081 2412 municipum
1099 2383 1303 2413 ceterorumque
1322 2378 1532 2404 necessariorum
1548 2382 1638 2404 natum
1654 2386 1713 2403 esse

912 2415 1104 2445 arbitrabatur,
1130 2420 1217 2441 tantae
1241 2415 1370 2441 voluntati
1395 2416 1582 2441 universorum
1605 2415 1713 2441 Larina-

912 2452 979 2478 tium
993 2452 1087 2478 deesse
1102 2452 1197 2479 noluit.
1233 2454 1273 2479 tt.
1294 2453 1424 2487 Susccpta
1438 2461 1532 2478 caussa
1548 2453 1712 2487 ttomamqm·

912 2489 1006 2519 delata.
1024 2498 1135 2525 magnae
1149 2490 1269 2525 quotidie
1283 2491 1465 2516 contentiones
1479 2490 1547 2516 iuter
1562 2490 1671 2516 Avitum
1688 2495 1712 2516 et

911 2526 1091 2561 Oppianicum
1110 2536 1143 2554 ex
1162 2528 1305 2562 utriusque
1325 2527 1415 2554 studio
1432 2527 1598 2553 defensionis
1613 2527 1712 2554 excita-

912 2564 1018 2590 bantur.
1060 2565 1121 2591 Erat
1139 2565 1197 2600 ipsc
1216 2565 1327 2591 immani
1341 2565 1490 2600 acerbaque
1505 2570 1596 2591 natura
1611 2565 1711 2600 Oppia-

912 2601 998 2627 nicus.
1040 2602 1199 2629 Incendebat
1217 2602 1275 2628 eius
1293 2603 1436 2629 amentiam
1456 2602 1551 2629 infesta
1566 2607 1645 2637 atque
1660 2603 1711 2628 ini-

882 2644 883 2652 *
913 2638 979 2664 mica
996 2639 1050 2665 lilio
1065 2645 1147 2666 mater
1162 2640 1242 2666 Aviti.
1266 2640 1354 2676 Magni
1368 2645 1456 2666 autem
1473 2640 1512 2666 illi
1523 2649 1570 2666 sua
1583 2641 1711 2666 interesse

881 2687 890 2703 11
912 2676 1121 2709 arbitrabantur,
1144 2678 1215 2704 bunc
1234 2686 1246 2704 n
1266 2686 1360 2704 caussa
1377 2678 1536 2704 Martialium
1556 2678 1709 2704 amovere.

1468 2728 1500 2751 48
