1941 3052
248 140 297 165 600

248 208 499 234 scenditAntonius.
533 208 603 233 tlur'!
624 206 799 233 {minutum-in
813 208 837 233 in
850 207 942 234 hortis.
970 206 1038 233 Cui?
1058 209 1067 216 '¹

249 246 386 272 Neminem
408 244 559 271 uomitu-bo.
601 245 690 270 Putate
707 248 762 270 tum
779 244 930 270 Phormioni
946 243 1035 274 alicui.

247 288 304 310 tunt
324 283 451 312 Gnatoni.
474 287 529 308 tum
551 281 671 307 Ballioni.
711 282 734 307 Ο
755 280 904 307 foeditatem
921 281 1037 307 hominis

248 319 417 355 flagitiosntnl
447 328 463 345 0
484 318 690 352 impudentiam,
715 318 873 352 nequitiam.
897 317 1036 344 libidinem
1059 318 1067 339 ι’

248 366 298 383 non
312 357 459 382 terendam!
476 356 513 381 'l'u
526 364 609 389 quum
623 355 769 389 principem
781 360 937 385 senatorem,
950 355 1036 381 ciuem
1059 382 1061 392 Ι

246 394 408 427 singularem
421 398 472 419 tum
485 393 666 426 propinquum
679 392 784 422 habeas,
798 392 830 418 ad
842 401 903 418 eum
914 392 947 418 de
958 400 1038 426 repu-

247 431 314 457 hlicu
331 430 397 456 nihil
411 429 521 456 reseras:
545 429 641 456 reseras
653 429 684 455 ad
697 438 750 459 eon.
763 430 810 464 qui
822 438 876 456 rem
888 438 964 456 sunm
977 429 1038 455 nul-

248 468 298 494 laut
314 468 419 497 hahent.
434 473 504 493 tuam
517 466 696 493 exhauriunt?
716 467 790 493 Tuus
803 466 925 493 videlicet
939 466 1037 492 saluta-
1060 492 1061 499 ,

247 506 282 531 ris
294 505 460 534 consulatus,
475 504 639 538 perniciosus
651 512 736 530 meust.
770 504 822 530 Vll.
835 504 941 530 Adeone
953 504 1038 538 pudo-
1059 502 1061 512 ⁴

247 551 300 569 rem
316 551 377 568 cum
394 541 521 576 pudicitia
539 541 691 576 perdidisti,
706 546 734 568 ut
747 541 795 567 hoc
809 542 835 568 in
847 551 877 567 eo
889 540 987 575 templo
997 540 1038 566 di-

246 588 304 606 cere
316 587 397 605 ausus
409 580 455 609 sis,
465 580 551 613 inquo
560 587 610 614 ego
620 583 741 606 senatum
753 579 840 609 illum,
848 578 1036 613 quiquondani

247 616 341 643 florens
365 616 423 642 orbi
445 621 573 642 terrarum
594 616 772 650 praesidebat.
799 615 986 646 consulebam,
1009 620 1037 641 tu

247 654 367 680 homines
379 653 576 688 perditissimos
587 662 648 680 cuni
660 653 756 689 gladiis
763 652 945 680 collocavit-iti?
957 653 1038 680 l6.At

245 692 323 717 etiam
339 700 421 717 ausus
436 700 464 717 es
475 691 549 726 (quid
566 696 654 717 nutem
666 695 714 722 est,
727 691 798 726 quod
811 695 837 717 tu
849 699 901 718 nou
912 689 1038 724 audeam
1059 708 1061 716 ,

244 728 345 755 clivum
362 728 541 763 Capitolinum
556 728 658 759 dicere,
676 737 717 754 me
728 727 847 758 consule,
860 727 970 763 plenum
983 736 1038 753 ser-

246 774 339 792 vorum
356 770 516 792 armatorum
533 765 626 792 fuisse.
666 765 699 792 Ut
714 765 768 796 illa,
781 765 868 796 credo,
882 764 980 792 nefaria
995 773 1038 791 so-

246 803 444 830 natusconsulta
457 803 556 833 flerent.
570 803 623 829 vim
635 803 774 829 afferebam
785 803 899 829 senatui.
924 801 946 828 Ο
958 803 1038 828 mise-

245 849 314 871 rum,
327 841 385 867 sive
397 840 441 866 illa
454 841 501 866 tibi
513 840 1037 875 notanonsunt.(niliilenimboninosti,)
1058 854 1060 876 ;

244 878 302 904 sive
313 882 385 908 sunt,
397 878 444 912 qui
456 878 527 912 apud
539 877 605 904 tales
617 878 687 904 viros
700 882 751 904 tam
764 877 934 912 impudenter
945 876 1037 911 loqua-

244 916 286 941 rel
307 915 374 947 Quis
389 916 460 941 enim
476 923 558 949 eques
572 915 716 945 Romanus,
728 916 799 949 quis,
815 919 916 949 praeter
927 919 960 945 te,
974 914 1037 940 ado-
1058 929 1060 940 ι

209 966 213 972 ·
247 952 350 979 lescens
365 952 476 982 nobilis,
490 953 552 987 quis
568 952 651 979 ullius
662 953 772 983 ordinis,
785 953 831 986 qui
844 960 872 978 se
882 952 968 978 civem
981 959 1037 977 me-

245 990 380 1020 minisset,
397 998 482 1024 quum
498 994 606 1016 senatus
623 990 649 1016 in
664 989 713 1016 hoc
725 989 824 1024 templo
834 993 916 1019 esset,
930 989 956 1015 in
967 988 1037 1015 clivo

245 1027 394 1061 Capitolino
414 1036 464 1053 non
486 1026 554 1053 tuit?
573 1028 635 1061 quis
651 1036 748 1054 nomen
763 1036 815 1053 non
831 1026 922 1053 dedit?
941 1034 1037 1060 quam-

243 1073 326 1099 quarn
343 1073 389 1090 nec
404 1064 507 1091 scribae
523 1063 658 1095 sufficere,
676 1073 723 1091 nec
739 1064 844 1090 tabulae
860 1064 966 1090 nomina
978 1063 1038 1089 illo·
1058 1066 1059 1077 ¹

1058 1110 1067 1130 η
1088 1110 1146 1128 sore
1158 1110 1210 1128 non
1222 1107 1320 1136 posset.
1341 1102 1375 1128 At
1386 1101 1496 1129 laetatus
1506 1110 1577 1128 sum.
1598 1100 1670 1134 Quid
1680 1100 1761 1137 ergo?
1771 1101 1799 1128 in
1810 1105 1881 1128 tanta

244 1138 338 1165 nefarii
353 1139 386 1165 de
398 1140 495 1174 patriae
507 1139 647 1174 parricidio
662 1140 857 1169 confiterentur,
869 1138 1036 1165 consciorum
1058 1135 1067 1171 ].]

1058 1178 1059 1181 ’
1089 1175 1177 1202 tebat?
1196 1176 1414 1211 22.Quamquam
1424 1176 1457 1203 de
1468 1181 1550 1203 morte
1561 1176 1587 1202 P.
1596 1175 1682 1203 Clodii
1693 1175 1879 1210 suitquaestio,

244 1110 304 1128 rum
324 1110 418 1136 capere
438 1106 590 1136 potuerunt.
628 1102 668 1128 ⁴7.
689 1102 794 1128 Etenim
813 1109 899 1136 quum
915 1101 1037 1127 homines

244 1175 364 1207 iudiciis.
382 1185 430 1202 sua
447 1185 540 1207 manu,
554 1185 617 1203 voce
633 1185 715 1211 paene
731 1176 878 1203 litterarum
889 1175 986 1207 coacti;
1007 1183 1036 1201 se

244 1214 341 1241 Urbem
361 1212 538 1244 inflammare,
554 1214 627 1240 cives
643 1213 787 1244 trucidare,
805 1217 908 1240 vastare
924 1211 1034 1243 ltaliam.
1065 1242 1067 1248 .

243 1252 332 1278 delere
348 1251 541 1286 rempublicam
556 1251 739 1278 consensisse:
761 1251 824 1286 quis
839 1255 923 1280 esset,
941 1250 988 1285 qui
1004 1249 1036 1276 ad

243 1289 357 1315 salutem
381 1297 550 1315 communem
575 1288 769 1315 defendendam
791 1297 842 1314 non
861 1286 1038 1314 excitaretur?

244 1327 399 1362 praesertim
410 1335 495 1361 quum
507 1331 615 1352 senatus
626 1325 797 1361 populusque
809 1326 943 1352 Romanus
955 1324 1038 1351 habe-

243 1369 282 1391 ret
296 1364 406 1394 ducem,
423 1363 511 1399 qualis
527 1364 549 1389 si
564 1365 612 1398 qui
626 1372 697 1389 nunc
708 1367 791 1393 esset,
807 1363 856 1389 tibi
866 1362 951 1392 idem,
964 1361 1036 1396 quod

242 1401 297 1428 illis
314 1401 422 1432 accidit,
440 1400 604 1435 contigisset.
645 1400 686 1427 Ad
700 1400 867 1434 sepulturam
883 1407 980 1434 corpus
996 1399 1037 1425 vi-

243 1440 301 1466 trici
317 1439 359 1465 sui
376 1442 452 1473 negat
467 1447 481 1464 a
497 1446 539 1463 me
555 1438 658 1464 datum.
698 1437 751 1464 Hoc
767 1445 830 1464 vero
840 1445 872 1463 ne
883 1437 912 1463 P.
925 1435 1035 1471 quidem

242 1476 352 1503 Clodius
367 1476 436 1502 dixit
452 1483 595 1510 umquam:
618 1483 709 1510 quem,
721 1475 785 1509 quia
796 1475 855 1501 iure
870 1475 894 1501 ei
909 1474 1035 1500 inimicus

242 1513 291 1544 fui.
313 1513 389 1540 doleo
408 1522 423 1539 a
443 1517 467 1539 te
488 1513 541 1539 iam
561 1513 688 1539 omnibus
703 1512 777 1538 vitiis
792 1520 852 1538 esse
867 1515 1033 1546 superatum.

243 1552 283 1577 ⁴8.
300 1550 370 1583 Quid
386 1554 474 1577 autem
487 1550 535 1577 tibi
546 1551 619 1576 venit
632 1550 659 1576 in
671 1553 797 1580 mentem,
810 1548 930 1585 redigere
941 1549 968 1575 iu
980 1556 1036 1575 me-

242 1588 353 1615 moriam
368 1592 498 1618 nostram,
516 1591 541 1613 te
556 1587 628 1614 dorni
642 1587 672 1613 P.
688 1586 795 1613 Lentuli
806 1594 865 1613 esse
876 1584 1036 1613 educatum?

240 1626 282 1652 An
293 1625 428 1656 verebare,
442 1633 474 1651 ne
485 1633 537 1651 non
549 1628 704 1659 putaremus
714 1628 808 1650 natura
820 1627 844 1650 te
850 1624 970 1658 potuisse
982 1627 1034 1649 tam

241 1662 394 1697 improbum
409 1662 536 1693 evadere,
552 1662 605 1688 nisi
619 1661 775 1688 accessisset
785 1661 863 1687 etiam
874 1659 1036 1695 disciplina?

241 1700 308 1726 vm.
321 1700 385 1726 Tam
395 1703 484 1726 autem
495 1707 553 1725 eras
564 1707 666 1729 excors,
680 1702 710 1724 ut
719 1702 770 1725 tota
781 1698 809 1724 in
820 1698 936 1724 oratione
947 1702 1034 1724 tecum
1057 1733 1059 1740 ‚

241 1737 300 1772 ipse
314 1745 462 1773 pugnares,
479 1744 530 1762 non
546 1735 624 1762 modo
638 1744 690 1762 non
699 1735 866 1762 cohaerentia
876 1735 945 1761 inter
954 1742 983 1761 se
993 1734 1035 1760 di-

241 1782 329 1805 ceres,
346 1773 394 1800 sed
409 1773 524 1799 maxime
535 1773 669 1799 disiuncta
684 1777 764 1807 atque
778 1772 921 1799 contraria:
938 1776 1034 1799 utnon

241 1815 312 1838 tanta
324 1819 439 1841 mecum,
452 1815 551 1844 quanta
562 1814 650 1836 tecum
664 1809 714 1836 tibi
724 1813 796 1836 esset
805 1809 949 1836 contentio.
989 1809 1035 1835 vi-

241 1849 338 1875 tricum
359 1852 435 1874 tuum
458 1847 541 1873 fuisse
561 1848 588 1873 in
604 1851 677 1873 tanto
691 1846 790 1873 scelere
805 1845 934 1877 fatebare,
950 1853 1034 1881 poena

241 1885 363 1912 affectum
383 1885 539 1920 querebare.
580 1885 630 1914 Ita,
652 1883 725 1918 quod
745 1885 850 1918 proprie
871 1891 962 1910 meum
983 1887 1031 1914 est,

242 1922 369 1949 laudasti:
382 1921 454 1957 quod
466 1926 549 1948 totum
561 1926 602 1948 est
612 1925 730 1952 senatus,
741 1920 946 1955 reprehendisti.
966 1920 1033 1947 Nam

241 1959 444 1995 comprehensio
450 1959 569 1985 sontium
580 1957 846 1988 mea,animadversio
855 1962 964 1985 senatus
971 1957 1031 1985 suit.

241 1998 324 2024 Homo
338 1997 455 2024 disertus
469 2004 522 2023 non
537 1995 663 2031 intelligit
676 2003 738 2022 eum
747 2015 753 2026 ‚
765 2003 846 2030 quem
856 1999 946 2022 eontra
957 1995 1030 2026 dicit.

241 2034 345 2062 laudari
356 2043 370 2060 a
380 2042 422 2066 se;
439 2042 493 2065 eos,
506 2033 578 2068 apud
589 2041 656 2068 quos
667 2032 739 2064 dicit,
753 2033 907 2067 vituperari.
932 2033 1032 2060 ⁴9.lam

241 2071 309 2098 illud
324 2072 402 2098 cuius
417 2075 469 2102 est,
487 2079 539 2097 uon
550 2070 610 2096 dico
620 2069 754 2101 audaciae,
766 2069 851 2105 (cupit
861 2070 934 2097 enim
944 2078 973 2097 se
984 2078 1033 2096 au-

239 2109 355 2144 dacem,)
370 2108 431 2139 sed,
447 2107 520 2143 quod
535 2108 645 2134 minime
657 2106 723 2138 vult,
736 2106 874 2137 stultitiae.
886 2115 940 2142 qua
951 2107 1034 2134 vincit

239 2154 346 2177 omnes,
359 2145 422 2173 clivi
437 2145 579 2180 Capitolini
591 2145 751 2171 mentionem
763 2143 856 2175 facere,
868 2153 955 2179 quum
965 2145 1034 2171 inter

239 2183 370 2211 subsellia
386 2187 475 2210 nostra
491 2186 630 2209 versentur
641 2181 752 2208 armati?
771 2190 856 2216 quum
867 2181 896 2209 in
906 2181 957 2209 hac
966 2181 1033 2209 cella

240 2220 414 2251 Concordiae,
435 2229 452 2247 ο
466 2220 503 2246 dii
524 2219 701 2246 immortales!
724 2219 751 2245 in
771 2227 837 2253 qua,
855 2227 899 2246 me
912 2218 1031 2250 consule,

239 2258 370 2285 salutares
385 2258 531 2284 sententiae
545 2257 631 2283 dictae
641 2261 714 2287 sunt,
726 2256 828 2291 quibus
839 2256 872 2283 ad
883 2256 951 2284 banc
961 2256 1033 2284 diem

239 2296 370 2326 viximus,
382 2303 445 2321 cum
457 2294 554 2330 gladiis
565 2294 688 2321 homines
698 2293 819 2320 collocati
828 2293 916 2320 stent?
929 2293 1032 2321 Accusa

239 2337 376 2359 senatum:
398 2341 493 2358 accusa
512 2336 664 2366 equestrem
684 2330 818 2362 ordinem,
835 2331 883 2366 qui
899 2335 956 2358 tum
970 2339 1032 2358 cum

239 2374 333 2396 senatu
348 2369 488 2404 copulatus
506 2368 570 2395 fuit:
591 2376 686 2395 accusa
699 2376 792 2395 omnes
807 2368 928 2400 ordines,
939 2376 1033 2395 omnes

239 2407 322 2438 cives,
333 2406 399 2433 dum
409 2406 558 2437 confiteare,
571 2406 644 2432 huno
653 2405 773 2432 ordinem
784 2405 834 2432 hoc
844 2406 903 2440 ipso
915 2410 1032 2440 tempore

239 2444 273 2470 ab
288 2444 398 2470 Ituraeis
413 2443 612 2470 circumsederi.
643 2443 712 2469 Haec
725 2447 754 2469 tu
771 2451 822 2469 non
833 2448 940 2478 propter
948 2442 1033 2470 auda-

239 2481 308 2506 ciam
319 2481 386 2507 dicis
396 2485 450 2507 tam
460 2481 640 2515 impudenter,
648 2479 695 2506 sed
705 2480 769 2515 quia
780 2484 878 2506 tantam
889 2488 979 2507 rerum
990 2488 1033 2506 re·

240 2518 414 2553 pugnantiam
428 2527 481 2545 non
493 2517 594 2544 videas.
634 2516 708 2543 Nihil
718 2516 836 2551 profecto
845 2518 930 2552 sapis.
960 2516 1031 2549 Quid

240 2558 282 2580 est
296 2555 367 2580 enim
381 2554 542 2586 dementius,
559 2562 650 2589 quam,
667 2561 753 2588 quum
768 2553 932 2588 reipublioee
942 2554 1031 2589 perni-

240 2590 310 2617 ciosa
335 2599 407 2617 arma
431 2592 489 2625 ipse
513 2592 629 2626 ceperis,
655 2590 770 2617 obiicere
793 2590 868 2617 alteri
887 2590 1031 2618 salutaria?

241 2629 283 2653 20.
294 2627 328 2653 At
338 2628 416 2653 etiam
427 2628 543 2662 quodam
554 2628 612 2655 loco
622 2627 722 2654 facetus
733 2635 792 2654 esse
803 2627 922 2655 voluisti.
943 2627 1029 2661 Quam

241 2663 268 2690 id
288 2668 314 2691 te
333 2663 381 2700 (dii
399 2664 489 2700 boni!)
513 2673 565 2692 non
579 2665 702 2692 decebat!
723 2665 753 2692 In
766 2672 822 2700 quo
836 2669 877 2692 est
892 2670 936 2693 tua
950 2665 1029 2701 culpa

817 138 858 162 sn.
895 137 929 163 M.
964 137 994 163 T.
1029 137 1301 164 cttlssttots'ts

1090 207 1225 234 nonnulla.
1266 206 1375 242 Aliquid
1391 208 1463 235 enim
1477 209 1541 235 utin
1556 218 1570 235 a
1587 210 1667 236 mima
1685 217 1766 236 uxore
1779 208 1881 236 trahere

1089 245 1209 278 potuisti.
1249 253 1363 271 cumn
1382 254 1460 272 uu
1480 255 1582 272 roan.
1613 245 1702 278 Ouid?
1722 252 1778 272 tum
1793 254 1881 273 nonu

1066 301 1067 316 ,
1088 281 1244 307 cesserunt?
1268 282 1301 308 Αι
1320 286 1410 316 [testea
1425 283 1478 308 tuis
1493 284 1574 310 armis
1589 284 1669 311 cessit
1685 289 1754 318 toga.
1793 282 1882 316 Quu-

1090 327 1179 344 rnmus
1200 319 1294 353 igitur.
1317 324 1406 345 utrum
1427 319 1522 346 melius
1543 320 1634 352 luerit.
1659 321 1772 348 libertati
1788 319 1882 355 populi

1091 356 1199 382 {tomani
1225 355 1413 383 sceleratorum
1433 365 1519 387 nrrna,
1541 366 1573 384 an
1595 357 1742 385 liberatem
1764 363 1881 384 nostrum

1089 393 1170 419 armis
1192 394 1244 419 tuis
1264 393 1364 420 cedere.
1404 394 1458 420 Nec
1477 403 1538 420 vero
1554 394 1601 421 tibi
1615 394 1649 422 de
1665 396 1788 422 versibus
1803 394 1882 429 plut·

1090 430 1269 464 respondebo:
1292 435 1394 457 tantum
1413 430 1499 458 dicam
1517 431 1644 459 breviter:
1667 438 1692 458 te
1708 441 1794 467 neque
1810 432 1880 464 illoc.

1090 476 1176 502 neque
1193 466 1262 494 ullas
1277 472 1302 495 te
1315 469 1426 495 omnino
1441 468 1540 495 litteras
1557 477 1647 496 noue:
1670 478 1712 497 me
1726 479 1775 496 nec
1791 469 1883 503 reipu-

1090 504 1188 535 blicae,
1207 513 1255 531 nec
1271 506 1364 532 amicis
1380 514 1508 540 umquam
1523 505 1656 537 defuisse,
1673 512 1796 534 ettamen
1808 506 1882 533 omni

1089 550 1185 577 genere
1197 547 1429 569 monumentorum
1442 552 1561 570 meorum
1569 543 1804 578 perit-ciaseoperin
1815 543 1883 570 sub-

1089 579 1201 609 secivis.
1221 584 1248 606 ut
1261 588 1333 606 meae
1345 580 1453 615 vigiliae
1464 589 1590 615 meaeque
1603 581 1702 607 litterae
1712 586 1738 608 et
1749 580 1881 608 iuventuti

1091 617 1212 643 utilitatis
1233 621 1259 643 et
1278 618 1380 644 nomini
1396 618 1512 644 Romane
1528 617 1615 644 laudis
1630 618 1733 653 aliquid
1748 617 1880 645 afferrent.

1089 653 1141 680 Sed
1155 653 1217 680 haec
1229 663 1280 680 non
1293 654 1374 681 liuius
1386 655 1526 689 temporis:
1548 656 1645 682 maiora
1658 655 1807 682 videamus.

1146 691 1191 718 tx.
1215 693 1255 718 it.
1274 692 1301 718 P.
1319 692 1441 719 Clodium
1452 692 1882 720 meoconsiliointerl'ectumeaee

1088 728 1191 755 dixisti.
1231 729 1364 761 Quidnam
1381 730 1502 756 homines
1519 734 1654 764 putarent.
1670 730 1693 756 si
1709 735 1765 756 tum
1776 729 1882 757 occisus

1089 770 1172 796 esset,
1189 775 1273 800 quum
1290 771 1318 792 tu
1335 766 1410 793 illum
1428 767 1453 793 in
1466 766 1533 798 loro,
1547 767 1711 802 inspectante
1720 766 1819 802 populo
1830 767 1882 793 tto-

1090 811 1180 833 mano,
1192 803 1282 839 gladio
1292 804 1384 830 stricto
1394 805 1530 831 insecutus
1541 813 1579 835 es,
1593 805 1784 839 negotiumque
1795 809 1882 830 trans-

1088 841 1205 875 egiseea.
1224 841 1276 867 nisi
1293 840 1338 867 ille
1353 850 1382 867 se
1393 842 1420 867 in
1431 841 1515 868 scalas
1525 842 1647 868 tabernae
1660 841 1782 868 librariae
1792 841 1882 867 conie-

1088 878 1178 908 cisset.
1192 877 1288 913 hisque
1299 878 1423 913 oppilatis
1435 879 1564 913 impetum
1578 883 1654 905 tuum
1661 877 1883 913 compressisset?

1088 914 1164 946 Quod
1179 915 1302 950 quidem.
1322 923 1372 951 ego
1387 914 1486 942 favisse
1501 924 1543 943 me
1558 916 1605 942 tibi
1618 915 1707 946 fateor,
1720 916 1837 942 suasisse
1848 923 1882 942 ne

1089 957 1116 978 tu
1131 952 1241 986 quidem
1257 953 1335 979 dicis.
1375 953 1410 980 At
1422 953 1514 980 Miloni
1530 962 1562 980 ne
1573 953 1661 979 favere
1672 952 1783 988 quidem
1794 953 1880 988 potui.

1088 989 1165 1016 Prius
1177 991 1248 1016 enim
1261 999 1315 1016 rem
1327 991 1463 1025 transegit.
1475 998 1556 1025 quam
1567 990 1712 1025 quisquam
1723 998 1785 1016 eum
1796 989 1883 1016 factu-

1065 1032 1067 1046 *
1089 1035 1148 1053 rum
1165 1027 1191 1053 id
1207 1035 1266 1053 esse
1281 1028 1471 1062 suspicaretur.
1510 1029 1603 1063 Atego
1613 1028 1698 1053 suasi.
1739 1026 1846 1054 Scilicet
1858 1027 1881 1054 is

1088 1065 1194 1091 animus
1205 1069 1260 1090 erat
1270 1064 1386 1094 Milonis.
1399 1069 1429 1091 ut
1438 1064 1564 1099 prodesse
1575 1064 1738 1099 reipublicae
1749 1064 1807 1090 sine
1818 1072 1882 1091 sua-

1089 1139 1186 1165 laetitia
1202 1144 1312 1166 cunctae
1327 1139 1443 1166 civitatis
1459 1147 1501 1166 me
1516 1147 1601 1165 unum
1617 1139 1719 1165 tristem
1734 1146 1794 1165 esse
1803 1146 1882 1173 opor-

1088 1222 1140 1240 non
1151 1214 1216 1240 satis
1227 1213 1371 1248 prudenter
1382 1213 1542 1248 illaquidem
1553 1214 1705 1240 constituta.
1726 1212 1796 1245 Quid
1807 1213 1880 1240 enim

1065 1261 1067 1270 >
1088 1251 1216 1278 attinebat
1226 1259 1293 1277 nova
1308 1251 1463 1287 legequaeri
1473 1250 1507 1277 de
1519 1259 1557 1282 eo,
1565 1251 1613 1285 qui
1620 1250 1755 1277 hominem
1766 1249 1881 1277 occidis-

1087 1292 1141 1320 set,
1157 1296 1243 1323 quum
1259 1293 1330 1315 esset
1345 1288 1450 1324 legibus
1464 1289 1586 1323 quaestio
1595 1286 1754 1315 constituta?
1772 1287 1882 1322 quaesi-

1088 1330 1144 1352 tum
1155 1330 1195 1352 est
1206 1330 1303 1352 tamen.
1334 1324 1411 1358 Quod
1421 1334 1493 1361 ergo.
1505 1334 1591 1361 quum
1602 1333 1644 1352 res
1655 1324 1790 1361 agebatur,
1803 1332 1881 1352 nemo

1058 1374 1066 1382 ν
1088 1364 1115 1390 in
1126 1371 1168 1390 me
1179 1363 1261 1396 dixit3
1274 1362 1301 1389 id
1308 1367 1345 1390 ιοι
1355 1363 1431 1390 annis
1437 1367 1497 1398 post
1508 1367 1536 1389 tu
1542 1363 1702 1390 esinventus
1708 1360 1882 1398 quidioeres?

1143 1402 1185 1427 23.
1203 1399 1280 1432 Quod
1296 1408 1358 1427 vero
1372 1400 1460 1427 dicere
1474 1408 1557 1426 ausus
1570 1408 1613 1431 es,
1625 1399 1708 1435 idque
1717 1398 1810 1426 multis
1820 1407 1881 1426 ver·

1087 1437 1138 1469 bis,
1151 1446 1231 1473 opera
1241 1446 1300 1464 mea
1306 1438 1464 1473 Pompeium
1473 1445 1488 1463 a
1495 1437 1614 1464 Caesaris
1625 1437 1742 1464 amicitia
1754 1445 1813 1463 esse
1823 1436 1881 1463 dis-

1088 1475 1224 1506 iunctum,
1249 1475 1283 1502 ob
1298 1483 1412 1510 eamque
1425 1483 1549 1502 caussam
1565 1483 1623 1501 mea
1637 1473 1716 1509 culpa
1731 1473 1812 1500 civile
1821 1472 1880 1500 bel-

1088 1512 1144 1539 lum
1165 1521 1224 1540 esse
1244 1517 1350 1539 natum:
1372 1513 1399 1539 in
1413 1521 1445 1539 eo
1458 1520 1510 1539 non
1525 1517 1554 1539 tu
1568 1511 1679 1547 quidem
1696 1515 1747 1538 tota
1762 1519 1803 1541 re,
1819 1510 1878 1542 sed,

1086 1549 1159 1584 quod
1174 1550 1323 1576 maximum
1338 1554 1391 1581 est,
1408 1549 1574 1584 temporibus
1589 1549 1692 1576 errasti.
1723 1548 1758 1574 X.
1774 1548 1830 1584 Ego
1841 1548 1878 1575 M.

1086 1586 1196 1618 Bibulo,
1217 1587 1447 1622 praestantissimo
1460 1587 1528 1617 civi,
1544 1585 1667 1617 consule,
1686 1584 1753 1613 nihil
1763 1589 1880 1620 praeter·

1086 1625 1162 1654 misi,
1179 1628 1311 1659 quantum
1322 1623 1408 1651 facere
1417 1624 1536 1658 enitique
1547 1623 1631 1658 potui,
1643 1623 1710 1658 quin
1720 1622 1879 1657 Pompeium

1086 1670 1100 1687 a
1111 1661 1231 1688 Caesaris
1242 1661 1428 1688 coniunctione
1438 1669 1586 1688 avocarem.
1615 1661 1645 1686 ln
1654 1668 1709 1694 quo
1718 1659 1814 1686 Caesar
1828 1659 1880 1686 suit

1087 1697 1198 1725 felicior.
1219 1699 1278 1732 lpse
1289 1699 1361 1725 enim
1372 1698 1528 1732 Pompeium
1539 1706 1553 1723 a
1565 1705 1623 1723 mea
1633 1696 1811 1724 familiaritate
1822 1696 1880 1724 dis-

1087 1736 1184 1762 iunxit.
1224 1735 1317 1762 Postea
1333 1743 1408 1765 vero,
1425 1743 1508 1769 quam
1524 1743 1552 1761 se
1562 1739 1647 1761 totum
1659 1734 1802 1768 Pompeius
1813 1733 1880 1761 Cae-

1085 1773 1138 1799 sari
1150 1772 1270 1799 tradidit:
1283 1772 1349 1807 quid
1360 1780 1409 1808 ego
1419 1771 1497 1798 illum
1508 1771 1541 1798 ab
1552 1780 1582 1798 eo
1592 1770 1740 1798 distrahere
1752 1770 1880 1798 conarer?

1086 1809 1167 1836 Stulti
1192 1815 1246 1837 erat
1268 1818 1389 1844 sperare,
1411 1808 1524 1836 suadere
1541 1808 1717 1843 impudentis.
1757 1809 1799 1835 24.
1821 1808 1880 1836 Duo

1086 1851 1174 1874 tamen
1186 1852 1303 1882 tempora
1315 1846 1475 1877 inciderunt,
1487 1845 1588 1881 quibus
1599 1845 1702 1880 aliquid
1711 1850 1802 1872 eontra
1813 1845 1880 1873 Cae·

1062 1889 1065 1902 ¹
1085 1893 1171 1911 sarem
1186 1885 1312 1919 Pompeio
1326 1884 1467 1910 suaserim.
1497 1883 1535 1910 Ea
1550 1882 1632 1910 velim
1648 1882 1840 1917 reprehendas,
1852 1883 1878 1910 si

1085 1926 1173 1956 potes:
1196 1930 1296 1952 unum,
1309 1929 1341 1948 ne
1352 1921 1532 1956 quinquennii
1545 1920 1688 1955 imperium
1700 1919 1806 1947 Caesari
1817 1928 1880 1955 pro-

1084 1963 1200 1994 rogaret:
1222 1958 1349 1990 alterum,
1366 1966 1400 1985 ne
1415 1962 1548 1993 pateretur
1558 1957 1635 1988 ferri,
1652 1961 1682 1984 ut
1691 1956 1809 1984 absentis
1820 1958 1879 1984 eius

1084 1997 1150 2023 ratio
1165 1996 1318 2023 haberetur.
1357 1995 1476 2028 Quorum
1491 1995 1515 2022 si
1526 1995 1660 2022 utrumvis
1671 1994 1877 2030 persuasissem,

1084 2079 1142 2106 ego,
1154 2079 1241 2106 quum
1252 2071 1305 2097 iam
1315 2079 1408 2097 omnes
1419 2078 1492 2105 opes,
1505 2074 1531 2097 et
1541 2077 1612 2101 suas,
1621 2073 1647 2096 et
1655 2068 1876 2104 populiRomani,

1062 2123 1064 2139 1
1085 2108 1227 2143 Pompeius
1242 2108 1275 2134 ad
1290 2107 1429 2135 Caesarem
1439 2106 1594 2140 detulisset3
1615 2114 1729 2141 seroque
1739 2114 1769 2132 ea
1779 2106 1879 2133 sentire

1084 2146 1228 2180 coepisset,
1248 2153 1318 2180 quae
1337 2144 1423 2171 multo
1442 2148 1503 2171 ante
1522 2142 1718 2178 praeviderem.
1730 2142 1878 2178 inferrique
1916 2163 1919 2171 t

1085 2183 1186 2218 patriae
1200 2181 1303 2209 bellum
1318 2181 1451 2209 nefarium
1462 2180 1594 2208 viderem:
1616 2180 1699 2215 pacis,
1711 2179 1875 2212 concordiae,
1899 2183 1901 2186 ⁴

1084 2219 1286 2255 compositionis
1295 2223 1386 2246 auctor
1395 2227 1456 2246 esse
1466 2227 1518 2245 non
1528 2217 1633 2245 destiti:
1650 2225 1763 2252 meaque
1772 2216 1819 2244 illa
1825 2225 1878 2244 vox

1084 2262 1124 2284 est
1135 2262 1195 2284 nota
1206 2256 1314 2283 multis:
1339 2257 1452 2287 Utinam,
1467 2255 1514 2283 Cn.
1527 2255 1635 2288 Pompei,
1646 2263 1704 2281 eum
1720 2253 1748 2281 G.
1768 2253 1878 2282 Caesare

1083 2297 1228 2321 societatem
1241 2298 1288 2321 aut
1301 2302 1441 2328 numquam
1451 2295 1542 2320 coisses
1554 2296 1601 2319 aut
1611 2299 1749 2325 numquam
1758 2293 1878 2319 diremia-
1914 2307 1915 2311 =

1083 2333 1136 2358 ses!
1154 2331 1215 2358 Fuit
1229 2332 1339 2358 atterum
1355 2332 1506 2364 gravitatis,
1521 2330 1633 2356 alterum
1642 2329 1797 2362 prudentiae
1806 2333 1875 2356 tuae.
1896 2333 1898 2342 '

1084 2369 1152 2395 Haec
1162 2377 1229 2400 mea,
1237 2368 1273 2395 M.
1280 2368 1388 2398 Antoni,
1395 2375 1501 2402 semper
1511 2371 1537 2393 et
1546 2365 1711 2400 dePompeio
1721 2364 1785 2392 etde
1795 2373 1878 2400 repu-
1898 2368 1915 2385 Ἀ

1083 2405 1154 2433 blica
1164 2404 1276 2433 consilia
1287 2405 1409 2432 fuerunt:
1430 2412 1500 2440 quae
1510 2404 1535 2430 si
1549 2402 1711 2433 valuissent.
1723 2402 1876 2437 respublica

1083 2447 1177 2474 staret,
1199 2447 1228 2470 tu
1245 2443 1298 2470 tuis
1309 2441 1427 2478 flagitiis,
1439 2444 1568 2477 egestate.
1580 2438 1690 2466 infamia
1699 2439 1874 2466 concidisses.

1138 2480 1186 2507 XI.
1207 2481 1250 2507 25.
1269 2479 1323 2507 Sed
1338 2479 1404 2506 haec
1417 2483 1518 2505 vetera:
1539 2476 1608 2504 illud
1623 2485 1686 2504 vero
1696 2484 1798 2508 recens,
1809 2476 1876 2503 Cae-

1082 2526 1168 2544 sarem
1183 2525 1243 2544 meo
1259 2515 1371 2544 consilio
1389 2514 1568 2543 interfectum.
1608 2514 1662 2540 tam
1673 2521 1775 2545 vereor.
1787 2518 1874 2548 patres

1081 2555 1233 2589 conscripti,
1246 2562 1288 2585 ne,
1301 2553 1374 2589 quod
1384 2551 1571 2587 turpissimum
1582 2555 1630 2582 est,
1638 2551 1874 2586 praevaricatorem

1081 2591 1149 2618 mihi
1163 2591 1321 2626 apposuisse
1336 2590 1440 2620 videar,
1457 2589 1505 2624 qui
1519 2597 1562 2616 me
1574 2597 1626 2615 non
1637 2587 1725 2615 solum
1736 2588 1804 2614 meis
1815 2586 1874 2614 lau-

1081 2628 1162 2655 dibus
1178 2633 1295 2659 ornaret,
1311 2626 1360 2654 sed
1370 2627 1449 2654 etiam
1459 2630 1579 2652 oneraret
1588 2625 1693 2651 alienis.
1723 2624 1790 2657 Quis
1799 2625 1873 2653 enim

1082 2674 1171 2693 meum
1185 2666 1215 2692 in
1229 2665 1309 2693 istius
1321 2663 1510 2701 gloriosissimi
1525 2662 1587 2690 tacti
1600 2662 1761 2690 conscientia
1775 2669 1872 2690 nomen

1084 2033 1112 2060 in
1123 2033 1171 2060 has
1180 2034 1303 2060 miserias
1313 2041 1463 2068 numquam
1474 2031 1675 2060 incidissemus.
1707 2031 1796 2066 Atque
1805 2031 1878 2059 idem
1914 2049 1920 2056 .
