1941 3052
356 134 687 161 EPISTOLARUM
716 134 771 161 AD
800 133 1115 161 ATTICUMLIB.
1146 134 1422 161 V1.EP.3-—-6.

71 205 140 232 nihil
154 204 342 232 audiebamus.
382 205 574 231 Rectissimum
589 205 741 236 videbatur,
755 204 863 231 fratrem

69 252 133 269 cum
162 243 276 277 imperio
300 242 466 276 relinquere:
508 243 536 269 in
559 251 613 277 quo
636 242 720 269 multa
740 242 860 273 molesta,

70 280 208 307 discessus
228 284 326 310 noster,
344 279 409 305 belli
420 279 582 314 periculum,
599 279 717 306 militum
732 280 864 314 improbi-

70 323 124 348 taS,
141 321 266 343 sexcenta
281 322 427 351 praeterea.
467 317 489 344 O
500 326 556 343 rem
568 322 648 344 totam
659 317 793 343 odiosam!
815 316 863 343 sed

70 355 137 382 haec
156 353 262 380 fortuna
283 354 390 385 viderit,
406 355 534 389 quoniam
550 354 663 381 consilio
679 363 731 381 non
747 353 863 380 multum

69 391 193 419 utilicet.
233 393 258 418 2.
280 392 329 423 Tu¹
352 391 459 426 quando
475 393 585 418 Romam
601 392 707 422 salvus,
730 396 759 418 ut
774 400 861 426 spem,

70 429 182 459 venisti,
214 428 336 459 videbis,
359 434 389 456 ut
407 428 491 461 soles,
513 430 617 460 omnia,
639 437 708 464 quae
728 428 863 464 intelliges

70 470 159 493 nostra
178 466 316 497 interesse,
339 467 366 492 in
383 467 478 501 primis
493 467 525 493 de
542 466 630 493 Tullia
645 475 717 498 mea,
740 467 819 492 cuius
830 466 863 492 de

69 503 223 530 conditione
239 503 306 538 quid
323 504 390 530 mihi
401 504 527 538 placeret,
547 505 644 538 scripsi
655 503 689 530 ad
700 504 861 534 Terentiam,

70 549 156 576 quum
171 546 200 567 tu
215 541 243 567 in
260 541 371 567 Graecia
385 550 473 567 esses:
496 541 593 567 deinde
608 541 641 567 de
653 541 751 567 honore
763 546 861 566 nostro.

69 578 146 610 Quod
158 579 230 604 enim
242 583 270 605 tu
282 578 402 609 abfuisti,
412 587 505 605 vereor
515 583 545 605 ut
555 579 619 605 satis
626 578 863 613 dilioenteractum

70 616 98 642 in
119 620 213 642 senatu
232 616 267 642 sit
286 615 320 642 de
341 615 436 642 litteris
457 617 535 642 meis.
580 618 605 642 3.
636 615 706 642 Illud
728 620 862 649 praeterea

68 653 261 689 μυστικώῐεοοι
279 653 313 679 ad
329 658 353 679 te
368 653 498 685 scribam;
526 658 554 680 tu
566 654 690 689 sagacius
701 652 859 696 odorabere:

68 691 114 725 τῆς
139 689 270 728 δάμαρτός
291 702 342 727 μου
366 690 380 719 ὃ
404 674 579 727 ἀπελεύθερος
596 674 706 728 (οἶσθα
729 688 759 718 ὃν
781 690 861 728 λέγω)

71 732 145 764 ἔδοξέ
164 744 210 769 μοι
230 731 326 770 πρώην,
348 735 375 764 ἐξ
398 734 434 760 ὡν
453 730 638 770 ἇλογευόμενος
650 733 862 769 παρεφθέγγετο,

69 776 243 811 πεφυρακέναι
261 772 308 804 τὰς
325 783 430 810 ψηφους
443 777 469 801 ἐκ
487 785 531 808 ἵης
549 772 614 808 ωνῆς
630 774 681 801 Τῶν
693 772 862 809 ὐῗΐαρχόνῐων

69 816 117 843 τοῦ
147 814 332 853 Κροτωνιάτου
362 814 575 852 τυοαννοκτόνου”
612 815 712 842 δέδοικα
738 815 777 846 δὲ,
803 813 863 851 μήτι

68 868 176 894 νοησης·
198 860 232 887 εἱς
253 855 335 891 δήπου
348 868 424 885 τουτο
444 856 473 891 δη
490 855 716 894 πεοισκεψιὶμενος,
734 854 767 883 τὰ
785 854 863 884 Roma

69 897 250 932 ἐξασφιὶλισαι.
272 898 329 923 Νοιι
341 906 410 932 queo
421 902 534 928 tantum,
542 902 674 932 quantum
684 905 787 927 vereor,
796 897 864 923 scri-

68 935 142 961 bere.
183 935 222 961 Tu
242 938 332 960 autem
344 934 393 965 sae,
408 940 436 961 ut
451 935 518 961 mihi
530 940 589 961 tuae
602 935 703 961 litterae
715 934 804 961 volent
814 934 864 961 ob-

68 973 139 998 viae.
178 972 248 998 Haec
259 971 388 998 festinans
399 973 499 1007 scripsi
509 973 534 998 in
547 973 641 998 itinere
653 977 732 1007 atque
744 972 861 1007 agmine.

67 1009 151 1036 Piliae
171 1013 198 1036 et
216 1009 323 1044 puellae
338 1009 469 1036 Caeciliae
478 1009 764 1036 bellissimaesalutem
775 1009 861 1036 dices.

121 1083 149 1104 V.
179 1084 251 1106 (Tarsi,
261 1084 335 1105 Paullo,
345 1085 407 1102 blan-t

250 1127 418 1155 CICERO
448 1127 615 1154 ATTICO
651 1127 678 1154 S.

125 1175 148 1200 l.
169 1168 254 1200 Nunc
274 1173 385 1208 quidem
405 1172 522 1208 profecto
532 1173 631 1199 Romae
652 1182 694 1200 es:
721 1182 775 1208 quo
790 1177 824 1204 te,
838 1173 862 1199 si

68 1211 104 1237 ita
115 1215 164 1242 est,
177 1211 284 1238 salvum
296 1211 403 1237 venisse
415 1210 534 1246 gaudeo:
557 1210 629 1237 unde
643 1210 754 1245 quidem
766 1219 863 1245 quam-

69 1247 117 1274 diu
133 1248 257 1280 abfuisti,
275 1249 362 1284 magis
383 1257 397 1274 a
413 1257 456 1274 me
472 1248 566 1274 abesse
582 1248 723 1279 videbare,
741 1257 823 1283 quam
838 1249 862 1274 si

68 1285 141 1312 domi
161 1294 248 1312 esses:
271 1287 362 1312 minus
378 1286 450 1312 enim
464 1285 533 1311 mihi
549 1294 623 1312 meae
637 1290 712 1312 notae
723 1294 765 1312 res
776 1290 860 1317 erant,

67 1323 159 1349 minus
179 1324 258 1350 etiam
275 1323 409 1358 publicae.
450 1322 537 1355 Quare
553 1323 645 1354 velim,
660 1323 718 1354 etsi,
733 1328 762 1350 ut
772 1332 859 1358 spero,

66 1365 92 1387 te
104 1360 169 1386 haec
180 1360 285 1396 legente
296 1360 465 1396 aliquantum
477 1361 536 1386 viae
547 1369 710 1395 processero,
719 1365 806 1387 tamen
813 1360 863 1387 ob—

67 1398 126 1424 vias
141 1398 209 1424 mihi
224 1398 324 1425 litteras
339 1407 420 1433 quam
436 1398 622 1433 argutissimas
637 1398 670 1424 de
681 1398 808 1425 omnibus
820 1406 862 1424 re-

66 1434 118 1462 bus
139 1436 232 1463 crebro
247 1437 346 1467 mittas,
365 1436 392 1461 in
409 1436 504 1470 primis
516 1435 548 1462 de
560 1444 613 1471 quo
624 1436 721 1470 scripsi
733 1435 766 1462 ad
777 1440 801 1462 te
813 1444 860 1462 an-

66 1483 121 1504 tea.-
151 1475 195 1509 τῆς
216 1474 343 1512 ξυναόυου
364 1474 407 1509 τῆς
430 1474 489 1512 ἕμης
507 1473 692 1511 οὐξελευθερος
729 1475 800 1505 ἔδοξέ
815 1485 859 1511 μοι

66 1514 146 1551 θαμὰ
169 1516 331 1554 βατταρίζων,
349 1517 393 1543 καὶ
414 1514 497 1545 αλυων
513 1519 566 1548 τοῖς
586 1514 717 1555 ξυλλάγοις
744 1517 786 1543 καὶ
805 1518 860 1546 ταῖς

65 1556 197 1592 λέσχαις
184 1557 235 1586 ὐπό
253 1569 276 1585 τι
292 1560 464 1595 πεᾳυρακέναι
482 1569 528 1589 τας
544 1568 649 1595 ψηφους
665 1562 691 1586 ἐν
703 1561 755 1590 τοῖς
772 1556 857 1596 ὑπάρ-

63 1611 141 1634 χουσι
154 1602 207 1630 τοῖς
219 1600 266 1628 τοῦ
279 1598 470 1636 Κροτωνιάτου.
502 1600 527 1626 2.
550 1600 604 1626 Hoc
615 1604 643 1626 tu
654 1600 762 1635 indaga,
775 1604 804 1626 ut
815 1608 858 1626 So-

66 1639 118 1673 les,
141 1644 182 1666 ast
195 1640 245 1667 hoc
256 1641 356 1676 magis:
379 1644 406 1673 ἐξ
415 1639 512 1673 ἄστεως
520 1640 669 1677 ἑπταλόφου
678 1643 766 1677 τειχῶν
776 1643 856 1679 παρέ-

65 1683 142 1710 δωκεν
162 1683 231 1719 μνῶν
252 1683 287 1710 κδ.
310 1695 352 1720 μη.
373 1681 547 1720 ὀφειλημάτων
564 1685 698 1720 Καμίλλῳ
723 1682 814 1712 ἑαυτόν
832 1695 858 1711 τε

65 1723 200 1759 ὀφείλοντα
217 1724 282 1761 μνᾶς
303 1725 340 1751 κδ.
359 1727 385 1752 ἐκ
402 1725 453 1753 τῶν
471 1726 684 1762 Κροτωνιατικῶν
702 1726 745 1752 καὶ
764 1727 790 1752 ἐκ
808 1726 858 1753 τῶν

64 1766 282 1803 Χεῤῥονησιτικῶν
308 1777 355 1802 μη·
384 1767 428 1794 καὶ
449 1767 515 1803 μνᾶς
536 1765 730 1803 κληρονομήσας
748 1779 791 1804 χμ.
812 1779 855 1803 χμ.

63 1818 160 1835 τουτων
182 1807 209 1834 δὲ
233 1808 294 1844 μηδὲ
316 1806 409 1844 ὀβολὸν
423 1807 612 1856 δίαλυσασθαι,
631 1807 735 1836 πάντων
755 1808 855 1844 ὀφειλη-

64 1850 163 1877 θέντων
182 1848 229 1877 τοῦ
247 1849 363 1886 δευτέρου
380 1848 459 1886 μηνὸς
475 1850 506 1886 τῇ
524 1852 656 1887 νουμηνίᾳ·
682 1849 727 1878 τὸν
745 1851 772 1878 δὲ
792 1848 855 1877 ἀπε-

63 1889 189 1927 λεύθερον
211 1888 299 1922 αὐτοῦ,
323 1889 385 1919 ὄντα
408 1889 543 1928 ὁμώνυμον
567 1892 603 1927 τῷ
625 1890 747 1932 Κόνωνος
769 1903 856 1929 πατρι,

62 1932 139 1968 μηδὲν
157 1930 300 1969 ὁλοσχερῶς
322 1934 516 1970 πεφροντικέναι
573 1933 661 1961 Ταῦτα
679 1934 736 1966 οὖν,
755 1934 858 1971 πρῶτον

62 1974 120 2010 μὲν,
146 1974 188 2000 ἵνα
210 1972 296 2001 πάντα
312 1973 432 2008 σώζηται·
463 1972 580 2011 ‹Sem-spor
602 1975 640 2006 δὲ,
663 1975 707 2002 ‘iva
727 1975 789 2021 μηδὲ
807 1975 858 2003 τῶν

63 2013 145 2043 τόκων
162 2012 320 2052 ὀλιγωρήσῃς
339 2015 389 2043 τῶν
409 2013 462 2043 ἀπὸ
480 2015 524 2050 τῆς
541 2017 732 2053 προεκκειμένης
750 2015 855 2053 ἡμέρας·

63 2054 130 2087 ὅσας
144 2054 222 2084 αυτὸν
232 2054 369 2094 &usmaitau
383 2055 486 2093 σφόδρα
500 2057 608 2085 δέδοικα.
653 2058 706 2084 Καὶ
719 2056 772 2095 γὰρ
785 2070 853 2095 παρ-

61 2098 93 2133 ἧν
119 2095 184 2136 πρὸς
205 2096 272 2145 ἡμᾶις
298 2097 537 2135 κατασκεψόμενος,
565 2100 610 2126 καί
630 2109 652 2126 n
675 2097 765 2134 σχεδὸν
786 2101 854 2126 ἐλπί-

63 2149 124 2171 σας
149 2137 281 2177 ἀπογνοὺς
298 2140 332 2171 δὲ,
358 2138 456 2177 αλόγως
475 2138 580 2175 ἀπέστη,
595 2138 712 2172 ἐπειπὼν,
726 2143 794 2168 εἴκω·
815 2141 854 2168 (ιῖ-

63 2179 144 2219 σχρόν
161 2192 201 2209 τοι
220 2179 297 2218 δηρόν
315 2192 341 2209 τε
354 2183 446 2218 μένειν·
478 2189 575 2216 meque
593 2180 749 2217 obiurgavit
768 2186 856 2208 vetere

62 2222 215 2258 proverbio,
228 2223 259 2248 τὰ
270 2223 316 2257 μὲν
328 2222 450 2258 διδόμενα
461 2237 507 2249 -.
539 2224 564 2249 3.
587 2222 699 2258 Reliqua
721 2223 796 2254 vide,
819 2228 854 2255 et,

61 2263 192 2294 quantum
205 2259 262 2286 fieri
278 2264 376 2294 potest,
389 2260 585 2294 perspiciamus
596 2259 619 2286 *.
658 2261 715 2287 Etsi
736 2270 856 2287 annuum

62 2301 169 2332 tempus
185 2305 267 2332 prope
284 2298 335 2323 iam
347 2297 489 2323 emeritum
502 2297 681 2324 habebamus:
704 2298 773 2332 (dies
783 2299 856 2325 euim

60 2342 150 2360 xxxin
165 2339 241 2361 erant
255 2334 367 2369 reliqui.-
372 2334 380 2370 )
400 2334 582 2361 sollicitudine
597 2335 752 2370 provinciae
767 2340 855 2362 tamen

61 2371 104 2398 vel
120 2372 238 2398 maxime
254 2372 428 2408 urgebamur
468 2371 557 2404 Quum
573 2372 645 2398 enim
661 2372 765 2400 arderet
779 2373 855 2409 Syria

60 2407 132 2435 bello
148 2413 173 2435 et
187 2409 310 2440 Bibulus,
328 2410 354 2436 in
367 2414 437 2436 tanto
450 2417 567 2435 maerore
578 2418 636 2441 suo
651 2411 796 2437 maximam
807 2419 856 2437 ou—

61 2454 118 2472 ram
129 2445 194 2472 belli
206 2447 363 2479 sustineret;
380 2447 412 2474 ad
425 2455 521 2482 meque
534 2446 612 2482 legati
624 2447 683 2473 eius
695 2452 720 2474 et
730 2452 856 2482 quaestor

60 2487 87 2510 et
101 2483 182 2510 amici
199 2482 299 2510 litteras
311 2485 454 2515 mitterent,
471 2489 500 2510 ut
511 2484 635 2510 subsidio
646 2485 781 2512 venirem:
804 2486 854 2512 etsi

59 2521 209 2548 exercitum
230 2521 368 2548 infirmum
388 2521 534 2554 habebam,
567 2521 669 2548 auxilia
689 2531 752 2548 sane
773 2523 852 2554 bona,

60 2557 109 2584 sed
128 2566 159 2584 ea
170 2558 334 2591 Galatarum,
350 2559 512 2590 Pisidarum,
527 2559 682 2595 Lyciorum;
706 2559 770 2586 haec
781 2561 853 2586 enim

59 2599 124 2622 sunt
143 2600 232 2622 nostra
247 2595 354 2623 robora:
382 2601 470 2623 tamen
486 2604 545 2623 esse
559 2595 679 2623 offcium
696 2605 786 2624 meum
803 2606 854 2632 pu—

60 2633 124 2664 tavi,
143 2632 291 2660 exercitum
307 2633 405 2661 habere
419 2634 626 2669 quamproxime
638 2633 751 2666 hostem,
764 2634 853 2670 quoad

60 2669 129 2697 mihi
143 2678 267 2705 praeesse
281 2671 435 2706 provinciae
444 2679 493 2707 per
503 2676 612 2699 senatus
623 2671 777 2699 consultum
789 2671 854 2699 lice-

412 1085 437 1101 llu
448 1091 493 1101 fuss.
503 1086 557 1105 7⁰⁴.)

1657 137 1705 162 863

914 209 962 231 ret.
996 204 1058 235 Sed,
1073 214 1126 240 quo
1138 214 1187 241 ego
1197 207 1314 232 maxime
1325 205 1484 236 delectabar,
1498 205 1612 232 Bibulus
1623 206 1707 232 mole-

914 247 971 268 stus
983 242 1050 268 mihi
1058 252 1109 269 non
1116 248 1184 269 erat:
1198 243 1230 268 de
1241 243 1368 269 omnibus
1380 243 1460 269 rebus
1474 243 1610 269 scribebat
1620 243 1653 269 ad
1665 252 1707 270 me

913 280 1016 314 potius:
1033 284 1058 306 et
1069 280 1136 306 mihi
1147 280 1312 306 decessionis
1323 280 1381 306 dies
1393 280 1705 315 leirjfflitweobrepebat:

914 318 960 351 qui
982 326 1067 352 quum
1087 317 1238 348 advenerit,
1262 318 1324 345 ἄλλο
1339 317 1487 352 πρόβλημα,
1509 326 1590 352 quem
1611 318 1709 353 praefi-

914 355 996 387 ciam,
1015 355 1067 380 nisi
1079 354 1178 381 Caldus
1189 360 1314 390 quaestor
1325 355 1440 387 venerit,
1458 354 1491 381 de
1501 363 1555 389 quo
1566 355 1654 381 adhuc
1666 355 1709 381 ni-

914 391 952 417 hil
969 392 1035 418 certi
1051 392 1228 418 habebamus.
1270 394 1294 419 4.
1316 392 1464 426 Cupiebam
1480 392 1634 419 mehercule
1651 392 1709 419 lon-

913 430 1016 464 giorem
1028 429 1167 464 epistolam
1180 429 1277 462 facere,
1291 429 1338 455 sed
1351 438 1398 455 nec
1409 435 1463 456 erat
1475 438 1525 460 res,
1534 429 1566 455 de
1578 439 1631 465 qua
1641 430 1709 456 scri-

914 467 1019 496 berem,
1036 475 1083 492 neo
1094 467 1174 493 iocari
1185 476 1248 501 prae
1259 476 1323 493 cura
1334 472 1463 501 poteram.
1494 467 1602 493 Valebis
1614 468 1706 502 igitur,

914 508 940 530 et
950 503 1056 539 puellae
1067 503 1181 531 salutem
1192 504 1324 531 Atticulae
1335 504 1409 531 dices
1421 509 1579 540 nostraeque
1591 504 1682 531 Piliae.

967 615 1005 637 VI.
1033 618 1105 639 (Sidae,
1118 618 1191 637 Paullo,
1201 618 1294 636 Mam-110
1304 625 1349 634 mss.
1362 618 1417 639 τοι.)

1099 669 1265 696 CICERO
1295 668 1461 696 ATTICO
1490 669 1518 696 S.

970 725 993 750 l.
1010 719 1080 758 Ego,
1093 723 1159 749 dum
1171 724 1197 749 in
1210 724 1347 758 provincia
1359 723 1486 749 omnibus
1498 724 1578 750 rebus
1590 723 1709 758 Appium

913 769 991 790 orno,
1012 760 1102 787 subito
1118 770 1179 786 sum
1196 760 1281 787 factus
1300 761 1462 787 accusatoris
1480 762 1538 787 eius
1555 770 1640 787 socer.
1679 761 1708 787 Id

914 798 1034 832 quidem,
1048 799 1153 832 inquis,
1172 798 1210 824 dii
1224 798 1380 832 approbent.
1421 799 1457 824 Ita
1470 798 1564 830 velim,
1583 803 1661 833 teque
1673 799 1710 824 ita

914 844 1012 870 cupere
1022 840 1093 862 certo
1104 836 1169 861 scio.
1201 835 1253 861 Sed
1265 835 1343 861 crede
1358 835 1434 866 mihi,
1449 835 1516 861 nihil
1530 836 1619 861 minus
1630 841 1709 870 puta-

914 882 971 899 ram
982 881 1044 908 ego,
1063 873 1110 908 qui
1121 872 1154 898 de
1165 873 1206 898 Ti.
1220 873 1336 903 Nerone,
1355 873 1403 907 qui
1415 881 1521 898 mecum
1533 877 1635 907 egerat,
1651 881 1709 898 cer-

914 915 954 936 tos
966 910 1088 936 homines
1099 910 1131 935 ad
1144 909 1271 936 mulieres
1283 911 1422 942 miseram,
1441 910 1489 944 qui
1502 911 1611 936 Romam
1628 918 1710 936 vene-

914 952 985 978 runt,
1001 947 1077 973 factis
1088 947 1271 982 sponsalibus.
1299 947 1352 973 Sed
1364 947 1413 973 hoc
1424 956 1501 982 spero
1513 947 1621 973 melius.
1650 947 1710 973 Mu-

915 984 993 1011 lieres
1004 985 1115 1019 quidem
1127 984 1205 1011 valde
1217 984 1337 1020 intelligo
1349 984 1474 1011 delectari
1489 985 1620 1020 obsequio
1630 989 1655 1011 et
1665 993 1711 1010 co-

914 1023 1006 1048 mitate
1018 1022 1206 1048 adolescentis.
1238 1022 1330 1048 Cetera
1342 1022 1396 1048 noli
1407 1023 1596 1053 ἐξακανθίζειν.
1618 1024 1643 1048 2.
1657 1021 1709 1048 Sed

914 1060 982 1086 heus
998 1064 1040 1091 tu,
1065 1060 1165 1095 πυροὺς
1180 1059 1216 1090 εἷς
1232 1060 1312 1095 δῆμον
1327 1059 1458 1086 Athenis?
1474 1059 1560 1086 Placet
1577 1059 1625 1085 hoc
1642 1058 1710 1085 tibi‘?

913 1097 970 1123 Etsi
990 1106 1042 1123 non
1058 1097 1243 1131 impediebant
1258 1098 1311 1123 mei
1326 1102 1395 1123 certe
1409 1097 1480 1128 libri⁷
1497 1097 1558 1131 (non
1571 1097 1643 1122 enim
1660 1097 1710 1122 ista

914 1134 1020 1170 largitio
1035 1134 1086 1160 fuit
1102 1135 1129 1161 in
1145 1135 1227 1164 cives,
1247 1135 1294 1161 sed
1310 1135 1337 1161 in
1350 1135 1469 1169 hospites
1485 1134 1652 1169 liberalitas)
1668 1142 1710 1160 me

914 1177 1002 1198 tamen
1019 1172 1051 1198 de
1065 1172 1225 1198 Academiae
1242 1172 1367 1207 προπύλῳ
1382 1172 1460 1198 iubes
1475 1173 1605 1207 cogitare3
1624 1179 1709 1206 quum

914 1210 967 1236 iam
979 1210 1084 1245 ,Appius
1095 1210 1127 1235 de
1138 1210 1266 1236 Eleusine
1278 1218 1329 1236 non
1341 1210 1448 1245 cogitet.
1489 1210 1524 1235 De
1535 1209 1674 1235 Hortensio
1685 1213 1710 1235 te

913 1251 985 1274 certo
1011 1248 1068 1274 scio
1092 1247 1192 1274 dolere.
1233 1247 1367 1282 Equidem
1392 1247 1545 1273 excrucior:
1572 1246 1709 1272 decreram

913 1285 985 1311 enim
1001 1294 1064 1311 cum
1080 1293 1111 1311 eo
1123 1284 1200 1311 valde
1213 1284 1380 1311 familiariter
1394 1285 1495 1310 vivere.
1535 1286 1560 1310 3.
1583 1284 1636 1310 Nos
1648 1292 1710 1319 pro-

913 1322 1018 1348 vinciae
1034 1322 1213 1357 praefecimus
1232 1322 1366 1349 Caelium:
1389 1330 1518 1356 puerum,
1542 1322 1662 1356 inquies,
1684 1326 1711 1348 et

914 1359 1024 1386 fortasse
1044 1359 1148 1386 fatuum
1169 1364 1195 1386 et
1215 1368 1267 1386 non
1283 1368 1393 1395 gravem
1408 1364 1433 1386 ct
1449 1368 1500 1385 non
1516 1359 1707 1385 continentem.

912 1397 1063 1424 Assentior:
1088 1397 1145 1423 ficri
1162 1406 1212 1423 non
1231 1398 1315 1431 potuit
1330 1397 1415 1423 aliter.
1456 1397 1523 1422 Nam
1541 1405 1609 1431 quas
1625 1395 1709 1422 multo

912 1440 971 1461 ante
983 1440 1041 1461 tuas
1052 1443 1206 1469 acceperam
1219 1434 1328 1465 litteras,
1346 1435 1371 1460 in
1384 1434 1485 1469 quibus
1498 1436 1596 1467 ἐπέχειν
1607 1438 1630 1459 te
1642 1433 1709 1459 scri-

913 1481 1018 1507 pseras,
1040 1472 1106 1507 quid
1123 1477 1193 1498 essct
1209 1472 1276 1498 mihi
1293 1471 1445 1498 faciendum
1465 1471 1497 1497 do
1519 1470 1706 1505 relinquendo,

912 1518 957 1536 eae
970 1519 1011 1536 me
1023 1510 1189 1545 pungebant.
1231 1509 1359 1536 Videbam
1372 1509 1458 1539 euim,
1477 1517 1545 1544 quae
1558 1508 1606 1534 tibi
1619 1512 1709 1534 essent

912 1550 1007 1581 ἐποχῆς
1021 1556 1145 1579 caussae3
1164 1552 1189 1573 et
1203 1552 1277 1573 eraut
1288 1546 1396 1572 eaedem
1411 1546 1491 1572 milii:
1511 1554 1593 1581 puero
1605 1545 1708 1572 tradere

912 1584 972 1610 me‘?
992 1585 1077 1611 Fratri
1089 1584 1196 1611 autem‘?
1212 1583 1280 1610 lllud
1292 1594 1344 1610 non
1357 1584 1421 1610 utile
1434 1584 1521 1609 nobis.
1552 1584 1618 1609 Nam
1631 1590 1708 1617 prae-

911 1628 950 1650 ter
963 1622 1070 1650 fratrem
1082 1631 1161 1649 nemo
1172 1626 1236 1652 crat,
1249 1630 1330 1656 quem
1342 1622 1400 1648 sine
1411 1620 1573 1647 contumelia
1584 1625 1708 1655 quaesto—

911 1662 942 1691 ri,
957 1660 1041 1687 nobili
1053 1659 1224 1695 praesertim,
1239 1659 1407 1686 anteferrem.
1449 1659 1562 1689 Tamen,
1579 1658 1644 1684 dum
1656 1658 1708 1684 im-

910 1698 1026 1733 pendere
1043 1698 1131 1724 Parthi
1148 1697 1323 1728 videbantur,
1340 1702 1485 1723 statueram
1502 1695 1609 1722 fratrem
1626 1695 1708 1721 relin-

909 1744 1006 1771 quere,
1029 1741 1074 1762 aut
1093 1736 1173 1761 etiam
1195 1734 1366 1777 reipublicae
1377 1743 1472 1760 caussa
1489 1738 1578 1759 contra
1598 1737 1707 1759 senatus

909 1773 1082 1799 consultum
1076 1781 1133 1807 ipse
1146 1780 1296 1805 remancre,
1320 1772 1368 1807 qui
1385 1776 1572 1806 posteaquam,
1591 1769 1708 1796 incredi-

909 1811 958 1837 bili
972 1810 1108 1840 felicitate,
1122 1809 1314 1839 ἀιειο55οιιιιιῑ,
1329 1809 1433 1835 sublata
1445 1808 1577 1834 dubititio
1588 1813 1637 1834 cst.
1659 1807 1708 1833 Vi-

909 1848 1006 1875 debam
1019 1856 1170 1874 sermones:
1185 1847 1246 1873 hui!
1262 1846 1367 1873 fratrem
1381 1846 1503 1898 ieliquitl
1518 1854 1582 1872 num
1595 1850 1635 1871 est
1646 1844 1705 1875 hoc,

909 1894 961 1912 non
973 1885 1036 1921 plus
1047 1894 1148 1912 annum
1160 1885 1281 1911 obtinere
1293 1893 1358 1919 prox
1362 1885 1474 1910 inciam.
1468 1883 1566 1925 ³,quid
1579 1882 1652 1917 quod
1664 1890 1708 1908 se-

909 1928 987 1950 natus
999 1932 1044 1950 eos
1056 1922 1142 1949 voluit
1152 1931 1276 1956 pracesse
1287 1922 1445 1956 provinciis
1455 1921 1561 1955 quinon
1573 1919 1707 1954 praefuis-

908 1960 985 1987 sent‘?
1000 1965 1026 1987 at
1038 1960 1082 1986 hic
1094 1960 1250 1986 triennium.
1290 1960 1344 1994 Erg.³
1335 1968 1361 1985 ο
1378 1959 1442 1985 liae(
1453 1958 1486 1983 id
1499 1957 1639 2000 populum.
1681 1958 1705 1983 ι,

907 1998 993 2030 Quid,
1015 2006 1084 2032 quae
1107 1996 1215 2024 tecum‘?
1234 1997 1388 2031 Numquam
1404 2004 1491 2022 essem
1507 1996 1566 2021 sine
1583 2003 1660 2023 cura,
1683 1994 1707 2020 si

908 2035 975 2070 quid
991 2034 1148 2061 iracundius
1160 2039 1205 2060 aut
1215 2033 1439 2061 contumeliosius
1450 2038 1495 2059 aut
1508 2032 1703 2067 negligentius:

908 2081 977 2107 quae
990 2072 1040 2098 fert
1051 2073 1104 2098 vita
1118 2072 1269 2098 hominum.
1309 2071 1390 2103 Quid,
1407 2072 1430 2096 si
1442 2070 1508 2105 quid
1521 2070 1593 2095 lilius
1604 2078 1671 2104 puer
1682 2073 1707 2095 ct

909 2118 976 2144 puer
987 2109 1054 2135 bene
1065 2109 1118 2135 sibi
1131 2108 1234 2135 fidens?
1244 2109 1291 2144 qui
1303 2114 1372 2135 essct
1383 2107 1475 2134 dolor‘?
1485 2116 1566 2142 quem
1574 2111 1648 2141 pater
1654 2114 1705 2132 nou

908 2146 1069 2177 dimittebat,
1083 2151 1162 2181 teque
1174 2146 1200 2172 id
1211 2155 1320 2172 censere
1332 2145 1443 2172 moleste
1455 2144 1564 2171 ferebat.
1590 2144 1623 2171 At
1634 2151 1706 2169 nuuc

908 2183 1030 2214 Caclius,
1049 2192 1100 2209 non
1116 2183 1177 2209 dico
1192 2183 1334 2218 equidem,
1352 2182 1419 2217 quid
1436 2183 1533 2217 egerit,
1551 2181 1599 2207 sed
1616 2186 1703 2207 tamen

909 2221 993 2247 multo
1005 2221 1095 2246 minus
1109 2220 1207 2246 laboro.
1249 2220 1324 2246 Adde
1341 2219 1422 2246 illud:
1441 2219 1598 2253 Pompeius,
1616 2227 1646 2244 eo
1663 2226 1705 2243 Γο-

909 2259 971 2285 bore
983 2259 1037 2288 vir,
1052 2258 1085 2283 iis
1097 2257 1247 2288 radicibus,
1263 2257 1295 2289 Q.
1310 2257 1434 2283 Cassium
1445 2257 1503 2282 sinc
1513 2261 1583 2282 sorte
1593 2255 1702 2290 delegit.

908 2296 1005 2322 Caesar
1024 2295 1185 2321 Antonium:
1209 2303 1258 2329 ego
1279 2299 1347 2320 sorte
1363 2294 1455 2320 datum
1476 2293 1579 2319 oll‘tud«
1583 2301 1652 2323 rem
1676 2297 1705 2318 ιιι

908 2334 987 2359 etiam
999 2332 1146 2367 inquireret
1159 2332 1184 2357 ιιι
1197 2340 1211 2357 e
1215 2341 1269 2361 um.
1283 2340 1364 2366 quem
1377 2331 1563 2365 reliquissem
1554 2330 1568 2347 ⁷
1583 2330 1635 2355 lloc
1647 2337 1704 2355 me-

909 2370 975 2402 1ιιι5,
998 2374 1023 2396 ct
1040 2369 1121 2395 huius
1138 2369 1174 2395 rei
1192 2368 1268 2403 plura
1284 2377 1332 2395 tx(
1337 2368 1421 2403 mpla
1445 2377 1472 2393 5(
1476 2372 1574 2393 'intutu
1591 2366 1702 2401 quidem

908 2412 1012 2434 nostrae
1029 2406 1146 2441 profecto
1161 2407 1260 2440 aptius.
1302 2406 1334 2432 .At
1349 2411 1372 2431 ιι
1387 2405 1459 2439 apud
1476 2413 1552 2433 eum,
1569 2404 1607 2429 dii
1625 2403 1705 2429 lionil

906 2449 1005 2480 quanta
1023 2445 1048 2470 iu
1065 2444 1148 2473 cratia
1165 2444 1256 2478 posui·
1280 2444 1359 2477 eiqm
1379 2442 1431 2477 ltgi
1449 2442 1548 2468 litteras
1565 2450 1615 2466 uou
1632 2446 1658 2466 tu
1662 2450 1700 2471 ι5

906 2482 952 2509 sed
967 2481 1068 2508 librarii
1081 2482 1129 2507 tui.
1156 2482 1310 2507 Amicorum
1324 2480 1423 2506 litterae
1436 2488 1477 2505 me
1489 2479 1521 2505 nd
1534 2478 1702 2512 triumphum

907 2524 1010 2550 vocant,
1025 2527 1080 2545 rem
1091 2527 1105 2545 u
1118 2518 1204 2549 nobis,
1219 2523 1247 2545 ut
1259 2527 1308 2553 ego
1319 2518 1440 2547 arbitror,
1454 2521 1561 2551 propter
1573 2515 1640 2542 lianc
1651 2526 1701 2541 nn-

906 2558 1068 2593 λιγγειεσιίιν
1089 2560 1219 2586 nostram,
1248 2564 1298 2581 non
1325 2555 1431 2590 1101114
1425 2554 1524 2580 udum
1565 2552 1652 2585 Quare
1673 2557 1700 2579 tu

905 2603 1028 2637 quoque,
1046 2594 1083 2619 mi
1095 2593 1193 2624 Attice,
1212 2593 1300 2627 incipe
1316 2592 1343 2618 id
1354 2601 1423 2627 tupc
1426 2600 1467 2622 rc,
1485 2599 1539 2626 quo
1550 2599 1598 2617 nos
1610 2590 1700 2617 minus

906 2632 989 2667 inepti
1001 2630 1151 2658 videamur.
