1941 3052
800 151 824 175 ⁹.
856 150 889 175 lit.

225 154 269 178 εκ

220 221 369 256 eloquentia
403 230 452 247 una
483 221 612 256 qum-dum
643 222 675 247 «te
706 222 820 247 utimini»
847 221 1004 250 virtutibua;
1034 242 1035 250 ,

221 260 391 294 ἶιμιοιιιψωιη
414 264 476 285 aunt
498 268 589 285 omncs
610 259 719 284 virtutos
739 258 863 292 aequale»
881 263 906 283 et
920 266 1005 291 pares,
1027 272 1028 275 =

220 296 266 322 ιιι-«Ι
285 300 371 323 tumen
390 300 429 322 cst
448 297 549 330 sperit-»⁴
569 296 617 321 alia
638 296 721 327 inagis
740 295 789 320 aliu
809 294 921 320 formosa
935 299 960 320 et
975 294 1007 320 il·
1026 284 1029 334 l

222 333 325 364 lustria;
352 334 420 359 ,σὴ-ιιι
440 333 502 358 Ιιιιεϊ
518 333 565 361 vis,
582 341 649 366 qum·
663 332 799 358 scientiam
814 331 951 365 complexa
967 340 1007 357 re-
1026 340 1028 349 ·

221 379 278 396 rum
298 379 374 396 sensa
393 371 488 396 mentis
507 374 531 394 ct
549 369 657 394 consilia
676 369 713 394 sic
733 368 820 394 verbis
839 368 961 402 explicat,
979 373 1006 394 ut

220 417 272 436 eos,
295 408 341 441 qui
361 407 476 435 audiant.
497 414 666 440 quincumque
682 405 840 435 incubuerit,
859 406 942 439 possit
957 405 1007 431 im-

221 444 330 478 p‹·lleru;
353 453 420 478 quim
437 453 490 478 quo
509 444 590 468 maior
607 447 647 468 est
666 443 714 472 vis,
733 443 780 468 hoc
794 447 833 467 cst
848 443 932 475 magis
947 451 1008 477 pro-

221 481 299 507 bitate
319 481 450 513 iungenda
470 488 629 514 summaque
644 479 782 513 prudentia
793 480 810 512 2)
823 488 938 514 cpiarum
954 480 1007 505 vir-

221 523 305 544 tutum
318 518 471 551 vxpvrtitms
482 518 504 542 si
515 516 619 542 ‹liccncli
631 517 733 551 copiam
745 516 941 546 tradiderimus,
956 525 1006 542 non

219 564 263 581 cos
293 555 400 589 quilii-ui
432 558 546 579 oratores
576 553 754 583 effecerimus.
783 553 829 579 sed
857 553 1006 579 furentibus

219 592 348 626 quaedam
368 600 438 617 arni-‘i
457 590 619 617 ‹todi-rimus.
650 591 707 617 XV.
723 592 764 617 56.
785 591 864 621 llanc,
885 591 1004 625 inquom,
1027 606 1028 620 2

219 629 348 661 cogitandi
370 628 610 662 prontintiamliquo
629 629 754 654 rationem
774 629 882 663 vimque
900 627 1006 654 (licendi

221 671 319 691 xvh-res
334 666 424 691 Graeci
439 666 594 700 sapientiam
611 666 789 692 nominabant.
822 666 887 691 llinc
902 665 939 691 illi
956 665 1007 700 Ly-
1026 671 1028 695 ζ

219 703 302 735 cur-gi,
320 703 380 728 hinc
395 703 495 733 Pittaci,
513 703 574 728 hinc
589 702 697 729 Solones
712 707 790 737 atquc
805 703 838 728 ab
853 702 1006 728 hac-simili-

220 740 309 766 tudine
333 740 489 766 Coruncanii
513 740 603 769 nostri,
628 740 748 769 Fabricii.
766 741 885 769 Catones.
903 739 1006 773 Scipio·
1026 754 1027 764 l

220 786 265 803 nes
280 777 394 807 suerunt,
412 787 462 803 uon
479 781 529 803 tam
545 776 654 803 fortasse
667 777 800 807 docti,sc‹l
817 777 916 811 impetu
932 786 1006 802 men-

219 815 252 840 tis
267 814 347 840 simili
363 819 387 840 et.
403 814 544 840 voluntate.
579 814 676 840 Eadem
692 818 780 840 autem
795 814 838 840 alii
855 814 1003 848 prudentia.

218 852 264 877 sed
287 851 398 878 consilio
420 852 452 877 ad
475 852 542 877 vitae
565 851 653 877 studia
677 851 777 885 dispari
795 851 911 886 quietem
927 855 1005 885 atque

218 889 300 915 otium
315 889 408 919 secuti,
426 893 453 914 ut
468 889 636 924 Pythagoras,
647 888 1003 923 Democritus,Anaxagoras.

218 936 230 951 a
247 926 368 959 regendis
386 926 539 952 civitatibus
559 930 623 951 totos
637 934 666 951 se
680 925 711 951 ad
726 926 902 960 cognitionem
917 933 1005 951 rerum

219 963 421 994 transtulerum
447 971 514 997 quae
537 963 589 988 vita
614 966 718 996 propter
741 962 958 997 tranquillitatem
981 966 1006 988 et

218 1005 324 1035 propter
337 1001 422 1034 ipsius
436 1001 560 1026 scientiae
574 1000 741 1030 suavitatem,
757 1008 809 1034 qua
825 999 891 1025 nihil
905 1003 945 1025 est
959 999 1007 1026 ho-
1026 1010 1027 1035 ᾗ

218 1038 336 1064 minibus
350 1037 502 1068 iucundius,
520 1037 618 1071 plures,
631 1045 712 1071 quam
727 1036 791 1062 utile
803 1036 852 1063 fuit
866 1037 945 1063 rebus
956 1045 1007 1071 pu-

198 1084 202 1091 ¹
218 1075 302 1105 blicis.
328 1074 476 1101 delectavit.
511 1075 552 1100 57.
577 1074 677 1109 ltaque,
695 1078 723 1100 ut
736 1074 759 1100 ei
774 1074 864 1100 studio
877 1082 905 1100 se
919 1073 1007 1100 excel-

219 1112 372 1139 lentissimis
394 1112 507 1147 ingeniis
522 1111 643 1137 homines
657 1111 824 1142 dediderunt,
841 1119 874 1138 ex
888 1119 917 1137 ca
931 1119 1007 1137 sum-

218 1159 258 1176 ma
282 1149 404 1175 facultate
428 1149 503 1175 vacui
527 1157 556 1175 ac
577 1148 651 1175 liberi
671 1149 797 1183 temporis
816 1148 900 1175 multo
918 1148 1003 1183 plura,

217 1196 296 1222 quam
312 1191 366 1212 erat
385 1195 500 1216 neccsse,
521 1186 668 1212 doctissimi
684 1185 804 1212 homiues
818 1186 871 1212 otio
885 1186 968 1212 nimio
981 1189 1006 1211 et

218 1225 330 1259 ingeniis
355 1224 496 1250 uberrimis
518 1223 656 1250 affluentes
681 1222 797 1249 curanda
820 1223 871 1249 sibi
894 1231 952 1249 esse
976 1231 1005 1249 ac

216 1261 364 1296 quaerenda
379 1265 404 1287 et
418 1260 601 1296 investiganda
612 1260 756 1287 duxerunt.
779 1261 845 1286 Nam
858 1264 934 1286 vetus
944 1260 1005 1294 qui-

215 1299 275 1325 ‹lem
295 1298 338 1324 illa
357 1298 474 1324 doctrina
493 1298 586 1324 eadem
605 1297 710 1324 videtur
728 1301 754 1324 et
771 1302 839 1324 recte
854 1297 966 1324 faciendi
981 1301 1005 1323 et
1026 1292 1034 1319 :¹

216 1337 281 1362 hene
295 1335 401 1362 dicendi
415 1335 553 1371 magistra3
573 1343 660 1369 neque
673 1334 800 1361 disiuncti
814 1335 942 1365 doctores,
958 1334 1005 1360 sed

215 1373 295 1399 iidem
319 1377 392 1399 erant
415 1372 523 1399 vivendi
547 1376 729 1407 praeceptores
747 1376 826 1407 atque
844 1371 958 1401 dicendi.
977 1375 1005 1397 ut

216 1410 260 1437 ille
283 1410 354 1445 apud
376 1410 519 1436 Homerum
542 1410 670 1439 Phoenix,
695 1410 742 1444 qui
761 1418 789 1435 se
809 1418 821 1435 a
840 1409 918 1435 Peleo
932 1413 1005 1443 patre

216 1447 311 1474 Achilli
330 1448 419 1473 iuveni
439 1448 562 1474 comitem
580 1455 639 1473 esse
657 1446 748 1473 datum
767 1446 831 1473 dicit
844 1446 877 1472 ad
891 1446 1002 1477 bellum,

215 1490 243 1511 ut
262 1485 338 1511 illum
357 1484 472 1511 efficeret
490 1489 617 1511 oratorem
636 1486 768 1510 verborum
785 1489 947 1517 actoremque
964 1492 1006 1509 re-

215 1531 278 1548 rum.
300 1523 341 1548 58.
355 1521 407 1548 Sed
422 1526 449 1548 ut
464 1522 584 1548 homines
600 1521 686 1547 labore
697 1521 805 1547 assiduo
815 1520 1005 1555 etquotidiano

214 1560 322 1590 assueti,
338 1568 423 1594 quum
442 1559 606 1593 tempestatis
619 1567 713 1585 caussa
726 1566 805 1593 opere
819 1558 1001 1593 prohibentur,

214 1596 246 1623 ad
269 1596 350 1631 pilam
369 1605 397 1622 se
415 1600 460 1622 aut
478 1596 510 1622 ad
530 1595 594 1622 talos
613 1600 658 1622 aut
675 1595 709 1621 ad
727 1599 840 1622 tesseras
853 1594 1001 1626 conferunt,

214 1638 259 1660 aut
272 1635 350 1660 etiam
370 1642 469 1660 novum
484 1633 536 1659 sibi
550 1633 602 1667 ipsi
616 1632 733 1667 aliquem
748 1632 898 1668 excogitant
911 1632 938 1658 in
952 1632 1005 1658 otio

215 1670 318 1702 ludum,
334 1671 373 1697 sic
387 1670 426 1697 illi
441 1679 454 1697 a
469 1671 581 1706 negotiis
596 1669 722 1705 publicis,
731 1674 866 1704 tamquam
881 1669 914 1695 ab
925 1677 1003 1703 opere

214 1712 259 1734 aut
272 1708 437 1742 temporibus
451 1707 554 1734 exclusi
568 1711 613 1733 aut
627 1706 760 1733 voluntate
774 1715 823 1732 sua
838 1705 922 1732 feriati
937 1710 1004 1732 totos

214 1753 242 1771 se
259 1745 304 1771 alii
323 1745 355 1771 ad
374 1749 472 1780 poetas,
492 1744 536 1771 alii
555 1744 587 1770 ad
604 1748 761 1780 geometras,
781 1743 826 1770 alii
840 1743 873 1770 ad
887 1743 1004 1769 musicos
1024 1751 1025 1779 ζ

213 1782 392 1813 contulerunt,
408 1781 452 1808 alii
467 1782 554 1813 etiam,
571 1785 600 1808 ut
614 1781 753 1812 dialectici,
770 1789 870 1808 novum
884 1781 936 1807 sibi
950 1781 1003 1815 ipsi

214 1819 333 1845 studium
353 1819 502 1854 ludumque
524 1823 683 1853 pepererunt
701 1823 780 1853 atque
797 1818 824 1844 in
843 1818 876 1844 iis
890 1817 1000 1849 artibus,
1023 1837 1031 1856 Ἃ

214 1865 282 1891 quae
300 1861 417 1891 repertae
435 1860 506 1886 sunt.
528 1861 556 1882 ut
574 1864 717 1890 puerorum
736 1860 837 1882 mentes
855 1855 888 1881 ad
907 1855 1003 1881 huma-

213 1939 265 1966 que
279 1935 375 1957 aetates
389 1939 452 1957 suas
465 1934 697 1964 consumpserunt.
723 1930 792 1956 XVI.
808 1931 850 1956 59.
865 1929 917 1956 Sed
929 1929 1002 1964 quod

213 1972 286 1994 erant
304 1967 423 2002 quidam,
439 1968 512 2002 iique
527 1967 613 1998 multi,
629 1967 676 2002 qui
691 1971 736 1993 aut
749 1967 775 1993 in
791 1966 927 2001 republica
942 1975 1003 2000 pro-

214 2009 270 2039 pter
284 2005 434 2039 ancipitem.
443 2013 510 2040 quae
525 2013 576 2031 non
589 2009 673 2039 potest
683 2012 741 2030 esse
752 2003 1002 2035 seiuncta,saciendi

213 2041 372 2077 dicendique
390 2042 546 2076 sapientiam
565 2041 694 2072 florerent,
715 2045 744 2067 ut
757 2041 956 2072 Themistocles,
974 2046 1003 2067 ut

213 2079 335 2110 Pericles,
360 2083 389 2105 ut
406 2079 596 2109 Theramenes,
618 2083 663 2104 aut
679 2079 726 2113 qui
744 2078 835 2104 minus
853 2078 906 2113 ipsi
919 2079 947 2104 in
961 2086 1003 2104 re-

214 2116 320 2151 publica
344 2120 519 2147 versarentur,
545 2115 592 2142 sed
614 2115 696 2142 huius
714 2120 800 2141 tamen
821 2115 941 2141 eiusdem
960 2124 1003 2142 sa-

214 2154 326 2188 pientiae
343 2153 461 2180 doctores
480 2157 576 2184 essent,
597 2157 626 2179 ut
639 2153 759 2188 Gorgias,
776 2152 999 2188 Thrasymachus,

214 2192 351 2217 Isocrates:
374 2191 475 2217 inventi
497 2195 570 2221 sunt,
594 2190 651 2225 qui,
671 2198 755 2224 quum
776 2189 829 2224 ipsi
846 2189 964 2216 doctrina
977 2194 1003 2216 et

213 2228 328 2263 ingeniis
348 2227 521 2258 abundarent,
546 2236 561 2253 a
583 2236 609 2253 re
632 2231 720 2253 autem
734 2226 808 2253 civili
821 2231 874 2253 eta
888 2227 1000 2262 negotiis

213 2265 293 2291 animi
307 2265 423 2299 quodam
442 2265 540 2291 iudicio
558 2264 737 2294 abborrerent,
754 2263 822 2290 hanc
834 2264 941 2290 dicendi
955 2273 1002 2290 ex-

212 2302 391 2328 ercitationem
401 2303 564 2338 exagitarent
573 2306 652 2336 atque
661 2305 870 2327 contemnerent:
887 2310 1002 2336 quorum

213 2340 335 2374 princeps
354 2339 481 2370 Socrates,
502 2339 533 2370 is,
554 2339 601 2374 qui
614 2338 735 2365 omnium
749 2338 914 2365 eruditorum
928 2339 1003 2365 testi-

213 2377 300 2402 monio
328 2377 461 2411 totiusque
483 2376 583 2402 iudicio
606 2376 731 2403 Graeciae
752 2384 838 2410 quum
860 2375 1002 2410 prudentia

213 2417 238 2438 et
254 2414 375 2440 acumine
394 2418 419 2440 et
436 2418 574 2440 venustate
592 2417 617 2439 et
630 2412 785 2443 subtilitate,
801 2417 858 2439 tum
872 2421 934 2439 vero
947 2412 1003 2439 elo-

213 2450 328 2483 quentia,
346 2451 476 2482 varietate,
492 2451 576 2485 copia,
593 2459 674 2485 quam
687 2458 716 2476 se
729 2458 846 2484 cumque
859 2450 886 2476 in
901 2454 1002 2485 partem

213 2486 338 2518 dedisset,
353 2489 474 2514 oninium
488 2487 539 2514 suit
551 2487 627 2514 facile
641 2487 775 2522 princeps.
800 2488 841 2513 60.
857 2487 882 2513 Is
895 2487 938 2518 iis,
953 2487 1002 2522 qui

214 2523 285 2554 haec,
301 2532 369 2558 quae
388 2533 436 2550 nos
454 2533 525 2551 nunc
538 2525 702 2560 quaerimus,
718 2528 867 2555 tractarent,
883 2528 998 2560 agerent,

212 2559 347 2591 docerent,
376 2569 460 2595 quum
488 2562 594 2588 nomine
620 2561 817 2596 appellarentur
839 2569 901 2592 uno,
929 2561 1002 2596 quod

211 2597 298 2623 omnis
317 2606 404 2624 rerum
418 2599 578 2633 optimarum
592 2599 707 2634 cognitio
720 2602 799 2633 atque
812 2598 840 2624 in
853 2598 887 2624 iis
900 2598 1002 2624 exerci-

213 2634 274 2660 tatio
293 2634 461 2669 philosophia
479 2636 667 2666 nominaretur,
688 2635 738 2661 hoc
749 2643 891 2661 commune
905 2643 1001 2662 nomen

211 2671 310 2705 eripuit
323 2672 508 2706 sapienterque
522 2671 654 2699 sentiendi
664 2676 689 2698 et
698 2676 788 2698 ornate
797 2671 903 2698 dicendi
914 2672 1002 2698 scien-

214 1894 322 1920 nitatem
337 1893 498 1929 tingerentur
511 1898 590 1928 atque
605 1893 738 1923 virtutem,
752 1901 830 1919 omne
843 1897 950 1927 tempus
964 1896 1003 1918 at-
1023 1875 1032 1937 ll

922 150 950 176 T.
983 150 1255 177 CICERONIS

1059 222 1130 251 tiam,
1152 229 1178 247 re
1193 221 1371 251 cohaerenter.
1387 221 1613 256 ‹lisputationibu-
1628 223 1685 248 nui·
1698 225 1842 258 separavit.

1057 259 1134 283 cuiun
1166 258 1303 291 ingenium
1330 259 1470 293 variosque
1495 267 1630 285 sermones
1657 260 1845 288 immortalitati

1059 295 1163 329 scriptis
1178 295 1234 320 auia
1249 294 1322 320 Plato
1335 295 1450 325 tradidit,
1465 304 1550 330 quum
1562 296 1619 331 ipse
1631 296 1743 323 litteram
1753 297 1846 324 Socra·

1059 337 1096 357 tea
1112 332 1212 358 nullam
1227 331 1389 366 reliquisset.
1423 334 1464 358 61.
1481 332 1546 359 Hinc
1559 333 1704 359 discidium
1719 334 1786 361 illud
1799 343 1846 362 ex-

1058 369 1124 394 stitit
1141 369 1218 403 qumi
1239 369 1345 403 linguae
1363 374 1441 404 atque
1459 370 1554 400 cordis.
1575 371 1722 397 absurdum
1741 380 1804 398 une
1821 376 1847 398 et

1034 403 1035 406 ’
1059 405 1152 431 inutile
1175 410 1200 432 et
1222 406 1479 440 reprehendendum.
1504 412 1533 433 ut
1554 407 1599 434 alii
1618 416 1666 434 nos
1684 417 1785 443 sapere.
1801 408 1845 435 alii

1057 443 1144 469 ‹liu-ere
1162 443 1294 469 docerent.
1330 444 1404 473 Nam,
1424 452 1509 478 quum
1523 449 1612 470 essent
1625 445 1716 480 plures
1729 446 1778 472 orti
1793 445 1846 472 tere

1034 496 1035 500 =
1057 489 1070 505 a
1097 480 1211 511 Socrate,
1235 480 1306 515 quod
1333 489 1365 506 ex
1389 480 1462 507 illius
1486 482 1566 507 varii»
1588 486 1614 508 et
1635 482 1750 509 diversis
1771 487 1796 508 et
1819 483 1845 509 in

1034 540 1035 546 ,
1057 526 1162 543 omnem
1186 522 1286 551 partem
1309 517 1415 543 diss'usia
1437 517 1664 553 disputationibus
1686 519 1755 546 alius
1772 519 1845 546 aliud

1057 555 1275 589 apprehenderat,
1291 555 1483 589 proseminatae
1497 560 1560 581 sunt
1573 556 1649 590 quasi
1665 555 1780 583 familiae
1789 557 1846 583 dis-

1057 592 1199 618 sentientes
1219 592 1286 618 inter
1303 601 1331 617 se
1345 596 1370 618 et
1384 592 1499 618 multum
1514 592 1662 619 disiunctae
1675 598 1701 619 et
1714 593 1843 628 dispares.

1057 637 1141 663 quum
1165 634 1251 655 tamen
1274 638 1366 655 omnes
1385 638 1413 655 se
1428 629 1580 664 philosophi
1595 629 1741 656 Socraticos
1754 635 1779 657 et
1793 630 1845 657 dici

1059 665 1156 692 vellent
1169 671 1194 691 et
1207 675 1266 692 esse
1279 666 1477 693 arbitrarentur.
1510 666 1589 693 xvn.
1605 668 1647 693 62.
1662 667 1700 694 Ac
1713 668 1800 702 primo
1812 667 1846 694 ab

1059 703 1116 737 ipso
1130 703 1235 729 Platone
1249 703 1403 730 Aristoteles
1416 709 1442 730 et
1456 703 1628 735 Xenocrates:
1652 713 1766 739 quorum
1781 704 1846 730 alter

1059 740 1303 774 Peripateticorum=
1333 741 1398 767 alter
1423 741 1579 767 Academiae
1602 750 1697 767 nomen
1719 742 1843 770 obtinuit.

1057 776 1152 803 deinde
1166 777 1199 803 ab
1213 778 1377 808 Antisthene,
1394 779 1441 813 qui
1459 779 1611 812 patientiam
1626 783 1652 804 et
1670 778 1796 805 duritiam
1818 779 1844 805 in

1057 814 1188 840 Socratico
1201 823 1322 841 sermone
1336 816 1451 841 maxime
1461 815 1602 845 adamarat,
1612 815 1704 851 Cynici
1716 816 1843 850 primum.

1057 851 1152 877 deinde
1175 851 1266 881 Stoici,
1291 856 1348 878 turn
1372 852 1405 878 ab
1423 853 1566 887 Aristippo.
1581 861 1662 887 quem
1681 852 1742 879 illae
1761 854 1846 889 magis

1026 891 1035 906 ¹1
1059 888 1221 923 voluptariae
1235 888 1429 923 disputationes
1442 889 1610 919 delectarent.
1627 889 1770 925 Cyrenaica
1785 891 1845 925 phi-

1059 925 1176 960 losophia
1196 927 1320 955 manavit.
1335 935 1417 961 quam
1432 926 1476 952 ille
1489 931 1515 952 et
1529 927 1589 952 eius
1604 928 1700 961 posteri
1714 927 1846 962 simplici-

1058 968 1095 988 ter
1113 962 1297 994 defenderunt,
1317 964 1345 994 ii,
1366 963 1413 998 qui
1432 972 1503 989 nunc
1518 963 1652 998 voluptate
1665 965 1754 990 omnia
1768 965 1845 990 meti-

1059 1005 1147 1030 untur,
1162 1000 1228 1026 dum
1243 1000 1420 1026 verecundius
1434 1000 1460 1026 id
1474 1005 1564 1036 agunt,
1577 1009 1624 1027 nec
1634 1001 1758 1036 dignitati
1767 1002 1846 1028 satia-

1026 1041 1035 1074 {j
1058 1037 1166 1068 faciunt,
1187 1046 1268 1072 quam
1287 1046 1338 1064 non
1357 1042 1539 1072 aspernantur,
1561 1046 1608 1064 nec
1628 1038 1789 1073 voluptatem
1803 1043 1846 1065 tu-

1057 1079 1142 1105 entur,
1163 1083 1243 1109 quam
1263 1074 1408 1109 amplexari
1427 1074 1528 1101 volunt,
1563 1075 1681 1102 Fuerunt
1697 1076 1777 1102 etiam
1795 1075 1845 1102 alia

1056 1120 1152 1147 genera
1171 1111 1401 1146 philosophorum,
1421 1112 1468 1147 qui
1482 1120 1511 1138 se
1523 1120 1617 1138 omnes
1632 1112 1685 1138 fere
1699 1112 1845 1139 Socraticos

1057 1149 1251 1180 essedicebant,
1260 1149 1446 1180 Eretricorum,
1455 1149 1633 1180 Herilliorum,
1643 1150 1843 1186 Megaricorum,

1033 1188 1035 1199 ²
1057 1186 1282 1222 Pyrrhoneorum3
1313 1186 1360 1212 sed
1378 1195 1407 1213 ea
1427 1187 1521 1213 horum
1540 1187 1566 1212 vi
1580 1191 1606 1213 et
1618 1187 1845 1222 disputationibus

1056 1228 1119 1250 sunt
1141 1223 1241 1249 iamdiu
1265 1223 1344 1250 fracta
1357 1228 1383 1250 et
1397 1224 1536 1250 exstincta.
1566 1225 1608 1250 63.
1623 1224 1663 1251 Ex
1677 1223 1731 1250 illis
1745 1228 1842 1252 autem.

1033 1267 1034 1270 ¹
1055 1269 1123 1296 quae
1141 1265 1286 1291 remanent,
1306 1269 1335 1287 ea
1350 1260 1527 1296 philosophia,
1543 1269 1612 1296 quae
1625 1262 1743 1296 suscepit
1757 1266 1843 1296 patro-

1055 1298 1156 1324 cinium
1176 1297 1329 1332 voluptatis,
1350 1299 1398 1324 etsi
1412 1299 1456 1324 cui
1471 1307 1531 1324 vera
1545 1298 1675 1328 videatur,
1693 1298 1784 1333 procul
1798 1299 1845 1325 ab-

1055 1339 1095 1361 est
1113 1340 1199 1361 tamen
1217 1335 1250 1361 ab
1268 1343 1299 1361 eo
1316 1335 1381 1365 viro,
1396 1343 1477 1370 quem
1495 1335 1650 1370 quaerimus
1663 1340 1689 1361 et
1702 1344 1782 1370 quem
1797 1344 1845 1362 au-

1055 1377 1152 1398 ctorem
1167 1371 1270 1407 publici
1283 1372 1388 1398 consilii
1401 1376 1427 1398 et
1441 1372 1571 1408 regendae
1584 1373 1699 1399 civitatis
1713 1372 1808 1399 ducem
1819 1378 1845 1399 et

1025 1410 1033 1416 ''
1055 1410 1200 1435 sententiae
1217 1413 1297 1444 atque
1316 1409 1482 1444 eloquentiae
1496 1410 1643 1444 principem
1657 1410 1684 1436 in
1697 1414 1801 1441 senatu,
1817 1411 1844 1436 in

1056 1446 1164 1481 populo,
1184 1447 1212 1473 in
1229 1446 1333 1473 caussis
1350 1446 1467 1481 publicis
1481 1455 1540 1473 esse
1554 1446 1689 1473 volumus.
1722 1447 1777 1473 Nec
1790 1446 1844 1474 ulla

1056 1489 1143 1510 tamen
1157 1484 1181 1510 ei
1195 1483 1381 1518 philosophiae
1395 1483 1438 1510 fiet
1451 1484 1549 1510 iniuria
1563 1493 1576 1509 a
1590 1484 1677 1511 nobis.
1701 1484 1758 1511 Non
1772 1485 1843 1511 enim

1055 1520 1198 1555 repelletur
1216 1520 1286 1552 inde,
1306 1529 1360 1556 quo
1378 1521 1486 1556 aggredi
1503 1521 1606 1556 cupiet;
1628 1521 1717 1548 sedin
1731 1521 1844 1548 hortulis

1054 1559 1174 1592 quiescet
1186 1558 1253 1589 suis,
1266 1558 1312 1584 ubi
1328 1557 1393 1588 vult,
1403 1558 1449 1583 ubi
1463 1558 1541 1584 etiam
1556 1558 1685 1584 recubans
1695 1558 1810 1585 molliter
1818 1563 1844 1585 et

1031 1591 1033 1612 ⁴*
1054 1595 1165 1621 delicate
1184 1603 1232 1621 nos
1249 1599 1340 1621 avocat
1356 1603 1370 1620 a
1389 1595 1489 1625 rostris,
1509 1603 1522 1620 a
1537 1595 1652 1625 iudiciis,
1665 1604 1679 1621 a
1692 1596 1774 1625 curia.
1792 1595 1844 1622 sor-

1031 1613 1033 1660 l
1055 1637 1124 1658 tasse
1138 1632 1279 1666 sapienter,
1296 1632 1344 1658 hac
1358 1633 1512 1666 praesertim
1527 1632 1672 1666 republica.
1694 1633 1842 1659 GLVer-um

1031 1672 1033 1702 Ι
1054 1677 1103 1705 ego
1116 1677 1168 1695 non
1181 1677 1280 1704 quaero
1295 1677 1451 1703 nunc‚quae
1464 1669 1499 1695 sit
1513 1669 1681 1704 philosophia
1693 1670 1841 1701 verissima,

1054 1706 1101 1733 sed
1115 1714 1183 1741 quae
1196 1706 1291 1732 oratori
1304 1706 1444 1732 coniuncta
1459 1706 1584 1732 maxime.
1607 1705 1694 1738 Quare
1707 1707 1772 1733 istos
1785 1707 1844 1734 sine

1054 1743 1108 1770 ulla
1121 1742 1282 1769 contumelia
1295 1743 1476 1775 dimittamus,
1503 1747 1567 1769 sunt
1579 1744 1650 1770 enim
1669 1748 1694 1770 et
1711 1743 1774 1771 boni
1792 1745 1842 1770 viri

1030 1779 1032 1782 ’
1053 1785 1087 1811 et,
1105 1780 1231 1815 quoniam
1253 1780 1305 1806 sibi
1323 1781 1359 1806 ita
1373 1780 1506 1811 videntur,
1522 1780 1605 1813 heati;
1628 1785 1786 1816 tantumque
1798 1789 1843 1808 eos

1053 1818 1253 1848 admoneamus,
1269 1822 1298 1843 ut
1312 1817 1390 1848 illud,
1405 1818 1484 1844 etiam
1498 1818 1521 1844 si
1535 1822 1575 1844 est
1586 1818 1767 1849 verissimum,
1779 1819 1844 1845 taci-

1054 1860 1109 1882 tum
1125 1859 1212 1881 tamen
1226 1859 1362 1889 tamquam
1376 1855 1532 1890 mysterium
1544 1859 1657 1886 teneant,
1665 1855 1737 1890 quod
1747 1860 1844 1891 negant

1053 1893 1152 1918 versari
1166 1892 1194 1918 in
1208 1891 1344 1927 republica
1357 1900 1416 1918 esse
1426 1892 1563 1926 sapientis.
1597 1892 1664 1918 Nam
1673 1893 1697 1918 si
1707 1891 1757 1919 hoc
1765 1892 1843 1919 nobis

1030 1938 1032 1972 ἰ
1053 1934 1132 1964 atque
1149 1929 1250 1964 optimo
1267 1929 1366 1964 cuique
1383 1929 1572 1964 persuaserint,
1588 1937 1639 1956 non
1654 1933 1777 1964 poterunt
1789 1930 1842 1964 ipsi

1022 1959 1031 2004 {i
1052 1975 1120 1998 esse,
1135 1965 1163 1993 id
1176 1965 1249 2001 quod
1262 1966 1378 1992 maxime
1387 1967 1508 2001 cupiunt,
1516 1966 1602 1992 otiosi.
1618 1966 1710 1993 XVIII.
1722 1966 1839 1993 658ιοί-

1022 2005 1024 2014 ‘
1052 2012 1097 2030 cos
1110 2008 1208 2034 autem,
1223 2011 1292 2038 quos
1305 2003 1416 2029 minime
1429 2003 1559 2038 improbo,
1574 2003 1680 2030 dimitto
1693 2007 1780 2030 tamen
1794 2012 1843 2030 nec

1052 2049 1097 2067 eos
1120 2041 1199 2067 iratos
1221 2048 1321 2071 vereor,
1345 2040 1471 2075 quoniam
1489 2040 1597 2067 omnino
1614 2040 1692 2067 irasci
1705 2041 1840 2073 nescium;

1029 2082 1031 2103 Ι
1053 2082 1132 2113 atque
1150 2077 1219 2104 hanc
1235 2077 1270 2104 iis
1289 2077 1372 2104 habeo
1384 2077 1505 2113 gratiam.
1521 2077 1593 2112 quod
1606 2076 1656 2104 soli
1670 2085 1705 2104 ex
1716 2077 1842 2104 omnibus

1029 2108 1031 2144 l
1053 2115 1232 2150 eloquentiam
1254 2115 1379 2141 virtutem
1401 2122 1431 2140 ac
1452 2114 1611 2148 sapientiam
1628 2123 1687 2140 esse
1704 2114 1840 2141 dixerunt.

1029 2150 1031 2192 j
1053 2152 1107 2179 Sed
1120 2156 1264 2186 utrumque
1277 2155 1317 2178 est
1330 2151 1358 2177 in
1371 2151 1423 2182 his,
1434 2151 1507 2186 quod
1520 2151 1553 2178 ab
1567 2151 1624 2182 hoc,
1637 2159 1719 2186 quem
1732 2151 1843 2178 instrui-

1053 2198 1123 2220 mus,
1139 2193 1240 2216 oratore
1254 2187 1331 2214 valde
1344 2188 1496 2221 abhorreat;
1524 2188 1575 2219 vel,
1591 2188 1664 2224 quod
1675 2196 1778 2219 omnes,
1792 2189 1840 2224 qui

1052 2227 1185 2262 sapientes
1204 2234 1256 2252 non
1273 2226 1335 2256 sint,
1355 2233 1456 2256 servos,
1477 2225 1598 2256 latrones,
1615 2225 1712 2256 hostes.
1733 2225 1842 2252 insanos

1052 2272 1111 2290 esse
1123 2263 1224 2294 dicunt,
1238 2271 1325 2297 neque
1338 2267 1425 2289 tamen
1439 2271 1603 2298 quemquam
1615 2270 1674 2288 esse
1683 2262 1839 2297 sapientem.

1052 2300 1134 2328 Valde
1156 2304 1244 2326 autem
1265 2303 1306 2326 est
1323 2299 1479 2330 absurdum,
1499 2300 1523 2326 ei
1540 2299 1692 2326 concionem
1706 2303 1752 2325 aut
1764 2307 1842 2326 sena-

1053 2343 1109 2365 tum
1123 2342 1169 2364 aut
1181 2336 1268 2363 ullum
1281 2341 1386 2363 coetum
1400 2337 1540 2363 hominum
1551 2336 1724 2367 committere,
1739 2337 1783 2363 cui
1794 2344 1842 2363 ne-

1053 2384 1096 2402 mo
1113 2374 1230 2405 illorum,
1249 2374 1297 2409 qui
1315 2373 1411 2405 adsint.
1426 2382 1518 2404 sanuS.
1534 2381 1612 2399 nemo
1624 2373 1700 2403 civis,
1717 2381 1795 2400 nemo
1808 2373 1842 2400 li-

1052 2412 1100 2439 ber
1120 2419 1179 2438 esse
1197 2410 1328 2437 videatur.
1359 2413 1399 2437 66.
1417 2409 1525 2437 Accedit
1537 2410 1610 2445 quod
1622 2410 1748 2436 orationis
1760 2410 1840 2436 etiam

1052 2458 1138 2485 genus
1157 2448 1256 2474 habent
1272 2447 1382 2474 fortasse
1399 2446 1499 2474 subtile
1511 2451 1538 2473 et
1549 2452 1619 2473 certe
1632 2451 1754 2479 acutum3
1781 2447 1838 2478 sed,

1053 2491 1082 2513 ut
1103 2487 1131 2513 in
1149 2489 1259 2516 oratore,
1278 2484 1356 2516 exile,
1376 2485 1542 2514 inusitatum,
1563 2483 1708 2510 abhorrens
1721 2483 1754 2510 ab
1767 2484 1841 2510 auri—

1052 2524 1103 2550 bus
1117 2522 1202 2558 vulgi,
1221 2522 1375 2553 obscurum,
1390 2522 1478 2552 inane,
1494 2521 1623 2551 ieiunum.
1639 2525 1754 2547 attamen
1767 2521 1841 2547 eius-

1052 2560 1132 2591 modi,
1156 2568 1210 2594 quo
1234 2560 1273 2585 uti
1295 2558 1328 2585 ad
1349 2558 1449 2594 vulgus
1471 2557 1545 2584 nullo
1562 2557 1641 2584 modo
1653 2558 1747 2592 possit.
1780 2557 1839 2584 Alia

1051 2598 1122 2624 enim
1135 2601 1161 2623 et
1173 2597 1242 2623 bona
1254 2600 1280 2622 et
1294 2595 1362 2622 mala
1376 2595 1500 2621 videntur
1512 2594 1615 2626 Stoicis,
1631 2599 1657 2621 et
1669 2594 1763 2621 ceteris
1772 2595 1840 2621 civi-

1052 2635 1102 2661 bus
1116 2634 1158 2660 vel
1172 2634 1261 2668 potius
1273 2633 1414 2668 gentibus;
1430 2631 1480 2658 alia
1492 2632 1533 2658 vis
1542 2631 1659 2663 honoris,
1666 2631 1837 2667 ignominiae,

1052 2671 1172 2706 praemii,
1187 2669 1329 2704 supplicii;
1357 2677 1418 2695 vere
1431 2677 1463 2695 an
1477 2677 1564 2699 secuS,
1580 2668 1648 2695 nihil
1661 2668 1695 2694 ad
1709 2668 1758 2695 hoc
1771 2673 1839 2694 tern-
