1941 3052
789 156 819 178 (θ’,

865 153 898 178 Μ.
933 153 962 178 Τ,

224 158 270 181 322

223 228 330 260 pontino
349 226 508 260 praedonum
530 227 643 259 impe-tu:
669 224 714 250 ml
733 233 765 250 ex
783 224 862 249 domo
875 228 954 258 atque
968 231 1012 249 eo-

223 265 295 289 tmru·
311 265 436 297 prnetnrin
452 272 558 288 inunum
575 262 747 293 fugitivorum
761 262 914 286 instruc-tam
926 269 1011 285 arma-

223 306 328 335 tumque
350 302 462 326 venisse.
503 302 542 324 4055.
566 300 646 324 Nemo
665 299 800 331 lif-'rigenti
821 306 906 332 neque
930 302 1012 323 aetate

222 343 273 363 tuin
289 338 390 367 nir-wia,
408 346 492 371 neque
509 337 610 361 xirilnm
625 341 676 360 tani
693 336 804 361 inliruiis
820 334 881 364 fuit,
897 335 944 369 qui
961 343 1010 360 non

222 375 265 400 nn..
289 380 362 400 noa-te
385 384 415 399 eo
439 374 530 399 nuntio
553 374 682 398 excitatns
701 372 844 397 surrexerit
864 371 1009 406 telumque,

220 413 290 446 qumd
306 413 402 446 ruique
419 411 469 436 fors
484 410 619 439 offerebat,
640 411 790 443 arripuerit.
833 410 922 443 ltaque
937 409 1010 434 brevi

222 455 337 483 tempure
360 449 390 473 ml
416 448 504 473 fanium
524 456 555 472 ex
576 447 639 471 urlw
659 451 709 472 tota
728 447 903 472 concurritur.
945 446 1010 471 liora

220 486 335 519 :implius
355 486 405 510 iam
425 485 450 510 in
469 484 636 509 demoliendo
654 484 732 516 signo
750 483 874 517 permulti
891 483 1011 509 homines

221 523 408 548 molivlnintur:
439 521 505 546 illud
532 522 627 546 interea
652 521 724 546 nulla
750 521 853 546 lababat
871 529 903 546 ex
923 525 1009 554 parte,

219 568 302 593 quum
324 559 366 584 alii
389 558 507 583 vovimus
522 558 648 583 subiectis
663 563 819 584 conarentur
833 566 1008 587 commovere,

219 597 262 621 nlii
282 596 426 628 deligatum
447 596 572 621 omnibus
592 596 718 621 membris
738 604 828 630 rapere
846 595 878 620 ad
897 603 925 620 se
941 594 1012 620 funi-

220 634 278 658 bus.
321 634 435 666 lli-pente
451 633 616 666 Agrigentini
631 637 805 658 concurrunt:
822 633 850 658 lit
865 641 958 667 magna
975 631 1012 657 la-

220 670 330 704 pidatio:
347 670 409 695 (lant
424 679 481 695 sese
496 671 522 695 in
539 669 628 702 fugam
644 670 720 695 istius
733 670 857 704 praeclari
870 670 1012 703 imperato-

219 709 254 733 ris
273 708 392 733 nocturni
413 707 519 733 milites.
561 708 617 733 Duo
636 712 722 733 tamen
742 707 829 741 sigilla
853 706 1010 741 perparvula
1032 734 1033 742 ἵ

218 744 326 774 tollunt,
348 753 379 770 ne
397 745 505 770 omnino
523 745 614 770 inanes
632 744 664 770 ad
679 745 760 770 istum
776 744 934 778 praedonem
950 744 1012 769 reli-
1032 754 1033 777 1

217 782 326 815 gionum
346 786 547 807 reverterentur.
590 782 741 816 Numquam
761 787 813 807 tam
833 781 900 807 male
915 786 954 806 est
969 780 1011 806 Si·
1032 793 1033 796 ¹

216 818 298 849 culis,
318 820 383 854 quin
404 819 504 853 aliquid
526 818 606 844 facete
620 823 645 844 et
658 819 795 845 commode
809 819 911 844 dicant:
938 818 1010 844 velut

217 856 243 881 in
260 856 307 882 hac
322 865 347 882 re
362 857 474 885 aiebant.
492 857 517 882 in
531 856 631 882 labores
643 856 762 882 Herculis
775 865 825 882 non
837 857 926 882 minus
939 855 1009 881 liunc

217 893 442 919 immanissimum
454 893 569 924 Verrem,
586 902 666 928 quam
683 893 758 919 illum
773 902 867 927 aprum
880 893 1010 928 Eryman-

217 930 303 956 thium
323 930 412 956 referri
431 935 560 965 oportere.
603 931 693 957 XLIV.
718 932 758 956 96.
788 931 859 956 llanc
884 931 1008 956 virtutem

217 968 450 1003 Agrigentinorum
467 968 560 994 imitati
573 972 635 993 sunt
647 968 764 994 Assorini
781 972 879 1002 postea,
896 968 945 993 viri
958 967 1010 993 for-

217 1009 255 1030 tes
274 1010 299 1031 et
318 1005 422 1035 fideles,
443 1005 489 1030 sed
510 1014 678 1040 nequaquam
697 1013 730 1031 ex
750 1010 801 1031 tam
820 1004 907 1040 ampla
923 1013 1009 1039 neque

216 1046 269 1068 tam
284 1050 316 1068 ex
331 1042 412 1068 nobili
431 1043 546 1068 civitate.
588 1042 702 1078 Chrysas
721 1047 760 1068 est
778 1043 877 1073 amniS,
898 1042 945 1077 qui
964 1050 1010 1076 per

210 1079 403 1105 'Assorinorum
422 1088 498 1115 agros
516 1079 586 1105 fluit:
611 1081 634 1105 is
653 1079 724 1113 apud
743 1079 802 1105 illos
817 1080 928 1105 habetur
942 1079 1009 1105 deus

216 1121 241 1142 ct
255 1117 382 1151 religione
397 1118 511 1143 maxima
525 1117 630 1143 colitur.
663 1117 764 1143 Fanum
778 1117 836 1142 eius
851 1121 890 1142 est
904 1117 931 1142 in
945 1125 1010 1152 agro
1030 1137 1032 1150 ξ

216 1159 322 1188 propter
340 1155 425 1188 ipsam
445 1155 528 1185 viam.
553 1163 606 1189 qua
624 1154 720 1180 Assoro
738 1155 792 1180 itur
810 1155 939 1180 Hennam.
980 1154 1007 1180 In
1030 1154 1031 1158 ’

215 1199 246 1218 eo
259 1191 376 1227 Chrysae
390 1196 429 1217 cst
443 1191 631 1222 simulacrum,
652 1191 783 1226 praeclare
799 1191 896 1217 factum
911 1200 925 1217 e
940 1199 1009 1217 mar-

215 1237 297 1255 more.

214 1415 301 1446 nitati,
323 1415 435 1441 buccina
449 1414 540 1441 datur:
565 1415 685 1441 homines
699 1424 733 1442 ex
746 1415 817 1450 agris
831 1419 1005 1441 concurrunt:

213 1452 318 1478 eiicitur
332 1452 493 1488 fugaturque
507 1452 692 1487 Tlepolemus:
712 1461 798 1487 neque
811 1452 960 1487 quidquam
975 1461 1009 1479 ex

214 1488 274 1516 fano
288 1490 404 1516 Chrvsae
423 1494 524 1524 praeter
542 1498 626 1516 unum
646 1489 837 1525 perparvulum
851 1490 960 1525 signum
974 1498 1008 1516 ex

212 1535 271 1552 aere
284 1520 464 1553 desideratum
478 1531 528 1553 est.
550 1528 592 1553 97.
605 1527 695 1553 Matris
707 1535 818 1562 magnae
828 1527 919 1553 fanum
935 1527 1006 1562 apud
1028 1530 1029 1562 ξ

1027 1571 1036 1594 ἰ
1058 1563 1185 1590 nefariam
1204 1564 1342 1590 decidisti:
1366 1572 1426 1590 nam
1445 1563 1472 1590 id
1490 1565 1653 1599 concupisti,
1677 1563 1750 1599 quod
1771 1572 1852 1590 num-

212 1564 349 1599 Enguinos
364 1569 416 1591 est:
441 1565 503 1599 (iam
518 1565 590 1591 enim
605 1565 670 1591 mihi
687 1573 737 1591 non
752 1564 830 1591 modo
844 1565 960 1591 breviter
974 1565 1006 1591 de

213 1610 266 1627 uno
283 1610 392 1636 quoque
410 1601 568 1633 dicendum,
592 1601 640 1628 sed
658 1603 738 1628 etiam
757 1602 947 1636 praetereunda
966 1603 1007 1628 vi-
1027 1611 1029 1615 ·

211 1638 307 1665 dentur
320 1647 379 1665 esse
393 1639 533 1673 permulta,
550 1644 579 1665 ut
593 1639 625 1665 ad
640 1640 737 1665 maiora
751 1640 830 1665 istius
840 1644 866 1665 et
877 1639 1007 1665 illustrio-
1026 1665 1028 1671 Δ

212 1684 239 1702 ra
257 1676 284 1702 in
304 1676 352 1702 hoc
370 1684 466 1711 genere
480 1676 548 1702 furta
562 1681 588 1702 et
601 1676 699 1702 scelera
714 1676 875 1711 veniamus.)
914 1677 942 1702 ln
958 1676 1006 1703 hoc

212 1712 272 1739 fano
291 1712 384 1739 loricas
401 1713 545 1749 galeasque
563 1721 669 1744 aeneas,
689 1713 802 1739 caelatas
820 1721 899 1748 opere
913 1713 1006 1740 Corin-
1026 1715 1027 1729 ³

211 1750 280 1780 thio,
296 1750 460 1785 hydriasque
474 1750 601 1786 grandes,
622 1750 704 1777 simili
718 1751 745 1776 in
759 1758 856 1786 genere
870 1755 948 1785 atque
961 1759 1006 1777 ea-

211 1786 271 1812 dem
286 1792 340 1813 arte
354 1787 496 1822 perfectas,
512 1787 583 1814 idem
598 1787 644 1814 ille
657 1788 686 1813 P.
702 1787 805 1822 Scipio,
825 1788 866 1813 vir
879 1788 1005 1814 omnibus

211 1824 291 1850 rebus
310 1824 594 1859 praecellentissimus,
619 1829 744 1859 posuerat
761 1829 786 1850 et
804 1833 884 1851 suum
909 1833 1003 1851 nomen

211 1862 390 1896 inscripserat.
423 1861 495 1894 Quid
509 1863 561 1888 iam
576 1862 609 1888 de
622 1863 674 1888 isto
687 1861 764 1896 plura
779 1862 865 1888 dicam
880 1867 925 1888 aut
938 1871 1004 1897 que-

211 1897 270 1924 rar‘?
287 1899 382 1925 Omnia
396 1898 450 1930 illa,
466 1899 578 1929 iudices,
595 1899 718 1925 abstulit:
735 1899 801 1925 nihil
817 1900 844 1925 in
858 1899 1005 1935 religiosis·
1026 1917 1033 1923 ..

210 1936 279 1962 simo
297 1935 357 1962 fano
376 1941 478 1970 praeter
492 1937 603 1971 vestigia
619 1936 729 1962 violatae
743 1936 880 1972 religionis
894 1945 1005 1963 nornen-

210 1981 263 2008 que
276 1974 302 1999 P.
316 1973 448 2008 Scipionis
459 1973 580 2008 reliquit:
597 1974 714 2000 hostium
724 1973 819 2008 spolia,
832 1979 1004 2001 monumenta

210 2011 414 2044 imperatorum,
430 2010 523 2037 decora
538 2016 618 2045 atque
631 2015 783 2037 ornamenta
796 2010 918 2038 fanorum
929 2017 1004 2046 post-
1025 2017 1033 2043 l]

210 2047 259 2074 hac
278 2047 320 2074 his
338 2047 479 2082 praeclaris
494 2048 648 2074 nominibus
662 2049 770 2074 amissis
784 2049 810 2074 in
825 2049 1003 2076 instrumento
1024 2063 1026 2068 ·

209 2089 288 2119 atque
311 2085 337 2111 in
356 2085 522 2120 supellectile
540 2085 569 2112 C.
589 2085 677 2112 Verris
696 2085 918 2112 numerabuntur.

209 2122 248 2148 Tu
263 2122 387 2148 videlicet
397 2122 471 2149 solus
483 2123 554 2149 vasis
565 2122 710 2149 Corinthiis
719 2122 872 2149 delectaris:
889 2128 916 2149 tu
927 2123 1002 2150 illius
1024 2133 1025 2139 ¹

209 2159 276 2185 aeris
291 2160 517 2194 temperationem,
533 2165 561 2186 tu
575 2168 685 2195 operum
702 2159 860 2186 lineamenta
874 2160 1003 2187 sollertis-
1024 2161 1025 2189 l

209 2197 276 2222 sime
290 2195 438 2231 perspicis?
459 2196 523 2223 haec
536 2197 625 2232 Scipio
638 2197 684 2223 ille
699 2205 750 2224 non
764 2197 938 2233 intelligebat,
955 2198 1003 2224 ho-

209 2242 252 2260 mo
265 2233 437 2260 doctissimus
451 2239 530 2269 atque
541 2234 767 2261 humanissimus:
783 2239 811 2261 tu
822 2235 880 2261 sine
890 2235 944 2261 ulla
955 2235 1003 2262 bo-

209 2279 241 2297 na
255 2275 321 2302 arte,
342 2271 400 2297 sine
413 2271 591 2303 humanitate,
611 2273 670 2298 sine
682 2272 803 2308 ingenio,
823 2273 881 2298 sine
896 2272 999 2304 litteris,

207 2307 336 2344 intelligis
350 2313 376 2334 et
388 2308 509 2335 iudicas‘?
531 2308 610 2340 Vide,
626 2317 659 2335 ne
672 2308 718 2336 ille
731 2318 784 2336 non
797 2309 886 2336 solum
899 2314 1002 2345 tempe-

208 2345 304 2376 ranna,
324 2345 372 2372 sed
385 2346 464 2372 etiam
477 2346 654 2382 intelligentia
668 2351 692 2373 te
709 2351 790 2382 atque
808 2347 886 2378 istos,
906 2348 954 2382 qui
972 2356 1001 2374 se

207 2382 341 2417 elegantes
355 2382 408 2409 dici
422 2383 523 2414 volunt.
539 2384 641 2410 vicerit.
675 2384 742 2410 Nam
755 2385 828 2419 quia,
844 2393 925 2419 quam
939 2384 1002 2419 pul-

207 2419 269 2444 chra
283 2424 384 2451 essent,
400 2420 578 2456 intelligebat,
594 2421 693 2448 idcirco
705 2421 888 2452 existimabat,
904 2430 933 2448 ea
948 2431 1000 2448 non

338 1228 366 1254 Id
386 1229 434 1254 iste
450 1237 556 1263 poscere
570 1229 710 1255 Assorinos
725 1233 830 1263 propter
844 1228 1007 1264 singularem
1030 1260 1031 1266 1

215 1266 273 1292 eius
293 1266 346 1292 fani
365 1265 520 1301 religionem
540 1275 590 1292 non
610 1275 693 1292 ausus
711 1271 764 1292 est:
794 1266 946 1300 Tlepolemo
964 1266 1009 1292 dat
1030 1285 1031 1294 .

215 1303 376 1338 Hieronique
391 1304 536 1337 negotium.
570 1303 610 1329 Illi
627 1308 704 1329 noctu
720 1303 785 1329 facta
801 1312 880 1329 manu
896 1308 1009 1329 armata-
1029 1333 1031 1342 Α

213 1349 266 1375 que
282 1341 404 1366 veniunt:
422 1338 490 1366 fores
505 1340 577 1366 aedis
588 1340 745 1376 effringunt:
761 1340 861 1367 aeditui
871 1340 1009 1366 custodes·
1029 1370 1031 1380 Δ

213 1386 266 1412 que
281 1382 383 1404 mature
397 1379 529 1404 sentiunt:
545 1378 664 1413 signum,
681 1377 754 1413 quod
767 1382 822 1403 erat
836 1382 927 1404 notum
943 1377 1009 1403 vici-
1029 1394 1031 1412 3

1029 1413 1031 1418 “
1058 1415 1151 1441 orandi
1170 1415 1280 1449 quidem
1298 1423 1392 1441 caussa
1411 1414 1450 1440 fas
1469 1413 1541 1440 erat?
1566 1415 1643 1441 hisne
1660 1413 1741 1440 rebus
1755 1421 1851 1440 manus

959 2088 1001 2113 98.
1024 2079 1032 2109 l

209 2455 240 2481 ad
255 2456 393 2483 hominurn
413 2457 561 2489 luxuriem,
581 2459 629 2484 sed
641 2458 675 2484 ad
688 2463 809 2485 ornatum
824 2458 946 2485 fanorum
960 2464 1001 2486 at—

208 2501 260 2526 que
274 2494 432 2528 oppidorum
447 2503 507 2521 esse
521 2495 601 2526 facta,
622 2500 651 2522 ut
664 2497 778 2531 posteris
792 2497 889 2523 nostris
903 2505 1000 2523 monu-
1021 2505 1023 2526 1

209 2534 295 2555 menta
309 2530 431 2566 religiosa
444 2540 503 2559 esse
517 2532 666 2559 videantur.
1021 2530 1023 2558 ἶ

263 2566 342 2593 XLV.
358 2569 400 2594 99.
419 2569 516 2596 Audite
529 2568 608 2596 etiam
622 2569 786 2606 singularem
799 2571 868 2601 eius,
884 2570 995 2602 iudices,
1020 2581 1021 2585 ¹

207 2603 393 2638 cupiditatem,
409 2606 560 2638 audaciam,
576 2608 728 2638 amentiam,
743 2608 772 2634 in
786 2607 828 2633 his
842 2608 997 2642 praesertim

208 2640 290 2666 sacris
308 2640 472 2675 polluendis,
496 2652 565 2678 quae
583 2653 635 2671 non
653 2644 733 2670 modo
750 2645 875 2670 manibus
893 2645 995 2680 attingi,
1019 2668 1021 2688 l

208 2677 255 2703 sed
268 2685 300 2704 ne
313 2679 470 2714 cogitatione
483 2680 594 2715 quidem
607 2681 700 2708 violari
714 2681 754 2708 fas
764 2681 824 2708 fuit.
847 2681 997 2708 Sacrarium
1019 2700 1021 2707 .

997 151 1271 178 (ΞΙΙΣΕΠΟΝΙΞ

1032 226 1035 232 ”
1063 223 1165 249 Cereris
1179 227 1218 249 est
1233 223 1302 258 apud
1317 224 1471 249 Catinienses
1484 224 1574 250 eadem
1590 223 1724 259 religione.
1740 232 1792 259 qua
1804 224 1854 251 no-

1064 269 1134 289 mae,
1151 268 1203 294 qua
1219 261 1244 286 in
1259 261 1353 286 cett-rin
1369 261 1440 290 locis.
1457 269 1509 296 qua
1524 269 1605 295 prope
1619 262 1645 287 in
1661 266 1713 287 toto
1725 262 1789 287 orbe
1803 266 1854 287 ter·

1064 306 1161 323 rurum.
1204 298 1230 323 ln
1253 306 1284 323 eo
1306 298 1420 324 sacrario
1442 299 1536 324 intimo
1559 298 1608 324 fuit
1626 299 1733 333 signum
1753 299 1854 325 Cereris

1064 334 1264 369 perantiquum:
1286 335 1356 369 quod
1373 335 1434 364 viri.
1452 344 1502 361 non
1518 335 1595 361 modo
1607 335 1759 361 cuiusmodi
1774 340 1852 365 esset,

1063 371 1109 397 ›wd
1125 380 1157 397 ne
1171 380 1229 397 esi-e
1243 372 1352 406 quidem
1367 372 1495 398 sciebant.
1534 373 1630 398 Aditus
1644 373 1714 398 enirn
1729 373 1755 398 in
1771 372 1798 398 id
1812 382 1854 398 aa·

1063 409 1176 434 crarium
1193 417 1244 434 non
1259 414 1298 434 est
1313 410 1390 435 viria:
1407 418 1479 435 sacra
1495 418 1540 444 per
1554 410 1679 435 mulieres
1693 418 1722 435 ac
1738 410 1854 444 virgines

1062 446 1155 471 confici
1174 445 1269 472 solent.
1310 446 1362 472 lloe
1380 447 1487 479 „immin
1507 451 1585 472 noctu
1603 446 1671 472 clam
1692 447 1770 472 istius
1784 448 1854 473 servi

1040 488 1041 502 1
1063 491 1095 509 ex
1115 483 1160 508 illo
1179 482 1382 518 religiosissimo
1395 488 1474 518 atque
1488 484 1676 518 antiquissimo
1689 484 1749 510 fano
1763 489 1855 510 sustu-

1065 520 1164 546 lerunt:
1190 520 1317 554 postridie
1335 521 1483 546 sacerdotes
1498 521 1599 547 Cereris
1615 525 1694 555 atquo
1712 521 1785 547 illius
1801 521 1853 547 fani

1064 558 1196 583 antistitae
1211 558 1323 583 maiores
1335 562 1405 587 natu,
1423 558 1546 592 probatae
1560 566 1590 583 ac
1604 558 1706 584 nobiles
1717 558 1852 588 mulieres,

1064 603 1118 620 rem
1137 595 1169 620 ad
1189 595 1359 629 magistratus
1378 603 1441 621 suos
1459 595 1591 621 deferunt.
1632 595 1765 621 Omnibus
1783 604 1855 621 ocer-

1064 632 1136 662 lmm,
1154 632 1304 665 indignum,
1323 632 1473 658 luctuosum
1488 632 1604 667 denique
1619 632 1768 658 videbatur.
1796 634 1852 658 400.

1063 669 1130 695 Tum
1155 670 1203 695 iste
1227 675 1362 703 permotus
1381 670 1425 695 illa
1444 670 1577 695 atrocitate
1596 671 1707 706 negotii,
1729 674 1757 695 ut
1774 669 1808 695 ab
1826 677 1854 695 se

1039 707 1041 719 ⁴
1063 706 1170 732 sceleris
1185 707 1264 732 istius
1278 707 1398 741 suspicio
1412 706 1609 736 demoveretur.
1629 706 1674 732 dat
1692 707 1790 741 hospiti
1805 714 1855 733 suo

1061 743 1167 770 cuidam
1183 745 1332 777 negotium,
1353 749 1381 770 ut
1396 744 1512 779 aliquem
1528 744 1666 778 reperiret,
1686 752 1767 778 quem
1786 743 1854 770 illud

1063 781 1157 807 fecisse
1172 781 1351 813 insimularet:
1367 781 1494 816 daretque
1508 790 1624 815 operam.
1641 786 1671 807 ut
1685 782 1707 807 is
1719 789 1751 807 eo
1763 781 1855 807 crimi-

1038 835 1041 856 ι
1063 827 1094 844 ne
1112 818 1295 849 damnaretur,
1316 827 1348 844 ne
1369 819 1426 853 ipse
1443 823 1512 844 esset
1531 819 1556 844 in
1575 819 1695 844 crimine.
1736 818 1788 844 Res
1802 825 1853 844 non

1038 858 1040 868 ¹
1062 857 1280 890 procrastinatur:
1297 864 1357 882 nam
1371 864 1456 890 quum
1469 857 1518 882 iste
1527 856 1618 882 Catina
1631 855 1764 890 profectus
1773 860 1852 885 esset,

1060 893 1131 919 servi
1145 893 1285 919 cuiusdam
1301 901 1396 919 nomen
1414 892 1541 919 defertur.
1583 894 1605 919 ls
1623 897 1775 918 accusatur:
1800 892 1853 918 ficti

1061 934 1141 956 testes
1156 931 1182 956 in
1196 938 1257 956 eum
1273 930 1383 956 dantur:
1409 939 1463 956 rem
1481 935 1594 956 cunctus
1608 935 1716 956 senatus
1730 929 1854 956 Catinen—

1061 968 1131 993 sium
1152 967 1256 1003 legibus
1275 967 1383 993 iudicat,
1424 967 1580 993 Sacerdotes
1598 971 1739 993 vocantur:
1764 975 1797 993 ex
1811 966 1853 993 his

1060 1005 1198 1039 quaeritur
1212 1009 1312 1031 secreto
1326 1005 1352 1030 in
1366 1004 1453 1035 curia,
1468 1004 1536 1039 quid
1549 1009 1620 1030 esset
1634 1003 1742 1034 factum,
1757 1012 1854 1038 quem-

1061 1041 1205 1067 admodum
1223 1042 1414 1068 arbitrarentur
1431 1042 1539 1077 signum
1558 1050 1616 1067 esse
1634 1041 1762 1067 ablatum.
1803 1041 1854 1067 Re—

1061 1079 1192 1113 spondent
1207 1079 1279 1109 illae,
1297 1079 1423 1113 praetoris
1437 1079 1464 1105 in
1478 1087 1509 1105 eo
1523 1079 1579 1105 loco
1592 1087 1683 1105 servos
1697 1087 1755 1104 ease
1770 1079 1851 1104 visos.

1061 1117 1124 1147 Res,
1144 1124 1213 1151 quae
1227 1121 1297 1142 esset
1311 1116 1362 1142 iam
1377 1120 1452 1142 antea
1471 1124 1522 1142 non
1540 1116 1665 1146 obscura,
1685 1115 1852 1142 sacerdotum

1061 1154 1211 1180 testimonio
1225 1154 1365 1188 perspicua
1379 1162 1438 1180 esse
1451 1154 1546 1188 coepit.
1583 1154 1639 1179 ltur
1651 1154 1679 1179 in
1693 1153 1851 1179 consitium:

1059 1199 1155 1217 servus
1173 1190 1218 1217 ille
1237 1191 1363 1217 innocens
1385 1191 1512 1217 omnibus
1533 1191 1672 1217 sententiis
1693 1189 1850 1220 absolvitur,

1059 1236 1114 1263 quo
1127 1227 1232 1254 facilius
1246 1237 1294 1254 vos
1308 1228 1379 1254 hunc
1393 1228 1518 1254 omnibus
1529 1229 1666 1254 sententiis
1677 1227 1853 1254 condemnare

1060 1266 1184 1300 possetis.
1227 1267 1283 1291 lOl.
1308 1265 1378 1298 Quid
1402 1266 1473 1291 enim
1493 1265 1624 1300 postulas,
1648 1263 1761 1290 Verres‘?
1785 1263 1852 1300 quid

1059 1302 1170 1337 speras?
1191 1302 1256 1338 quid
1276 1302 1432 1338 exspectas?
1455 1311 1535 1337 quem
1550 1303 1598 1328 tibi
1612 1306 1658 1328 aut
1671 1301 1790 1332 deorum,
1807 1306 1853 1328 aut

1059 1340 1209 1371 hominum,
1225 1340 1326 1367 auxilio
1341 1344 1418 1374 putas
1433 1339 1574 1366 futurum?
1586 1340 1658 1366 Eone
1672 1343 1700 1365 tu
1714 1347 1806 1365 servos
1819 1338 1852 1365 ad

1059 1377 1230 1412 spoliandum
1244 1378 1387 1404 immittere
1401 1385 1483 1403 ausus
1497 1385 1535 1407 es,
1552 1385 1607 1412 quo
1622 1377 1718 1403 liberos
1732 1376 1805 1402 adire
1819 1384 1852 1402 ne

1059 1452 1150 1478 afferre
1165 1460 1216 1478 non
1229 1452 1372 1483 dubitasti,
1388 1460 1402 1478 a
1415 1452 1516 1487 quibus
1530 1452 1609 1478 etiam
1623 1450 1714 1478 oculos
1728 1450 1851 1477 cohibere

1028 1497 1037 1513 .¹
1059 1493 1084 1516 te
1097 1489 1257 1525 religionum
1273 1489 1329 1516 iura
1343 1488 1490 1525 cogebant?
1515 1489 1630 1516 Tametsi
1645 1497 1678 1515 ne
1691 1487 1776 1516 oculis
1788 1488 1851 1524 qui-

1058 1526 1119 1553 dem
1137 1531 1230 1561 captus
1249 1527 1276 1553 in
1295 1527 1362 1553 hanc
1381 1526 1501 1553 fraudem
1521 1531 1573 1553 tam
1587 1526 1740 1553 sceleratam
1754 1535 1784 1552 ac
1797 1531 1849 1553 tam

1057 1609 1138 1636 quam
1153 1601 1270 1627 videras:
1286 1601 1323 1631 id,
1340 1601 1458 1636 inquam,
1474 1601 1612 1631 adamasti,
1627 1601 1700 1636 quod
1713 1605 1788 1627 antea
1799 1609 1850 1627 non

1058 1647 1209 1673 aspexeras.
1247 1638 1366 1664 Auribus
1385 1643 1413 1664 tu
1427 1642 1526 1664 tantam
1539 1638 1713 1673 cupiditatem
1727 1639 1851 1672 concepi-

1056 1677 1107 1709 sti:
1126 1680 1155 1702 ut
1168 1684 1226 1702 eam
1240 1684 1292 1702 non
1307 1680 1407 1706 metus,
1423 1683 1475 1702 non
1489 1675 1590 1711 religio,
1607 1683 1658 1702 non
1672 1674 1783 1701 deorum
1797 1676 1848 1705 vis,

1026 1713 1035 1724 ‘⁴
1057 1721 1108 1739 non
1124 1713 1263 1739 hominum
1277 1713 1438 1739 existimatio
1452 1713 1607 1739 contineret.
1630 1713 1687 1739 ⁴02.
1702 1712 1736 1738 At
1749 1720 1783 1738 ex
1793 1712 1851 1738 viro

1033 1753 1035 1763 ³
1056 1750 1126 1776 bono
1138 1750 1270 1781 audieras,
1284 1749 1372 1781 credo,
1388 1754 1414 1776 et
1427 1749 1496 1776 bono
1510 1754 1624 1776 auctore.
1645 1749 1697 1781 Qui
1711 1749 1739 1776 id
1752 1753 1847 1784 potest,

1055 1787 1103 1822 qui
1122 1795 1154 1813 ne
1168 1795 1201 1813 ex
1214 1787 1272 1814 viro
1285 1787 1395 1822 quidem
1409 1787 1501 1813 audire
1515 1785 1653 1822 potueris?
1677 1786 1784 1813 Audisti
1797 1787 1850 1822 igi-

1032 1840 1035 1857 ,
1055 1829 1099 1851 tur
1111 1833 1145 1850 ex
1158 1824 1283 1851 muliere:
1299 1825 1426 1860 quoniam
1440 1824 1468 1850 id
1482 1825 1533 1850 viri
1548 1832 1634 1859 neque
1647 1823 1749 1850 vidisse
1762 1832 1850 1859 neque

1032 1863 1035 1873 '
1056 1870 1133 1888 nosse
1148 1866 1275 1896 poterant.
1315 1861 1427 1894 Qualem
1446 1870 1523 1896 porro
1536 1861 1610 1888 illam
1625 1860 1750 1887 feminam
1765 1860 1849 1887 fuisse

1056 1900 1163 1934 putatis,
1179 1898 1301 1925 iudices?
1313 1907 1394 1934 quam
1410 1898 1544 1934 pudicam,
1559 1907 1628 1933 quae
1641 1907 1702 1924 cum
1716 1898 1796 1924 Verre
1811 1897 1849 1924 lo-

1032 1939 1034 1962 ?
1055 1935 1200 1971 queretur?
1224 1944 1306 1971 quam
1324 1936 1490 1972 religiosam,
1511 1944 1580 1971 quae
1593 1936 1701 1962 sacrarii
1715 1934 1847 1970 spoliandi

1025 1972 1033 2000 :3
1054 1973 1204 2000 ostenderet
1217 1972 1364 2000 rationem?
1388 1974 1423 1999 At
1435 1973 1546 2000 minime
1559 1973 1672 2004 mirum,
1691 1981 1761 2008 quae
1773 1980 1848 1999 sacra

1032 2008 1033 2015 ¹
1055 2019 1102 2046 per
1127 2019 1261 2037 summam
1287 2011 1472 2037 castimoniam
1498 2011 1617 2037 virorum
1643 2018 1673 2036 ac
1702 2009 1847 2036 mulierum

1055 2048 1126 2079 fiant,
1142 2048 1235 2074 eadem
1249 2056 1296 2083 per
1308 2048 1387 2074 istius
1400 2052 1524 2083 stuprum
1538 2056 1568 2074 ac
1580 2046 1711 2083 flagitium
1722 2047 1848 2073 aesevio-

1055 2085 1114 2112 lata.
1153 2085 1245 2112 XLVI.
1269 2084 1341 2117 Quid
1355 2084 1435 2121 ergo?
1453 2085 1502 2111 hoc
1514 2084 1603 2111 solum
1616 2083 1753 2111 auditione
1763 2091 1848 2119 expe-

1055 2128 1108 2149 tere
1125 2123 1224 2158 coepit,
1244 2131 1330 2158 quum
1348 2122 1376 2149 id
1394 2123 1452 2157 ipse
1466 2130 1518 2149 non
1533 2120 1663 2148 vidisset?
1686 2122 1772 2148 Immo
1783 2128 1847 2148 vero

1054 2160 1104 2186 alia
1122 2159 1275 2195 complura:
1294 2168 1328 2186 ex
1345 2159 1446 2195 quibus
1460 2158 1557 2195 eligam
1571 2158 1756 2194 spoliationem
1770 2158 1847 2185 nobi-

1055 2197 1150 2223 lissimi
1169 2202 1248 2232 atque
1262 2197 1444 2232 antiquissimi
1458 2196 1527 2223 fani:
1551 2196 1585 2223 de
1597 2204 1651 2231 qua
1664 2196 1752 2230 priore
1764 2195 1847 2222 aetio-

1031 2236 1032 2243 *
1054 2243 1086 2260 ne
1105 2239 1185 2260 testes
1202 2234 1291 2261 dicere
1308 2234 1436 2261 audistis:
1460 2242 1532 2260 nunc
1544 2233 1637 2260 eadem
1654 2232 1714 2264 illa,
1733 2241 1843 2268 quaeso,

1030 2285 1032 2308 l
1053 2271 1155 2303 audite,
1175 2276 1201 2298 et
1214 2271 1369 2307 diligenter,
1388 2272 1460 2298 sicut
1472 2271 1560 2297 adhuc
1572 2270 1687 2301 fecistis,
1707 2269 1843 2296 attendite.

1030 2311 1032 2327 f
1054 2311 1110 2335 ⁴03.
1130 2308 1220 2335 Insula
1237 2313 1279 2335 est
1296 2308 1398 2340 Melita,
1417 2308 1534 2339 iudices,
1553 2307 1619 2334 satis
1636 2306 1689 2333 lato
1706 2307 1740 2333 ab
1754 2306 1845 2334 Sicilia

1053 2347 1118 2372 mari
1133 2346 1337 2382 periculosoque
1349 2346 1497 2372 disiuncta:
1516 2345 1545 2372 in
1561 2353 1615 2380 qua
1631 2348 1673 2370 est
1689 2344 1783 2371 eodem
1797 2352 1845 2371 no-

1053 2384 1123 2410 mine
1136 2384 1276 2418 oppidum,
1292 2392 1347 2418 quo
1359 2384 1410 2410 iste
1422 2390 1570 2418 numquam
1583 2382 1708 2414 accessit3
1722 2380 1795 2416 quod
1805 2385 1845 2408 ta-

1029 2434 1031 2442 »
1052 2429 1112 2447 men
1130 2421 1174 2447 isti
1193 2421 1338 2447 textrinum
1357 2429 1405 2455 per
1417 2420 1562 2447 triennium
1577 2418 1610 2445 ad
1623 2418 1783 2445 muliebrem
1797 2426 1844 2445 ve-

1050 2463 1117 2484 stem
1132 2458 1322 2484 conficiendam
1337 2457 1398 2484 fuit.
1436 2456 1478 2483 Ab
1491 2465 1521 2483 eo
1534 2456 1633 2491 oppido
1646 2464 1698 2482 non
1713 2455 1799 2491 longe,
1814 2455 1843 2482 in

1050 2496 1238 2530 promontorio,
1255 2495 1345 2521 fanum
1359 2499 1400 2521 est
1412 2494 1521 2520 Iunonis
1531 2494 1686 2528 antiquum:
1701 2493 1774 2528 quod
1783 2497 1843 2519 tan-

1050 2537 1075 2559 ta
1093 2532 1222 2568 religione
1238 2540 1344 2567 semper
1361 2531 1424 2562 fuit,
1448 2535 1478 2557 ut
1496 2539 1547 2557 non
1566 2530 1644 2557 modo
1661 2530 1716 2556 illis
1734 2529 1842 2556 Punicis

1049 2569 1141 2601 bellis,
1157 2577 1228 2605 quae
1239 2570 1268 2596 in
1281 2569 1324 2596 his
1338 2568 1393 2595 fere
1406 2568 1470 2595 locis
1483 2567 1571 2594 navali
1585 2567 1660 2602 eopia
1673 2572 1748 2603 gesta
1761 2571 1842 2602 atque

1027 2618 1029 2641 !
1049 2612 1151 2633 versata
1165 2611 1241 2638 sunt,
1257 2606 1304 2633 sed
1317 2606 1396 2633 etiam
1410 2606 1438 2632 in
1452 2605 1501 2631 hac
1514 2604 1677 2640 praedonum
1688 2603 1842 2630 multitudi-

1020 2642 1029 2666 Η
1048 2652 1081 2670 ne
1094 2652 1200 2679 semper
1213 2643 1370 2672 inviolatum
1384 2647 1560 2677 sanctumque
1571 2641 1659 2668 fuerit.
1679 2640 1750 2673 Quin
1760 2641 1841 2667 etiam

1025 2676 1029 2708 l
1048 2681 1098 2707 hoc
1116 2681 1259 2708 memoriae
1274 2680 1410 2716 proditum
1427 2684 1481 2710 est,
1505 2679 1590 2706 classe
1606 2678 1742 2714 quondam
1760 2677 1842 2705 Masi·
