<?xml version="1.0" encoding="UTF-8"?>
<!DOCTYPE html PUBLIC "-//W3C//DTD XHTML 1.0 Transitional//EN"
    "http://www.w3.org/TR/xhtml1/DTD/xhtml1-transitional.dtd">
<html xmlns="http://www.w3.org/1999/xhtml" xml:lang="en" lang="en">
 <head>
  <title>
</title>
<meta http-equiv="Content-Type" content="text/html;charset=utf-8" />
  <meta name='ocr-system' content='tesseract 3.04.00' />
  <meta name='ocr-capabilities' content='ocr_page ocr_carea ocr_par ocr_line ocrx_word'/>
</head>
<body>
  <div class='ocr_page' id='page_1' title='image "./operaomniaunovol00ciceuoft_0531.png"; bbox 0 0 1941 3052; ppageno 0'>
   <div class='ocr_carea' id='block_1_1' title="bbox 426 147 1158 178">
    <p class='ocr_par' dir='ltr' id='par_1_1' title="bbox 426 147 1158 178">
     <span class='ocr_line' id='line_1_1' title="bbox 426 147 1158 178; baseline -0.007 0"><span class='ocrx_word' id='word_1_1' title='bbox 426 149 612 178; x_wconf 84' lang='lat' dir='ltr'>ORATIO</span> <span class='ocrx_word' id='word_1_2' title='bbox 643 149 733 176; x_wconf 86' lang='lat' dir='ltr'>PRO</span> <span class='ocrx_word' id='word_1_3' title='bbox 765 149 794 176; x_wconf 92' lang='lat' dir='ltr'>P.</span> <span class='ocrx_word' id='word_1_4' title='bbox 829 147 1020 175; x_wconf 82' lang='lat' dir='ltr'>SESTIO.</span> <span class='ocrx_word' id='word_1_5' title='bbox 1061 147 1158 174; x_wconf 80' lang='lat' dir='ltr'>CAP.</span> 
     </span>
    </p>
   </div>
   <div class='ocr_carea' id='block_1_2' title="bbox 66 220 860 294">
    <p class='ocr_par' dir='ltr' id='par_1_2' title="bbox 66 220 860 294">
     <span class='ocr_line' id='line_1_2' title="bbox 66 220 860 257; baseline -0.009 -4"><span class='ocrx_word' id='word_1_6' title='bbox 66 225 143 256; x_wconf 80' lang='lat' dir='ltr'>ferro,</span> <span class='ocrx_word' id='word_1_7' title='bbox 156 223 265 250; x_wconf 87' lang='lat' dir='ltr'>servitio</span> <span class='ocrx_word' id='word_1_8' title='bbox 275 222 391 257; x_wconf 86' lang='lat' dir='ltr'>denique</span> <span class='ocrx_word' id='word_1_9' title='bbox 402 222 544 248; x_wconf 85' lang='lat' dir='ltr'>concitato:</span> <span class='ocrx_word' id='word_1_10' title='bbox 567 221 610 248; x_wconf 87' lang='lat' dir='ltr'>lex</span> <span class='ocrx_word' id='word_1_11' title='bbox 621 225 675 247; x_wconf 90' lang='lat' dir='ltr'>erat</span> <span class='ocrx_word' id='word_1_12' title='bbox 686 220 745 251; x_wconf 88' lang='lat' dir='ltr'>lata,</span> <span class='ocrx_word' id='word_1_13' title='bbox 759 224 860 246; x_wconf 76' lang='lat' dir='ltr'>vastato</span> 
     </span>
     <span class='ocr_line' id='line_1_3' title="bbox 66 257 858 294; baseline -0.009 -4"><span class='ocrx_word' id='word_1_14' title='bbox 66 271 96 290; x_wconf 87' lang='lat' dir='ltr'>ac</span> <span class='ocrx_word' id='word_1_15' title='bbox 110 261 200 289; x_wconf 84' lang='lat' dir='ltr'>relicto</span> <span class='ocrx_word' id='word_1_16' title='bbox 221 260 289 291; x_wconf 85' lang='lat' dir='ltr'>foro,</span> <span class='ocrx_word' id='word_1_17' title='bbox 307 264 333 286; x_wconf 90' lang='lat' dir='ltr'>et</span> <span class='ocrx_word' id='word_1_18' title='bbox 347 260 450 286; x_wconf 88' lang='lat' dir='ltr'>sicariis</span> <span class='ocrx_word' id='word_1_19' title='bbox 462 259 601 294; x_wconf 87' lang='lat' dir='ltr'>servisque</span> <span class='ocrx_word' id='word_1_20' title='bbox 613 259 715 289; x_wconf 87' lang='lat' dir='ltr'>tradito,</span> <span class='ocrx_word' id='word_1_21' title='bbox 729 262 755 284; x_wconf 86' lang='lat' dir='ltr'>et</span> <span class='ocrx_word' id='word_1_22' title='bbox 765 266 794 284; x_wconf 91' lang='lat' dir='ltr'>ea</span> <span class='ocrx_word' id='word_1_23' title='bbox 808 257 858 288; x_wconf 88' lang='lat' dir='ltr'>lex,</span> 
     </span>
    </p>
   </div>
   <div class='ocr_carea' id='block_1_3' title="bbox 65 294 890 335">
    <p class='ocr_par' dir='ltr' id='par_1_3' title="bbox 65 294 890 335">
     <span class='ocr_line' id='line_1_4' title="bbox 65 294 890 335; baseline -0.007 -9"><span class='ocrx_word' id='word_1_24' title='bbox 65 308 134 335; x_wconf 89' lang='lat' dir='ltr'>quae</span> <span class='ocrx_word' id='word_1_25' title='bbox 158 303 188 325; x_wconf 92' lang='lat' dir='ltr'>ut</span> <span class='ocrx_word' id='word_1_26' title='bbox 212 307 245 324; x_wconf 90' lang='lat' dir='ltr'>ne</span> <span class='ocrx_word' id='word_1_27' title='bbox 266 297 389 328; x_wconf 83' lang='lat' dir='ltr'>ferretur,</span> <span class='ocrx_word' id='word_1_28' title='bbox 417 301 525 322; x_wconf 87' lang='lat' dir='ltr'>senatus</span> <span class='ocrx_word' id='word_1_29' title='bbox 545 296 630 322; x_wconf 82' lang='lat' dir='ltr'>fuerat</span> <span class='ocrx_word' id='word_1_30' title='bbox 653 300 726 322; x_wconf 87' lang='lat' dir='ltr'>veste</span> <span class='ocrx_word' id='word_1_31' title='bbox 750 299 859 321; x_wconf 88' lang='lat' dir='ltr'>mutata.</span> <span class='ocrx_word' id='word_1_32' title='bbox 881 294 890 330; x_wconf 35' lang='grc' dir='ltr'>ᾗ</span> 
     </span>
    </p>
   </div>
   <div class='ocr_carea' id='block_1_4' title="bbox 67 332 862 369">
    <p class='ocr_par' dir='ltr' id='par_1_4' title="bbox 67 332 862 369">
     <span class='ocr_line' id='line_1_5' title="bbox 67 332 862 369; baseline -0.008 -5"><span class='ocrx_word' id='word_1_33' title='bbox 67 338 108 364; x_wconf 76' lang='grc'>54.</span> <span class='ocrx_word' id='word_1_34' title='bbox 126 337 179 362; x_wconf 82' lang='lat' dir='ltr'>Hac</span> <span class='ocrx_word' id='word_1_35' title='bbox 193 339 263 362; x_wconf 84' lang='lat' dir='ltr'>tanta</span> <span class='ocrx_word' id='word_1_36' title='bbox 279 334 476 369; x_wconf 80' lang='lat' dir='ltr'>perturbatione</span> <span class='ocrx_word' id='word_1_37' title='bbox 491 334 619 365; x_wconf 87' lang='lat' dir='ltr'>civitatis,</span> <span class='ocrx_word' id='word_1_38' title='bbox 638 342 670 359; x_wconf 90' lang='lat' dir='ltr'>ne</span> <span class='ocrx_word' id='word_1_39' title='bbox 686 337 789 359; x_wconf 89' lang='lat' dir='ltr'>noctem</span> <span class='ocrx_word' id='word_1_40' title='bbox 800 332 862 367; x_wconf 90' lang='lat' dir='ltr'>qui-</span> 
     </span>
    </p>
   </div>
   <div class='ocr_carea' id='block_1_5' title="bbox 67 369 861 404">
    <p class='ocr_par' dir='ltr' id='par_1_5' title="bbox 67 369 891 407">
     <span class='ocr_line' id='line_1_6' title="bbox 67 369 861 404; baseline -0.007 -3"><span class='ocrx_word' id='word_1_41' title='bbox 67 374 128 401; x_wconf 92' lang='lat' dir='ltr'>dem</span> <span class='ocrx_word' id='word_1_42' title='bbox 138 372 262 400; x_wconf 88' lang='lat' dir='ltr'>consules</span> <span class='ocrx_word' id='word_1_43' title='bbox 274 373 343 398; x_wconf 87' lang='lat' dir='ltr'>inter</span> <span class='ocrx_word' id='word_1_44' title='bbox 354 380 444 397; x_wconf 89' lang='lat' dir='ltr'>meum</span> <span class='ocrx_word' id='word_1_45' title='bbox 456 371 600 397; x_wconf 85' lang='lat' dir='ltr'>discrimen</span> <span class='ocrx_word' id='word_1_46' title='bbox 612 375 637 397; x_wconf 90' lang='lat' dir='ltr'>et</span> <span class='ocrx_word' id='word_1_47' title='bbox 648 379 725 396; x_wconf 91' lang='lat' dir='ltr'>suam</span> <span class='ocrx_word' id='word_1_48' title='bbox 737 369 861 404; x_wconf 82' lang='lat' dir='ltr'>praedam</span> 
     </span>
    </p>
   </div>
   <div class='ocr_carea' id='block_1_6' title="bbox 66 407 871 2723">
    <p class='ocr_par' dir='ltr' id='par_1_6' title="bbox 66 407 865 849">
     <span class='ocr_line' id='line_1_7' title="bbox 66 407 861 444; baseline -0.008 -6"><span class='ocrx_word' id='word_1_49' title='bbox 66 413 195 438; x_wconf 87' lang='lat' dir='ltr'>interesse</span> <span class='ocrx_word' id='word_1_50' title='bbox 210 410 282 444; x_wconf 90' lang='lat' dir='ltr'>passi</span> <span class='ocrx_word' id='word_1_51' title='bbox 298 414 375 435; x_wconf 86' lang='lat' dir='ltr'>sunt:</span> <span class='ocrx_word' id='word_1_52' title='bbox 398 409 500 439; x_wconf 87' lang='lat' dir='ltr'>statim,</span> <span class='ocrx_word' id='word_1_53' title='bbox 519 417 561 434; x_wconf 91' lang='lat' dir='ltr'>me</span> <span class='ocrx_word' id='word_1_54' title='bbox 577 408 714 443; x_wconf 84' lang='lat' dir='ltr'>perculso,</span> <span class='ocrx_word' id='word_1_55' title='bbox 727 407 759 433; x_wconf 89' lang='lat' dir='ltr'>ad</span> <span class='ocrx_word' id='word_1_56' title='bbox 772 415 861 433; x_wconf 90' lang='lat' dir='ltr'>meum</span> 
     </span>
     <span class='ocr_line' id='line_1_8' title="bbox 66 444 860 484; baseline -0.006 -9"><span class='ocrx_word' id='word_1_57' title='bbox 66 449 225 484; x_wconf 85' lang='lat' dir='ltr'>sanguinem</span> <span class='ocrx_word' id='word_1_58' title='bbox 238 446 430 477; x_wconf 81' lang='lat' dir='ltr'>hauriendum,</span> <span class='ocrx_word' id='word_1_59' title='bbox 443 450 481 476; x_wconf 84' lang='lat' dir='ltr'>et,</span> <span class='ocrx_word' id='word_1_60' title='bbox 495 446 613 480; x_wconf 74' lang='lat' dir='ltr'><strong>spirante</strong></span> <span class='ocrx_word' id='word_1_61' title='bbox 623 446 701 471; x_wconf 88' lang='lat' dir='ltr'>etiam</span> <span class='ocrx_word' id='word_1_62' title='bbox 715 444 860 479; x_wconf 80' lang='lat' dir='ltr'>republica,</span> 
     </span>
     <span class='ocr_line' id='line_1_9' title="bbox 66 482 863 520; baseline -0.006 -8"><span class='ocrx_word' id='word_1_63' title='bbox 66 486 100 513; x_wconf 86' lang='lat' dir='ltr'>ad</span> <span class='ocrx_word' id='word_1_64' title='bbox 114 486 172 512; x_wconf 86' lang='lat' dir='ltr'>eius</span> <span class='ocrx_word' id='word_1_65' title='bbox 184 484 268 520; x_wconf 89' lang='lat' dir='ltr'>spolia</span> <span class='ocrx_word' id='word_1_66' title='bbox 280 484 440 510; x_wconf 90' lang='lat' dir='ltr'>detrahenda</span> <span class='ocrx_word' id='word_1_67' title='bbox 453 483 653 509; x_wconf 80' lang='lat' dir='ltr'>advolaverunt.</span> <span class='ocrx_word' id='word_1_68' title='bbox 693 482 793 508; x_wconf 87' lang='lat' dir='ltr'><strong>Omitto</strong></span> <span class='ocrx_word' id='word_1_69' title='bbox 803 490 863 517; x_wconf 79' lang='lat' dir='ltr'>gra-</span> 
     </span>
     <span class='ocr_line' id='line_1_10' title="bbox 66 520 860 556; baseline -0.008 -6"><span class='ocrx_word' id='word_1_70' title='bbox 66 523 218 553; x_wconf 88' lang='lat' dir='ltr'>tulationes,</span> <span class='ocrx_word' id='word_1_71' title='bbox 230 521 332 556; x_wconf 83' lang='lat' dir='ltr'>epulaS,</span> <span class='ocrx_word' id='word_1_72' title='bbox 342 522 507 556; x_wconf 85' lang='lat' dir='ltr'>partitionem</span> <span class='ocrx_word' id='word_1_73' title='bbox 520 520 622 551; x_wconf 89' lang='lat' dir='ltr'>aerarii,</span> <span class='ocrx_word' id='word_1_74' title='bbox 631 520 766 550; x_wconf 83' lang='lat' dir='ltr'>beneficia,</span> <span class='ocrx_word' id='word_1_75' title='bbox 776 527 860 553; x_wconf 85' lang='lat' dir='ltr'>spem,</span> 
     </span>
     <span class='ocr_line' id='line_1_11' title="bbox 67 556 863 596; baseline -0.008 -9"><span class='ocrx_word' id='word_1_76' title='bbox 67 561 212 596; x_wconf 86' lang='lat' dir='ltr'>promissa,</span> <span class='ocrx_word' id='word_1_77' title='bbox 240 559 378 594; x_wconf 82' lang='lat' dir='ltr'>praedam,</span> <span class='ocrx_word' id='word_1_78' title='bbox 405 558 531 584; x_wconf 80' lang='lat' dir='ltr'>laetitiam</span> <span class='ocrx_word' id='word_1_79' title='bbox 557 565 717 592; x_wconf 82' lang='lat' dir='ltr'>paucorum,</span> <span class='ocrx_word' id='word_1_80' title='bbox 740 557 768 582; x_wconf 87' lang='lat' dir='ltr'>in</span> <span class='ocrx_word' id='word_1_81' title='bbox 790 556 863 582; x_wconf 90' lang='lat' dir='ltr'>luctu</span> 
     </span>
     <span class='ocr_line' id='line_1_12' title="bbox 66 593 862 625; baseline -0.009 0"><span class='ocrx_word' id='word_1_82' title='bbox 66 599 199 625; x_wconf 90' lang='lat' dir='ltr'>omnium.</span> <span class='ocrx_word' id='word_1_83' title='bbox 240 597 391 623; x_wconf 86' lang='lat' dir='ltr'>Vexabatur</span> <span class='ocrx_word' id='word_1_84' title='bbox 416 604 482 621; x_wconf 91' lang='lat' dir='ltr'>uxor</span> <span class='ocrx_word' id='word_1_85' title='bbox 507 603 580 621; x_wconf 89' lang='lat' dir='ltr'>mea:</span> <span class='ocrx_word' id='word_1_86' title='bbox 608 594 685 620; x_wconf 91' lang='lat' dir='ltr'>liberi</span> <span class='ocrx_word' id='word_1_87' title='bbox 710 593 743 619; x_wconf 90' lang='lat' dir='ltr'>ad</span> <span class='ocrx_word' id='word_1_88' title='bbox 772 601 862 619; x_wconf 85' lang='lat' dir='ltr'>necem</span> 
     </span>
     <span class='ocr_line' id='line_1_13' title="bbox 67 631 864 670; baseline -0.009 -8"><span class='ocrx_word' id='word_1_89' title='bbox 67 635 278 670; x_wconf 82' lang='lat' dir='ltr'>quaerebantur:</span> <span class='ocrx_word' id='word_1_90' title='bbox 304 642 385 669; x_wconf 77' lang='lat' dir='ltr'>gener</span> <span class='ocrx_word' id='word_1_91' title='bbox 393 637 437 664; x_wconf 77' lang='lat' dir='ltr'>,et</span> <span class='ocrx_word' id='word_1_92' title='bbox 447 633 508 658; x_wconf 90' lang='lat' dir='ltr'>Piso</span> <span class='ocrx_word' id='word_1_93' title='bbox 518 640 612 667; x_wconf 83' lang='lat' dir='ltr'>gener,</span> <span class='ocrx_word' id='word_1_94' title='bbox 626 640 638 657; x_wconf 91' lang='lat' dir='ltr'>a</span> <span class='ocrx_word' id='word_1_95' title='bbox 650 631 756 657; x_wconf 86' lang='lat' dir='ltr'>Pisonis</span> <span class='ocrx_word' id='word_1_96' title='bbox 767 639 864 656; x_wconf 89' lang='lat' dir='ltr'>consu-</span> 
     </span>
     <span class='ocr_line' id='line_1_14' title="bbox 68 667 861 707; baseline -0.008 -8"><span class='ocrx_word' id='word_1_97' title='bbox 68 672 102 699; x_wconf 86' lang='lat' dir='ltr'>lis</span> <span class='ocrx_word' id='word_1_98' title='bbox 113 672 229 707; x_wconf 87' lang='lat' dir='ltr'>pedibus</span> <span class='ocrx_word' id='word_1_99' title='bbox 244 671 360 705; x_wconf 82' lang='lat' dir='ltr'><strong>supplex</strong></span> <span class='ocrx_word' id='word_1_100' title='bbox 371 670 554 696; x_wconf 87' lang='lat' dir='ltr'>reiiciebatur:</span> <span class='ocrx_word' id='word_1_101' title='bbox 576 669 645 695; x_wconf 90' lang='lat' dir='ltr'>bona</span> <span class='ocrx_word' id='word_1_102' title='bbox 657 667 861 702; x_wconf 84' lang='lat' dir='ltr'>diripiebantur,</span> 
     </span>
     <span class='ocr_line' id='line_1_15' title="bbox 67 705 863 744; baseline -0.008 -8"><span class='ocrx_word' id='word_1_103' title='bbox 67 718 151 744; x_wconf 87' lang='lat' dir='ltr'>eaque</span> <span class='ocrx_word' id='word_1_104' title='bbox 172 709 204 736; x_wconf 90' lang='lat' dir='ltr'>ad</span> <span class='ocrx_word' id='word_1_105' title='bbox 224 708 348 735; x_wconf 85' lang='lat' dir='ltr'>consules</span> <span class='ocrx_word' id='word_1_106' title='bbox 367 707 568 734; x_wconf 79' lang='lat' dir='ltr'>deserebantur:</span> <span class='ocrx_word' id='word_1_107' title='bbox 591 706 687 732; x_wconf 91' lang='lat' dir='ltr'>domus</span> <span class='ocrx_word' id='word_1_108' title='bbox 708 705 817 731; x_wconf 84' lang='lat' dir='ltr'>ardebat</span> <span class='ocrx_word' id='word_1_109' title='bbox 836 705 863 730; x_wconf 92' lang='lat' dir='ltr'>in</span> 
     </span>
     <span class='ocr_line' id='line_1_16' title="bbox 68 742 864 780; baseline -0.009 -6"><span class='ocrx_word' id='word_1_110' title='bbox 68 747 180 774; x_wconf 84' lang='lat' dir='ltr'>Palatio:</span> <span class='ocrx_word' id='word_1_111' title='bbox 202 746 326 773; x_wconf 90' lang='lat' dir='ltr'>consules</span> <span class='ocrx_word' id='word_1_112' title='bbox 337 744 523 780; x_wconf 84' lang='lat' dir='ltr'>epulabantur.</span> <span class='ocrx_word' id='word_1_113' title='bbox 563 742 639 775; x_wconf 87' lang='lat' dir='ltr'>Quod</span> <span class='ocrx_word' id='word_1_114' title='bbox 650 743 672 768; x_wconf 92' lang='lat' dir='ltr'>si</span> <span class='ocrx_word' id='word_1_115' title='bbox 684 743 751 769; x_wconf 91' lang='lat' dir='ltr'>meis</span> <span class='ocrx_word' id='word_1_116' title='bbox 762 743 864 768; x_wconf 87' lang='lat' dir='ltr'>incom-</span> 
     </span>
     <span class='ocr_line' id='line_1_17' title="bbox 68 780 865 816; baseline -0.008 -5"><span class='ocrx_word' id='word_1_117' title='bbox 68 784 155 811; x_wconf 86' lang='lat' dir='ltr'>modis</span> <span class='ocrx_word' id='word_1_118' title='bbox 183 783 360 814; x_wconf 81' lang='lat' dir='ltr'>laetabantur,</span> <span class='ocrx_word' id='word_1_119' title='bbox 388 782 467 809; x_wconf 86' lang='lat' dir='ltr'>Urbis</span> <span class='ocrx_word' id='word_1_120' title='bbox 491 786 578 808; x_wconf 89' lang='lat' dir='ltr'>tamen</span> <span class='ocrx_word' id='word_1_121' title='bbox 603 780 723 816; x_wconf 88' lang='lat' dir='ltr'>periculo</span> <span class='ocrx_word' id='word_1_122' title='bbox 746 788 865 806; x_wconf 90' lang='lat' dir='ltr'>commo-</span> 
     </span>
     <span class='ocr_line' id='line_1_18' title="bbox 69 821 208 849; baseline -0.007 -1"><span class='ocrx_word' id='word_1_123' title='bbox 69 821 208 849; x_wconf 84' lang='lat' dir='ltr'>verentur!</span> 
     </span>
    </p>

    <p class='ocr_par' dir='ltr' id='par_1_7' title="bbox 67 854 868 1494">
     <span class='ocr_line' id='line_1_19' title="bbox 123 854 864 888; baseline -0.007 -3"><span class='ocrx_word' id='word_1_124' title='bbox 123 859 208 885; x_wconf 81' lang='lat' dir='ltr'>XXV.</span> <span class='ocrx_word' id='word_1_125' title='bbox 231 859 272 884; x_wconf 85' lang='lat'>55.</span> <span class='ocrx_word' id='word_1_126' title='bbox 295 856 361 888; x_wconf 88' lang='lat' dir='ltr'>Sed,</span> <span class='ocrx_word' id='word_1_127' title='bbox 373 860 403 883; x_wconf 93' lang='lat' dir='ltr'>ut</span> <span class='ocrx_word' id='word_1_128' title='bbox 414 865 428 882; x_wconf 89' lang='lat' dir='ltr'>a</span> <span class='ocrx_word' id='word_1_129' title='bbox 438 864 497 882; x_wconf 86' lang='lat' dir='ltr'>mea</span> <span class='ocrx_word' id='word_1_130' title='bbox 508 864 602 882; x_wconf 85' lang='lat' dir='ltr'>caussa</span> <span class='ocrx_word' id='word_1_131' title='bbox 613 856 666 882; x_wconf 87' lang='lat' dir='ltr'>iam</span> <span class='ocrx_word' id='word_1_132' title='bbox 678 854 808 885; x_wconf 80' lang='lat' dir='ltr'>recedam,</span> <span class='ocrx_word' id='word_1_133' title='bbox 822 862 864 880; x_wconf 89' lang='lat' dir='ltr'>re-</span> 
     </span>
     <span class='ocr_line' id='line_1_20' title="bbox 68 891 864 932; baseline -0.008 -9"><span class='ocrx_word' id='word_1_134' title='bbox 68 897 156 932; x_wconf 83' lang='lat' dir='ltr'>liquas</span> <span class='ocrx_word' id='word_1_135' title='bbox 172 895 247 922; x_wconf 90' lang='lat' dir='ltr'>illius</span> <span class='ocrx_word' id='word_1_136' title='bbox 263 895 325 920; x_wconf 87' lang='lat' dir='ltr'>anni</span> <span class='ocrx_word' id='word_1_137' title='bbox 335 899 424 929; x_wconf 89' lang='lat' dir='ltr'>pestes</span> <span class='ocrx_word' id='word_1_138' title='bbox 436 893 611 920; x_wconf 82' lang='lat' dir='ltr'>recordamini</span> <span class='ocrx_word' id='word_1_139' title='bbox 622 893 672 928; x_wconf 89' lang='lat' dir='ltr'>(sic</span> <span class='ocrx_word' id='word_1_140' title='bbox 683 893 754 919; x_wconf 87' lang='lat' dir='ltr'>enim</span> <span class='ocrx_word' id='word_1_141' title='bbox 767 891 864 918; x_wconf 76' lang='lat' dir='ltr'>facilli-</span> 
     </span>
     <span class='ocr_line' id='line_1_21' title="bbox 67 930 863 968; baseline -0.006 -8"><span class='ocrx_word' id='word_1_142' title='bbox 67 942 110 961; x_wconf 88' lang='lat' dir='ltr'>me</span> <span class='ocrx_word' id='word_1_143' title='bbox 125 933 308 968; x_wconf 79' lang='lat' dir='ltr'>perspicietis,</span> <span class='ocrx_word' id='word_1_144' title='bbox 321 936 448 966; x_wconf 87' lang='lat' dir='ltr'>quantam</span> <span class='ocrx_word' id='word_1_145' title='bbox 461 932 515 957; x_wconf 91' lang='lat' dir='ltr'>vim</span> <span class='ocrx_word' id='word_1_146' title='bbox 527 931 648 957; x_wconf 90' lang='lat' dir='ltr'>omnium</span> <span class='ocrx_word' id='word_1_147' title='bbox 659 930 838 956; x_wconf 85' lang='lat' dir='ltr'>remediorum</span> <span class='ocrx_word' id='word_1_148' title='bbox 850 938 863 954; x_wconf 89' lang='lat' dir='ltr'>a</span> 
     </span>
     <span class='ocr_line' id='line_1_22' title="bbox 67 967 864 1007; baseline -0.006 -10"><span class='ocrx_word' id='word_1_149' title='bbox 67 970 268 1007; x_wconf 80' lang='lat' dir='ltr'>magistratibus</span> <span class='ocrx_word' id='word_1_150' title='bbox 275 970 405 1004; x_wconf 84' lang='lat' dir='ltr'>proximis</span> <span class='ocrx_word' id='word_1_151' title='bbox 416 968 567 1003; x_wconf 82' lang='lat' dir='ltr'>respublica</span> <span class='ocrx_word' id='word_1_152' title='bbox 578 968 736 994; x_wconf 89' lang='lat' dir='ltr'>desiderarit</span> <span class='ocrx_word' id='word_1_153' title='bbox 744 967 762 1001; x_wconf 90' lang='lat'>:)</span> <span class='ocrx_word' id='word_1_154' title='bbox 774 967 864 1002; x_wconf 81' lang='lat' dir='ltr'>legum</span> 
     </span>
     <span class='ocr_line' id='line_1_23' title="bbox 67 1005 864 1042; baseline -0.006 -7"><span class='ocrx_word' id='word_1_155' title='bbox 67 1008 284 1038; x_wconf 82' lang='lat' dir='ltr'>multitudinem,</span> <span class='ocrx_word' id='word_1_156' title='bbox 307 1015 392 1042; x_wconf 90' lang='lat' dir='ltr'>quum</span> <span class='ocrx_word' id='word_1_157' title='bbox 413 1015 517 1037; x_wconf 91' lang='lat' dir='ltr'>earum,</span> <span class='ocrx_word' id='word_1_158' title='bbox 540 1014 610 1040; x_wconf 87' lang='lat' dir='ltr'>quae</span> <span class='ocrx_word' id='word_1_159' title='bbox 631 1005 697 1031; x_wconf 88' lang='lat' dir='ltr'>latae</span> <span class='ocrx_word' id='word_1_160' title='bbox 713 1009 788 1035; x_wconf 92' lang='lat' dir='ltr'>sunt,</span> <span class='ocrx_word' id='word_1_161' title='bbox 806 1009 864 1030; x_wconf 88' lang='lat' dir='ltr'>tum</span> 
     </span>
     <span class='ocr_line' id='line_1_24' title="bbox 69 1041 864 1081; baseline -0.006 -9"><span class='ocrx_word' id='word_1_162' title='bbox 69 1054 143 1077; x_wconf 83' lang='lat' dir='ltr'>vero,</span> <span class='ocrx_word' id='word_1_163' title='bbox 161 1053 230 1081; x_wconf 89' lang='lat' dir='ltr'>quae</span> <span class='ocrx_word' id='word_1_164' title='bbox 245 1044 428 1079; x_wconf 79' lang='lat' dir='ltr'>promulgatae</span> <span class='ocrx_word' id='word_1_165' title='bbox 439 1043 557 1070; x_wconf 86' lang='lat' dir='ltr'>fuerunt.</span> <span class='ocrx_word' id='word_1_166' title='bbox 597 1044 664 1069; x_wconf 89' lang='lat' dir='ltr'>Nam</span> <span class='ocrx_word' id='word_1_167' title='bbox 677 1042 743 1068; x_wconf 89' lang='lat' dir='ltr'>latae</span> <span class='ocrx_word' id='word_1_168' title='bbox 753 1041 864 1076; x_wconf 89' lang='lat' dir='ltr'>quidem</span> 
     </span>
     <span class='ocr_line' id='line_1_25' title="bbox 67 1079 866 1112; baseline -0.008 -2"><span class='ocrx_word' id='word_1_169' title='bbox 67 1088 132 1111; x_wconf 83' lang='lat' dir='ltr'>sunt</span> <span class='ocrx_word' id='word_1_170' title='bbox 150 1082 307 1109; x_wconf 89' lang='lat' dir='ltr'>consulibus</span> <span class='ocrx_word' id='word_1_171' title='bbox 323 1081 390 1112; x_wconf 92' lang='lat' dir='ltr'>illis,</span> <span class='ocrx_word' id='word_1_172' title='bbox 409 1081 558 1107; x_wconf 89' lang='lat' dir='ltr'>tacentibus</span> <span class='ocrx_word' id='word_1_173' title='bbox 579 1079 685 1107; x_wconf 68' lang='lat' dir='ltr'>dicam?</span> <span class='ocrx_word' id='word_1_174' title='bbox 704 1080 788 1106; x_wconf 90' lang='lat' dir='ltr'>immo</span> <span class='ocrx_word' id='word_1_175' title='bbox 803 1087 866 1105; x_wconf 87' lang='lat' dir='ltr'>vero</span> 
     </span>
     <span class='ocr_line' id='line_1_26' title="bbox 67 1117 865 1156; baseline -0.008 -8"><span class='ocrx_word' id='word_1_176' title='bbox 67 1120 278 1156; x_wconf 82' lang='lat' dir='ltr'>approbantibus</span> <span class='ocrx_word' id='word_1_177' title='bbox 290 1119 383 1145; x_wconf 89' lang='lat' dir='ltr'>etiam:</span> <span class='ocrx_word' id='word_1_178' title='bbox 399 1122 430 1145; x_wconf 88' lang='lat' dir='ltr'>ut</span> <span class='ocrx_word' id='word_1_179' title='bbox 439 1119 558 1144; x_wconf 85' lang='lat' dir='ltr'>censoria</span> <span class='ocrx_word' id='word_1_180' title='bbox 565 1119 635 1144; x_wconf 89' lang='lat' dir='ltr'>notio</span> <span class='ocrx_word' id='word_1_181' title='bbox 642 1117 865 1153; x_wconf 77' lang='lat' dir='ltr'>etgravissimum</span> 
     </span>
     <span class='ocr_line' id='line_1_27' title="bbox 67 1153 866 1191; baseline -0.008 -6"><span class='ocrx_word' id='word_1_182' title='bbox 67 1159 198 1186; x_wconf 84' lang='lat' dir='ltr'>iudicium</span> <span class='ocrx_word' id='word_1_183' title='bbox 210 1156 372 1183; x_wconf 82' lang='lat' dir='ltr'>sanctissimi</span> <span class='ocrx_word' id='word_1_184' title='bbox 384 1156 557 1191; x_wconf 81' lang='lat' dir='ltr'>magistratus</span> <span class='ocrx_word' id='word_1_185' title='bbox 567 1155 601 1182; x_wconf 88' lang='lat' dir='ltr'>de</span> <span class='ocrx_word' id='word_1_186' title='bbox 612 1155 749 1190; x_wconf 85' lang='lat' dir='ltr'>republica</span> <span class='ocrx_word' id='word_1_187' title='bbox 761 1153 866 1180; x_wconf 91' lang='lat' dir='ltr'>tollere-</span> 
     </span>
     <span class='ocr_line' id='line_1_28' title="bbox 68 1193 866 1230; baseline -0.006 -8"><span class='ocrx_word' id='word_1_188' title='bbox 68 1200 124 1228; x_wconf 77' lang='lat' dir='ltr'>tur,</span> <span class='ocrx_word' id='word_1_189' title='bbox 146 1199 176 1222; x_wconf 88' lang='lat' dir='ltr'>ut</span> <span class='ocrx_word' id='word_1_190' title='bbox 195 1194 306 1230; x_wconf 76' lang='lat' dir='ltr'>collegia</span> <span class='ocrx_word' id='word_1_191' title='bbox 323 1202 375 1220; x_wconf 92' lang='lat' dir='ltr'>non</span> <span class='ocrx_word' id='word_1_192' title='bbox 390 1193 469 1220; x_wconf 91' lang='lat' dir='ltr'>modo</span> <span class='ocrx_word' id='word_1_193' title='bbox 484 1193 529 1219; x_wconf 89' lang='lat' dir='ltr'>illa</span> <span class='ocrx_word' id='word_1_194' title='bbox 545 1197 633 1219; x_wconf 82' lang='lat' dir='ltr'>vetera</span> <span class='ocrx_word' id='word_1_195' title='bbox 648 1197 738 1219; x_wconf 85' lang='lat' dir='ltr'>contra</span> <span class='ocrx_word' id='word_1_196' title='bbox 757 1196 866 1218; x_wconf 84' lang='lat' dir='ltr'>senatus</span> 
     </span>
     <span class='ocr_line' id='line_1_29' title="bbox 67 1229 866 1266; baseline -0.008 -6"><span class='ocrx_word' id='word_1_197' title='bbox 67 1232 221 1261; x_wconf 86' lang='lat' dir='ltr'>consultum</span> <span class='ocrx_word' id='word_1_198' title='bbox 232 1232 447 1262; x_wconf 79' lang='lat' dir='ltr'>restituerentur,</span> <span class='ocrx_word' id='word_1_199' title='bbox 461 1230 509 1257; x_wconf 83' lang='lat' dir='ltr'>sed</span> <span class='ocrx_word' id='word_1_200' title='bbox 520 1230 553 1256; x_wconf 91' lang='lat' dir='ltr'>ab</span> <span class='ocrx_word' id='word_1_201' title='bbox 565 1239 618 1257; x_wconf 89' lang='lat' dir='ltr'>uno</span> <span class='ocrx_word' id='word_1_202' title='bbox 628 1229 774 1266; x_wconf 82' lang='lat' dir='ltr'>gladiatore</span> <span class='ocrx_word' id='word_1_203' title='bbox 785 1229 866 1255; x_wconf 81' lang='lat' dir='ltr'>innu-</span> 
     </span>
     <span class='ocr_line' id='line_1_30' title="bbox 69 1267 866 1299; baseline -0.006 -2"><span class='ocrx_word' id='word_1_204' title='bbox 69 1270 206 1297; x_wconf 85' lang='lat' dir='ltr'>merabilia</span> <span class='ocrx_word' id='word_1_205' title='bbox 222 1269 272 1296; x_wconf 83' lang='lat' dir='ltr'>alia</span> <span class='ocrx_word' id='word_1_206' title='bbox 289 1277 355 1295; x_wconf 86' lang='lat' dir='ltr'>nova</span> <span class='ocrx_word' id='word_1_207' title='bbox 371 1268 613 1299; x_wconf 84' lang='lat' dir='ltr'>conscriberentur,</span> <span class='ocrx_word' id='word_1_208' title='bbox 633 1272 674 1298; x_wconf 75' lang='lat' dir='ltr'>ut,</span> <span class='ocrx_word' id='word_1_209' title='bbox 687 1267 808 1293; x_wconf 83' lang='lat' dir='ltr'>remissis</span> <span class='ocrx_word' id='word_1_210' title='bbox 823 1274 866 1292; x_wconf 88' lang='lat' dir='ltr'>se-</span> 
     </span>
     <span class='ocr_line' id='line_1_31' title="bbox 69 1303 865 1340; baseline -0.006 -6"><span class='ocrx_word' id='word_1_211' title='bbox 69 1307 200 1335; x_wconf 85' lang='lat' dir='ltr'>missibus</span> <span class='ocrx_word' id='word_1_212' title='bbox 215 1311 242 1333; x_wconf 89' lang='lat' dir='ltr'>et</span> <span class='ocrx_word' id='word_1_213' title='bbox 256 1306 408 1337; x_wconf 84' lang='lat' dir='ltr'>trientibus,</span> <span class='ocrx_word' id='word_1_214' title='bbox 422 1306 516 1340; x_wconf 83' lang='lat' dir='ltr'>quinta</span> <span class='ocrx_word' id='word_1_215' title='bbox 528 1313 609 1340; x_wconf 91' lang='lat' dir='ltr'>prope</span> <span class='ocrx_word' id='word_1_216' title='bbox 621 1313 681 1339; x_wconf 85' lang='lat' dir='ltr'>pars</span> <span class='ocrx_word' id='word_1_217' title='bbox 693 1303 865 1339; x_wconf 83' lang='lat' dir='ltr'>vectigalium</span> 
     </span>
     <span class='ocr_line' id='line_1_32' title="bbox 69 1341 863 1377; baseline -0.008 -5"><span class='ocrx_word' id='word_1_218' title='bbox 69 1345 218 1375; x_wconf 84' lang='lat' dir='ltr'>tolleretur,</span> <span class='ocrx_word' id='word_1_219' title='bbox 236 1348 266 1370; x_wconf 89' lang='lat' dir='ltr'>ut</span> <span class='ocrx_word' id='word_1_220' title='bbox 283 1343 399 1370; x_wconf 87' lang='lat' dir='ltr'>Gabinio</span> <span class='ocrx_word' id='word_1_221' title='bbox 415 1351 461 1377; x_wconf 88' lang='lat' dir='ltr'>pro</span> <span class='ocrx_word' id='word_1_222' title='bbox 472 1343 518 1369; x_wconf 92' lang='lat' dir='ltr'>illa</span> <span class='ocrx_word' id='word_1_223' title='bbox 530 1351 578 1368; x_wconf 87' lang='lat' dir='ltr'>sua</span> <span class='ocrx_word' id='word_1_224' title='bbox 590 1342 694 1373; x_wconf 88' lang='lat' dir='ltr'>Cilicia,</span> <span class='ocrx_word' id='word_1_225' title='bbox 708 1350 789 1376; x_wconf 86' lang='lat' dir='ltr'>quam</span> <span class='ocrx_word' id='word_1_226' title='bbox 801 1341 863 1372; x_wconf 91' lang='lat' dir='ltr'>sibi,</span> 
     </span>
     <span class='ocr_line' id='line_1_33' title="bbox 69 1378 867 1417; baseline -0.006 -8"><span class='ocrx_word' id='word_1_227' title='bbox 69 1383 92 1409; x_wconf 85' lang='lat' dir='ltr'>si</span> <span class='ocrx_word' id='word_1_228' title='bbox 108 1381 302 1417; x_wconf 88' lang='lat' dir='ltr'>rempublicam</span> <span class='ocrx_word' id='word_1_229' title='bbox 318 1380 493 1415; x_wconf 87' lang='lat' dir='ltr'>prodidisset,</span> <span class='ocrx_word' id='word_1_230' title='bbox 512 1385 605 1414; x_wconf 88' lang='lat' dir='ltr'>pactus</span> <span class='ocrx_word' id='word_1_231' title='bbox 619 1384 687 1410; x_wconf 89' lang='lat' dir='ltr'>erat,</span> <span class='ocrx_word' id='word_1_232' title='bbox 701 1379 778 1414; x_wconf 87' lang='lat' dir='ltr'>Syria</span> <span class='ocrx_word' id='word_1_233' title='bbox 790 1378 867 1404; x_wconf 82' lang='lat' dir='ltr'>dare-</span> 
     </span>
     <span class='ocr_line' id='line_1_34' title="bbox 68 1416 868 1451; baseline -0.006 -5"><span class='ocrx_word' id='word_1_234' title='bbox 68 1424 121 1451; x_wconf 79' lang='lat' dir='ltr'>tur,</span> <span class='ocrx_word' id='word_1_235' title='bbox 135 1425 165 1446; x_wconf 88' lang='lat' dir='ltr'>ut</span> <span class='ocrx_word' id='word_1_236' title='bbox 176 1420 222 1445; x_wconf 92' lang='lat' dir='ltr'>uni</span> <span class='ocrx_word' id='word_1_237' title='bbox 235 1418 353 1445; x_wconf 90' lang='lat' dir='ltr'>helluoni</span> <span class='ocrx_word' id='word_1_238' title='bbox 366 1418 407 1444; x_wconf 92' lang='lat' dir='ltr'>bis</span> <span class='ocrx_word' id='word_1_239' title='bbox 419 1417 452 1444; x_wconf 91' lang='lat' dir='ltr'>de</span> <span class='ocrx_word' id='word_1_240' title='bbox 463 1417 555 1444; x_wconf 85' lang='lat' dir='ltr'>eadem</span> <span class='ocrx_word' id='word_1_241' title='bbox 567 1425 595 1443; x_wconf 82' lang='lat' dir='ltr'>re</span> <span class='ocrx_word' id='word_1_242' title='bbox 606 1416 780 1447; x_wconf 87' lang='lat' dir='ltr'>deliberandi,</span> <span class='ocrx_word' id='word_1_243' title='bbox 789 1420 815 1442; x_wconf 88' lang='lat' dir='ltr'>et</span> <span class='ocrx_word' id='word_1_244' title='bbox 825 1424 868 1442; x_wconf 89' lang='lat' dir='ltr'>ro·-</span> 
     </span>
     <span class='ocr_line' id='line_1_35' title="bbox 69 1453 805 1494; baseline -0.004 -11"><span class='ocrx_word' id='word_1_245' title='bbox 69 1462 128 1494; x_wconf 80' lang='lat' dir='ltr'>gata</span> <span class='ocrx_word' id='word_1_246' title='bbox 141 1456 198 1491; x_wconf 74' lang='lat' dir='ltr'>lege</span> <span class='ocrx_word' id='word_1_247' title='bbox 211 1458 328 1490; x_wconf 86' lang='lat' dir='ltr'>potestas</span> <span class='ocrx_word' id='word_1_248' title='bbox 341 1454 414 1480; x_wconf 80' lang='lat' dir='ltr'>lieret</span> <span class='ocrx_word' id='word_1_249' title='bbox 425 1454 579 1488; x_wconf 83' lang='lat' dir='ltr'>provinciae</span> <span class='ocrx_word' id='word_1_250' title='bbox 589 1453 805 1481; x_wconf 81' lang='lat' dir='ltr'>commutandae.</span> 
     </span>
    </p>

    <p class='ocr_par' dir='ltr' id='par_1_8' title="bbox 69 1491 871 2723">
     <span class='ocr_line' id='line_1_36' title="bbox 124 1491 867 1528; baseline -0.005 -8"><span class='ocrx_word' id='word_1_251' title='bbox 124 1494 221 1520; x_wconf 86' lang='lat' dir='ltr'>XXVI.</span> <span class='ocrx_word' id='word_1_252' title='bbox 243 1494 284 1520; x_wconf 83' lang='lat'>56.</span> <span class='ocrx_word' id='word_1_253' title='bbox 309 1493 385 1519; x_wconf 87' lang='lat' dir='ltr'>Mitto</span> <span class='ocrx_word' id='word_1_254' title='bbox 404 1501 462 1519; x_wconf 88' lang='lat' dir='ltr'>eam</span> <span class='ocrx_word' id='word_1_255' title='bbox 483 1491 584 1528; x_wconf 82' lang='lat' dir='ltr'>legem,</span> <span class='ocrx_word' id='word_1_256' title='bbox 607 1500 676 1527; x_wconf 87' lang='lat' dir='ltr'>quae</span> <span class='ocrx_word' id='word_1_257' title='bbox 699 1491 788 1518; x_wconf 90' lang='lat' dir='ltr'>omnia</span> <span class='ocrx_word' id='word_1_258' title='bbox 808 1491 867 1517; x_wconf 88' lang='lat' dir='ltr'>iura</span> 
     </span>
     <span class='ocr_line' id='line_1_37' title="bbox 69 1528 864 1567; baseline -0.005 -9"><span class='ocrx_word' id='word_1_259' title='bbox 69 1531 245 1567; x_wconf 81' lang='lat' dir='ltr'>religionum,</span> <span class='ocrx_word' id='word_1_260' title='bbox 267 1530 463 1564; x_wconf 80' lang='lat' dir='ltr'>auspiciorum,</span> <span class='ocrx_word' id='word_1_261' title='bbox 481 1534 655 1564; x_wconf 85' lang='lat' dir='ltr'>potestatum,</span> <span class='ocrx_word' id='word_1_262' title='bbox 673 1537 766 1555; x_wconf 85' lang='lat' dir='ltr'>omnes</span> <span class='ocrx_word' id='word_1_263' title='bbox 784 1528 864 1563; x_wconf 77' lang='lat' dir='ltr'>leges,</span> 
     </span>
     <span class='ocr_line' id='line_1_38' title="bbox 69 1565 864 1604; baseline -0.005 -9"><span class='ocrx_word' id='word_1_264' title='bbox 69 1578 138 1604; x_wconf 85' lang='lat' dir='ltr'>quae</span> <span class='ocrx_word' id='word_1_265' title='bbox 153 1573 216 1595; x_wconf 86' lang='lat' dir='ltr'>sunt</span> <span class='ocrx_word' id='word_1_266' title='bbox 233 1568 267 1594; x_wconf 88' lang='lat' dir='ltr'>de</span> <span class='ocrx_word' id='word_1_267' title='bbox 282 1568 340 1594; x_wconf 87' lang='lat' dir='ltr'>iure</span> <span class='ocrx_word' id='word_1_268' title='bbox 355 1572 381 1593; x_wconf 91' lang='lat' dir='ltr'>et</span> <span class='ocrx_word' id='word_1_269' title='bbox 396 1567 428 1593; x_wconf 86' lang='lat' dir='ltr'>de</span> <span class='ocrx_word' id='word_1_270' title='bbox 444 1571 562 1601; x_wconf 88' lang='lat' dir='ltr'>tempore</span> <span class='ocrx_word' id='word_1_271' title='bbox 575 1566 664 1602; x_wconf 80' lang='lat' dir='ltr'>legum</span> <span class='ocrx_word' id='word_1_272' title='bbox 676 1565 864 1601; x_wconf 75' lang='lat' dir='ltr'>rogandarum,</span> 
     </span>
     <span class='ocr_line' id='line_1_39' title="bbox 69 1604 866 1642; baseline -0.005 -9"><span class='ocrx_word' id='word_1_273' title='bbox 69 1615 123 1634; x_wconf 85' lang='lat' dir='ltr'>una</span> <span class='ocrx_word' id='word_1_274' title='bbox 148 1606 283 1642; x_wconf 82' lang='lat' dir='ltr'>rogatione</span> <span class='ocrx_word' id='word_1_275' title='bbox 311 1604 424 1631; x_wconf 87' lang='lat' dir='ltr'>delevit:</span> <span class='ocrx_word' id='word_1_276' title='bbox 460 1605 536 1631; x_wconf 89' lang='lat' dir='ltr'>mitto</span> <span class='ocrx_word' id='word_1_277' title='bbox 561 1613 667 1630; x_wconf 89' lang='lat' dir='ltr'>omnem</span> <span class='ocrx_word' id='word_1_278' title='bbox 693 1604 866 1630; x_wconf 86' lang='lat' dir='ltr'>domesticam</span> 
     </span>
     <span class='ocr_line' id='line_1_40' title="bbox 70 1641 868 1670; baseline -0.005 0"><span class='ocrx_word' id='word_1_279' title='bbox 70 1643 171 1670; x_wconf 89' lang='lat' dir='ltr'>labem:</span> <span class='ocrx_word' id='word_1_280' title='bbox 194 1643 273 1670; x_wconf 87' lang='lat' dir='ltr'>etiam</span> <span class='ocrx_word' id='word_1_281' title='bbox 289 1647 393 1668; x_wconf 85' lang='lat' dir='ltr'>exteras</span> <span class='ocrx_word' id='word_1_282' title='bbox 408 1643 528 1668; x_wconf 89' lang='lat' dir='ltr'>nationes</span> <span class='ocrx_word' id='word_1_283' title='bbox 545 1641 619 1668; x_wconf 87' lang='lat' dir='ltr'>illius</span> <span class='ocrx_word' id='word_1_284' title='bbox 631 1642 693 1667; x_wconf 90' lang='lat' dir='ltr'>anni</span> <span class='ocrx_word' id='word_1_285' title='bbox 706 1641 793 1667; x_wconf 82' lang='lat' dir='ltr'>furore</span> <span class='ocrx_word' id='word_1_286' title='bbox 804 1649 868 1667; x_wconf 88' lang='lat' dir='ltr'>con-</span> 
     </span>
     <span class='ocr_line' id='line_1_41' title="bbox 69 1679 868 1716; baseline -0.005 -8"><span class='ocrx_word' id='word_1_287' title='bbox 69 1685 208 1716; x_wconf 86' lang='lat' dir='ltr'>quassatas</span> <span class='ocrx_word' id='word_1_288' title='bbox 220 1680 389 1707; x_wconf 90' lang='lat' dir='ltr'>videbamus.</span> <span class='ocrx_word' id='word_1_289' title='bbox 416 1680 485 1715; x_wconf 85' lang='lat' dir='ltr'>Lege</span> <span class='ocrx_word' id='word_1_290' title='bbox 496 1679 639 1706; x_wconf 83' lang='lat' dir='ltr'>tribunicia</span> <span class='ocrx_word' id='word_1_291' title='bbox 648 1679 745 1705; x_wconf 80' lang='lat' dir='ltr'>&#39;Matris</span> <span class='ocrx_word' id='word_1_292' title='bbox 757 1679 868 1713; x_wconf 81' lang='lat' dir='ltr'>Magnae</span> 
     </span>
     <span class='ocr_line' id='line_1_42' title="bbox 69 1715 868 1752; baseline -0.005 -7"><span class='ocrx_word' id='word_1_293' title='bbox 69 1718 258 1745; x_wconf 86' lang='lat' dir='ltr'>Pessinuntius</span> <span class='ocrx_word' id='word_1_294' title='bbox 282 1717 327 1744; x_wconf 88' lang='lat' dir='ltr'>ille</span> <span class='ocrx_word' id='word_1_295' title='bbox 342 1717 465 1744; x_wconf 87' lang='lat' dir='ltr'>sacerdos</span> <span class='ocrx_word' id='word_1_296' title='bbox 481 1716 612 1752; x_wconf 88' lang='lat' dir='ltr'>expulsus</span> <span class='ocrx_word' id='word_1_297' title='bbox 637 1721 663 1742; x_wconf 88' lang='lat' dir='ltr'>et</span> <span class='ocrx_word' id='word_1_298' title='bbox 677 1715 808 1750; x_wconf 89' lang='lat' dir='ltr'>spoliatus</span> <span class='ocrx_word' id='word_1_299' title='bbox 824 1724 868 1741; x_wconf 90' lang='lat' dir='ltr'>sa-</span> 
     </span>
     <span class='ocr_line' id='line_1_43' title="bbox 69 1753 868 1790; baseline -0.005 -7"><span class='ocrx_word' id='word_1_300' title='bbox 69 1755 186 1783; x_wconf 86' lang='lat' dir='ltr'>cerdotio</span> <span class='ocrx_word' id='word_1_301' title='bbox 196 1760 244 1786; x_wconf 82' lang='lat' dir='ltr'>est,</span> <span class='ocrx_word' id='word_1_302' title='bbox 254 1754 401 1790; x_wconf 85' lang='lat' dir='ltr'>fanumque</span> <span class='ocrx_word' id='word_1_303' title='bbox 411 1755 642 1781; x_wconf 84' lang='lat' dir='ltr'>sanctissimarum</span> <span class='ocrx_word' id='word_1_304' title='bbox 649 1758 728 1789; x_wconf 88' lang='lat' dir='ltr'>atque</span> <span class='ocrx_word' id='word_1_305' title='bbox 735 1753 868 1788; x_wconf 89' lang='lat' dir='ltr'>antiquis-</span> 
     </span>
     <span class='ocr_line' id='line_1_44' title="bbox 70 1791 868 1828; baseline -0.005 -8"><span class='ocrx_word' id='word_1_306' title='bbox 70 1793 199 1820; x_wconf 87' lang='lat' dir='ltr'>simarum</span> <span class='ocrx_word' id='word_1_307' title='bbox 221 1792 382 1828; x_wconf 80' lang='lat' dir='ltr'>religionum</span> <span class='ocrx_word' id='word_1_308' title='bbox 397 1792 538 1818; x_wconf 89' lang='lat' dir='ltr'>venditum</span> <span class='ocrx_word' id='word_1_309' title='bbox 555 1792 668 1827; x_wconf 85' lang='lat' dir='ltr'>pecunia</span> <span class='ocrx_word' id='word_1_310' title='bbox 684 1791 778 1825; x_wconf 69' lang='lat' dir='ltr'>grandi</span> <span class='ocrx_word' id='word_1_311' title='bbox 804 1791 868 1817; x_wconf 89' lang='lat' dir='ltr'>Bro-</span> 
     </span>
     <span class='ocr_line' id='line_1_45' title="bbox 69 1828 864 1866; baseline -0.004 -9"><span class='ocrx_word' id='word_1_312' title='bbox 69 1831 167 1866; x_wconf 73' lang='lat' dir='ltr'>gitaro,</span> <span class='ocrx_word' id='word_1_313' title='bbox 189 1831 296 1865; x_wconf 91' lang='lat' dir='ltr'>impuro</span> <span class='ocrx_word' id='word_1_314' title='bbox 316 1829 418 1856; x_wconf 89' lang='lat' dir='ltr'>homini</span> <span class='ocrx_word' id='word_1_315' title='bbox 439 1834 518 1864; x_wconf 88' lang='lat' dir='ltr'>atque</span> <span class='ocrx_word' id='word_1_316' title='bbox 538 1829 649 1864; x_wconf 78' lang='lat' dir='ltr'>indigno</span> <span class='ocrx_word' id='word_1_317' title='bbox 665 1829 711 1855; x_wconf 84' lang='lat' dir='ltr'>illa</span> <span class='ocrx_word' id='word_1_318' title='bbox 727 1828 864 1863; x_wconf 79' lang='lat' dir='ltr'>religione,</span> 
     </span>
     <span class='ocr_line' id='line_1_46' title="bbox 71 1865 867 1903; baseline -0.003 -9"><span class='ocrx_word' id='word_1_319' title='bbox 71 1868 227 1903; x_wconf 76' lang='lat' dir='ltr'>praesertim</span> <span class='ocrx_word' id='word_1_320' title='bbox 238 1876 323 1902; x_wconf 89' lang='lat' dir='ltr'>quum</span> <span class='ocrx_word' id='word_1_321' title='bbox 337 1875 367 1894; x_wconf 89' lang='lat' dir='ltr'>ea</span> <span class='ocrx_word' id='word_1_322' title='bbox 379 1867 430 1893; x_wconf 88' lang='lat' dir='ltr'>sibi</span> <span class='ocrx_word' id='word_1_323' title='bbox 442 1867 488 1893; x_wconf 87' lang='lat' dir='ltr'>ille</span> <span class='ocrx_word' id='word_1_324' title='bbox 500 1875 551 1893; x_wconf 92' lang='lat' dir='ltr'>non</span> <span class='ocrx_word' id='word_1_325' title='bbox 563 1867 677 1897; x_wconf 89' lang='lat' dir='ltr'>colendi,</span> <span class='ocrx_word' id='word_1_326' title='bbox 690 1866 738 1893; x_wconf 87' lang='lat' dir='ltr'>sed</span> <span class='ocrx_word' id='word_1_327' title='bbox 750 1865 867 1892; x_wconf 86' lang='lat' dir='ltr'>violandi</span> 
     </span>
     <span class='ocr_line' id='line_1_47' title="bbox 70 1902 867 1940; baseline -0.004 -8"><span class='ocrx_word' id='word_1_328' title='bbox 70 1913 165 1932; x_wconf 84' lang='lat' dir='ltr'>caussa</span> <span class='ocrx_word' id='word_1_329' title='bbox 184 1905 343 1940; x_wconf 85' lang='lat' dir='ltr'>appetisset:</span> <span class='ocrx_word' id='word_1_330' title='bbox 370 1904 495 1939; x_wconf 86' lang='lat' dir='ltr'>appellati</span> <span class='ocrx_word' id='word_1_331' title='bbox 516 1913 592 1940; x_wconf 77' lang='lat' dir='ltr'>reges</span> <span class='ocrx_word' id='word_1_332' title='bbox 612 1913 626 1930; x_wconf 89' lang='lat' dir='ltr'>a</span> <span class='ocrx_word' id='word_1_333' title='bbox 647 1903 759 1938; x_wconf 84' lang='lat' dir='ltr'>populo,</span> <span class='ocrx_word' id='word_1_334' title='bbox 777 1903 825 1939; x_wconf 92' lang='lat' dir='ltr'>qui</span> <span class='ocrx_word' id='word_1_335' title='bbox 841 1902 867 1929; x_wconf 92' lang='lat' dir='ltr'>id</span> 
     </span>
     <span class='ocr_line' id='line_1_48' title="bbox 72 1941 868 1977; baseline -0.003 -8"><span class='ocrx_word' id='word_1_336' title='bbox 72 1950 220 1977; x_wconf 84' lang='lat' dir='ltr'>numquam</span> <span class='ocrx_word' id='word_1_337' title='bbox 241 1950 274 1968; x_wconf 88' lang='lat' dir='ltr'>ne</span> <span class='ocrx_word' id='word_1_338' title='bbox 294 1950 308 1968; x_wconf 87' lang='lat' dir='ltr'>a</span> <span class='ocrx_word' id='word_1_339' title='bbox 329 1946 422 1968; x_wconf 86' lang='lat' dir='ltr'>senatu</span> <span class='ocrx_word' id='word_1_340' title='bbox 443 1941 553 1976; x_wconf 91' lang='lat' dir='ltr'>quidem</span> <span class='ocrx_word' id='word_1_341' title='bbox 579 1941 773 1976; x_wconf 85' lang='lat' dir='ltr'>postulassent:</span> <span class='ocrx_word' id='word_1_342' title='bbox 804 1949 868 1967; x_wconf 92' lang='lat' dir='ltr'>con-</span> 
     </span>
     <span class='ocr_line' id='line_1_49' title="bbox 71 1978 868 2014; baseline -0.003 -8"><span class='ocrx_word' id='word_1_343' title='bbox 71 1978 207 2006; x_wconf 77' lang='lat' dir='ltr'>demnati*</span> <span class='ocrx_word' id='word_1_344' title='bbox 218 1978 326 2006; x_wconf 83' lang='lat' dir='ltr'>exsules</span> <span class='ocrx_word' id='word_1_345' title='bbox 338 1979 495 2014; x_wconf 86' lang='lat' dir='ltr'>Byzantium</span> <span class='ocrx_word' id='word_1_346' title='bbox 507 1978 608 2005; x_wconf 87' lang='lat' dir='ltr'>reducti</span> <span class='ocrx_word' id='word_1_347' title='bbox 620 1983 779 2014; x_wconf 80' lang='lat' dir='ltr'>tum‚quum</span> <span class='ocrx_word' id='word_1_348' title='bbox 791 1978 868 2004; x_wconf 86' lang='lat' dir='ltr'>inde-</span> 
     </span>
     <span class='ocr_line' id='line_1_50' title="bbox 72 2015 869 2043; baseline -0.003 0"><span class='ocrx_word' id='word_1_349' title='bbox 72 2017 154 2043; x_wconf 86' lang='lat' dir='ltr'>mnati</span> <span class='ocrx_word' id='word_1_350' title='bbox 176 2017 249 2043; x_wconf 87' lang='lat' dir='ltr'>cives</span> <span class='ocrx_word' id='word_1_351' title='bbox 270 2024 284 2042; x_wconf 89' lang='lat' dir='ltr'>e</span> <span class='ocrx_word' id='word_1_352' title='bbox 303 2016 410 2042; x_wconf 84' lang='lat' dir='ltr'>civitate</span> <span class='ocrx_word' id='word_1_353' title='bbox 430 2016 615 2042; x_wconf 89' lang='lat' dir='ltr'>eiiciebantur.</span> <span class='ocrx_word' id='word_1_354' title='bbox 645 2017 688 2042; x_wconf 76' lang='lat'>57.</span> <span class='ocrx_word' id='word_1_355' title='bbox 711 2016 766 2042; x_wconf 74' lang='lat' dir='ltr'>nex</span> <span class='ocrx_word' id='word_1_356' title='bbox 782 2015 869 2042; x_wconf 84' lang='lat' dir='ltr'>Ptole—</span> 
     </span>
     <span class='ocr_line' id='line_1_51' title="bbox 72 2052 868 2089; baseline -0.003 -8"><span class='ocrx_word' id='word_1_357' title='bbox 72 2062 173 2085; x_wconf 80' lang='lat' dir='ltr'>maeus,</span> <span class='ocrx_word' id='word_1_358' title='bbox 187 2054 243 2089; x_wconf 86' lang='lat' dir='ltr'>qui,</span> <span class='ocrx_word' id='word_1_359' title='bbox 257 2053 280 2080; x_wconf 92' lang='lat' dir='ltr'>si</span> <span class='ocrx_word' id='word_1_360' title='bbox 293 2053 410 2079; x_wconf 87' lang='lat' dir='ltr'>nondum</span> <span class='ocrx_word' id='word_1_361' title='bbox 422 2057 477 2079; x_wconf 85' lang='lat' dir='ltr'>erat</span> <span class='ocrx_word' id='word_1_362' title='bbox 487 2053 544 2087; x_wconf 88' lang='lat' dir='ltr'>ipse</span> <span class='ocrx_word' id='word_1_363' title='bbox 556 2057 668 2079; x_wconf 80' lang='lat' dir='ltr'>asenatu</span> <span class='ocrx_word' id='word_1_364' title='bbox 675 2053 764 2079; x_wconf 88' lang='lat' dir='ltr'>socius</span> <span class='ocrx_word' id='word_1_365' title='bbox 775 2052 868 2087; x_wconf 87' lang='lat' dir='ltr'>appel-</span> 
     </span>
     <span class='ocr_line' id='line_1_52' title="bbox 72 2090 867 2126; baseline -0.003 -8"><span class='ocrx_word' id='word_1_366' title='bbox 72 2091 141 2118; x_wconf 89' lang='lat' dir='ltr'>latus</span> <span class='ocrx_word' id='word_1_367' title='bbox 150 2111 156 2123; x_wconf 88' lang='lat'>,</span> <span class='ocrx_word' id='word_1_368' title='bbox 169 2096 224 2117; x_wconf 84' lang='lat' dir='ltr'>erat</span> <span class='ocrx_word' id='word_1_369' title='bbox 235 2095 322 2117; x_wconf 81' lang='lat' dir='ltr'>tamen</span> <span class='ocrx_word' id='word_1_370' title='bbox 335 2090 413 2117; x_wconf 80' lang='lat' dir='ltr'>frater</span> <span class='ocrx_word' id='word_1_371' title='bbox 423 2091 482 2116; x_wconf 88' lang='lat' dir='ltr'>eius</span> <span class='ocrx_word' id='word_1_372' title='bbox 494 2091 573 2126; x_wconf 75' lang='lat' dir='ltr'>regis,</span> <span class='ocrx_word' id='word_1_373' title='bbox 587 2090 643 2125; x_wconf 83' lang='lat' dir='ltr'>qui,</span> <span class='ocrx_word' id='word_1_374' title='bbox 657 2099 743 2125; x_wconf 92' lang='lat' dir='ltr'>quum</span> <span class='ocrx_word' id='word_1_375' title='bbox 755 2094 825 2116; x_wconf 88' lang='lat' dir='ltr'>esset</span> <span class='ocrx_word' id='word_1_376' title='bbox 840 2091 867 2116; x_wconf 91' lang='lat' dir='ltr'>in</span> 
     </span>
     <span class='ocr_line' id='line_1_53' title="bbox 71 2127 870 2159; baseline -0.003 -4"><span class='ocrx_word' id='word_1_377' title='bbox 71 2129 164 2156; x_wconf 86' lang='lat' dir='ltr'>eadem</span> <span class='ocrx_word' id='word_1_378' title='bbox 179 2137 286 2159; x_wconf 81' lang='lat' dir='ltr'>caussa,</span> <span class='ocrx_word' id='word_1_379' title='bbox 304 2128 357 2154; x_wconf 80' lang='lat' dir='ltr'>iam</span> <span class='ocrx_word' id='word_1_380' title='bbox 369 2132 423 2154; x_wconf 84' lang='lat' dir='ltr'>erat</span> <span class='ocrx_word' id='word_1_381' title='bbox 438 2136 452 2153; x_wconf 94' lang='lat' dir='ltr'>a</span> <span class='ocrx_word' id='word_1_382' title='bbox 468 2132 562 2154; x_wconf 88' lang='lat' dir='ltr'>senatu</span> <span class='ocrx_word' id='word_1_383' title='bbox 574 2127 699 2154; x_wconf 89' lang='lat' dir='ltr'>honorem</span> <span class='ocrx_word' id='word_1_384' title='bbox 712 2128 794 2154; x_wconf 86' lang='lat' dir='ltr'>istum</span> <span class='ocrx_word' id='word_1_385' title='bbox 806 2136 870 2154; x_wconf 91' lang='lat' dir='ltr'>con—</span> 
     </span>
     <span class='ocr_line' id='line_1_54' title="bbox 71 2165 866 2200; baseline -0.003 -7"><span class='ocrx_word' id='word_1_386' title='bbox 71 2170 195 2193; x_wconf 81' lang='lat' dir='ltr'>secutus:</span> <span class='ocrx_word' id='word_1_387' title='bbox 222 2170 277 2192; x_wconf 88' lang='lat' dir='ltr'>erat</span> <span class='ocrx_word' id='word_1_388' title='bbox 296 2165 388 2191; x_wconf 86' lang='lat' dir='ltr'>eodem</span> <span class='ocrx_word' id='word_1_389' title='bbox 408 2173 518 2200; x_wconf 81' lang='lat' dir='ltr'>genere,</span> <span class='ocrx_word' id='word_1_390' title='bbox 539 2165 690 2199; x_wconf 83' lang='lat' dir='ltr'>iisdemque</span> <span class='ocrx_word' id='word_1_391' title='bbox 711 2165 866 2196; x_wconf 77' lang='lat' dir='ltr'>maioribus,</span> 
     </span>
     <span class='ocr_line' id='line_1_55' title="bbox 72 2202 870 2237; baseline -0.004 -6"><span class='ocrx_word' id='word_1_392' title='bbox 72 2203 165 2231; x_wconf 78' lang='lat' dir='ltr'>eadem</span> <span class='ocrx_word' id='word_1_393' title='bbox 182 2207 312 2229; x_wconf 79' lang='lat' dir='ltr'>vetustate</span> <span class='ocrx_word' id='word_1_394' title='bbox 327 2203 474 2228; x_wconf 84' lang='lat' dir='ltr'>societatis:</span> <span class='ocrx_word' id='word_1_395' title='bbox 497 2202 614 2237; x_wconf 89' lang='lat' dir='ltr'>denique</span> <span class='ocrx_word' id='word_1_396' title='bbox 629 2206 684 2228; x_wconf 84' lang='lat' dir='ltr'>erat</span> <span class='ocrx_word' id='word_1_397' title='bbox 696 2211 754 2233; x_wconf 81' lang='lat' dir='ltr'>rex,</span> <span class='ocrx_word' id='word_1_398' title='bbox 768 2203 791 2228; x_wconf 93' lang='lat' dir='ltr'>si</span> <span class='ocrx_word' id='word_1_399' title='bbox 804 2211 870 2228; x_wconf 92' lang='lat' dir='ltr'>non-</span> 
     </span>
     <span class='ocr_line' id='line_1_56' title="bbox 72 2239 869 2274; baseline -0.004 -6"><span class='ocrx_word' id='word_1_400' title='bbox 72 2241 137 2268; x_wconf 87' lang='lat' dir='ltr'>dum</span> <span class='ocrx_word' id='word_1_401' title='bbox 153 2241 256 2271; x_wconf 86' lang='lat' dir='ltr'>socius,</span> <span class='ocrx_word' id='word_1_402' title='bbox 275 2244 300 2266; x_wconf 83' lang='lat' dir='ltr'>at</span> <span class='ocrx_word' id='word_1_403' title='bbox 316 2248 366 2266; x_wconf 93' lang='lat' dir='ltr'>non</span> <span class='ocrx_word' id='word_1_404' title='bbox 383 2239 482 2265; x_wconf 80' lang='lat' dir='ltr'>hostis:</span> <span class='ocrx_word' id='word_1_405' title='bbox 509 2244 631 2274; x_wconf 82' lang='lat' dir='ltr'>pacatus,</span> <span class='ocrx_word' id='word_1_406' title='bbox 649 2240 771 2274; x_wconf 83' lang='lat' dir='ltr'>quietus,</span> <span class='ocrx_word' id='word_1_407' title='bbox 786 2239 869 2266; x_wconf 82' lang='lat' dir='ltr'>fretus</span> 
     </span>
     <span class='ocr_line' id='line_1_57' title="bbox 72 2277 866 2313; baseline -0.003 -8"><span class='ocrx_word' id='word_1_408' title='bbox 72 2278 186 2313; x_wconf 87' lang='lat' dir='ltr'>imperio</span> <span class='ocrx_word' id='word_1_409' title='bbox 206 2277 299 2312; x_wconf 90' lang='lat' dir='ltr'>populi</span> <span class='ocrx_word' id='word_1_410' title='bbox 321 2277 444 2307; x_wconf 81' lang='lat' dir='ltr'>Romani,</span> <span class='ocrx_word' id='word_1_411' title='bbox 467 2285 550 2312; x_wconf 80' lang='lat' dir='ltr'>regno</span> <span class='ocrx_word' id='word_1_412' title='bbox 565 2282 674 2311; x_wconf 79' lang='lat' dir='ltr'>paterno</span> <span class='ocrx_word' id='word_1_413' title='bbox 688 2281 768 2311; x_wconf 83' lang='lat' dir='ltr'>utque</span> <span class='ocrx_word' id='word_1_414' title='bbox 783 2277 866 2307; x_wconf 74' lang='lat' dir='ltr'>avito,</span> 
     </span>
     <span class='ocr_line' id='line_1_58' title="bbox 73 2313 868 2351; baseline -0.003 -9"><span class='ocrx_word' id='word_1_415' title='bbox 73 2315 155 2351; x_wconf 78' lang='lat' dir='ltr'>regali</span> <span class='ocrx_word' id='word_1_416' title='bbox 165 2315 218 2342; x_wconf 90' lang='lat' dir='ltr'>otio</span> <span class='ocrx_word' id='word_1_417' title='bbox 230 2314 425 2350; x_wconf 81' lang='lat' dir='ltr'>perh-uebatur.</span> <span class='ocrx_word' id='word_1_418' title='bbox 460 2314 496 2340; x_wconf 84' lang='lat' dir='ltr'>De</span> <span class='ocrx_word' id='word_1_419' title='bbox 508 2314 556 2340; x_wconf 90' lang='lat' dir='ltr'>hoc</span> <span class='ocrx_word' id='word_1_420' title='bbox 568 2313 634 2340; x_wconf 93' lang='lat' dir='ltr'>nihil</span> <span class='ocrx_word' id='word_1_421' title='bbox 646 2315 787 2349; x_wconf 77' lang='lat' dir='ltr'>cogitante.</span> <span class='ocrx_word' id='word_1_422' title='bbox 801 2314 868 2340; x_wconf 91' lang='lat' dir='ltr'>nihil</span> 
     </span>
     <span class='ocr_line' id='line_1_59' title="bbox 73 2350 871 2388; baseline -0.004 -8"><span class='ocrx_word' id='word_1_423' title='bbox 73 2353 239 2388; x_wconf 80' lang='lat' dir='ltr'>suspicante,</span> <span class='ocrx_word' id='word_1_424' title='bbox 257 2352 358 2378; x_wconf 86' lang='lat' dir='ltr'>eisdem</span> <span class='ocrx_word' id='word_1_425' title='bbox 375 2352 463 2386; x_wconf 87' lang='lat' dir='ltr'>operis</span> <span class='ocrx_word' id='word_1_426' title='bbox 478 2351 635 2386; x_wconf 78' lang='lat' dir='ltr'>suffragium</span> <span class='ocrx_word' id='word_1_427' title='bbox 653 2350 813 2382; x_wconf 79' lang='lat' dir='ltr'>ferentibus,</span> <span class='ocrx_word' id='word_1_428' title='bbox 831 2355 871 2377; x_wconf 82' lang='lat' dir='ltr'>est</span> 
     </span>
     <span class='ocr_line' id='line_1_60' title="bbox 73 2388 871 2426; baseline -0.004 -9"><span class='ocrx_word' id='word_1_429' title='bbox 73 2395 204 2426; x_wconf 82' lang='lat' dir='ltr'>rogatum,</span> <span class='ocrx_word' id='word_1_430' title='bbox 218 2394 247 2416; x_wconf 92' lang='lat' dir='ltr'>ut</span> <span class='ocrx_word' id='word_1_431' title='bbox 260 2389 365 2419; x_wconf 83' lang='lat' dir='ltr'>sedens,</span> <span class='ocrx_word' id='word_1_432' title='bbox 379 2397 440 2415; x_wconf 89' lang='lat' dir='ltr'>cum</span> <span class='ocrx_word' id='word_1_433' title='bbox 453 2397 570 2423; x_wconf 83' lang='lat' dir='ltr'>purpura</span> <span class='ocrx_word' id='word_1_434' title='bbox 582 2393 716 2422; x_wconf 83' lang='lat' dir='ltr'>etsceptro</span> <span class='ocrx_word' id='word_1_435' title='bbox 726 2393 751 2414; x_wconf 82' lang='lat' dir='ltr'>et</span> <span class='ocrx_word' id='word_1_436' title='bbox 762 2388 817 2414; x_wconf 89' lang='lat' dir='ltr'>illis</span> <span class='ocrx_word' id='word_1_437' title='bbox 829 2389 871 2414; x_wconf 91' lang='lat' dir='ltr'>in-</span> 
     </span>
     <span class='ocr_line' id='line_1_61' title="bbox 73 2425 871 2463; baseline -0.004 -9"><span class='ocrx_word' id='word_1_438' title='bbox 73 2427 198 2463; x_wconf 76' lang='lat' dir='ltr'>signibus</span> <span class='ocrx_word' id='word_1_439' title='bbox 210 2427 299 2463; x_wconf 74' lang='lat' dir='ltr'>regiiS,</span> <span class='ocrx_word' id='word_1_440' title='bbox 314 2427 436 2461; x_wconf 88' lang='lat' dir='ltr'>praeconi</span> <span class='ocrx_word' id='word_1_441' title='bbox 450 2426 558 2460; x_wconf 88' lang='lat' dir='ltr'>publico</span> <span class='ocrx_word' id='word_1_442' title='bbox 569 2425 760 2452; x_wconf 80' lang='lat' dir='ltr'>subiiceretur:</span> <span class='ocrx_word' id='word_1_443' title='bbox 783 2429 808 2451; x_wconf 90' lang='lat' dir='ltr'>et</span> <span class='ocrx_word' id='word_1_444' title='bbox 820 2425 871 2451; x_wconf 88' lang='lat' dir='ltr'>im—</span> 
     </span>
     <span class='ocr_line' id='line_1_62' title="bbox 74 2462 870 2500; baseline -0.004 -9"><span class='ocrx_word' id='word_1_445' title='bbox 74 2469 181 2500; x_wconf 81' lang='lat' dir='ltr'>perante</span> <span class='ocrx_word' id='word_1_446' title='bbox 192 2464 291 2499; x_wconf 87' lang='lat' dir='ltr'>populo</span> <span class='ocrx_word' id='word_1_447' title='bbox 303 2465 428 2494; x_wconf 77' lang='lat' dir='ltr'>Romano,</span> <span class='ocrx_word' id='word_1_448' title='bbox 441 2463 489 2498; x_wconf 87' lang='lat' dir='ltr'>qui</span> <span class='ocrx_word' id='word_1_449' title='bbox 500 2463 580 2489; x_wconf 79' lang='lat' dir='ltr'>etiam</span> <span class='ocrx_word' id='word_1_450' title='bbox 591 2462 661 2488; x_wconf 88' lang='lat' dir='ltr'>bello</span> <span class='ocrx_word' id='word_1_451' title='bbox 672 2462 748 2488; x_wconf 85' lang='lat' dir='ltr'>victis</span> <span class='ocrx_word' id='word_1_452' title='bbox 761 2462 870 2497; x_wconf 67' lang='lat' dir='ltr'>regibus</span> 
     </span>
     <span class='ocr_line' id='line_1_63' title="bbox 75 2499 869 2537; baseline -0.004 -9"><span class='ocrx_word' id='word_1_453' title='bbox 75 2509 154 2537; x_wconf 80' lang='lat' dir='ltr'>regna</span> <span class='ocrx_word' id='word_1_454' title='bbox 174 2501 284 2528; x_wconf 78' lang='lat' dir='ltr'>reddere</span> <span class='ocrx_word' id='word_1_455' title='bbox 303 2501 457 2531; x_wconf 84' lang='lat' dir='ltr'>consuevit,</span> <span class='ocrx_word' id='word_1_456' title='bbox 480 2509 527 2526; x_wconf 85' lang='lat' dir='ltr'>rex</span> <span class='ocrx_word' id='word_1_457' title='bbox 546 2501 662 2530; x_wconf 77' lang='lat' dir='ltr'>amicus,</span> <span class='ocrx_word' id='word_1_458' title='bbox 683 2499 755 2525; x_wconf 86' lang='lat' dir='ltr'>nulla</span> <span class='ocrx_word' id='word_1_459' title='bbox 772 2499 869 2525; x_wconf 79' lang='lat' dir='ltr'>iniuria</span> 
     </span>
     <span class='ocr_line' id='line_1_64' title="bbox 73 2537 871 2572; baseline -0.004 -7"><span class='ocrx_word' id='word_1_460' title='bbox 73 2543 286 2570; x_wconf 82' lang='lat' dir='ltr'>commemorata,</span> <span class='ocrx_word' id='word_1_461' title='bbox 301 2538 383 2565; x_wconf 82' lang='lat' dir='ltr'>nullis</span> <span class='ocrx_word' id='word_1_462' title='bbox 396 2538 476 2564; x_wconf 83' lang='lat' dir='ltr'>rebus</span> <span class='ocrx_word' id='word_1_463' title='bbox 487 2537 686 2572; x_wconf 73' lang='lat' dir='ltr'>rcpotitlS,cmn</span> <span class='ocrx_word' id='word_1_464' title='bbox 700 2537 871 2563; x_wconf 82' lang='lat' dir='ltr'>bouisomni—</span> 
     </span>
     <span class='ocr_line' id='line_1_65' title="bbox 75 2573 869 2610; baseline -0.004 -8"><span class='ocrx_word' id='word_1_465' title='bbox 75 2574 126 2602; x_wconf 89' lang='lat' dir='ltr'>bus</span> <span class='ocrx_word' id='word_1_466' title='bbox 141 2575 333 2610; x_wconf 81' lang='lat' dir='ltr'>publicaretur.</span> <span class='ocrx_word' id='word_1_467' title='bbox 374 2576 482 2602; x_wconf 82' lang='lat' dir='ltr'>XXVII.</span> <span class='ocrx_word' id='word_1_468' title='bbox 505 2576 547 2601; x_wconf 78' lang='lat'>58.</span> <span class='ocrx_word' id='word_1_469' title='bbox 568 2573 650 2600; x_wconf 82' lang='lat' dir='ltr'>Multa</span> <span class='ocrx_word' id='word_1_470' title='bbox 666 2574 772 2604; x_wconf 81' lang='lat' dir='ltr'>acerba,</span> <span class='ocrx_word' id='word_1_471' title='bbox 786 2573 869 2600; x_wconf 79' lang='lat' dir='ltr'>multa</span> 
     </span>
     <span class='ocr_line' id='line_1_66' title="bbox 75 2610 869 2648; baseline -0.004 -9"><span class='ocrx_word' id='word_1_472' title='bbox 75 2613 171 2648; x_wconf 85' lang='lat' dir='ltr'>turpia,</span> <span class='ocrx_word' id='word_1_473' title='bbox 185 2612 267 2639; x_wconf 84' lang='lat' dir='ltr'>multa</span> <span class='ocrx_word' id='word_1_474' title='bbox 280 2613 433 2639; x_wconf 80' lang='lat' dir='ltr'>turbulenta</span> <span class='ocrx_word' id='word_1_475' title='bbox 445 2612 539 2638; x_wconf 83' lang='lat' dir='ltr'>habuit</span> <span class='ocrx_word' id='word_1_476' title='bbox 549 2611 594 2638; x_wconf 81' lang='lat' dir='ltr'>illo</span> <span class='ocrx_word' id='word_1_477' title='bbox 606 2619 707 2637; x_wconf 81' lang='lat' dir='ltr'>nunus:</span> <span class='ocrx_word' id='word_1_478' title='bbox 730 2616 817 2637; x_wconf 80' lang='lat' dir='ltr'>tamen</span> <span class='ocrx_word' id='word_1_479' title='bbox 830 2610 869 2637; x_wconf 88' lang='lat' dir='ltr'>illi</span> 
     </span>
     <span class='ocr_line' id='line_1_67' title="bbox 75 2647 869 2685; baseline -0.001 -10"><span class='ocrx_word' id='word_1_480' title='bbox 75 2649 181 2680; x_wconf 81' lang='lat' dir='ltr'>sceleri.</span> <span class='ocrx_word' id='word_1_481' title='bbox 203 2649 276 2685; x_wconf 88' lang='lat' dir='ltr'>quod</span> <span class='ocrx_word' id='word_1_482' title='bbox 290 2650 318 2677; x_wconf 90' lang='lat' dir='ltr'>in</span> <span class='ocrx_word' id='word_1_483' title='bbox 334 2659 376 2676; x_wconf 90' lang='lat' dir='ltr'>me</span> <span class='ocrx_word' id='word_1_484' title='bbox 391 2650 499 2676; x_wconf 90' lang='lat' dir='ltr'>illorum</span> <span class='ocrx_word' id='word_1_485' title='bbox 515 2649 667 2675; x_wconf 80' lang='lat' dir='ltr'>immanitas</span> <span class='ocrx_word' id='word_1_486' title='bbox 683 2648 780 2678; x_wconf 83' lang='lat' dir='ltr'>edidit,</span> <span class='ocrx_word' id='word_1_487' title='bbox 799 2647 869 2674; x_wconf 79' lang='lat' dir='ltr'>haud</span> 
     </span>
     <span class='ocr_line' id='line_1_68' title="bbox 75 2686 667 2723; baseline -0.002 -10"><span class='ocrx_word' id='word_1_488' title='bbox 75 2686 131 2714; x_wconf 89' lang='lat' dir='ltr'>scio</span> <span class='ocrx_word' id='word_1_489' title='bbox 143 2695 176 2713; x_wconf 80' lang='lat' dir='ltr'>an</span> <span class='ocrx_word' id='word_1_490' title='bbox 190 2691 259 2714; x_wconf 80' lang='lat' dir='ltr'>recte</span> <span class='ocrx_word' id='word_1_491' title='bbox 274 2687 323 2715; x_wconf 84' lang='lat' dir='ltr'>hoo</span> <span class='ocrx_word' id='word_1_492' title='bbox 337 2688 490 2723; x_wconf 84' lang='lat' dir='ltr'>proximum</span> <span class='ocrx_word' id='word_1_493' title='bbox 500 2695 559 2713; x_wconf 82' lang='lat' dir='ltr'>esso</span> <span class='ocrx_word' id='word_1_494' title='bbox 570 2687 667 2713; x_wconf 78' lang='lat' dir='ltr'>dicam.</span> 
     </span>
    </p>
   </div>
   <div class='ocr_carea' id='block_1_7' title="bbox 708 2686 892 2716">
    <p class='ocr_par' dir='ltr' id='par_1_9' title="bbox 708 2686 892 2716">
     <span class='ocr_line' id='line_1_69' title="bbox 708 2686 892 2716; baseline -0.005 -4"><span class='ocrx_word' id='word_1_495' title='bbox 708 2686 869 2713; x_wconf 79' lang='lat' dir='ltr'>Antiochum</span> <span class='ocrx_word' id='word_1_496' title='bbox 890 2693 892 2716; x_wconf 50' lang='grc' dir='ltr'><strong>ᾗ</strong></span> 
     </span>
    </p>
   </div>
   <div class='ocr_carea' id='block_1_8' title="bbox 882 147 1720 2718">
    <p class='ocr_par' dir='ltr' id='par_1_10' title="bbox 882 147 1720 2718">
     <span class='ocr_line' id='line_1_70' title="bbox 1193 147 1703 173; baseline -0.002 0"><span class='ocrx_word' id='word_1_497' title='bbox 1193 149 1221 173; x_wconf 74' lang='grc' dir='ltr'>ΞΗ</span> <span class='ocrx_word' id='word_1_498' title='bbox 1245 162 1281 166; x_wconf 86' lang='grc'>-·</span> <span class='ocrx_word' id='word_1_499' title='bbox 1303 149 1343 173; x_wconf 68' lang='lat'>20.</span> <span class='ocrx_word' id='word_1_500' title='bbox 1653 147 1703 172; x_wconf 85' lang='lat'>507</span> 
     </span>
     <span class='ocr_line' id='line_1_71' title="bbox 888 216 1707 254; baseline -0.005 -9"><span class='ocrx_word' id='word_1_501' title='bbox 888 224 889 252; x_wconf 51' lang='lat' dir='ltr'>l</span> <span class='ocrx_word' id='word_1_502' title='bbox 911 219 989 245; x_wconf 89' lang='lat' dir='ltr'>illum</span> <span class='ocrx_word' id='word_1_503' title='bbox 1001 219 1128 254; x_wconf 81' lang='lat' dir='ltr'>Magnum</span> <span class='ocrx_word' id='word_1_504' title='bbox 1140 219 1252 245; x_wconf 88' lang='lat' dir='ltr'>maiores</span> <span class='ocrx_word' id='word_1_505' title='bbox 1265 218 1356 249; x_wconf 78' lang='lat' dir='ltr'>nostri,</span> <span class='ocrx_word' id='word_1_506' title='bbox 1365 225 1459 253; x_wconf 79' lang='lat' dir='ltr'>magna</span> <span class='ocrx_word' id='word_1_507' title='bbox 1472 216 1707 243; x_wconf 78' lang='lat' dir='ltr'>bellicontentione</span> 
     </span>
     <span class='ocr_line' id='line_1_72' title="bbox 888 254 1706 291; baseline -0.005 -8"><span class='ocrx_word' id='word_1_508' title='bbox 888 255 889 272; x_wconf 55' lang='lat' dir='ltr'>l</span> <span class='ocrx_word' id='word_1_509' title='bbox 912 261 979 283; x_wconf 86' lang='lat' dir='ltr'>terra</span> <span class='ocrx_word' id='word_1_510' title='bbox 1010 257 1130 291; x_wconf 87' lang='lat' dir='ltr'>marique</span> <span class='ocrx_word' id='word_1_511' title='bbox 1159 260 1329 290; x_wconf 87' lang='lat' dir='ltr'>superatum,</span> <span class='ocrx_word' id='word_1_512' title='bbox 1356 256 1423 281; x_wconf 88' lang='lat' dir='ltr'>intra</span> <span class='ocrx_word' id='word_1_513' title='bbox 1448 259 1564 280; x_wconf 91' lang='lat' dir='ltr'>montem</span> <span class='ocrx_word' id='word_1_514' title='bbox 1590 254 1706 279; x_wconf 82' lang='lat' dir='ltr'>Taurum</span> 
     </span>
     <span class='ocr_line' id='line_1_73' title="bbox 913 290 1705 329; baseline -0.005 -9"><span class='ocrx_word' id='word_1_515' title='bbox 913 303 1022 329; x_wconf 78' lang='lat' dir='ltr'>regnare</span> <span class='ocrx_word' id='word_1_516' title='bbox 1048 294 1201 319; x_wconf 85' lang='lat' dir='ltr'>iusserunt:</span> <span class='ocrx_word' id='word_1_517' title='bbox 1233 293 1336 323; x_wconf 79' lang='lat' dir='ltr'>Asiam,</span> <span class='ocrx_word' id='word_1_518' title='bbox 1363 301 1416 327; x_wconf 87' lang='lat' dir='ltr'>qua</span> <span class='ocrx_word' id='word_1_519' title='bbox 1436 291 1513 317; x_wconf 93' lang='lat' dir='ltr'>illum</span> <span class='ocrx_word' id='word_1_520' title='bbox 1535 290 1705 321; x_wconf 78' lang='lat' dir='ltr'>mulctarunt,</span> 
     </span>
     <span class='ocr_line' id='line_1_74' title="bbox 882 328 1709 367; baseline -0.005 -9"><span class='ocrx_word' id='word_1_521' title='bbox 882 336 890 367; x_wconf 39' lang='grc' dir='ltr'>ἢ</span> <span class='ocrx_word' id='word_1_522' title='bbox 913 332 1008 362; x_wconf 76' lang='lat' dir='ltr'>Attalo,</span> <span class='ocrx_word' id='word_1_523' title='bbox 1023 336 1052 357; x_wconf 94' lang='lat' dir='ltr'>ut</span> <span class='ocrx_word' id='word_1_524' title='bbox 1063 332 1086 357; x_wconf 89' lang='lat' dir='ltr'>is</span> <span class='ocrx_word' id='word_1_525' title='bbox 1098 335 1219 366; x_wconf 84' lang='lat' dir='ltr'>regnaret</span> <span class='ocrx_word' id='word_1_526' title='bbox 1230 331 1257 356; x_wconf 95' lang='lat' dir='ltr'>in</span> <span class='ocrx_word' id='word_1_527' title='bbox 1269 339 1307 360; x_wconf 84' lang='lat' dir='ltr'>ea,</span> <span class='ocrx_word' id='word_1_528' title='bbox 1320 330 1546 356; x_wconf 83' lang='lat' dir='ltr'>condonaverunt.</span> <span class='ocrx_word' id='word_1_529' title='bbox 1580 328 1647 354; x_wconf 92' lang='lat' dir='ltr'>Cum</span> <span class='ocrx_word' id='word_1_530' title='bbox 1660 328 1709 354; x_wconf 71' lang='lat' dir='ltr'>Ar-</span> 
     </span>
     <span class='ocr_line' id='line_1_75' title="bbox 914 366 1710 403; baseline -0.005 -8"><span class='ocrx_word' id='word_1_531' title='bbox 914 369 1063 395; x_wconf 90' lang='lat' dir='ltr'>meniorum</span> <span class='ocrx_word' id='word_1_532' title='bbox 1094 377 1156 403; x_wconf 79' lang='lat' dir='ltr'>rege</span> <span class='ocrx_word' id='word_1_533' title='bbox 1186 368 1299 403; x_wconf 84' lang='lat' dir='ltr'>Tigrane</span> <span class='ocrx_word' id='word_1_534' title='bbox 1323 376 1404 402; x_wconf 76' lang='lat' dir='ltr'>grave</span> <span class='ocrx_word' id='word_1_535' title='bbox 1428 366 1530 392; x_wconf 89' lang='lat' dir='ltr'>bellum</span> <span class='ocrx_word' id='word_1_536' title='bbox 1555 366 1710 401; x_wconf 85' lang='lat' dir='ltr'>perdiutur-</span> 
     </span>
     <span class='ocr_line' id='line_1_76' title="bbox 914 404 1710 441; baseline -0.004 -9"><span class='ocrx_word' id='word_1_537' title='bbox 914 414 1034 441; x_wconf 87' lang='lat' dir='ltr'>numque</span> <span class='ocrx_word' id='word_1_538' title='bbox 1050 406 1199 441; x_wconf 80' lang='lat' dir='ltr'>gessimus3</span> <span class='ocrx_word' id='word_1_539' title='bbox 1221 413 1307 440; x_wconf 86' lang='lat' dir='ltr'>quum</span> <span class='ocrx_word' id='word_1_540' title='bbox 1324 405 1382 436; x_wconf 85' lang='lat' dir='ltr'>ille,</span> <span class='ocrx_word' id='word_1_541' title='bbox 1400 404 1506 430; x_wconf 88' lang='lat' dir='ltr'>iniuriis</span> <span class='ocrx_word' id='word_1_542' title='bbox 1522 404 1549 430; x_wconf 91' lang='lat' dir='ltr'>in</span> <span class='ocrx_word' id='word_1_543' title='bbox 1565 404 1650 430; x_wconf 87' lang='lat' dir='ltr'>socios</span> <span class='ocrx_word' id='word_1_544' title='bbox 1663 411 1710 429; x_wconf 90' lang='lat' dir='ltr'>no-</span> 
     </span>
     <span class='ocr_line' id='line_1_77' title="bbox 914 441 1710 477; baseline -0.004 -8"><span class='ocrx_word' id='word_1_545' title='bbox 914 448 982 469; x_wconf 89' lang='lat' dir='ltr'>stros</span> <span class='ocrx_word' id='word_1_546' title='bbox 1000 443 1161 474; x_wconf 79' lang='lat' dir='ltr'>inferendis,</span> <span class='ocrx_word' id='word_1_547' title='bbox 1179 442 1249 469; x_wconf 87' lang='lat' dir='ltr'>bello</span> <span class='ocrx_word' id='word_1_548' title='bbox 1265 450 1346 477; x_wconf 91' lang='lat' dir='ltr'>prope</span> <span class='ocrx_word' id='word_1_549' title='bbox 1363 450 1410 468; x_wconf 83' lang='lat' dir='ltr'>nos</span> <span class='ocrx_word' id='word_1_550' title='bbox 1428 441 1587 467; x_wconf 87' lang='lat' dir='ltr'>lacessisset.</span> <span class='ocrx_word' id='word_1_551' title='bbox 1621 441 1668 466; x_wconf 86' lang='lat' dir='ltr'>Hic</span> <span class='ocrx_word' id='word_1_552' title='bbox 1685 444 1710 466; x_wconf 85' lang='lat' dir='ltr'>et</span> 
     </span>
     <span class='ocr_line' id='line_1_78' title="bbox 914 478 1710 515; baseline -0.004 -9"><span class='ocrx_word' id='word_1_553' title='bbox 914 481 972 515; x_wconf 89' lang='lat' dir='ltr'>ipse</span> <span class='ocrx_word' id='word_1_554' title='bbox 985 489 1031 515; x_wconf 88' lang='lat' dir='ltr'>per</span> <span class='ocrx_word' id='word_1_555' title='bbox 1042 489 1070 506; x_wconf 86' lang='lat' dir='ltr'>se</span> <span class='ocrx_word' id='word_1_556' title='bbox 1082 480 1226 506; x_wconf 84' lang='lat' dir='ltr'>vehemens</span> <span class='ocrx_word' id='word_1_557' title='bbox 1239 479 1298 510; x_wconf 79' lang='lat' dir='ltr'>fuit,</span> <span class='ocrx_word' id='word_1_558' title='bbox 1311 484 1336 505; x_wconf 90' lang='lat' dir='ltr'>et</span> <span class='ocrx_word' id='word_1_559' title='bbox 1347 479 1505 505; x_wconf 86' lang='lat' dir='ltr'>acerrimum</span> <span class='ocrx_word' id='word_1_560' title='bbox 1518 478 1618 504; x_wconf 87' lang='lat' dir='ltr'>hostem</span> <span class='ocrx_word' id='word_1_561' title='bbox 1627 478 1710 504; x_wconf 89' lang='lat' dir='ltr'>huius</span> 
     </span>
     <span class='ocr_line' id='line_1_79' title="bbox 914 516 1711 552; baseline -0.004 -9"><span class='ocrx_word' id='word_1_562' title='bbox 914 518 1019 552; x_wconf 84' lang='lat' dir='ltr'>imperii</span> <span class='ocrx_word' id='word_1_563' title='bbox 1028 517 1216 548; x_wconf 83' lang='lat' dir='ltr'>Mithridatem,</span> <span class='ocrx_word' id='word_1_564' title='bbox 1225 517 1334 551; x_wconf 89' lang='lat' dir='ltr'>pulsum</span> <span class='ocrx_word' id='word_1_565' title='bbox 1347 517 1428 542; x_wconf 89' lang='lat' dir='ltr'>Ponto</span> <span class='ocrx_word' id='word_1_566' title='bbox 1436 537 1440 547; x_wconf 89' lang='lat'>,</span> <span class='ocrx_word' id='word_1_567' title='bbox 1449 516 1546 550; x_wconf 88' lang='lat' dir='ltr'>opibus</span> <span class='ocrx_word' id='word_1_568' title='bbox 1553 516 1609 541; x_wconf 84' lang='lat' dir='ltr'>suis</span> <span class='ocrx_word' id='word_1_569' title='bbox 1617 524 1711 550; x_wconf 75' lang='lat' dir='ltr'>regno-</span> 
     </span>
     <span class='ocr_line' id='line_1_80' title="bbox 914 553 1711 589; baseline -0.004 -8"><span class='ocrx_word' id='word_1_570' title='bbox 914 563 968 589; x_wconf 93' lang='lat' dir='ltr'>que</span> <span class='ocrx_word' id='word_1_571' title='bbox 984 555 1117 581; x_wconf 83' lang='lat' dir='ltr'>defendit:</span> <span class='ocrx_word' id='word_1_572' title='bbox 1139 559 1189 581; x_wconf 92' lang='lat' dir='ltr'>eta</span> <span class='ocrx_word' id='word_1_573' title='bbox 1202 555 1230 580; x_wconf 94' lang='lat' dir='ltr'>L.</span> <span class='ocrx_word' id='word_1_574' title='bbox 1245 554 1365 584; x_wconf 87' lang='lat' dir='ltr'>Lucullo,</span> <span class='ocrx_word' id='word_1_575' title='bbox 1379 562 1486 579; x_wconf 88' lang='lat' dir='ltr'>summo</span> <span class='ocrx_word' id='word_1_576' title='bbox 1501 554 1557 579; x_wconf 88' lang='lat' dir='ltr'>viro</span> <span class='ocrx_word' id='word_1_577' title='bbox 1569 557 1648 587; x_wconf 90' lang='lat' dir='ltr'>atque</span> <span class='ocrx_word' id='word_1_578' title='bbox 1659 553 1711 578; x_wconf 91' lang='lat' dir='ltr'>im-</span> 
     </span>
     <span class='ocr_line' id='line_1_81' title="bbox 916 590 1710 628; baseline -0.004 -10"><span class='ocrx_word' id='word_1_579' title='bbox 916 597 1047 628; x_wconf 73' lang='lat' dir='ltr'>peratore,</span> <span class='ocrx_word' id='word_1_580' title='bbox 1070 592 1180 626; x_wconf 85' lang='lat' dir='ltr'>pulsus,</span> <span class='ocrx_word' id='word_1_581' title='bbox 1204 592 1293 617; x_wconf 87' lang='lat' dir='ltr'>animo</span> <span class='ocrx_word' id='word_1_582' title='bbox 1308 596 1395 617; x_wconf 88' lang='lat' dir='ltr'>tamen</span> <span class='ocrx_word' id='word_1_583' title='bbox 1413 590 1502 617; x_wconf 81' lang='lat' dir='ltr'>hostili</span> <span class='ocrx_word' id='word_1_584' title='bbox 1518 599 1579 616; x_wconf 89' lang='lat' dir='ltr'>cum</span> <span class='ocrx_word' id='word_1_585' title='bbox 1599 590 1710 624; x_wconf 83' lang='lat' dir='ltr'>reliquis</span> 
     </span>
     <span class='ocr_line' id='line_1_82' title="bbox 915 628 1712 664; baseline -0.004 -8"><span class='ocrx_word' id='word_1_586' title='bbox 915 631 999 664; x_wconf 88' lang='lat' dir='ltr'>copiis</span> <span class='ocrx_word' id='word_1_587' title='bbox 1011 630 1069 656; x_wconf 86' lang='lat' dir='ltr'>suis</span> <span class='ocrx_word' id='word_1_588' title='bbox 1080 630 1108 655; x_wconf 88' lang='lat' dir='ltr'>in</span> <span class='ocrx_word' id='word_1_589' title='bbox 1120 629 1232 663; x_wconf 86' lang='lat' dir='ltr'>pristina</span> <span class='ocrx_word' id='word_1_590' title='bbox 1244 633 1332 654; x_wconf 88' lang='lat' dir='ltr'>mente</span> <span class='ocrx_word' id='word_1_591' title='bbox 1343 629 1450 654; x_wconf 88' lang='lat' dir='ltr'>mansit.</span> <span class='ocrx_word' id='word_1_592' title='bbox 1483 628 1558 654; x_wconf 83' lang='lat' dir='ltr'>Hunc</span> <span class='ocrx_word' id='word_1_593' title='bbox 1571 628 1619 654; x_wconf 92' lang='lat' dir='ltr'>Cn.</span> <span class='ocrx_word' id='word_1_594' title='bbox 1632 628 1712 653; x_wconf 86' lang='lat' dir='ltr'>Pom-</span> 
     </span>
     <span class='ocr_line' id='line_1_83' title="bbox 916 664 1712 702; baseline -0.004 -9"><span class='ocrx_word' id='word_1_595' title='bbox 916 668 1001 702; x_wconf 91' lang='lat' dir='ltr'>peius,</span> <span class='ocrx_word' id='word_1_596' title='bbox 1014 675 1100 702; x_wconf 88' lang='lat' dir='ltr'>quum</span> <span class='ocrx_word' id='word_1_597' title='bbox 1113 667 1141 692; x_wconf 90' lang='lat' dir='ltr'>in</span> <span class='ocrx_word' id='word_1_598' title='bbox 1152 666 1209 692; x_wconf 89' lang='lat' dir='ltr'>suis</span> <span class='ocrx_word' id='word_1_599' title='bbox 1221 667 1313 692; x_wconf 85' lang='lat' dir='ltr'>castris</span> <span class='ocrx_word' id='word_1_600' title='bbox 1324 666 1475 700; x_wconf 88' lang='lat' dir='ltr'>supplicem</span> <span class='ocrx_word' id='word_1_601' title='bbox 1482 665 1614 691; x_wconf 87' lang='lat' dir='ltr'>abiectum</span> <span class='ocrx_word' id='word_1_602' title='bbox 1627 664 1712 690; x_wconf 78' lang='lat' dir='ltr'>vidis-</span> 
     </span>
     <span class='ocr_line' id='line_1_84' title="bbox 915 702 1712 738; baseline -0.005 -7"><span class='ocrx_word' id='word_1_603' title='bbox 915 710 968 735; x_wconf 89' lang='lat' dir='ltr'>set,</span> <span class='ocrx_word' id='word_1_604' title='bbox 991 704 1089 735; x_wconf 83' lang='lat' dir='ltr'>erexit,</span> <span class='ocrx_word' id='word_1_605' title='bbox 1112 708 1191 738; x_wconf 91' lang='lat' dir='ltr'>atque</span> <span class='ocrx_word' id='word_1_606' title='bbox 1207 704 1315 738; x_wconf 81' lang='lat' dir='ltr'>insigne</span> <span class='ocrx_word' id='word_1_607' title='bbox 1331 704 1447 738; x_wconf 69' lang='lat' dir='ltr'>regium,</span> <span class='ocrx_word' id='word_1_608' title='bbox 1465 702 1537 737; x_wconf 89' lang='lat' dir='ltr'>quod</span> <span class='ocrx_word' id='word_1_609' title='bbox 1554 702 1599 728; x_wconf 86' lang='lat' dir='ltr'>ille</span> <span class='ocrx_word' id='word_1_610' title='bbox 1615 702 1647 727; x_wconf 91' lang='lat' dir='ltr'>de</span> <span class='ocrx_word' id='word_1_611' title='bbox 1662 709 1712 727; x_wconf 91' lang='lat' dir='ltr'>suo</span> 
     </span>
     <span class='ocr_line' id='line_1_85' title="bbox 915 739 1709 776; baseline -0.005 -8"><span class='ocrx_word' id='word_1_612' title='bbox 915 742 1000 776; x_wconf 90' lang='lat' dir='ltr'>capite</span> <span class='ocrx_word' id='word_1_613' title='bbox 1017 742 1160 771; x_wconf 81' lang='lat' dir='ltr'>abiecerat,</span> <span class='ocrx_word' id='word_1_614' title='bbox 1178 741 1310 775; x_wconf 81' lang='lat' dir='ltr'>reposuit,</span> <span class='ocrx_word' id='word_1_615' title='bbox 1324 745 1362 770; x_wconf 88' lang='lat' dir='ltr'>et,</span> <span class='ocrx_word' id='word_1_616' title='bbox 1376 741 1454 766; x_wconf 85' lang='lat' dir='ltr'>certis</span> <span class='ocrx_word' id='word_1_617' title='bbox 1466 740 1546 765; x_wconf 88' lang='lat' dir='ltr'>rebus</span> <span class='ocrx_word' id='word_1_618' title='bbox 1563 739 1709 773; x_wconf 86' lang='lat' dir='ltr'>imperatis,</span> 
     </span>
     <span class='ocr_line' id='line_1_86' title="bbox 915 776 1713 815; baseline -0.005 -10"><span class='ocrx_word' id='word_1_619' title='bbox 915 787 1025 815; x_wconf 78' lang='lat' dir='ltr'>regnare</span> <span class='ocrx_word' id='word_1_620' title='bbox 1041 779 1134 804; x_wconf 90' lang='lat' dir='ltr'>iussit:</span> <span class='ocrx_word' id='word_1_621' title='bbox 1158 787 1207 804; x_wconf 88' lang='lat' dir='ltr'>nec</span> <span class='ocrx_word' id='word_1_622' title='bbox 1218 779 1308 804; x_wconf 88' lang='lat' dir='ltr'>minus</span> <span class='ocrx_word' id='word_1_623' title='bbox 1321 782 1346 803; x_wconf 92' lang='lat' dir='ltr'>et</span> <span class='ocrx_word' id='word_1_624' title='bbox 1356 778 1408 803; x_wconf 90' lang='lat' dir='ltr'>sibi</span> <span class='ocrx_word' id='word_1_625' title='bbox 1420 782 1445 803; x_wconf 89' lang='lat' dir='ltr'>et</span> <span class='ocrx_word' id='word_1_626' title='bbox 1456 777 1518 803; x_wconf 89' lang='lat' dir='ltr'>huic</span> <span class='ocrx_word' id='word_1_627' title='bbox 1531 777 1643 811; x_wconf 88' lang='lat' dir='ltr'>imperio</span> <span class='ocrx_word' id='word_1_628' title='bbox 1654 776 1713 811; x_wconf 73' lang='lat' dir='ltr'>glo-</span> 
     </span>
     <span class='ocr_line' id='line_1_87' title="bbox 916 813 1713 850; baseline -0.006 -7"><span class='ocrx_word' id='word_1_629' title='bbox 916 818 1016 843; x_wconf 90' lang='lat' dir='ltr'>riosum</span> <span class='ocrx_word' id='word_1_630' title='bbox 1029 816 1142 850; x_wconf 86' lang='lat' dir='ltr'>putavit,</span> <span class='ocrx_word' id='word_1_631' title='bbox 1151 816 1326 842; x_wconf 86' lang='lat' dir='ltr'>constitutum</span> <span class='ocrx_word' id='word_1_632' title='bbox 1338 824 1351 840; x_wconf 91' lang='lat' dir='ltr'>a</span> <span class='ocrx_word' id='word_1_633' title='bbox 1363 823 1392 840; x_wconf 92' lang='lat' dir='ltr'>se</span> <span class='ocrx_word' id='word_1_634' title='bbox 1403 813 1713 849; x_wconf 72' lang='lat' dir='ltr'>regem,quamconstri-</span> 
     </span>
     <span class='ocr_line' id='line_1_88' title="bbox 915 851 1710 887; baseline -0.005 -7"><span class='ocrx_word' id='word_1_635' title='bbox 915 859 988 880; x_wconf 92' lang='lat' dir='ltr'>ctum</span> <span class='ocrx_word' id='word_1_636' title='bbox 1000 853 1095 880; x_wconf 87' lang='lat' dir='ltr'>videri.</span> <span class='ocrx_word' id='word_1_637' title='bbox 1118 854 1160 879; x_wconf 79' lang='lat'>59.</span> <span class='ocrx_word' id='word_1_638' title='bbox 1173 852 1225 885; x_wconf 91' lang='lat' dir='ltr'>Qui</span> <span class='ocrx_word' id='word_1_639' title='bbox 1236 857 1261 879; x_wconf 93' lang='lat' dir='ltr'>et</span> <span class='ocrx_word' id='word_1_640' title='bbox 1272 853 1330 887; x_wconf 88' lang='lat' dir='ltr'>ipse</span> <span class='ocrx_word' id='word_1_641' title='bbox 1342 852 1427 878; x_wconf 86' lang='lat' dir='ltr'>hostis</span> <span class='ocrx_word' id='word_1_642' title='bbox 1435 851 1710 886; x_wconf 83' lang='lat' dir='ltr'>suitpopuliRomani,</span> 
     </span>
     <span class='ocr_line' id='line_1_89' title="bbox 916 887 1710 925; baseline -0.005 -8"><span class='ocrx_word' id='word_1_643' title='bbox 916 896 941 918; x_wconf 86' lang='lat' dir='ltr'>et</span> <span class='ocrx_word' id='word_1_644' title='bbox 952 891 1112 917; x_wconf 90' lang='lat' dir='ltr'>acerrimum</span> <span class='ocrx_word' id='word_1_645' title='bbox 1123 890 1227 917; x_wconf 88' lang='lat' dir='ltr'>hostem</span> <span class='ocrx_word' id='word_1_646' title='bbox 1238 891 1266 916; x_wconf 94' lang='lat' dir='ltr'>in</span> <span class='ocrx_word' id='word_1_647' title='bbox 1278 898 1391 925; x_wconf 77' lang='lat' dir='ltr'>regnum</span> <span class='ocrx_word' id='word_1_648' title='bbox 1403 890 1510 923; x_wconf 84' lang='lat' dir='ltr'>recepit,</span> <span class='ocrx_word' id='word_1_649' title='bbox 1524 889 1571 923; x_wconf 87' lang='lat' dir='ltr'>qui</span> <span class='ocrx_word' id='word_1_650' title='bbox 1583 887 1710 917; x_wconf 81' lang='lat' dir='ltr'>conllixit,</span> 
     </span>
     <span class='ocr_line' id='line_1_90' title="bbox 916 926 1714 964; baseline -0.005 -9"><span class='ocrx_word' id='word_1_651' title='bbox 916 929 963 964; x_wconf 90' lang='lat' dir='ltr'>qui</span> <span class='ocrx_word' id='word_1_652' title='bbox 979 929 1056 964; x_wconf 82' lang='lat' dir='ltr'>signa</span> <span class='ocrx_word' id='word_1_653' title='bbox 1072 928 1197 958; x_wconf 90' lang='lat' dir='ltr'>contulit,</span> <span class='ocrx_word' id='word_1_654' title='bbox 1215 928 1263 963; x_wconf 92' lang='lat' dir='ltr'>qui</span> <span class='ocrx_word' id='word_1_655' title='bbox 1279 928 1312 953; x_wconf 91' lang='lat' dir='ltr'>de</span> <span class='ocrx_word' id='word_1_656' title='bbox 1323 927 1436 962; x_wconf 89' lang='lat' dir='ltr'>imperio</span> <span class='ocrx_word' id='word_1_657' title='bbox 1447 935 1529 961; x_wconf 89' lang='lat' dir='ltr'>paene</span> <span class='ocrx_word' id='word_1_658' title='bbox 1539 926 1658 956; x_wconf 78' lang='lat' dir='ltr'>certavit,</span> <span class='ocrx_word' id='word_1_659' title='bbox 1673 933 1714 951; x_wconf 86' lang='lat' dir='ltr'>re—</span> 
     </span>
     <span class='ocr_line' id='line_1_91' title="bbox 916 962 1714 1002; baseline -0.005 -10"><span class='ocrx_word' id='word_1_660' title='bbox 916 971 979 1002; x_wconf 81' lang='lat' dir='ltr'>gnat</span> <span class='ocrx_word' id='word_1_661' title='bbox 994 965 1086 997; x_wconf 89' lang='lat' dir='ltr'>hodie,</span> <span class='ocrx_word' id='word_1_662' title='bbox 1105 966 1272 992; x_wconf 82' lang='lat' dir='ltr'>etamicitiae</span> <span class='ocrx_word' id='word_1_663' title='bbox 1284 973 1379 991; x_wconf 91' lang='lat' dir='ltr'>nomen</span> <span class='ocrx_word' id='word_1_664' title='bbox 1393 973 1421 990; x_wconf 82' lang='lat' dir='ltr'>ac</span> <span class='ocrx_word' id='word_1_665' title='bbox 1432 964 1574 993; x_wconf 87' lang='lat' dir='ltr'>societatis,</span> <span class='ocrx_word' id='word_1_666' title='bbox 1588 962 1660 998; x_wconf 83' lang='lat' dir='ltr'>quod</span> <span class='ocrx_word' id='word_1_667' title='bbox 1673 971 1714 988; x_wconf 90' lang='lat' dir='ltr'>ar-</span> 
     </span>
     <span class='ocr_line' id='line_1_92' title="bbox 917 1001 1714 1037; baseline -0.005 -7"><span class='ocrx_word' id='word_1_668' title='bbox 917 1004 968 1030; x_wconf 91' lang='lat' dir='ltr'>mis</span> <span class='ocrx_word' id='word_1_669' title='bbox 980 1003 1104 1034; x_wconf 89' lang='lat' dir='ltr'>violarat,</span> <span class='ocrx_word' id='word_1_670' title='bbox 1121 1003 1148 1029; x_wconf 93' lang='lat' dir='ltr'>id</span> <span class='ocrx_word' id='word_1_671' title='bbox 1160 1003 1284 1037; x_wconf 83' lang='lat' dir='ltr'>precibus</span> <span class='ocrx_word' id='word_1_672' title='bbox 1295 1007 1334 1028; x_wconf 87' lang='lat' dir='ltr'>est</span> <span class='ocrx_word' id='word_1_673' title='bbox 1345 1006 1518 1028; x_wconf 85' lang='lat' dir='ltr'>consecutus:</span> <span class='ocrx_word' id='word_1_674' title='bbox 1541 1001 1586 1027; x_wconf 92' lang='lat' dir='ltr'>ille</span> <span class='ocrx_word' id='word_1_675' title='bbox 1598 1001 1714 1036; x_wconf 73' lang='lat' dir='ltr'>Cyprius</span> 
     </span>
     <span class='ocr_line' id='line_1_93' title="bbox 917 1038 1715 1075; baseline -0.005 -8"><span class='ocrx_word' id='word_1_676' title='bbox 917 1041 1007 1072; x_wconf 88' lang='lat' dir='ltr'>miser,</span> <span class='ocrx_word' id='word_1_677' title='bbox 1020 1041 1067 1075; x_wconf 92' lang='lat' dir='ltr'>qui</span> <span class='ocrx_word' id='word_1_678' title='bbox 1079 1048 1185 1075; x_wconf 90' lang='lat' dir='ltr'>semper</span> <span class='ocrx_word' id='word_1_679' title='bbox 1196 1041 1307 1070; x_wconf 87' lang='lat' dir='ltr'>amicus,</span> <span class='ocrx_word' id='word_1_680' title='bbox 1317 1048 1423 1074; x_wconf 85' lang='lat' dir='ltr'>semper</span> <span class='ocrx_word' id='word_1_681' title='bbox 1434 1039 1523 1065; x_wconf 86' lang='lat' dir='ltr'>socius</span> <span class='ocrx_word' id='word_1_682' title='bbox 1531 1038 1594 1064; x_wconf 83' lang='lat' dir='ltr'>fuit:</span> <span class='ocrx_word' id='word_1_683' title='bbox 1617 1038 1649 1064; x_wconf 87' lang='lat' dir='ltr'>de</span> <span class='ocrx_word' id='word_1_684' title='bbox 1661 1046 1715 1072; x_wconf 82' lang='lat' dir='ltr'>quo</span> 
     </span>
     <span class='ocr_line' id='line_1_94' title="bbox 918 1074 1714 1113; baseline -0.006 -8"><span class='ocrx_word' id='word_1_685' title='bbox 918 1079 992 1105; x_wconf 91' lang='lat' dir='ltr'>nulla</span> <span class='ocrx_word' id='word_1_686' title='bbox 1007 1087 1137 1113; x_wconf 86' lang='lat' dir='ltr'>umquam</span> <span class='ocrx_word' id='word_1_687' title='bbox 1149 1078 1268 1112; x_wconf 89' lang='lat' dir='ltr'>suspicio</span> <span class='ocrx_word' id='word_1_688' title='bbox 1279 1077 1370 1103; x_wconf 87' lang='lat' dir='ltr'>durior</span> <span class='ocrx_word' id='word_1_689' title='bbox 1381 1080 1425 1102; x_wconf 88' lang='lat' dir='ltr'>aut</span> <span class='ocrx_word' id='word_1_690' title='bbox 1437 1076 1469 1102; x_wconf 88' lang='lat' dir='ltr'>ad</span> <span class='ocrx_word' id='word_1_691' title='bbox 1480 1081 1612 1105; x_wconf 84' lang='lat' dir='ltr'>senatum,</span> <span class='ocrx_word' id='word_1_692' title='bbox 1626 1079 1671 1101; x_wconf 87' lang='lat' dir='ltr'>aut</span> <span class='ocrx_word' id='word_1_693' title='bbox 1682 1074 1714 1101; x_wconf 90' lang='lat' dir='ltr'>ad</span> 
     </span>
     <span class='ocr_line' id='line_1_95' title="bbox 917 1113 1715 1150; baseline -0.005 -8"><span class='ocrx_word' id='word_1_694' title='bbox 917 1117 1090 1150; x_wconf 86' lang='lat' dir='ltr'>imperatores</span> <span class='ocrx_word' id='word_1_695' title='bbox 1106 1120 1209 1141; x_wconf 90' lang='lat' dir='ltr'>nostros</span> <span class='ocrx_word' id='word_1_696' title='bbox 1225 1115 1302 1141; x_wconf 86' lang='lat' dir='ltr'>allata</span> <span class='ocrx_word' id='word_1_697' title='bbox 1317 1119 1370 1140; x_wconf 86' lang='lat' dir='ltr'>est:</span> <span class='ocrx_word' id='word_1_698' title='bbox 1393 1114 1472 1140; x_wconf 84' lang='lat' dir='ltr'>vivus</span> <span class='ocrx_word' id='word_1_699' title='bbox 1488 1113 1527 1148; x_wconf 92' lang='lat' dir='ltr'>(ut</span> <span class='ocrx_word' id='word_1_700' title='bbox 1543 1113 1627 1147; x_wconf 86' lang='lat' dir='ltr'>aiunt)</span> <span class='ocrx_word' id='word_1_701' title='bbox 1639 1116 1678 1138; x_wconf 91' lang='lat' dir='ltr'>est</span> <span class='ocrx_word' id='word_1_702' title='bbox 1690 1116 1715 1138; x_wconf 87' lang='lat' dir='ltr'>et</span> 
     </span>
     <span class='ocr_line' id='line_1_96' title="bbox 918 1150 1715 1186; baseline -0.006 -6"><span class='ocrx_word' id='word_1_703' title='bbox 918 1153 1013 1180; x_wconf 84' lang='lat' dir='ltr'>videns</span> <span class='ocrx_word' id='word_1_704' title='bbox 1028 1162 1091 1179; x_wconf 92' lang='lat' dir='ltr'>cum</span> <span class='ocrx_word' id='word_1_705' title='bbox 1107 1153 1178 1179; x_wconf 88' lang='lat' dir='ltr'>victu</span> <span class='ocrx_word' id='word_1_706' title='bbox 1194 1161 1224 1178; x_wconf 89' lang='lat' dir='ltr'>ac</span> <span class='ocrx_word' id='word_1_707' title='bbox 1240 1152 1338 1178; x_wconf 88' lang='lat' dir='ltr'>vestitu</span> <span class='ocrx_word' id='word_1_708' title='bbox 1350 1160 1399 1177; x_wconf 91' lang='lat' dir='ltr'>suo</span> <span class='ocrx_word' id='word_1_709' title='bbox 1411 1151 1573 1186; x_wconf 89' lang='lat' dir='ltr'>publicatus.</span> <span class='ocrx_word' id='word_1_710' title='bbox 1600 1150 1653 1180; x_wconf 85' lang='lat' dir='ltr'>En,</span> <span class='ocrx_word' id='word_1_711' title='bbox 1667 1158 1715 1176; x_wconf 90' lang='lat' dir='ltr'>cur</span> 
     </span>
     <span class='ocr_line' id='line_1_97' title="bbox 917 1188 1712 1226; baseline -0.005 -9"><span class='ocrx_word' id='word_1_712' title='bbox 917 1191 997 1218; x_wconf 89' lang='lat' dir='ltr'>ceteri</span> <span class='ocrx_word' id='word_1_713' title='bbox 1013 1199 1089 1226; x_wconf 80' lang='lat' dir='ltr'>reges</span> <span class='ocrx_word' id='word_1_714' title='bbox 1104 1190 1227 1216; x_wconf 88' lang='lat' dir='ltr'>stabilem</span> <span class='ocrx_word' id='word_1_715' title='bbox 1239 1198 1298 1216; x_wconf 89' lang='lat' dir='ltr'>esse</span> <span class='ocrx_word' id='word_1_716' title='bbox 1309 1197 1386 1215; x_wconf 88' lang='lat' dir='ltr'>suam</span> <span class='ocrx_word' id='word_1_717' title='bbox 1399 1188 1530 1215; x_wconf 82' lang='lat' dir='ltr'>fortunam</span> <span class='ocrx_word' id='word_1_718' title='bbox 1543 1188 1712 1218; x_wconf 86' lang='lat' dir='ltr'>arbitrentur,</span> 
     </span>
     <span class='ocr_line' id='line_1_98' title="bbox 918 1225 1712 1264; baseline -0.006 -9"><span class='ocrx_word' id='word_1_719' title='bbox 918 1237 1013 1264; x_wconf 84' lang='lat' dir='ltr'>quum,</span> <span class='ocrx_word' id='word_1_720' title='bbox 1028 1228 1077 1254; x_wconf 87' lang='lat' dir='ltr'>hoc</span> <span class='ocrx_word' id='word_1_721' title='bbox 1088 1228 1161 1254; x_wconf 91' lang='lat' dir='ltr'>illius</span> <span class='ocrx_word' id='word_1_722' title='bbox 1169 1227 1268 1253; x_wconf 84' lang='lat' dir='ltr'>funesti</span> <span class='ocrx_word' id='word_1_723' title='bbox 1276 1228 1337 1253; x_wconf 90' lang='lat' dir='ltr'>anni</span> <span class='ocrx_word' id='word_1_724' title='bbox 1345 1225 1587 1261; x_wconf 84' lang='lat' dir='ltr'>proditoexemplo,</span> <span class='ocrx_word' id='word_1_725' title='bbox 1597 1225 1712 1255; x_wconf 85' lang='lat' dir='ltr'>videant,</span> 
     </span>
     <span class='ocr_line' id='line_1_99' title="bbox 918 1262 1715 1301; baseline -0.005 -9"><span class='ocrx_word' id='word_1_726' title='bbox 918 1275 965 1301; x_wconf 91' lang='lat' dir='ltr'>per</span> <span class='ocrx_word' id='word_1_727' title='bbox 984 1266 1123 1292; x_wconf 90' lang='lat' dir='ltr'>tribunum</span> <span class='ocrx_word' id='word_1_728' title='bbox 1138 1265 1256 1300; x_wconf 90' lang='lat' dir='ltr'>aliquem</span> <span class='ocrx_word' id='word_1_729' title='bbox 1272 1269 1297 1291; x_wconf 88' lang='lat' dir='ltr'>et</span> <span class='ocrx_word' id='word_1_730' title='bbox 1309 1268 1446 1290; x_wconf 82' lang='lat' dir='ltr'>sexcentas</span> <span class='ocrx_word' id='word_1_731' title='bbox 1458 1272 1551 1298; x_wconf 87' lang='lat' dir='ltr'>operas</span> <span class='ocrx_word' id='word_1_732' title='bbox 1563 1272 1591 1288; x_wconf 86' lang='lat' dir='ltr'>se</span> <span class='ocrx_word' id='word_1_733' title='bbox 1601 1262 1715 1289; x_wconf 82' lang='lat' dir='ltr'>fortunis</span> 
     </span>
     <span class='ocr_line' id='line_1_100' title="bbox 918 1300 1715 1339; baseline -0.006 -9"><span class='ocrx_word' id='word_1_734' title='bbox 918 1303 1027 1338; x_wconf 89' lang='lat' dir='ltr'>spoliari</span> <span class='ocrx_word' id='word_1_735' title='bbox 1038 1307 1064 1329; x_wconf 85' lang='lat' dir='ltr'>et</span> <span class='ocrx_word' id='word_1_736' title='bbox 1074 1311 1155 1339; x_wconf 79' lang='lat' dir='ltr'>regno</span> <span class='ocrx_word' id='word_1_737' title='bbox 1166 1303 1238 1329; x_wconf 90' lang='lat' dir='ltr'>omni</span> <span class='ocrx_word' id='word_1_738' title='bbox 1251 1310 1329 1337; x_wconf 88' lang='lat' dir='ltr'>posse</span> <span class='ocrx_word' id='word_1_739' title='bbox 1340 1301 1450 1328; x_wconf 85' lang='lat' dir='ltr'>nudari!</span> <span class='ocrx_word' id='word_1_740' title='bbox 1483 1301 1603 1327; x_wconf 81' lang='lat' dir='ltr'>XXVIII.</span> <span class='ocrx_word' id='word_1_741' title='bbox 1624 1302 1665 1326; x_wconf 78' lang='lat'>60.</span> <span class='ocrx_word' id='word_1_742' title='bbox 1683 1300 1715 1326; x_wconf 69' lang='lat' dir='ltr'>At</span> 
     </span>
     <span class='ocr_line' id='line_1_101' title="bbox 918 1337 1716 1376; baseline -0.006 -9"><span class='ocrx_word' id='word_1_743' title='bbox 918 1341 997 1367; x_wconf 90' lang='lat' dir='ltr'>etiam</span> <span class='ocrx_word' id='word_1_744' title='bbox 1014 1349 1044 1367; x_wconf 87' lang='lat' dir='ltr'>eo</span> <span class='ocrx_word' id='word_1_745' title='bbox 1059 1341 1165 1376; x_wconf 82' lang='lat' dir='ltr'>negotio</span> <span class='ocrx_word' id='word_1_746' title='bbox 1176 1341 1211 1366; x_wconf 84' lang='lat' dir='ltr'>M.</span> <span class='ocrx_word' id='word_1_747' title='bbox 1225 1340 1331 1366; x_wconf 88' lang='lat' dir='ltr'>Catonis</span> <span class='ocrx_word' id='word_1_748' title='bbox 1342 1338 1512 1373; x_wconf 82' lang='lat' dir='ltr'>splendorem</span> <span class='ocrx_word' id='word_1_749' title='bbox 1524 1337 1657 1364; x_wconf 84' lang='lat' dir='ltr'>maculare</span> <span class='ocrx_word' id='word_1_750' title='bbox 1670 1346 1716 1363; x_wconf 82' lang='lat' dir='ltr'>vo-</span> 
     </span>
     <span class='ocr_line' id='line_1_102' title="bbox 920 1374 1715 1413; baseline -0.005 -9"><span class='ocrx_word' id='word_1_751' title='bbox 920 1378 1039 1408; x_wconf 82' lang='lat' dir='ltr'>luerunt,</span> <span class='ocrx_word' id='word_1_752' title='bbox 1058 1378 1157 1413; x_wconf 78' lang='lat' dir='ltr'>ignari,</span> <span class='ocrx_word' id='word_1_753' title='bbox 1176 1377 1242 1412; x_wconf 91' lang='lat' dir='ltr'>quid</span> <span class='ocrx_word' id='word_1_754' title='bbox 1257 1377 1388 1412; x_wconf 79' lang='lat' dir='ltr'>gravitas,</span> <span class='ocrx_word' id='word_1_755' title='bbox 1406 1375 1471 1411; x_wconf 90' lang='lat' dir='ltr'>quid</span> <span class='ocrx_word' id='word_1_756' title='bbox 1484 1376 1635 1409; x_wconf 65' lang='lat' dir='ltr'>integritas,</span> <span class='ocrx_word' id='word_1_757' title='bbox 1649 1374 1715 1409; x_wconf 88' lang='lat' dir='ltr'>quid</span> 
     </span>
     <span class='ocr_line' id='line_1_103' title="bbox 919 1413 1716 1451; baseline -0.005 -10"><span class='ocrx_word' id='word_1_758' title='bbox 919 1415 1075 1451; x_wconf 79' lang='lat' dir='ltr'>magnitudo</span> <span class='ocrx_word' id='word_1_759' title='bbox 1090 1415 1187 1445; x_wconf 85' lang='lat' dir='ltr'>animi,</span> <span class='ocrx_word' id='word_1_760' title='bbox 1204 1414 1271 1449; x_wconf 90' lang='lat' dir='ltr'>quid</span> <span class='ocrx_word' id='word_1_761' title='bbox 1287 1414 1403 1448; x_wconf 87' lang='lat' dir='ltr'>denique</span> <span class='ocrx_word' id='word_1_762' title='bbox 1416 1414 1500 1439; x_wconf 69' lang='lat' dir='ltr'>virtus</span> <span class='ocrx_word' id='word_1_763' title='bbox 1513 1413 1623 1439; x_wconf 79' lang='lat' dir='ltr'>valeret:</span> <span class='ocrx_word' id='word_1_764' title='bbox 1646 1420 1716 1446; x_wconf 84' lang='lat' dir='ltr'>quae</span> 
     </span>
     <span class='ocr_line' id='line_1_104' title="bbox 919 1450 1716 1487; baseline -0.006 -8"><span class='ocrx_word' id='word_1_765' title='bbox 919 1454 945 1479; x_wconf 95' lang='lat' dir='ltr'>in</span> <span class='ocrx_word' id='word_1_766' title='bbox 962 1457 1119 1487; x_wconf 83' lang='lat' dir='ltr'>tempestate</span> <span class='ocrx_word' id='word_1_767' title='bbox 1131 1461 1210 1478; x_wconf 82' lang='lat' dir='ltr'>saeva</span> <span class='ocrx_word' id='word_1_768' title='bbox 1221 1452 1311 1487; x_wconf 88' lang='lat' dir='ltr'>quieta</span> <span class='ocrx_word' id='word_1_769' title='bbox 1322 1456 1375 1481; x_wconf 83' lang='lat' dir='ltr'>est,</span> <span class='ocrx_word' id='word_1_770' title='bbox 1389 1455 1414 1477; x_wconf 87' lang='lat' dir='ltr'>et</span> <span class='ocrx_word' id='word_1_771' title='bbox 1427 1450 1496 1476; x_wconf 84' lang='lat' dir='ltr'>lucet</span> <span class='ocrx_word' id='word_1_772' title='bbox 1507 1451 1534 1476; x_wconf 92' lang='lat' dir='ltr'>in</span> <span class='ocrx_word' id='word_1_773' title='bbox 1547 1450 1676 1479; x_wconf 80' lang='lat' dir='ltr'>tenebris,</span> <span class='ocrx_word' id='word_1_774' title='bbox 1691 1453 1716 1474; x_wconf 84' lang='lat' dir='ltr'>et</span> 
     </span>
     <span class='ocr_line' id='line_1_105' title="bbox 919 1486 1717 1525; baseline -0.005 -9"><span class='ocrx_word' id='word_1_775' title='bbox 919 1490 997 1525; x_wconf 80' lang='lat' dir='ltr'>pulsa</span> <span class='ocrx_word' id='word_1_776' title='bbox 1014 1490 1070 1516; x_wconf 89' lang='lat' dir='ltr'>loco</span> <span class='ocrx_word' id='word_1_777' title='bbox 1085 1494 1173 1516; x_wconf 86' lang='lat' dir='ltr'>manet</span> <span class='ocrx_word' id='word_1_778' title='bbox 1190 1494 1277 1516; x_wconf 87' lang='lat' dir='ltr'>tamen</span> <span class='ocrx_word' id='word_1_779' title='bbox 1288 1494 1368 1523; x_wconf 83' lang='lat' dir='ltr'>atque</span> <span class='ocrx_word' id='word_1_780' title='bbox 1380 1488 1468 1514; x_wconf 86' lang='lat' dir='ltr'>haeret</span> <span class='ocrx_word' id='word_1_781' title='bbox 1480 1488 1506 1513; x_wconf 92' lang='lat' dir='ltr'>in</span> <span class='ocrx_word' id='word_1_782' title='bbox 1520 1488 1611 1522; x_wconf 76' lang='lat' dir='ltr'>patria,</span> <span class='ocrx_word' id='word_1_783' title='bbox 1625 1486 1717 1521; x_wconf 83' lang='lat' dir='ltr'>splen-</span> 
     </span>
     <span class='ocr_line' id='line_1_106' title="bbox 918 1525 1717 1563; baseline -0.006 -9"><span class='ocrx_word' id='word_1_784' title='bbox 918 1528 1017 1563; x_wconf 87' lang='lat' dir='ltr'>detque</span> <span class='ocrx_word' id='word_1_785' title='bbox 1032 1536 1079 1561; x_wconf 88' lang='lat' dir='ltr'>per</span> <span class='ocrx_word' id='word_1_786' title='bbox 1095 1535 1153 1553; x_wconf 89' lang='lat' dir='ltr'>sese</span> <span class='ocrx_word' id='word_1_787' title='bbox 1169 1535 1288 1561; x_wconf 81' lang='lat' dir='ltr'>semper,</span> <span class='ocrx_word' id='word_1_788' title='bbox 1308 1534 1395 1561; x_wconf 85' lang='lat' dir='ltr'>neque</span> <span class='ocrx_word' id='word_1_789' title='bbox 1411 1525 1505 1551; x_wconf 87' lang='lat' dir='ltr'>alienis</span> <span class='ocrx_word' id='word_1_790' title='bbox 1517 1533 1646 1559; x_wconf 88' lang='lat' dir='ltr'>umquam</span> <span class='ocrx_word' id='word_1_791' title='bbox 1660 1532 1717 1550; x_wconf 91' lang='lat' dir='ltr'>sor-</span> 
     </span>
     <span class='ocr_line' id='line_1_107' title="bbox 918 1561 1716 1592; baseline -0.005 -1"><span class='ocrx_word' id='word_1_792' title='bbox 918 1565 1000 1591; x_wconf 87' lang='lat' dir='ltr'>dibus</span> <span class='ocrx_word' id='word_1_793' title='bbox 1011 1564 1163 1591; x_wconf 85' lang='lat' dir='ltr'>obsolescit.</span> <span class='ocrx_word' id='word_1_794' title='bbox 1190 1565 1247 1591; x_wconf 90' lang='lat' dir='ltr'>Non</span> <span class='ocrx_word' id='word_1_795' title='bbox 1261 1564 1299 1590; x_wconf 93' lang='lat' dir='ltr'>illi</span> <span class='ocrx_word' id='word_1_796' title='bbox 1311 1563 1459 1589; x_wconf 88' lang='lat' dir='ltr'>ornandum</span> <span class='ocrx_word' id='word_1_797' title='bbox 1473 1563 1507 1588; x_wconf 82' lang='lat' dir='ltr'>M.</span> <span class='ocrx_word' id='word_1_798' title='bbox 1521 1562 1655 1592; x_wconf 83' lang='lat' dir='ltr'>Catonem,</span> <span class='ocrx_word' id='word_1_799' title='bbox 1669 1561 1716 1587; x_wconf 81' lang='lat' dir='ltr'>sed</span> 
     </span>
     <span class='ocr_line' id='line_1_108' title="bbox 919 1599 1714 1638; baseline -0.006 -9"><span class='ocrx_word' id='word_1_800' title='bbox 919 1602 1106 1638; x_wconf 81' lang='lat' dir='ltr'>relegandum,</span> <span class='ocrx_word' id='word_1_801' title='bbox 1129 1610 1176 1628; x_wconf 90' lang='lat' dir='ltr'>nec</span> <span class='ocrx_word' id='word_1_802' title='bbox 1191 1601 1232 1628; x_wconf 88' lang='lat' dir='ltr'>illi</span> <span class='ocrx_word' id='word_1_803' title='bbox 1247 1600 1468 1627; x_wconf 85' lang='lat' dir='ltr'>committendum</span> <span class='ocrx_word' id='word_1_804' title='bbox 1485 1599 1552 1626; x_wconf 90' lang='lat' dir='ltr'>illud</span> <span class='ocrx_word' id='word_1_805' title='bbox 1569 1599 1714 1635; x_wconf 73' lang='lat' dir='ltr'>negotium.</span> 
     </span>
     <span class='ocr_line' id='line_1_109' title="bbox 918 1636 1716 1674; baseline -0.005 -8"><span class='ocrx_word' id='word_1_806' title='bbox 918 1640 965 1666; x_wconf 85' lang='lat' dir='ltr'>sed</span> <span class='ocrx_word' id='word_1_807' title='bbox 981 1639 1175 1674; x_wconf 88' lang='lat' dir='ltr'>imponendum</span> <span class='ocrx_word' id='word_1_808' title='bbox 1194 1643 1368 1674; x_wconf 79' lang='lat' dir='ltr'>putaverunt.</span> <span class='ocrx_word' id='word_1_809' title='bbox 1386 1639 1433 1673; x_wconf 86' lang='lat' dir='ltr'>qui</span> <span class='ocrx_word' id='word_1_810' title='bbox 1450 1638 1475 1663; x_wconf 91' lang='lat' dir='ltr'>in</span> <span class='ocrx_word' id='word_1_811' title='bbox 1492 1638 1618 1663; x_wconf 79' lang='lat' dir='ltr'>concione</span> <span class='ocrx_word' id='word_1_812' title='bbox 1630 1636 1716 1671; x_wconf 83' lang='lat' dir='ltr'>palam</span> 
     </span>
     <span class='ocr_line' id='line_1_110' title="bbox 919 1675 1717 1712; baseline -0.005 -9"><span class='ocrx_word' id='word_1_813' title='bbox 919 1678 1045 1708; x_wconf 83' lang='lat' dir='ltr'>dixerint,</span> <span class='ocrx_word' id='word_1_814' title='bbox 1060 1677 1179 1712; x_wconf 71' lang='lat' dir='ltr'>linguam</span> <span class='ocrx_word' id='word_1_815' title='bbox 1191 1685 1220 1702; x_wconf 90' lang='lat' dir='ltr'>se</span> <span class='ocrx_word' id='word_1_816' title='bbox 1231 1676 1356 1703; x_wconf 86' lang='lat' dir='ltr'>evellisse</span> <span class='ocrx_word' id='word_1_817' title='bbox 1368 1676 1402 1701; x_wconf 83' lang='lat' dir='ltr'>M.</span> <span class='ocrx_word' id='word_1_818' title='bbox 1416 1675 1516 1705; x_wconf 80' lang='lat' dir='ltr'>Catoni,</span> <span class='ocrx_word' id='word_1_819' title='bbox 1531 1683 1599 1709; x_wconf 86' lang='lat' dir='ltr'>quae</span> <span class='ocrx_word' id='word_1_820' title='bbox 1611 1682 1717 1708; x_wconf 72' lang='lat' dir='ltr'>semper</span> 
     </span>
     <span class='ocr_line' id='line_1_111' title="bbox 918 1711 1718 1748; baseline -0.006 -7"><span class='ocrx_word' id='word_1_821' title='bbox 918 1719 1008 1741; x_wconf 90' lang='lat' dir='ltr'>contra</span> <span class='ocrx_word' id='word_1_822' title='bbox 1023 1714 1245 1741; x_wconf 85' lang='lat' dir='ltr'>extraordinarias</span> <span class='ocrx_word' id='word_1_823' title='bbox 1261 1718 1403 1748; x_wconf 74' lang='lat' dir='ltr'>potestates</span> <span class='ocrx_word' id='word_1_824' title='bbox 1421 1712 1501 1738; x_wconf 70' lang='lat' dir='ltr'>libera</span> <span class='ocrx_word' id='word_1_825' title='bbox 1514 1712 1618 1738; x_wconf 75' lang='lat' dir='ltr'>suisset.</span> <span class='ocrx_word' id='word_1_826' title='bbox 1651 1711 1718 1737; x_wconf 76' lang='lat' dir='ltr'>Sen-</span> 
     </span>
     <span class='ocr_line' id='line_1_112' title="bbox 919 1749 1715 1787; baseline -0.006 -9"><span class='ocrx_word' id='word_1_827' title='bbox 919 1753 993 1783; x_wconf 83' lang='lat' dir='ltr'>tient,</span> <span class='ocrx_word' id='word_1_828' title='bbox 1007 1756 1036 1778; x_wconf 91' lang='lat' dir='ltr'>ut</span> <span class='ocrx_word' id='word_1_829' title='bbox 1047 1760 1133 1787; x_wconf 83' lang='lat' dir='ltr'>spero,</span> <span class='ocrx_word' id='word_1_830' title='bbox 1142 1752 1217 1778; x_wconf 88' lang='lat' dir='ltr'>brevi</span> <span class='ocrx_word' id='word_1_831' title='bbox 1229 1756 1355 1786; x_wconf 82' lang='lat' dir='ltr'>tempore,</span> <span class='ocrx_word' id='word_1_832' title='bbox 1364 1758 1470 1776; x_wconf 72' lang='lat' dir='ltr'>manere</span> <span class='ocrx_word' id='word_1_833' title='bbox 1478 1750 1624 1775; x_wconf 81' lang='lat' dir='ltr'>libertatem</span> <span class='ocrx_word' id='word_1_834' title='bbox 1633 1749 1649 1774; x_wconf 93' lang='lat' dir='ltr'>il</span> <span class='ocrx_word' id='word_1_835' title='bbox 1656 1749 1715 1777; x_wconf 77' lang='lat' dir='ltr'>lam,</span> 
     </span>
     <span class='ocr_line' id='line_1_113' title="bbox 919 1785 1718 1825; baseline -0.006 -9"><span class='ocrx_word' id='word_1_836' title='bbox 919 1794 999 1825; x_wconf 89' lang='lat' dir='ltr'>atque</span> <span class='ocrx_word' id='word_1_837' title='bbox 1015 1790 1064 1816; x_wconf 93' lang='lat' dir='ltr'>hoc</span> <span class='ocrx_word' id='word_1_838' title='bbox 1080 1790 1173 1820; x_wconf 75' lang='lat' dir='ltr'>etiam,</span> <span class='ocrx_word' id='word_1_839' title='bbox 1191 1789 1214 1815; x_wconf 82' lang='lat' dir='ltr'>si</span> <span class='ocrx_word' id='word_1_840' title='bbox 1231 1789 1286 1815; x_wconf 77' lang='lat' dir='ltr'>fieri</span> <span class='ocrx_word' id='word_1_841' title='bbox 1304 1789 1412 1823; x_wconf 78' lang='lat' dir='ltr'>poterit.</span> <span class='ocrx_word' id='word_1_842' title='bbox 1425 1796 1483 1813; x_wconf 87' lang='lat' dir='ltr'>esse</span> <span class='ocrx_word' id='word_1_843' title='bbox 1496 1788 1631 1817; x_wconf 75' lang='lat' dir='ltr'>maiorem,</span> <span class='ocrx_word' id='word_1_844' title='bbox 1645 1785 1718 1820; x_wconf 84' lang='lat' dir='ltr'>quod</span> 
     </span>
     <span class='ocr_line' id='line_1_114' title="bbox 918 1823 1719 1859; baseline -0.006 -5"><span class='ocrx_word' id='word_1_845' title='bbox 918 1836 981 1854; x_wconf 89' lang='lat' dir='ltr'>cum</span> <span class='ocrx_word' id='word_1_846' title='bbox 997 1827 1156 1854; x_wconf 87' lang='lat' dir='ltr'>consulibus</span> <span class='ocrx_word' id='word_1_847' title='bbox 1168 1826 1222 1853; x_wconf 81' lang='lat' dir='ltr'>illis</span> <span class='ocrx_word' id='word_1_848' title='bbox 1235 1827 1270 1852; x_wconf 84' lang='lat' dir='ltr'>M.</span> <span class='ocrx_word' id='word_1_849' title='bbox 1284 1826 1355 1857; x_wconf 80' lang='lat' dir='ltr'>Caio,</span> <span class='ocrx_word' id='word_1_850' title='bbox 1369 1826 1447 1852; x_wconf 82' lang='lat' dir='ltr'>etiam</span> <span class='ocrx_word' id='word_1_851' title='bbox 1459 1833 1544 1859; x_wconf 86' lang='lat' dir='ltr'>quum</span> <span class='ocrx_word' id='word_1_852' title='bbox 1557 1825 1609 1850; x_wconf 84' lang='lat' dir='ltr'>iam</span> <span class='ocrx_word' id='word_1_853' title='bbox 1621 1823 1719 1858; x_wconf 76' lang='lat' dir='ltr'>despe-</span> 
     </span>
     <span class='ocr_line' id='line_1_115' title="bbox 919 1863 1718 1899; baseline -0.006 -8"><span class='ocrx_word' id='word_1_854' title='bbox 919 1869 1002 1891; x_wconf 88' lang='lat' dir='ltr'>rasset</span> <span class='ocrx_word' id='word_1_855' title='bbox 1013 1865 1117 1899; x_wconf 84' lang='lat' dir='ltr'>aliquid</span> <span class='ocrx_word' id='word_1_856' title='bbox 1129 1865 1282 1891; x_wconf 74' lang='lat' dir='ltr'>auctoritate</span> <span class='ocrx_word' id='word_1_857' title='bbox 1294 1872 1342 1889; x_wconf 88' lang='lat' dir='ltr'>suu</span> <span class='ocrx_word' id='word_1_858' title='bbox 1355 1863 1445 1898; x_wconf 81' lang='lat' dir='ltr'>prolici</span> <span class='ocrx_word' id='word_1_859' title='bbox 1458 1870 1545 1897; x_wconf 77' lang='lat' dir='ltr'>posse,</span> <span class='ocrx_word' id='word_1_860' title='bbox 1555 1866 1641 1888; x_wconf 80' lang='lat' dir='ltr'>tamen</span> <span class='ocrx_word' id='word_1_861' title='bbox 1656 1869 1718 1887; x_wconf 80' lang='lat' dir='ltr'>voce</span> 
     </span>
     <span class='ocr_line' id='line_1_116' title="bbox 919 1899 1718 1937; baseline -0.008 -8"><span class='ocrx_word' id='word_1_862' title='bbox 919 1903 977 1937; x_wconf 87' lang='lat' dir='ltr'>ipsa</span> <span class='ocrx_word' id='word_1_863' title='bbox 993 1911 1023 1928; x_wconf 81' lang='lat' dir='ltr'>ac</span> <span class='ocrx_word' id='word_1_864' title='bbox 1038 1902 1127 1929; x_wconf 87' lang='lat' dir='ltr'>doloro</span> <span class='ocrx_word' id='word_1_865' title='bbox 1143 1902 1286 1937; x_wconf 75' lang='lat' dir='ltr'>pugnavit,</span> <span class='ocrx_word' id='word_1_866' title='bbox 1301 1906 1326 1927; x_wconf 79' lang='lat' dir='ltr'>ct</span> <span class='ocrx_word' id='word_1_867' title='bbox 1337 1905 1396 1935; x_wconf 81' lang='lat' dir='ltr'>post</span> <span class='ocrx_word' id='word_1_868' title='bbox 1407 1908 1496 1926; x_wconf 82' lang='lat' dir='ltr'>mcum</span> <span class='ocrx_word' id='word_1_869' title='bbox 1509 1899 1670 1926; x_wconf 78' lang='lat' dir='ltr'>discessum.</span> <span class='ocrx_word' id='word_1_870' title='bbox 1685 1899 1718 1924; x_wconf 86' lang='lat' dir='ltr'>iis</span> 
     </span>
     <span class='ocr_line' id='line_1_117' title="bbox 920 1937 1716 1972; baseline -0.006 -6"><span class='ocrx_word' id='word_1_871' title='bbox 920 1941 1042 1966; x_wconf 86' lang='lat' dir='ltr'>Pisonem</span> <span class='ocrx_word' id='word_1_872' title='bbox 1064 1940 1162 1970; x_wconf 87' lang='lat' dir='ltr'>verbis,</span> <span class='ocrx_word' id='word_1_873' title='bbox 1186 1939 1251 1965; x_wconf 83' lang='lat' dir='ltr'>fleus</span> <span class='ocrx_word' id='word_1_874' title='bbox 1273 1947 1363 1965; x_wconf 89' lang='lat' dir='ltr'>meum</span> <span class='ocrx_word' id='word_1_875' title='bbox 1385 1942 1410 1964; x_wconf 87' lang='lat' dir='ltr'>ct</span> <span class='ocrx_word' id='word_1_876' title='bbox 1430 1937 1594 1972; x_wconf 77' lang='lat' dir='ltr'>reipublicae</span> <span class='ocrx_word' id='word_1_877' title='bbox 1615 1944 1716 1965; x_wconf 78' lang='lat' dir='ltr'>casum.</span> 
     </span>
     <span class='ocr_line' id='line_1_118' title="bbox 920 1975 1719 2010; baseline -0.006 -6"><span class='ocrx_word' id='word_1_878' title='bbox 920 1978 1040 2008; x_wconf 81' lang='lat' dir='ltr'>vexavit,</span> <span class='ocrx_word' id='word_1_879' title='bbox 1071 1982 1101 2003; x_wconf 92' lang='lat' dir='ltr'>ut</span> <span class='ocrx_word' id='word_1_880' title='bbox 1129 1976 1208 2003; x_wconf 89' lang='lat' dir='ltr'>illum</span> <span class='ocrx_word' id='word_1_881' title='bbox 1235 1977 1370 2003; x_wconf 82' lang='lat' dir='ltr'>hominem</span> <span class='ocrx_word' id='word_1_882' title='bbox 1400 1975 1613 2010; x_wconf 82' lang='lat' dir='ltr'>perditissimum</span> <span class='ocrx_word' id='word_1_883' title='bbox 1639 1979 1719 2008; x_wconf 76' lang='lat' dir='ltr'>atque</span> 
     </span>
     <span class='ocr_line' id='line_1_119' title="bbox 920 2012 1716 2050; baseline -0.006 -9"><span class='ocrx_word' id='word_1_884' title='bbox 920 2015 1187 2050; x_wconf 88' lang='lat' dir='ltr'>impudentissimum</span> <span class='ocrx_word' id='word_1_885' title='bbox 1210 2022 1293 2048; x_wconf 83' lang='lat' dir='ltr'>paene</span> <span class='ocrx_word' id='word_1_886' title='bbox 1315 2014 1366 2039; x_wconf 88' lang='lat' dir='ltr'>iam</span> <span class='ocrx_word' id='word_1_887' title='bbox 1388 2013 1540 2047; x_wconf 76' lang='lat' dir='ltr'>provinciae</span> <span class='ocrx_word' id='word_1_888' title='bbox 1562 2012 1716 2046; x_wconf 69' lang='lat' dir='ltr'>poeniteret.</span> 
     </span>
     <span class='ocr_line' id='line_1_120' title="bbox 920 2048 1718 2087; baseline -0.008 -8"><span class='ocrx_word' id='word_1_889' title='bbox 920 2054 962 2079; x_wconf 74' lang='lat'>6⁴.</span> <span class='ocrx_word' id='word_1_890' title='bbox 985 2053 1039 2079; x_wconf 87' lang='lat' dir='ltr'>Cur</span> <span class='ocrx_word' id='word_1_891' title='bbox 1054 2053 1136 2087; x_wconf 78' lang='lat' dir='ltr'>igitur</span> <span class='ocrx_word' id='word_1_892' title='bbox 1154 2051 1282 2087; x_wconf 73' lang='lat' dir='ltr'>rogationi</span> <span class='ocrx_word' id='word_1_893' title='bbox 1300 2050 1405 2085; x_wconf 74' lang='lat' dir='ltr'>paruit?</span> <span class='ocrx_word' id='word_1_894' title='bbox 1425 2050 1506 2082; x_wconf 80' lang='lat' dir='ltr'>Quasi</span> <span class='ocrx_word' id='word_1_895' title='bbox 1524 2058 1586 2075; x_wconf 76' lang='lat' dir='ltr'>vero</span> <span class='ocrx_word' id='word_1_896' title='bbox 1606 2048 1650 2074; x_wconf 83' lang='lat' dir='ltr'>ille</span> <span class='ocrx_word' id='word_1_897' title='bbox 1667 2057 1718 2074; x_wconf 89' lang='lat' dir='ltr'>uon</span> 
     </span>
     <span class='ocr_line' id='line_1_121' title="bbox 921 2087 1716 2124; baseline -0.008 -8"><span class='ocrx_word' id='word_1_898' title='bbox 921 2090 947 2116; x_wconf 91' lang='lat' dir='ltr'>in</span> <span class='ocrx_word' id='word_1_899' title='bbox 969 2089 1034 2116; x_wconf 79' lang='lat' dir='ltr'>alias</span> <span class='ocrx_word' id='word_1_900' title='bbox 1052 2098 1161 2124; x_wconf 81' lang='lat' dir='ltr'>quoquc</span> <span class='ocrx_word' id='word_1_901' title='bbox 1180 2089 1266 2123; x_wconf 70' lang='lat' dir='ltr'>leges,</span> <span class='ocrx_word' id='word_1_902' title='bbox 1283 2097 1351 2123; x_wconf 82' lang='lat' dir='ltr'>quas</span> <span class='ocrx_word' id='word_1_903' title='bbox 1368 2087 1467 2114; x_wconf 81' lang='lat' dir='ltr'>iniusto</span> <span class='ocrx_word' id='word_1_904' title='bbox 1484 2091 1586 2121; x_wconf 70' lang='lat' dir='ltr'>rogatas</span> <span class='ocrx_word' id='word_1_905' title='bbox 1604 2090 1716 2120; x_wconf 67' lang='lat' dir='ltr'>putaret,</span> 
     </span>
     <span class='ocr_line' id='line_1_122' title="bbox 920 2123 1715 2153; baseline -0.008 0"><span class='ocrx_word' id='word_1_906' title='bbox 920 2127 972 2153; x_wconf 85' lang='lat' dir='ltr'>iam</span> <span class='ocrx_word' id='word_1_907' title='bbox 989 2132 1049 2153; x_wconf 83' lang='lat' dir='ltr'>ante</span> <span class='ocrx_word' id='word_1_908' title='bbox 1061 2127 1168 2153; x_wconf 75' lang='lat' dir='ltr'>iuraritl</span> <span class='ocrx_word' id='word_1_909' title='bbox 1191 2127 1248 2153; x_wconf 86' lang='lat' dir='ltr'>Non</span> <span class='ocrx_word' id='word_1_910' title='bbox 1258 2126 1333 2152; x_wconf 77' lang='lat' dir='ltr'>offert</span> <span class='ocrx_word' id='word_1_911' title='bbox 1344 2134 1372 2151; x_wconf 87' lang='lat' dir='ltr'>se</span> <span class='ocrx_word' id='word_1_912' title='bbox 1384 2125 1428 2151; x_wconf 84' lang='lat' dir='ltr'>ille</span> <span class='ocrx_word' id='word_1_913' title='bbox 1441 2125 1499 2151; x_wconf 83' lang='lat' dir='ltr'>istis</span> <span class='ocrx_word' id='word_1_914' title='bbox 1513 2123 1715 2153; x_wconf 71' lang='lat' dir='ltr'>minoritatilms,</span> 
     </span>
     <span class='ocr_line' id='line_1_123' title="bbox 921 2160 1718 2199; baseline -0.006 -9"><span class='ocrx_word' id='word_1_915' title='bbox 921 2169 1051 2199; x_wconf 78' lang='lat' dir='ltr'>ut,quum</span> <span class='ocrx_word' id='word_1_916' title='bbox 1064 2163 1227 2198; x_wconf 81' lang='lat' dir='ltr'>reipublicae</span> <span class='ocrx_word' id='word_1_917' title='bbox 1239 2163 1306 2189; x_wconf 90' lang='lat' dir='ltr'>nihil</span> <span class='ocrx_word' id='word_1_918' title='bbox 1320 2163 1412 2197; x_wconf 79' lang='lat' dir='ltr'>prosit,</span> <span class='ocrx_word' id='word_1_919' title='bbox 1421 2170 1449 2187; x_wconf 84' lang='lat' dir='ltr'>sc</span> <span class='ocrx_word' id='word_1_920' title='bbox 1459 2162 1517 2187; x_wconf 66' lang='lat' dir='ltr'>cive</span> <span class='ocrx_word' id='word_1_921' title='bbox 1524 2160 1718 2195; x_wconf 70' lang='lat' dir='ltr'>rempublicam</span> 
     </span>
     <span class='ocr_line' id='line_1_124' title="bbox 921 2198 1718 2236; baseline -0.008 -8"><span class='ocrx_word' id='word_1_922' title='bbox 921 2203 1017 2236; x_wconf 83' lang='lat' dir='ltr'>privet.</span> <span class='ocrx_word' id='word_1_923' title='bbox 1058 2201 1175 2227; x_wconf 86' lang='lat' dir='ltr'>Consule</span> <span class='ocrx_word' id='word_1_924' title='bbox 1188 2209 1331 2235; x_wconf 84' lang='lat' dir='ltr'>me,quum</span> <span class='ocrx_word' id='word_1_925' title='bbox 1344 2199 1580 2233; x_wconf 61' lang='lat' dir='ltr'>essctdcsignatus</span> <span class='ocrx_word' id='word_1_926' title='bbox 1593 2198 1718 2224; x_wconf 81' lang='lat' dir='ltr'>tribunus</span> 
     </span>
     <span class='ocr_line' id='line_1_125' title="bbox 921 2236 1717 2273; baseline -0.008 -8"><span class='ocrx_word' id='word_1_927' title='bbox 921 2239 1022 2273; x_wconf 83' lang='lat' dir='ltr'>plebis,</span> <span class='ocrx_word' id='word_1_928' title='bbox 1045 2238 1142 2264; x_wconf 89' lang='lat' dir='ltr'>obtulit</span> <span class='ocrx_word' id='word_1_929' title='bbox 1158 2239 1184 2264; x_wconf 95' lang='lat' dir='ltr'>in</span> <span class='ocrx_word' id='word_1_930' title='bbox 1199 2238 1345 2264; x_wconf 75' lang='lat' dir='ltr'>discrimen</span> <span class='ocrx_word' id='word_1_931' title='bbox 1363 2237 1443 2262; x_wconf 80' lang='lat' dir='ltr'>vitam</span> <span class='ocrx_word' id='word_1_932' title='bbox 1463 2245 1553 2261; x_wconf 83' lang='lat' dir='ltr'>suum:</span> <span class='ocrx_word' id='word_1_933' title='bbox 1576 2236 1643 2261; x_wconf 75' lang='lat' dir='ltr'>dixit</span> <span class='ocrx_word' id='word_1_934' title='bbox 1660 2243 1717 2259; x_wconf 78' lang='lat' dir='ltr'>cnm</span> 
     </span>
     <span class='ocr_line' id='line_1_126' title="bbox 921 2273 1720 2308; baseline -0.008 -6"><span class='ocrx_word' id='word_1_935' title='bbox 921 2276 1093 2306; x_wconf 79' lang='lat' dir='ltr'>sententium,</span> <span class='ocrx_word' id='word_1_936' title='bbox 1110 2276 1189 2301; x_wconf 88' lang='lat' dir='ltr'>cuius</span> <span class='ocrx_word' id='word_1_937' title='bbox 1201 2275 1330 2301; x_wconf 78' lang='lat' dir='ltr'>invidiam</span> <span class='ocrx_word' id='word_1_938' title='bbox 1343 2274 1437 2308; x_wconf 82' lang='lat' dir='ltr'>capitis</span> <span class='ocrx_word' id='word_1_939' title='bbox 1450 2273 1568 2308; x_wconf 69' lang='lat' dir='ltr'>periculo</span> <span class='ocrx_word' id='word_1_940' title='bbox 1579 2273 1630 2297; x_wconf 83' lang='lat' dir='ltr'>sibi</span> <span class='ocrx_word' id='word_1_941' title='bbox 1645 2280 1720 2306; x_wconf 78' lang='lat' dir='ltr'>pruc-</span> 
     </span>
     <span class='ocr_line' id='line_1_127' title="bbox 921 2310 1718 2344; baseline -0.006 -5"><span class='ocrx_word' id='word_1_942' title='bbox 921 2313 1044 2339; x_wconf 84' lang='lat' dir='ltr'>standam</span> <span class='ocrx_word' id='word_1_943' title='bbox 1062 2312 1182 2339; x_wconf 79' lang='lat' dir='ltr'>videbat:</span> <span class='ocrx_word' id='word_1_944' title='bbox 1205 2312 1274 2338; x_wconf 86' lang='lat' dir='ltr'>dixit</span> <span class='ocrx_word' id='word_1_945' title='bbox 1287 2312 1470 2337; x_wconf 69' lang='lat' dir='ltr'>vehomenter:</span> <span class='ocrx_word' id='word_1_946' title='bbox 1494 2311 1548 2344; x_wconf 63' lang='lat' dir='ltr'>ugit</span> <span class='ocrx_word' id='word_1_947' title='bbox 1559 2310 1666 2335; x_wconf 73' lang='lat' dir='ltr'>acriter:</span> <span class='ocrx_word' id='word_1_948' title='bbox 1689 2317 1718 2334; x_wconf 80' lang='lat' dir='ltr'>ca</span> 
     </span>
     <span class='ocr_line' id='line_1_128' title="bbox 920 2348 1718 2385; baseline -0.006 -9"><span class='ocrx_word' id='word_1_949' title='bbox 920 2359 990 2385; x_wconf 79' lang='lat' dir='ltr'>quae</span> <span class='ocrx_word' id='word_1_950' title='bbox 1004 2350 1101 2380; x_wconf 70' lang='lat' dir='ltr'>sensit,</span> <span class='ocrx_word' id='word_1_951' title='bbox 1120 2358 1181 2384; x_wconf 78' lang='lat' dir='ltr'>prae</span> <span class='ocrx_word' id='word_1_952' title='bbox 1196 2358 1225 2375; x_wconf 81' lang='lat' dir='ltr'>sc</span> <span class='ocrx_word' id='word_1_953' title='bbox 1240 2349 1313 2374; x_wconf 86' lang='lat' dir='ltr'>tulit:</span> <span class='ocrx_word' id='word_1_954' title='bbox 1336 2348 1404 2378; x_wconf 79' lang='lat' dir='ltr'>dux,</span> <span class='ocrx_word' id='word_1_955' title='bbox 1422 2351 1525 2376; x_wconf 67' lang='lat' dir='ltr'>unctor.</span> <span class='ocrx_word' id='word_1_956' title='bbox 1544 2351 1614 2371; x_wconf 74' lang='lat' dir='ltr'>actor</span> <span class='ocrx_word' id='word_1_957' title='bbox 1630 2354 1718 2372; x_wconf 69' lang='lat' dir='ltr'>rorum</span> 
     </span>
     <span class='ocr_line' id='line_1_129' title="bbox 922 2383 1716 2420; baseline -0.004 -7"><span class='ocrx_word' id='word_1_958' title='bbox 922 2387 1028 2413; x_wconf 87' lang='lat' dir='ltr'>illurum</span> <span class='ocrx_word' id='word_1_959' title='bbox 1046 2386 1108 2412; x_wconf 79' lang='lat' dir='ltr'>suit:</span> <span class='ocrx_word' id='word_1_960' title='bbox 1133 2395 1183 2412; x_wconf 83' lang='lat' dir='ltr'>nnn</span> <span class='ocrx_word' id='word_1_961' title='bbox 1199 2395 1253 2420; x_wconf 85' lang='lat' dir='ltr'>quo</span> <span class='ocrx_word' id='word_1_962' title='bbox 1270 2385 1419 2420; x_wconf 72' lang='lat' dir='ltr'>periculum</span> <span class='ocrx_word' id='word_1_963' title='bbox 1435 2393 1516 2410; x_wconf 80' lang='lat' dir='ltr'>suum</span> <span class='ocrx_word' id='word_1_964' title='bbox 1533 2393 1584 2409; x_wconf 87' lang='lat' dir='ltr'>non</span> <span class='ocrx_word' id='word_1_965' title='bbox 1602 2383 1716 2410; x_wconf 76' lang='lat' dir='ltr'>videret:</span> 
     </span>
     <span class='ocr_line' id='line_1_130' title="bbox 921 2420 1718 2457; baseline -0.006 -7"><span class='ocrx_word' id='word_1_966' title='bbox 921 2424 968 2450; x_wconf 78' lang='lat' dir='ltr'>scd</span> <span class='ocrx_word' id='word_1_967' title='bbox 984 2425 1010 2450; x_wconf 85' lang='lat' dir='ltr'>in</span> <span class='ocrx_word' id='word_1_968' title='bbox 1029 2428 1097 2450; x_wconf 81' lang='lat' dir='ltr'>tanta</span> <span class='ocrx_word' id='word_1_969' title='bbox 1115 2424 1277 2457; x_wconf 72' lang='lat' dir='ltr'>reipublicae</span> <span class='ocrx_word' id='word_1_970' title='bbox 1294 2427 1450 2456; x_wconf 69' lang='lat' dir='ltr'>tempestate</span> <span class='ocrx_word' id='word_1_971' title='bbox 1468 2420 1533 2447; x_wconf 87' lang='lat' dir='ltr'>nihil</span> <span class='ocrx_word' id='word_1_972' title='bbox 1546 2421 1608 2448; x_wconf 74' lang='lat' dir='ltr'>sihi.</span> <span class='ocrx_word' id='word_1_973' title='bbox 1623 2421 1673 2446; x_wconf 83' lang='lat' dir='ltr'>nisi</span> <span class='ocrx_word' id='word_1_974' title='bbox 1686 2420 1718 2445; x_wconf 75' lang='lat' dir='ltr'>dc</span> 
     </span>
     <span class='ocr_line' id='line_1_131' title="bbox 922 2457 1720 2496; baseline -0.005 -9"><span class='ocrx_word' id='word_1_975' title='bbox 922 2462 1021 2496; x_wconf 76' lang='lat' dir='ltr'>puli-iac</span> <span class='ocrx_word' id='word_1_976' title='bbox 1028 2460 1332 2496; x_wconf 65' lang='lat' dir='ltr'>periculist-agitandum</span> <span class='ocrx_word' id='word_1_977' title='bbox 1341 2459 1459 2494; x_wconf 67' lang='lat' dir='ltr'>putmiiit.</span> <span class='ocrx_word' id='word_1_978' title='bbox 1487 2458 1586 2484; x_wconf 74' lang='lat' dir='ltr'>XXIX.</span> <span class='ocrx_word' id='word_1_979' title='bbox 1600 2459 1641 2483; x_wconf 66' lang='lat'>62.</span> <span class='ocrx_word' id='word_1_980' title='bbox 1650 2457 1720 2483; x_wconf 85' lang='lat' dir='ltr'>Con-</span> 
     </span>
     <span class='ocr_line' id='line_1_132' title="bbox 921 2494 1718 2533; baseline -0.005 -9"><span class='ocrx_word' id='word_1_981' title='bbox 921 2503 1031 2524; x_wconf 73' lang='lat' dir='ltr'>secutus</span> <span class='ocrx_word' id='word_1_982' title='bbox 1047 2503 1086 2524; x_wconf 79' lang='lat' dir='ltr'>est</span> <span class='ocrx_word' id='word_1_983' title='bbox 1102 2499 1188 2533; x_wconf 85' lang='lat' dir='ltr'>ipsius</span> <span class='ocrx_word' id='word_1_984' title='bbox 1207 2498 1368 2524; x_wconf 75' lang='lat' dir='ltr'>tribunatus.</span> <span class='ocrx_word' id='word_1_985' title='bbox 1395 2496 1464 2528; x_wconf 79' lang='lat' dir='ltr'>Quid</span> <span class='ocrx_word' id='word_1_986' title='bbox 1481 2504 1530 2529; x_wconf 55' lang='lat' dir='ltr'>cuo</span> <span class='ocrx_word' id='word_1_987' title='bbox 1544 2495 1576 2521; x_wconf 80' lang='lat' dir='ltr'>dc</span> <span class='ocrx_word' id='word_1_988' title='bbox 1588 2494 1718 2530; x_wconf 73' lang='lat' dir='ltr'>singulari</span> 
     </span>
     <span class='ocr_line' id='line_1_133' title="bbox 922 2532 1719 2571; baseline -0.006 -9"><span class='ocrx_word' id='word_1_989' title='bbox 922 2536 1107 2571; x_wconf 72' lang='lat' dir='ltr'>magnitudino</span> <span class='ocrx_word' id='word_1_990' title='bbox 1122 2535 1205 2561; x_wconf 82' lang='lat' dir='ltr'>animi</span> <span class='ocrx_word' id='word_1_991' title='bbox 1222 2535 1294 2564; x_wconf 85' lang='lat' dir='ltr'>cius,</span> <span class='ocrx_word' id='word_1_992' title='bbox 1306 2543 1336 2560; x_wconf 81' lang='lat' dir='ltr'>nc</span> <span class='ocrx_word' id='word_1_993' title='bbox 1351 2534 1384 2560; x_wconf 79' lang='lat' dir='ltr'>dc.</span> <span class='ocrx_word' id='word_1_994' title='bbox 1401 2532 1551 2560; x_wconf 75' lang='lat' dir='ltr'>incredibili</span> <span class='ocrx_word' id='word_1_995' title='bbox 1569 2533 1666 2558; x_wconf 78' lang='lat' dir='ltr'>virtute</span> <span class='ocrx_word' id='word_1_996' title='bbox 1677 2533 1719 2558; x_wconf 89' lang='lat' dir='ltr'>di-</span> 
     </span>
     <span class='ocr_line' id='line_1_134' title="bbox 921 2569 1718 2606; baseline -0.006 -7"><span class='ocrx_word' id='word_1_997' title='bbox 921 2573 998 2599; x_wconf 75' lang='lat' dir='ltr'>cum?</span> <span class='ocrx_word' id='word_1_998' title='bbox 1018 2573 1178 2599; x_wconf 80' lang='lat' dir='ltr'>meministis</span> <span class='ocrx_word' id='word_1_999' title='bbox 1190 2572 1267 2598; x_wconf 91' lang='lat' dir='ltr'>illum</span> <span class='ocrx_word' id='word_1_1000' title='bbox 1279 2571 1360 2602; x_wconf 75' lang='lat' dir='ltr'>diem,</span> <span class='ocrx_word' id='word_1_1001' title='bbox 1374 2579 1468 2606; x_wconf 76' lang='lat' dir='ltr'>(ptum,</span> <span class='ocrx_word' id='word_1_1002' title='bbox 1483 2569 1582 2604; x_wconf 83' lang='lat' dir='ltr'>templo</span> <span class='ocrx_word' id='word_1_1003' title='bbox 1592 2579 1605 2596; x_wconf 76' lang='lat' dir='ltr'>a</span> <span class='ocrx_word' id='word_1_1004' title='bbox 1617 2569 1718 2603; x_wconf 54' lang='lat' dir='ltr'>colleg-&#39;u</span> 
     </span>
     <span class='ocr_line' id='line_1_135' title="bbox 890 2607 1719 2651; baseline -0.006 -14"><span class='ocrx_word' id='word_1_1005' title='bbox 890 2616 892 2651; x_wconf 32' lang='grc' dir='ltr'><strong><em>ᾗ</em></strong></span> <span class='ocrx_word' id='word_1_1006' title='bbox 921 2614 1061 2645; x_wconf 80' lang='lat' dir='ltr'>occupato.</span> <span class='ocrx_word' id='word_1_1007' title='bbox 1080 2610 1156 2636; x_wconf 85' lang='lat' dir='ltr'>nobis</span> <span class='ocrx_word' id='word_1_1008' title='bbox 1172 2610 1297 2636; x_wconf 82' lang='lat' dir='ltr'>omnibus</span> <span class='ocrx_word' id='word_1_1009' title='bbox 1314 2609 1347 2635; x_wconf 78' lang='lat' dir='ltr'>do</span> <span class='ocrx_word' id='word_1_1010' title='bbox 1363 2609 1414 2635; x_wconf 77' lang='lat' dir='ltr'>vita</span> <span class='ocrx_word' id='word_1_1011' title='bbox 1431 2609 1489 2634; x_wconf 81' lang='lat' dir='ltr'>cius</span> <span class='ocrx_word' id='word_1_1012' title='bbox 1506 2608 1555 2633; x_wconf 74' lang='lat' dir='ltr'>viri</span> <span class='ocrx_word' id='word_1_1013' title='bbox 1571 2607 1673 2633; x_wconf 77' lang='lat' dir='ltr'>ctcivis</span> <span class='ocrx_word' id='word_1_1014' title='bbox 1686 2608 1719 2632; x_wconf 81' lang='lat' dir='ltr'>u-</span> 
     </span>
     <span class='ocr_line' id='line_1_136' title="bbox 890 2645 1719 2682; baseline -0.006 -8"><span class='ocrx_word' id='word_1_1015' title='bbox 890 2653 892 2670; x_wconf 62' lang='lat' dir='ltr'><strong><em>s</em></strong></span> <span class='ocrx_word' id='word_1_1016' title='bbox 922 2648 1072 2677; x_wconf 84' lang='lat' dir='ltr'>mentibus,</span> <span class='ocrx_word' id='word_1_1017' title='bbox 1086 2648 1143 2682; x_wconf 85' lang='lat' dir='ltr'>ipse</span> <span class='ocrx_word' id='word_1_1018' title='bbox 1155 2647 1244 2673; x_wconf 79' lang='lat' dir='ltr'>auimo</span> <span class='ocrx_word' id='word_1_1019' title='bbox 1256 2646 1402 2672; x_wconf 75' lang='lat' dir='ltr'>fortissimo</span> <span class='ocrx_word' id='word_1_1020' title='bbox 1414 2645 1523 2672; x_wconf 79' lang='lat' dir='ltr'>venitin</span> <span class='ocrx_word' id='word_1_1021' title='bbox 1536 2645 1679 2679; x_wconf 76' lang='lat' dir='ltr'>templum.</span> <span class='ocrx_word' id='word_1_1022' title='bbox 1693 2649 1719 2670; x_wconf 73' lang='lat' dir='ltr'>et</span> 
     </span>
     <span class='ocr_line' id='line_1_137' title="bbox 920 2682 1717 2718; baseline -0.005 -6"><span class='ocrx_word' id='word_1_1023' title='bbox 920 2685 1063 2712; x_wconf 77' lang='lat' dir='ltr'>clmuorcm</span> <span class='ocrx_word' id='word_1_1024' title='bbox 1076 2684 1383 2715; x_wconf 79' lang='lat' dir='ltr'>homiuumauctoritate,</span> <span class='ocrx_word' id='word_1_1025' title='bbox 1392 2684 1522 2718; x_wconf 77' lang='lat' dir='ltr'>impetum</span> <span class='ocrx_word' id='word_1_1026' title='bbox 1534 2682 1717 2717; x_wconf 83' lang='lat' dir='ltr'>improborum</span> 
     </span>
    </p>
   </div>
   <div class='ocr_carea' id='block_1_9' title="bbox 1449 2730 1507 2756">
    <p class='ocr_par' dir='ltr' id='par_1_11' title="bbox 1449 2730 1507 2756">
     <span class='ocr_line' id='line_1_138' title="bbox 1449 2730 1507 2756; baseline -0.017 0"><span class='ocrx_word' id='word_1_1027' title='bbox 1449 2730 1507 2756; x_wconf 57' lang='lat' dir='ltr'>Ga·</span> 
     </span>
    </p>
   </div>
   <div class='ocr_carea' id='block_1_10' title="bbox 890 393 896 1363">
    <p class='ocr_par' dir='ltr' id='par_1_12' title="bbox 890 393 896 1363">
     <span class='ocr_line' id='line_1_139' title="bbox 890 393 896 1363; baseline 0 0"><span class='ocrx_word' id='word_1_1028' title='bbox 890 393 896 1363; x_wconf 95' lang='lat' dir='ltr'> </span> 
     </span>
    </p>
   </div>
   <div class='ocr_carea' id='block_1_11' title="bbox 890 393 898 1821">
    <p class='ocr_par' dir='ltr' id='par_1_13' title="bbox 890 393 898 1821">
     <span class='ocr_line' id='line_1_140' title="bbox 890 393 898 1821; baseline 0 0"><span class='ocrx_word' id='word_1_1029' title='bbox 890 393 898 1821; x_wconf 95' lang='lat' dir='ltr'> </span> 
     </span>
    </p>
   </div>
   <div class='ocr_carea' id='block_1_12' title="bbox 882 255 895 2606">
    <p class='ocr_par' dir='ltr' id='par_1_14' title="bbox 882 255 895 2606">
     <span class='ocr_line' id='line_1_141' title="bbox 882 255 895 2606; baseline 0 0"><span class='ocrx_word' id='word_1_1030' title='bbox 882 255 895 2606; x_wconf 95' lang='lat' dir='ltr'> </span> 
     </span>
    </p>
   </div>
   <div class='ocr_carea' id='block_1_13' title="bbox 896 2027 901 2687">
    <p class='ocr_par' dir='ltr' id='par_1_15' title="bbox 896 2027 901 2687">
     <span class='ocr_line' id='line_1_142' title="bbox 896 2027 901 2687; baseline 0 0"><span class='ocrx_word' id='word_1_1031' title='bbox 896 2027 901 2687; x_wconf 95' lang='lat' dir='ltr'> </span> 
     </span>
    </p>
   </div>
  </div>
 </body>
</html>
