1941 3052
786 119 831 144 ¹³7

223 125 285 151 ll‘m
876 118 910 143 M.
941 117 971 143 Τ.

216 196 313 230 »scriptu
330 193 407 220 nobis
423 192 521 218 sumini
533 199 565 216 ex
577 190 686 215 Graecia
699 188 947 223 sapientissimique
960 186 1008 212 lio-
1026 187 1028 198 ¹

217 234 303 259 mium
316 231 489 265 reliquerunt,
503 236 588 261 neque
599 236 638 255 ea,
651 235 719 261 qnae
732 225 798 251 milii
813 225 946 254 videntur,
959 232 1007 249 an-

217 269 310 297 teferre
324 268 376 294 illis
389 266 481 292 undo-o.
520 267 604 296 (tuam
617 264 650 289 ob
663 271 716 292 rem
730 267 789 297 peto
800 271 813 287 u
827 262 912 291 vobis.
927 266 954 287 ut
966 269 1006 286 me

217 308 255 333 sie
271 305 398 333 andiutis,
423 311 508 336 neque
526 306 553 327 nt
567 301 677 326 omnino
692 304 828 334 expertein
845 300 1006 325 Graecarum

217 353 304 370 rernm
316 364 319 371 ‚
338 349 422 375 nequ·-
436 344 462 364 nt
478 348 522 364 eus
535 339 630 364 nostris
645 338 669 363 in
683 337 731 363 ho<-
743 337 898 371 praesertim
910 344 1007 370 genere

217 383 431 414 antepon··nt··ni;
449 375 494 401 sed
507 380 534 401 ιιι
547 384 629 401 unum
641 383 654 400 e
668 375 762 409 togatis
774 374 855 408 putris
867 373 1006 408 diligentia

217 427 268 444 non
283 414 446 442 illiberaliter
459 413 608 438 institutum
621 411 764 446 studioque
778 410 900 436 discendi
913 420 926 435 a
941 419 1007 444 pue-

217 455 274 481 ritia
292 455 443 480 incensum,
466 458 516 475 usu
533 454 619 475 tumen
639 453 665 475 et
684 449 838 474 domesticis
859 447 1007 482 praeceptis

217 490 298 517 multo
311 490 396 521 iungis.
407 487 552 515 eruditum,
565 495 647 521 quam
661 485 764 512 litteris.

270 527 364 552 ΧΧΙΙΙ.
388 525 427 550 37.
451 525 497 549 llic
510 523 612 554 l'liilus,
627 524 692 553 Non,
708 522 824 552 hercule,
838 522 935 556 inquit,
949 521 1008 547 Sei-

216 566 267 600 pio,
281 563 388 592 dubito.
406 562 471 596 quin
488 561 536 587 tibi
550 561 658 596 ingenio
671 560 832 595 praestiterit
847 567 937 589 nemo,
956 566 1006 584 usu

215 601 324 636 quidem
338 601 362 626 in
377 598 522 633 republica
535 606 622 624 rerum
636 599 813 624 maximarum
827 596 903 622 facite
914 604 1007 622 omnes

216 639 324 664 viceris:
350 636 451 671 quilius
471 640 559 662 autem
576 635 674 662 studiis
688 643 795 669 semper
814 634 910 663 lucris,
934 638 1007 660 tene-

216 684 285 702 mus.
309 676 394 706 Quum
405 673 440 699 ob
452 682 506 699 rem
518 674 550 703 si,
565 677 593 699 ut
603 672 680 703 dicis,
693 673 812 698 animum
824 679 932 706 quoque
944 679 1008 696 con-

216 712 299 740 tulisti
313 713 338 738 in
351 713 427 737 istum
440 711 568 736 rationem
579 714 605 736 et
615 710 693 744 quasi
704 714 800 739 artem,
819 708 904 734 habeo
921 707 1008 734 maxi-

216 758 285 776 mam
297 749 409 785 gratiam
423 747 523 774 Laelio:
537 756 616 781 spero
627 747 698 773 enim
712 746 795 773 multo
807 746 929 771 uberiora
942 745 1005 774 l'ore,

214 795 283 822 quae
295 795 308 812 a
325 791 348 813 te
364 785 500 816 dicentur,
517 793 598 819 quam
616 784 674 814 illa,
691 792 760 819 quae
774 792 787 809 a
805 783 914 809 Graecis
930 782 1007 808 nobis
1028 804 1029 815 ,

214 825 312 859 scripta
324 828 387 849 sunt
397 823 495 848 omnia.
517 823 585 848 'rum
599 821 656 847 ille:
671 822 845 856 Permagnam
857 825 884 846 tu
896 820 1007 854 quidem
1028 845 1030 853 y

215 861 455 896 exspectationem,
473 859 545 894 quod
561 868 630 885 onus
641 863 681 884 est
691 859 728 888 ei,
747 859 794 893 qui
807 858 912 893 magnis
923 857 955 882 de
968 865 1009 883 re-
1029 882 1031 891 ¹

215 899 267 925 bus
278 898 399 925 dicturus
411 897 668 932 est,gravissimum‚
678 895 912 930 imponisorationi
925 903 1007 920 meae.

215 936 248 963 Et
259 935 365 962 Philus:
392 934 521 966 Quamvis
532 934 567 960 sit
578 942 682 969 magna.
697 938 784 959 tamen
796 941 853 958 eam
867 932 967 961 vinces,
982 935 1010 957 ut

215 973 299 999 soles:
318 981 404 1007 neque
420 973 491 997 enim
504 976 543 997 est
555 970 719 1005 periculum,
738 975 805 996 nete
817 970 849 995 de
862 977 888 995 re
900 968 1008 1004 publica

215 1011 392 1037 disserentem
404 1008 510 1035 deliciat
520 1009 612 1034 oratio.

270 1047 366 1073 XXIV.
390 1048 431 1072 38.
455 1046 501 1071 Hic
516 1046 619 1079 Scipio:
643 1045 761 1071 Faciam.
778 1043 850 1078 quod
867 1042 962 1072 vultis,
981 1047 1011 1068 ut

215 1122 342 1149 omnibus
356 1121 381 1147 in
395 1120 474 1146 rebus
491 1119 656 1145 disserendis
669 1119 797 1145 utendum
813 1126 886 1148 esse,
902 1118 926 1143 si
938 1126 1011 1143 erro-

217 1168 272 1185 rem
285 1159 352 1185 velis
365 1158 465 1187 tollere,
479 1162 507 1183 ut
518 1157 577 1182 eius
589 1158 640 1185 rei,
654 1156 686 1181 de
697 1164 750 1190 qna
762 1156 914 1190 quaeritur,
927 1155 951 1180 si
963 1162 1011 1180 no-

218 1205 278 1222 men
294 1195 365 1231 quod
382 1195 417 1221 sit
432 1194 584 1224 conveniat,
603 1193 766 1227 explicetur,
785 1192 850 1227 quid
862 1191 1011 1218 declaretur
1032 1175 1034 1234 i

216 1242 247 1260 eo
259 1234 379 1259 nomine:
402 1231 473 1266 quod
485 1231 508 1257 si
519 1231 688 1261 convenerit,
705 1234 762 1256 tum
779 1230 888 1255 demum
905 1228 1012 1254 decebit
1032 1239 1034 1269 ᾗ

218 1270 321 1306 ingredi
335 1270 360 1295 in
372 1276 536 1295 sermonem:
551 1267 874 1302 numquamenim,quale
885 1267 920 1292 sit
932 1265 1009 1296 illud,
1032 1275 1034 1306 Ι

216 1308 249 1334 de
261 1316 314 1342 quo
325 1306 521 1340 disputabitur,
540 1305 653 1340 intelligi
664 1305 772 1339 poterit,
787 1305 852 1335 nisi,
869 1303 954 1338 quid*
966 1303 1009 1333 sit,
1032 1318 1033 1321 =

218 1345 297 1371 suerit
313 1343 477 1370 intellectum
494 1343 579 1377 prius.
619 1342 705 1374 Quare
721 1342 849 1376 quoniam
864 1341 897 1367 de
918 1349 944 1367 re
961 1349 1012 1375 pu-
1032 1336 1034 1345 χ

1031 1146 1033 1165 l

217 1420 321 1454 ipsum,
338 1418 409 1453 quod
424 1419 590 1452 quaerimus.
631 1416 720 1449 Quum
732 1416 936 1450 approbavisset
947 1415 1013 1441 Lae·
1032 1410 1035 1426 ’

219 1457 283 1483 lius:
298 1464 346 1482 nec
354 1464 424 1486 vero,
434 1455 522 1489 inquit
534 1454 683 1484 Africanus,
693 1455 727 1480 ita
738 1454 869 1480 disseram
876 1453 909 1479 de
920 1461 947 1479 re
959 1458 1012 1479 tarn

217 1494 316 1520 illustri
329 1498 435 1527 tamque
447 1497 519 1522 nota,
543 1496 577 1518 ut
594 1491 631 1518 ad
648 1491 706 1517 illa
722 1491 882 1517 elementa
903 1489 1013 1516 revol-

218 1540 286 1562 var,
299 1530 400 1565 quibus
413 1530 450 1556 uti
461 1529 530 1556 docti
544 1529 666 1555 homines
679 1529 760 1554 bisin
773 1527 954 1558 rebussolent,
965 1531 1012 1553 uta

219 1569 304 1604 prima
314 1567 502 1603 congressione
509 1567 590 1592 maris
596 1571 621 1592 et
628 1566 752 1595 feminae,
761 1565 859 1591 deinde
866 1574 878 1591 a
885 1565 1012 1600 progenie

218 1611 243 1632 et
253 1606 408 1641 cognatione
420 1604 522 1636 ordiar3
537 1603 692 1638 verbisque,
701 1602 809 1638 quidsit
819 1607 844 1628 et
854 1601 1012 1637 quotmodis
1040 1610 1041 1619 ¹

218 1643 339 1678 quidque
355 1642 467 1672 dicatur,
490 1640 616 1667 definiam
632 1641 755 1675 saepius:
778 1639 851 1674 apud
866 1639 1012 1674 prudentes

219 1681 290 1706 enim
307 1680 428 1705 homines
443 1684 468 1705 et
484 1679 511 1704 in
528 1678 644 1704 maxima
660 1686 687 1704 re
703 1676 811 1712 publica
829 1685 935 1703 summa
950 1685 1013 1702 cum

219 1717 302 1753 gloria
315 1716 378 1742 belli
390 1716 517 1750 domique
532 1720 651 1742 versatos
662 1723 748 1750 quum
760 1714 862 1749 loquar,
877 1722 928 1740 non
939 1722 1014 1740 eom-

219 1755 331 1785 mittam,
341 1758 369 1780 ut
379 1754 414 1780 sit
425 1753 554 1779 illustrior
565 1752 610 1778 illa
622 1753 680 1787 ipsa
692 1761 743 1783 res,
757 1751 789 1778 de
801 1760 854 1786 qua
865 1751 1011 1786 disputem,

219 1800 300 1827 quam
311 1791 393 1817 oratio
405 1799 476 1817 mea:
494 1798 542 1816 nee
554 1790 626 1816 enim
638 1790 687 1816 hoo
698 1790 820 1823 suscepi,
836 1793 865 1815 ut
877 1793 1013 1823 tamquam

220 1829 346 1864 magister
357 1836 531 1863 persequerer
541 1828 644 1853 omnia:
668 1835 755 1862 neque
772 1826 822 1852 hoc
833 1826 960 1860 polliceor
972 1833 1013 1851 me

219 1866 388 1896 effecturum,
407 1870 435 1892 ut
451 1873 482 1891 ne
498 1873 551 1899 qua
562 1864 693 1899 particula
705 1865 732 1890 in
744 1863 793 1889 hoc
804 1871 926 1889 sermone
937 1871 1014 1897 prae-

221 1904 341 1930 termissa
357 1904 401 1929 sit.
442 1903 510 1928 Tum
531 1901 652 1928 Laelius:
675 1902 731 1936 Ego
751 1908 814 1926 vero
830 1899 902 1926 istud
923 1900 1013 1934 ipsum
1034 1908 1035 1931 i

220 1950 305 1976 genus
316 1941 452 1970 orationis,
466 1938 538 1974 quod
550 1938 695 1974 polliceris,
709 1942 844 1972 exspecto.

274 1978 358 2004 XXV.
372 1978 413 2004 39,
427 1977 491 2002 »Est
501 1977 592 2012 igitur,
605 1976 694 2010 inquit
704 1975 855 2005 Africanus,
869 1982 910 2000 res
921 1973 1015 2008 publi-

221 2023 267 2041 »σε
284 2024 325 2041 res
341 2014 448 2049 populi:
464 2013 581 2048 populus
597 2017 685 2039 autem
702 2021 754 2038 non
770 2012 858 2038 omnis
873 2011 1012 2037 hominum

221 2057 328 2078 »coetus
339 2060 447 2087 quoquo
460 2050 537 2077 modo
548 2055 724 2085 congregatus
732 2071 738 2080 ,
761 2049 808 2075 sed
819 2053 910 2075 coetus
921 2048 1015 2074 multi-

222 2089 341 2116 »tudinis
358 2090 424 2115 iuris
440 2096 572 2115 consensu
588 2092 613 2113 et
628 2087 751 2113 utilitatis
767 2086 956 2113 communione
971 2094 1015 2111 so—

222 2127 336 2153 ciatus«
374 2127 439 2152 Eius
460 2130 549 2152 autem
565 2125 651 2159 prima
667 2133 761 2150 caussa
777 2123 892 2150 coeundi
907 2127 947 2148 est
963 2131 1013 2149 non

223 2168 274 2189 tarn
286 2163 470 2194 imbecillitas,
492 2171 574 2197 quam
590 2161 718 2188 naturalis
729 2161 861 2196 quaedam
874 2160 1014 2186 hominum

223 2201 300 2235 quasi
311 2201 493 2236 congregatio:
512 2208 563 2226 non
574 2204 614 2226 est
624 2200 696 2225 enim
708 2198 845 2234 singulare
857 2205 905 2224 nec
916 2197 1016 2223 soliva-

223 2246 287 2272 gum
298 2246 384 2274 genus
397 2238 459 2268 hoe,
477 2237 524 2262 sed
536 2238 570 2263 ita
581 2241 752 2272 generatum,
771 2241 800 2262 ut
811 2244 844 2262 ue
855 2235 883 2261 in
893 2235 1015 2261 omnium

224 2275 333 2309 quidem
345 2283 434 2301 rerum
446 2273 582 2300 affluentia
594 2274 606 2286 *¹
617 2274 629 2286 *
640 2273 652 2287 *

413 2337 609 2370 (Desiderantur
618 2338 728 2369 paginae
738 2336 824 2369 duae.)

226 2390 266 2415 to.
287 2390 305 2423 η’-
327 2391 402 2417 Urbis
425 2393 568 2417 condendae
588 2393 711 2424 oriyinem
731 2394 808 2422 atque
830 2397 947 2415 caussam
966 2397 1017 2414 non

228 2435 301 2452 unam
312 2430 464 2460 intuterunt;
484 2430 527 2454 sed
537 2430 585 2454 atii
595 2436 636 2453 cos
646 2429 769 2456 hommes,
786 2429 831 2460 qui
840 2429 891 2452 sint
902 2435 935 2452 ea:
947 2430 1017 2451 terra

225 2465 343 2495 primitus
357 2468 410 2490 nati
417 2485 423 2496 ,
446 2474 522 2498 quum
532 2474 579 2498 per
588 2466 668 2491 siluas
678 2469 701 2490 et
713 2472 814 2496 canipa-s·
824 2465 963 2489 erraticum
973 2465 1017 2488 de-

227 2504 311 2532 yerent
322 2504 410 2531 vitam,
424 2510 467 2527 nec
479 2504 531 2528 ullo
540 2505 607 2528 inter
616 2510 642 2528 se
651 2503 774 2527 sermonis
784 2505 830 2526 aut
840 2503 906 2526 iuris
916 2501 1017 2526 vinculo

228 2537 399 2568 cohaererent,
414 2541 457 2564 sed
466 2541 568 2572 frondes
578 2544 600 2565 et
611 2540 713 2564 herbam
721 2546 770 2571 pro
776 2539 1017 2570 cubilibus,spelun-

228 2581 272 2599 cas
282 2578 304 2598 et
314 2578 389 2599 arura
399 2584 446 2607 pro
455 2578 568 2602 ‹lorni'bus
577 2578 710 2606 haberent,
733 2577 818 2601 bestiis
832 2579 855 2600 et
868 2575 1018 2607 fortioribus

227 2611 381 2636 annualibus
390 2614 500 2643 praedae
509 2616 587 2646 fuisse
595 2617 799 2644 ponnnemorant.
842 2612 903 2637 Tum
914 2620 962 2642 eos,
973 2613 1018 2644 qui

228 2651 273 2673 aut
289 2648 381 2673 laniati
395 2650 546 2681 effuyerant,
567 2654 611 2676 aut
627 2652 725 2676 laniari
738 2651 873 2683 proximos
891 2651 1017 2680 viderant,

1002 115 1275 142 etet-:noxis

1057 187 1312 219 auruom‘mspericuti
1317 188 1366 215 nui,
1373 186 1477 211 attaliae
1487 187 1597 212 hominen
1607 188 1749 212 decurrn'ue
1754 196 1762 218 ,⁴
1772 195 1850 220 prae-

1057 226 1150 249 sidium
1165 227 1173 249 ι’
1176 225 1320 256 inplorant-1
1333 228 1355 248 et
1364 225 1448 255 prima
1458 225 1560 249 nutibus
1570 225 1722 249 voluntatem
1731 232 1804 249 tuam
1814 227 1850 250 ui-

1058 264 1204 294 ynfflmasoe
1224 262 1313 285 ‹termu-
1326 262 1449 285 eermam'a
1464 262 1538 286 initia
1554 265 1673 289 terame,
1694 270 1726 286 ac
1743 263 1852 294 uinqutis

1034 325 1036 332 ,
1059 300 1198 331 quibusque
1209 299 1282 322 rebus
1294 300 1394 322 nmnina
1407 299 1565 329 imponenda,
1585 299 1722 331 paullatim
1734 299 1852 331 loquendi

1030 1019 1031 1026 ¹
1062 1020 1115 1047 ulla
1129 1020 1288 1046 institutio‘.

1039 1253 1041 1269 l

1033 1445 1034 1453 κ
1064 1431 1122 1457 nuit
1137 1431 1284 1456 civitatem.

1057 338 1192 368 perso-cisse
1212 337 1343 360 rationem.
1385 334 1467 365 Quum
1491 339 1575 360 autem
1599 344 1643 360 nec
1667 336 1852 361 multitudinem

1060 376 1140 405 ipsum
1157 375 1268 397 viderent
1283 376 1371 397 contra
1387 372 1479 397 bestias
1493 380 1546 397 ease
1558 376 1652 399 tutam:
1668 374 1760 404 oppida
1776 375 1852 398 ctiam

1060 412 1168 442 caepim
1174 411 1280 438 munire,
1288 410 1327 434 rel
1338 413 1365 434 ut
1376 411 1482 442 quietem
1494 411 1574 434 noctis
1586 414 1665 434 tutum
1676 411 1851 441 ubilat-erent,

1060 448 1097 472 rel
1109 452 1134 473 ul
1147 449 1303 472 incursiones
1312 450 1388 479 alque
1399 448 1504 478 impetus
1515 447 1652 471 bestiarum
1663 448 1853 479 noupuqnumto

1058 487 1102 510 sed
1116 486 1218 509 obiecti-5
1232 485 1367 515 aym-ribus
1381 487 1507 509 arcerent.
1549 483 1617 509 llaec
1631 485 1692 509 uliin
1705 485 1786 508 ‹tetii-u
1799 485 1853 509 rim

1058 526 1129 552 sunt¹
1143 523 1326 554 dixeruntque,
1339 528 1388 545 non
1398 522 1512 553 serarum
1525 521 1638 546 laniatus
1649 528 1765 547 cucusam
1775 522 1853 553 suine

1059 561 1176 587 coeundi,
1198 559 1241 583 aed
1253 560 1333 590 ipsam
1343 559 1426 589 polius
1437 558 1634 583 humanitatem:
1656 560 1742 590 itaque
1752 559 1818 582 inter
1827 566 1854 582 ιε

1034 607 1035 612 ¹
1060 600 1231 629 conqreyatos,
1245 596 1311 628 quod
1323 599 1416 619 nutura
1428 595 1554 620 hominum
1565 596 1711 622 solitudinis
1721 595 1821 627 (unicus
1831 598 1854 620 el

1060 635 1240 659 communionis
1251 641 1282 658 uc
1291 633 1420 657 societatis
1430 636 1550 664 appetens
1562 637 1632 658 cuer.

1060 670 1094 688 vr.
1104 676 1122 688 c.
1135 670 1174 691 ιο.)

1114 702 1185 735 Quid
1197 707 1237 728 est
1249 710 1290 728 res
1302 701 1420 736 publica,
1429 702 1482 728 nisi
1495 710 1536 728 res
1543 702 1654 737 populi?
1665 711 1854 739 resergocom·

1060 741 1163 769 munis,
1183 748 1224 765 res
1240 740 1333 774 ntique
1347 739 1474 766 civitatis.
1515 739 1585 772 Quid
1597 745 1636 766 est
1647 746 1735 767 autern
1746 741 1852 771 civitas,

1061 779 1112 805 nisi
1130 776 1273 803 multitudo
1286 776 1425 802 hominurn
1438 776 1464 803 in
1475 777 1611 812 quoddam
1624 777 1764 804 vinculum
1778 777 1854 804 reda-

1059 821 1099 842 cta
1120 813 1294 842 concordiae?
1314 813 1392 848 Apud
1412 822 1458 839 eos
1478 815 1549 840 enirn
1572 815 1605 840 ita
1626 814 1735 850 legitur:
1759 815 1853 841 nBrevi

1061 851 1204 880 multitudo
1219 851 1340 885 dispersa
1357 855 1435 885 atque
1447 860 1512 887 vaga
1527 852 1667 878 concordia
1679 853 1775 878 civitas
1787 851 1852 878 sacta

1061 897 1143 917 vrak«
1165 897 1286 919 (augustin.
1298 896 1335 919 Ep.
1347 896 1389 915 1:58.
1402 895 1441 917 10.)

1672 637 1739 659 (Lat.
1754 637 1821 656 lxx-m.
1835 637 1850 656 l.

1115 945 1211 972 xxvt.
1234 946 1275 971 41.
1293 945 1320 957 ”
1330 946 1339 954 ”
1354 943 1481 978 quaedam
1493 943 1571 978 quasi
1583 943 1700 973 semina;
1715 951 1802 978 neque
1814 951 1855 969 re-

1062 983 1196 1018 liquarum
1209 983 1351 1009 virtutum:
1370 990 1417 1008 nec
1429 982 1515 1016 ipsius
1526 981 1563 1006 rei
1576 979 1700 1014 publicae
1707 982 1855 1015 reperiatur

1330 1019 1461 1045 llicoetus
1473 1019 1555 1053 igitur
1571 1017 1633 1047 hac,
1653 1018 1686 1044 de
1701 1026 1754 1052 qua
1771 1026 1856 1051 expo-

215 1089 344 1120 potero,et
356 1083 491 1119 ingrediar
502 1083 526 1108 in
539 1082 747 1117 disputationem
759 1090 788 1107 ea
798 1081 863 1116 lege,
872 1089 924 1115 qua
931 1080 1010 1106 credo
1061 1067 1113 1087 5⁰¹⁸
1127 1066 1220 1083 ⁰⁶¹¹⁵⁵⁸
1233 1061 1346 1083 msuum
1358 1056 1449 1082 sedem
1462 1063 1579 1090 prunum
1591 1060 1662 1081 ceno
1675 1054 1730 1081 'mo
1741 1054 1856 1080 domm-

1063 1095 1159 1121 liorum
1171 1103 1264 1120 caussa
1277 1094 1484 1123 constitueruntj,
1497 1100 1579 1127 quam
1589 1100 1675 1126 quum
1688 1091 1753 1118 locis
1761 1100 1857 1118 manu-

1062 1141 1114 1167 que
1126 1132 1282 1166 sepsissent,
1296 1130 1429 1156 eiusmodi
1440 1130 1656 1156 coniunctionem
1668 1134 1796 1155 tectorum
1807 1137 1857 1163 op-

1064 1169 1157 1204 pidum
1171 1168 1211 1195 vel
1225 1168 1318 1194 urbem
1330 1167 1547 1202 appellaverunt,
1565 1165 1687 1192 delubris
1701 1166 1856 1192 distinctam

1063 1207 1211 1241 spatiisque
1225 1205 1426 1231 communibus.
1466 1203 1562 1230 Omnis
1577 1211 1640 1239 ergo
1656 1202 1787 1238 populus,
1807 1203 1856 1238 qui

1063 1250 1102 1270 est
1114 1244 1173 1270 talis
1184 1248 1275 1269 coetus
1287 1241 1482 1272 multitudinis,
1499 1240 1608 1275 qualem
1619 1241 1746 1275 exposui3
1768 1241 1857 1267 omnis

1062 1282 1167 1311 civitas,
1176 1289 1244 1315 quae
1256 1284 1295 1306 est
1304 1280 1460 1305 constitutio
1471 1278 1577 1313 populi;
1593 1279 1682 1304 omnis
1689 1286 1730 1304 res
1737 1277 1855 1312 publica,

1063 1327 1140 1354 quae,
1155 1323 1183 1344 ut
1193 1317 1260 1347 dixi,
1270 1316 1362 1352 populi
1375 1325 1416 1342 res
1427 1321 1475 1346 est,
1488 1314 1600 1342 oonsilio
1611 1315 1729 1350 quodam
1741 1314 1857 1351 regenda

1040 1366 1041 1372 ¹
1063 1362 1111 1386 est,
1121 1361 1149 1382 ut
1160 1355 1286 1381 diuturna
1298 1355 1341 1380 sit.
1361 1353 1389 1380 ld
1401 1358 1489 1380 autem
1500 1352 1644 1379 consilium
1656 1354 1774 1387 primum
1785 1360 1859 1379 sem-

217 1382 286 1409 blica
297 1382 466 1416 quaerimus,
486 1380 534 1406 hoc
546 1380 664 1414 primum
680 1379 834 1409 videamus,
852 1378 919 1413 quid
934 1377 969 1403 sit
985 1377 1011 1403 id
1033 1382 1041 1405 '¹
1064 1402 1111 1428 per
1122 1393 1154 1419 ad
1166 1401 1224 1419 eam
1236 1400 1359 1418 caussam
1372 1390 1542 1417 referendum
1554 1394 1607 1419 est·
1625 1398 1693 1424 quae
1704 1398 1798 1416 caussa
1809 1397 1858 1425 ge-

1324 1429 1366 1455 42.
1388 1428 1488 1454 Deinde
1504 1432 1550 1453 aut
1565 1428 1612 1453 uni
1628 1426 1802 1453 tribuendum
1817 1431 1859 1453 est

1063 1473 1108 1494 aut
1119 1467 1229 1493 delectis
1240 1465 1404 1502 quibusdam
1416 1470 1461 1491 aut
1472 1464 1677 1499 suscipiendum
1688 1470 1727 1490 est
1735 1463 1859 1491 multitu-

1064 1505 1120 1531 dini
1141 1510 1220 1539 atque
1240 1503 1378 1531 omnibus.
1417 1503 1504 1535 Quare
1519 1510 1605 1537 quum
1621 1510 1703 1536 penes
1719 1510 1803 1528 unum
1819 1506 1859 1528 est

1063 1544 1184 1569 omnium
1196 1549 1301 1568 summa
1314 1549 1417 1570 rerum,
1435 1548 1525 1575 regem
1542 1539 1619 1565 illum
1634 1547 1719 1565 unum
1731 1547 1858 1565 vocamus

1063 1586 1089 1606 et
1100 1588 1213 1615 regnum
1224 1579 1283 1605 eius
1296 1578 1333 1604 rei
1346 1577 1469 1612 publicae
1480 1581 1589 1603 statum.
1618 1575 1707 1608 Quum
1719 1581 1807 1602 autem
1819 1580 1859 1602 est

1064 1626 1146 1652 penes
1155 1616 1281 1646 delectos,
1290 1621 1346 1642 tum
1354 1614 1398 1641 illa
1409 1615 1505 1641 civitas
1515 1614 1684 1648 optimatium
1696 1613 1806 1639 arbitrio
1817 1621 1859 1639 re-

1064 1656 1090 1690 gi
1103 1655 1211 1680 dicitur.
1252 1653 1298 1679 ula
1308 1658 1397 1679 autem
1408 1656 1449 1678 est
1457 1651 1554 1677 civitas
1565 1650 1712 1685 popularis,
1725 1650 1775 1685 (sic
1785 1650 1857 1676 enim

1064 1691 1220 1726 appellant.)
1237 1691 1263 1716 in
1279 1699 1331 1725 qua
1347 1691 1373 1716 in
1389 1688 1488 1724 populo
1499 1692 1561 1713 sunt
1571 1688 1672 1714 omnia.
1711 1688 1799 1722 Atque
1810 1687 1860 1714 ho-

1065 1738 1124 1755 rum
1135 1729 1215 1755 trium
1227 1736 1355 1763 generum
1367 1725 1618 1761 quodvis,siteneat
1628 1724 1696 1750 illud
1708 1724 1857 1754 vinculum,

1064 1766 1137 1801 quod
1151 1766 1269 1800 primum
1284 1764 1407 1790 homines
1425 1763 1492 1789 inter
1506 1770 1534 1788 se
1546 1762 1583 1787 rei
1599 1761 1722 1796 publicae
1733 1762 1858 1788 societate

1064 1804 1199 1835 devinxit;
1214 1810 1266 1828 non
1277 1801 1426 1836 perfectum
1437 1799 1505 1826 illud
1516 1798 1626 1834 quidem
1634 1807 1720 1833 neque
1728 1807 1785 1825 mea
1796 1807 1859 1825 sen-

1065 1841 1144 1867 tentia
1155 1840 1303 1874 optimum,
1320 1838 1368 1865 sed
1380 1836 1516 1864 tolerabile
1529 1841 1630 1868 tamem
1649 1836 1700 1862 ut·
1716 1835 1790 1862 aliud
1806 1835 1859 1862 alio

1065 1878 1149 1913 possit
1163 1886 1222 1903 esse
1238 1876 1427 1911 praestantius.
1468 1874 1534 1900 Nam
1549 1872 1591 1899 vel
1604 1882 1651 1899 rex
1661 1881 1764 1907 aequus
1775 1882 1804 1899 ac
1816 1882 1861 1900 sa-

1065 1916 1156 1949 piens;
1176 1913 1217 1940 vel
1233 1913 1328 1939 delecti
1345 1921 1374 1939 ac
1390 1912 1526 1947 principes
1537 1911 1625 1942 cives3
1649 1910 1691 1936 vel
1703 1911 1761 1945 ipse
1772 1918 1860 1945 popu-

1067 1953 1117 1982 lus,
1125 1959 1289 1987 quamquam
1301 1950 1328 1976 id
1339 1955 1379 1976 est
1390 1949 1501 1975 minime
1513 1947 1691 1982 probandum,
1699 1952 1787 1974 tamen
1798 1946 1861 1974 nul-

1034 2012 1036 2019 ,
1066 1990 1099 2016 lis
1115 1989 1259 2015 interiectis
1280 1986 1470 2022 iniquitatibus
1485 1990 1531 2011 aut
1547 1984 1756 2019 cupiditatibus,
1781 1993 1859 2020 posse

1066 2027 1172 2053 videtur
1183 2025 1273 2060 aliquo
1285 2033 1343 2051 esse
1355 2033 1406 2050 non
1419 2024 1519 2050 incerto
1529 2027 1610 2048 statu.

1121 2088 1229 2114 xxvn.
1252 2088 1292 2113 43.
1314 2085 1366 2112 Sed
1381 2090 1407 2112 et
1421 2086 1448 2111 in
1464 2085 1555 2121 regnis
1570 2085 1652 2111 nimis
1663 2088 1786 2118 expertes
1797 2088 1860 2110 sunt

1066 2126 1146 2152 ceteri
1166 2124 1318 2151 communis
1339 2123 1407 2149 iuris
1422 2127 1448 2149 et
1462 2121 1583 2149 consilii:
1605 2127 1630 2148 et
1647 2122 1673 2147 in
1688 2121 1858 2156 optimatium

1066 2163 1203 2189 dominatu
1220 2162 1267 2188 vix
1283 2162 1415 2196 particeps
1431 2159 1560 2186 libertatis
1572 2163 1656 2193 potest
1667 2166 1725 2184 esse
1737 2157 1860 2184 multitu-

1066 2201 1113 2231 do,
1127 2208 1211 2235 quum
1222 2199 1295 2225 omni
1307 2198 1420 2224 consilio
1429 2197 1607 2224 communiae
1618 2200 1746 2230 potestate
1756 2199 1857 2221 careat:

1066 2243 1091 2264 et
1101 2245 1186 2272 quum
1201 2237 1290 2263 omnia
1307 2244 1354 2270 per
1369 2234 1499 2270 populum
1514 2238 1657 2269 geruntur,
1679 2232 1805 2267 quamvis
1816 2233 1860 2258 iu-

1067 2280 1138 2301 stum
1154 2279 1232 2309 atque
1248 2273 1429 2302 moderatum,
1452 2276 1539 2298 tamen
1555 2272 1613 2305 ipsa
1628 2268 1805 2304 aequabilitas
1819 2273 1860 2296 est

1067 2313 1169 2347 iniqua,
1183 2319 1267 2346 quum
1280 2310 1359 2336 habet
1370 2309 1458 2336 nullos
1468 2308 1568 2344 gradus
1579 2307 1727 2343 dignitatis.
1767 2306 1859 2341 Itaque

1067 2349 1184 2384 siCyrus
1198 2347 1243 2374 ille
1250 2348 1342 2373 Perses
1354 2347 1520 2373 iustissimus
1532 2343 1859 2379 suitsapientissimusque

1068 2395 1132 2417 rex,
1155 2391 1242 2412 tamen
1254 2384 1321 2410 mihi
1333 2384 1426 2419 populi
1443 2391 1484 2409 res
1499 2383 1538 2417 (ea
1549 2382 1621 2408 enim
1633 2385 1686 2411 est,
1702 2386 1731 2407 ut
1741 2379 1800 2406 dixi
1811 2388 1860 2406 an-

1068 2429 1122 2454 tea,
1138 2422 1256 2458 publica)
1272 2430 1323 2448 non
1340 2421 1456 2447 maxime
1471 2418 1620 2454 expetenda
1631 2417 1714 2444 fuisse
1725 2417 1770 2443 illa
1782 2417 1860 2444 vide-

1069 2466 1119 2491 tur,
1137 2469 1222 2495 quum
1239 2464 1375 2495 regeretur
1385 2458 1467 2484 unius
1479 2462 1544 2483 nutu
1555 2463 1585 2482 ac
1595 2454 1684 2481 modo.
1723 2454 1752 2480 Si
1762 2454 1859 2480 Massi-

1069 2498 1167 2524 lienses
1182 2497 1264 2523 nostri
1280 2496 1391 2522 clientes
1406 2503 1454 2530 per
1467 2493 1583 2520 delectos
1597 2497 1622 2518 et
1637 2492 1774 2526 principes
1784 2492 1859 2518 cives

1067 2543 1173 2561 summa
1185 2534 1286 2560 iustitia
1297 2537 1435 2569 reguntur,
1448 2532 1517 2557 inest
1527 2535 1615 2556 tamen
1626 2529 1653 2555 in
1665 2537 1695 2555 ea
1705 2528 1858 2555 conditione

1068 2571 1162 2607 populi
1177 2570 1327 2597 similitudo
1342 2568 1474 2605 quaedam
1485 2566 1632 2593 servitutis.
1673 2566 1701 2592 Si
1711 2566 1859 2592 Athenien-

1068 2618 1110 2635 ses
1126 2608 1290 2644 quibusdam
1306 2606 1485 2642 temporibus,
1502 2603 1608 2630 sublato
1620 2603 1771 2639 Areopago,
1789 2601 1858 2629 nihil

1068 2647 1122 2673 nisi
1132 2645 1227 2681 populi
1237 2646 1312 2672 scitis
1322 2653 1352 2671 ac
1362 2643 1475 2671 decretis
1486 2641 1612 2677 agebant3
1625 2641 1755 2675 quoniam
1761 2639 1859 2667 distin-
