1941 3052
458 108 511 135 DE
545 108 773 135 ORATORE
808 109 894 135 LIB.
929 109 948 134 1.

981 109 998 135 C
1014 110 1033 134 A
1049 110 1077 134 P.
1105 111 1127 135 tt
1153 125 1187 128 —
1211 111 1250 136 ts.
1638 113 1668 137 δῖ,

38 187 96 206 esse
109 178 195 210 debet,
218 178 258 205 vel
277 179 340 214 quia
358 183 398 205 est
417 180 500 214 patria
523 188 617 214 parens
640 180 761 206 omnium
782 189 829 206 no-
857 194 859 224 1
880 180 997 213 primum
1013 180 1047 205 sit
1060 180 1118 205 eius
1132 180 1195 205 artis
1209 181 1328 211 antistes,
1353 182 1431 206 cuius
1450 190 1534 215 quum
1554 182 1610 216 ipsa
1626 191 1672 207 na-

38 222 135 248 strum,
156 216 197 242 vel
216 217 279 251 quia
293 221 363 242 tanta
377 217 505 251 sapientia
521 217 604 243 fuisse
618 218 645 244 in
659 218 717 243 iure
730 219 830 244 consti-

38 254 136 282 tuendo
154 253 270 288 putanda
288 258 340 285 est,
361 259 459 288 quanta
478 254 528 280 fuit
541 255 568 280 in
583 255 625 281 his
639 255 718 281 tantis
732 256 829 290 opibus

37 291 142 326 imperii
156 290 349 325 comparandis.
382 291 438 317 497.
455 292 606 326 Percipietis
621 293 699 318 etiam
713 292 787 318 illam
797 301 831 319 ex

39 329 187 364 cognitione
201 328 268 354 iuris
283 328 408 354 laetitiam
423 333 448 355 et
461 329 634 363 voluptatem,
650 329 731 364 quod,
744 339 831 364 quan-

38 371 95 393 tum
121 366 299 400 praestiterint
326 366 408 392 nostri
430 367 543 392 maiores
570 366 710 401 prudentia
736 368 830 393 ceteris

37 403 175 439 gentibuS,
197 407 253 428 tum
273 402 399 429 facillime
416 403 584 439 intelligetis,
606 404 628 430 si
647 413 708 430 cum
722 404 830 430 illorum

38 441 160 476 Lycurgo
178 444 203 466 et
220 440 336 466 Dracone
356 445 380 466 et
399 440 494 467 Solone
509 445 611 467 nostras
626 440 698 476 leges
712 441 831 467 conferre

39 477 186 504 volueritis.
220 477 378 504 Incredibile
396 482 436 504 est
453 479 537 509 enim.
553 487 633 512 quam
649 479 684 504 sit
696 487 774 504 omne
788 479 830 504 ius

38 514 116 541 civile
133 518 236 549 praeter
250 514 299 540 hoc
313 519 432 541 nostrum
446 515 612 541 inconditum
626 524 655 541 ac
669 524 752 550 paene
766 516 832 541 ridi-

38 551 143 585 culum;
171 551 204 578 de
222 560 276 586 quo
293 552 376 578 multa
390 552 461 578 soleo
474 552 502 578 in
515 552 684 578 sermonibus
697 552 831 587 quotidia-

38 589 79 615 nis
101 588 201 620 dicere,
225 597 310 624 quum
333 589 472 616 hominum
494 593 643 616 nostrorum
661 589 830 624 prudentiam

37 627 131 653 ceteris
149 626 274 652 omnibus
298 630 323 652 et
345 627 460 652 maxime
483 626 590 652 Graecis
613 631 752 661 antepono.
784 628 830 653 His

37 671 86 699 ego
104 663 136 689 de
153 663 256 689 caussis
276 663 407 694 dixeram,
428 662 567 695 Scaevola,
587 664 634 694 iis,
655 665 702 699 qui
721 664 829 699 perfecti

38 704 151 727 oratores
174 709 233 726 esse
255 700 366 732 vellent,
382 701 449 727 iuris
467 701 555 727 civilis
573 702 753 736 cognitionem
771 711 830 728 esse

38 737 222 765 necessariam.

91 774 171 802 XLV.
193 776 247 800 198.
267 775 321 801 Iam
340 783 402 801 vero
419 775 477 810 ipsa
492 784 538 810 per
551 784 609 802 sese
623 781 753 810 quantum
768 777 830 803 affe-

39 816 78 839 rat
93 812 139 843 iis,
155 812 203 846 qui
217 812 241 838 ei
259 817 397 846 praesunt,
414 812 534 844 honoris,
551 814 663 849 gratiae,
679 813 826 849 dignitatis,

39 849 99 884 quis
116 848 236 885 ignorat?
256 850 359 884 Itaque,
380 854 410 876 ut
426 850 497 884 apud
516 850 629 877 Graecos
643 851 728 877 infimi
743 851 830 878 homi-

38 895 85 913 nes
100 886 250 913 mercedula
269 887 376 914 adducti
395 888 531 914 ministros
549 897 578 914 se
595 889 723 923 praebent
741 889 768 915 in
787 890 830 915 iu—

38 923 114 950 diciis
132 924 293 956 oratoribus,
310 925 342 956 ii,
363 925 410 960 qui
429 925 500 959 apud
519 925 578 951 illos
593 927 770 962 πραγματικοί
783 935 830 952 νο-

38 965 142 988 cantur:
169 962 207 987 sic
233 962 260 988 in
286 966 374 988 nostra
399 962 504 988 civitate
528 967 616 989 contra
644 963 829 998 amplissimus

38 999 152 1033 quisque
183 1003 208 1025 et
237 998 402 1026 clarissimus
430 1000 482 1031 vir,
512 1004 541 1026 ut
562 1000 621 1031 ille,
649 1002 697 1035 qui
723 1005 830 1036 propter

37 1035 105 1062 hanc
122 1036 189 1062 iuris
207 1036 295 1063 civilis
313 1037 450 1063 scientiam
468 1038 507 1063 sic
522 1037 672 1072 appellatus
690 1047 704 1064 a
722 1047 830 1065 summo

37 1077 111 1108 poeta
126 1077 178 1100 est:

91 1119 198 1153 Eyreyie
212 1121 332 1145 cordatus
343 1121 423 1150 homo,
437 1125 509 1146 catus
520 1122 599 1146 Aelia'
613 1120 716 1151 Samus,

38 1164 169 1200 multique
187 1169 331 1200 praeterea,
352 1165 414 1200 qui,
433 1174 518 1200 quum
532 1167 640 1202 ingenio
657 1167 709 1193 sibi
723 1172 828 1193 auctore

36 1201 192 1238 dignitatem
215 1202 391 1237 peperissent,
413 1202 592 1237 perfecerunt,
618 1207 647 1230 ut
668 1204 695 1230 in
718 1213 829 1239 respon-

36 1238 123 1265 dendo
140 1239 172 1265 de
190 1240 248 1265 iure
265 1240 417 1266 auctoritate
436 1240 497 1275 plus
511 1242 603 1272 etiam,
619 1250 700 1276 quam
715 1242 773 1276 ipso
787 1243 830 1268 in-

35 1276 115 1311 genio
137 1276 263 1303 valerent.
299 1278 355 1303 199.
374 1276 507 1304 Senectuti
530 1287 592 1304 vero
613 1278 785 1305 celebrandae
804 1284 830 1306 et

35 1313 167 1340 ornandae
177 1313 249 1348 quod
259 1314 397 1340 honestius
407 1319 560 1349 potestesse
570 1315 735 1351 perfugium,
747 1326 828 1351 quam

35 1351 102 1377 iuris
124 1351 322 1385 interpretatio?
346 1351 478 1386 Equidem
505 1353 572 1378 mihi
599 1353 648 1379 hoc
674 1354 828 1380 subsidium

35 1396 88 1414 ¹³⁸¹
110 1388 172 1414 mde
192 1389 224 1414 ab
243 1388 417 1415 adfflescentm
435 1398 599 1424 comparaw'
620 1398 671 1416 ¹¹⁰⁰
690 1391 776 1417 SOlum
796 1391 828 1418 ad
857 1404 859 1418 ³
880 1408 916 1434 cit
934 1408 1050 1434 oratione
1068 1417 1117 1435 sua
1131 1409 1252 1442 Crassus,
1273 1411 1370 1438 intrare
1384 1412 1530 1444 volueritis,
1549 1412 1674 1439 facillime

36 1433 190 1452 caussarum
211 1434 290 1451 usum
310 1425 468 1457 forensium=
489 1427 536 1453 sed
554 1427 632 1453 etiam
647 1427 678 1453 ad
694 1428 775 1454 decus
790 1433 829 1454 at-

36 1470 88 1498 que
101 1467 284 1489 ornamentum
299 1464 451 1494 senectutis,
468 1468 504 1495 ut,
518 1473 603 1499 quum
614 1473 656 1490 me
666 1466 736 1491 vires
746 1466 827 1501 (quod

37 1536 178 1564 solitudine
192 1537 301 1563 domum
316 1547 401 1564 meam
416 1538 587 1564 vindicarem.
618 1538 687 1571 Quid
703 1545 743 1566 est
756 1541 826 1566 enim

37 1574 208 1609 praeclarius,
228 1583 308 1609 quam
329 1572 474 1601 honoribus
493 1580 519 1602 et
532 1576 694 1610 reipublicae
709 1579 828 1604 muneri-

37 1612 87 1638 bus
105 1611 274 1646 perfunctum
293 1620 384 1638 senem
403 1621 480 1647 posse
499 1622 548 1639 suo
566 1613 623 1639 iure
641 1614 728 1640 dicere
744 1615 824 1646 idem,

37 1649 107 1684 quod
121 1649 192 1684 apud
205 1649 322 1675 Ennium
337 1650 407 1676 dicat
421 1649 465 1676 ille
479 1650 591 1686 Pythius
606 1651 708 1685 Apollo,
726 1661 754 1678 se
768 1661 826 1678 0550

37 1694 106 1718 011111,
123 1686 192 1712 1111(10
207 1687 267 1717 sibi,
283 1687 306 1713 si
321 1696 371 1713 non
387 1687 479 1722 populi
498 1692 523 1714 et
541 1697 626 1723 reges,
643 1693 668 1715 at
681 1697 773 1715 omnes
784 1691 826 1716 5111

37 1723 108 1750 cives
121 1724 262 1750 consilium
276 1729 409 1759 expetant,

89 1774 202 1801 Surirum
216 1784 301 1801 rerum
315 1778 420 1802 incerti:
441 1785 503 1810 quos
517 1785 561 1810 eyo
574 1778 619 1810 o'pe
632 1786 687 1803 mea
701 1786 733 1803 ea·

91 1814 193 1838 incertis
208 1817 288 1839 cei-los
302 1815 473 1847 compotesque
484 1816 574 1840 consili

90 1851 196 1880 dimitto,
211 1855 238 1876 ut
248 1859 278 1876 'ne
291 1859 332 1876 res
346 1854 435 1877 temere
449 1855 557 1877 tractem
571 1853 697 1878 turbidas.

38 1895 94 1920 200.
115 1894 162 1920 Est
180 1895 250 1921 enim
269 1895 326 1921 sine
343 1895 426 1922 dubio
439 1896 535 1923 domus
549 1897 731 1924 iurisconsulti
747 1899 826 1924 totius

36 1931 171 1958 oraculum
189 1932 313 1958 civitatis.
348 1933 434 1959 Testis
453 1937 493 1960 est
511 1933 623 1960 huiusce
641 1934 672 1966 Q.
693 1936 773 1961 Mucii
788 1936 827 1962 ia—

37 1976 87 1995 nua
105 1973 130 1994 et
149 1969 326 2001 vestibulum,
346 1970 418 2004 quod
437 1971 463 1996 in
482 1971 540 1997 eius
558 1972 740 1998 infirmissima
755 1973 827 1999 vale-

36 2005 127 2032 tudine
150 2005 292 2041 affectaque
316 2007 367 2033 iam
390 2012 472 2034 aetate
495 2009 610 2034 maxima
633 2009 752 2043 quotidie
775 2010 826 2036 frc—

35 2043 142 2077 quentia
164 2043 264 2069 civium
284 2052 312 2070 ac
334 2053 500 2071 summorum
524 2045 661 2072 hominum
684 2047 826 2081 splendore

35 2079 192 2106 celebratur.

91 2117 181 2143 XLVI.
197 2118 255 2143 201.
276 2118 328 2144 Iam
348 2126 408 2145 vero
426 2118 471 2145 illu
491 2128 542 2146 non
562 2119 666 2153 longam
680 2121 824 2147 orationem

35 2153 193 2185 desiderant,
219 2155 391 2188 quamobrem
414 2156 564 2182 existimem
589 2157 695 2191 publica
717 2167 825 2193 quoquo

35 2191 101 2223 iura,
122 2200 189 2226 quae
208 2196 271 2218 sunt
290 2193 395 2226 propria
412 2193 527 2220 civitatis
541 2199 620 2229 atque
635 2195 749 2229 imperii,
767 2201 823 2222 tum

37 2233 205 2255 monumenta
229 2238 318 2255 rerum
341 2234 476 2265 gestarum
499 2235 524 2257 et
543 2233 680 2258 vetustatis
703 2233 824 2267 exempla

36 2266 129 2292 oratori
144 2270 202 2292 nota
217 2274 275 2292 esse
289 2266 394 2293 debere.
438 2268 503 2294 Nam
522 2273 550 2294 ut
564 2269 591 2294 in
606 2278 693 2295 rerum
708 2271 824 2304 privatu-

37 2310 94 2329 rum
113 2303 215 2329 caussis
234 2308 312 2338 atque
331 2304 438 2330 iudiciis
455 2304 632 2339 depromenda
650 2316 729 2341 saepe
742 2308 824 2334 oratio

36 2343 76 2366 est
92 2348 125 2366 ex
144 2341 200 2367 iure
217 2341 290 2367 civili
305 2345 330 2367 et
345 2341 450 2372 idcirco=
468 2347 496 2368 ut
509 2346 568 2368 ante
582 2343 711 2375 diximus,
727 2345 822 2371 oratori

36 2376 102 2403 iuris
115 2377 202 2404 civilis
216 2378 326 2405 scientia
341 2379 487 2405 neccssaria
502 2384 550 2410 est,
566 2380 604 2406 sic
619 2380 644 2406 in
659 2381 761 2407 caussis
773 2390 824 2416 pu-

36 2412 112 2440 hlicis
136 2414 303 2447 iudiciorum,
332 2416 499 2447 concionum.
519 2422 627 2443 senatus
648 2419 736 2444 omnis
760 2419 823 2445 liuee

37 2453 62 2476 et
77 2451 241 2486 antiquitatis
260 2453 385 2479 memoria
404 2458 429 2479 et
447 2453 548 2488 publici
564 2454 629 2480 iuris
644 2456 784 2482 auctoritas
798 2461 824 2482 et

37 2488 163 2523 regendae
186 2489 348 2524 reipublicae
370 2491 436 2517 ratio
453 2500 482 2517 ac
500 2491 609 2517 scicntia
625 2496 758 2526 tamquam
773 2493 822 2519 alia

37 2525 157 2551 maten-ios
174 2526 207 2552 iis
225 2527 381 2559 emtoribus,
401 2528 449 2562 qui
468 2533 606 2554 versantur
630 2529 656 2554 in
675 2529 820 2563 republica,

37 2560 153 2588 subiecta
175 2571 234 2589 esse
256 2563 363 2591 debent.
393 2566 452 2592 202.
477 2566 534 2591 Non
552 2566 623 2591 0111111
642 2567 822 2593 caussidicum

37 2598 124 2625 nescio
141 2608 221 2635 quem
241 2609 325 2636 nequo
343 2601 558 2636 proclamator-cm
577 2607 622 2629 aut
640 2603 759 2630 rabulum
775 2604 822 2630 hoc

37 2642 154 2663 sermono
179 2642 266 2664 nostro
288 2639 481 2674 conquirimus·,
507 2640 553 2666 50(1
577 2649 638 2666 011111
659 2641 755 2672 virum,
774 2642 820 2676 qui

854 2224 856 2296 f

853 2299 855 2336 l

881 221 938 242 tura
962 226 1084 251 magnam
1108 217 1210 243 homini
1232 217 1383 244 facultatem
1407 219 1487 248 daret,
1509 224 1595 244 tamen
1615 228 1672 244 0550

880 253 947 279 deus
970 259 1086 288 putatur,
1114 258 1142 280 ut
1159 258 1185 280 et
1203 255 1301 289 ipsum,
1327 255 1399 289 quod
1413 260 1468 281 erat
1482 255 1598 282 hominis
1613 265 1673 290 pro-

881 291 979 324 prium,
997 300 1048 317 non
1063 296 1168 325 partum
1180 300 1227 325 per
1241 301 1296 323 nos,
1313 292 1360 318 sed
1374 292 1505 318 divinitus
1519 293 1552 318 ad
1566 302 1614 319 1105
1627 293 1673 319 dc-

883 327 963 353 latum
980 328 1127 361 11ᾰο10101,
1143 328 1303 364 (10111110,ᾳυί
1317 330 1410 364 possit,
1427 338 1479 356 non
1494 335 1545 356 tam
1559 330 1674 356 caduceo

881 373 962 399 quam
987 365 1093 391 nomine
1116 366 1226 391 oratoris
1250 371 1367 398 ornatus,
1389 367 1531 393 incolumis
1551 367 1674 393 101111101-

883 402 999 427 hostium
1024 402 1074 428 tela
1099 403 1209 435 versari,
1238 408 1304 434 tum,
1325 404 1373 438 qui
1392 404 1480 430 scelus
1499 403 1674 439 fraudemque

883 440 1000 465 nocentis
1015 440 1099 473 possit
1113 439 1225 466 dicendo
1239 441 1370 467 subiicere
1385 441 1445 467 odio
1456 442 1557 467 civium
1569 441 1674 476 suppli-

881 477 975 510 cioque
989 477 1182 511 constringere:v
1200 477 1326 512 idemque
1340 478 1440 514 ingenii
1455 479 1588 513 praesidio
1598 479 1675 505 inno-

881 514 994 539 centiam
1005 513 1166 539 iudiciorum
1178 523 1261 548 poena
1273 515 1397 548 liberare3
1411 515 1675 552 idemquelanguen-

882 554 934 576 tem
954 549 1140 585 labentemque
1158 551 1289 586 populum
1301 557 1345 578 aut
1360 552 1392 578 ad
1406 552 1487 579 decus
1502 554 1615 580 excitare
1630 558 1675 579 aut

881 587 914 613 ab
933 596 1018 613 errore
1036 587 1167 614 deducere
1185 593 1230 614 aut
1247 588 1410 616 inflammare
1429 591 1454 616 in
1473 591 1609 625 improbos
1630 597 1674 616 aut

881 625 1020 650 incitatum
1035 625 1062 650 in
1076 625 1159 651 honos
1173 626 1307 661 mitigare3
1323 628 1370 661 qui
1381 627 1505 662 denique,
1515 637 1674 662 quemcum-

881 670 933 696 que
952 662 979 687 in
997 662 1094 687 animis
1110 662 1249 689 hominum
1264 668 1366 690 motum
1380 673 1421 690 res
1436 670 1460 690 et
1473 674 1567 691 caussa
1582 671 1673 700 postu—

858 698 860 717 )
881 698 924 729 let,
941 707 1003 724 eum
1022 698 1134 725 dicendo
1148 699 1189 725 vel
1209 701 1323 726 excitare
1336 702 1421 735 possit
1435 702 1475 728 vel
1491 702 1591 728 sedare.
1615 705 1671 729 203.

880 736 952 762 Hanc
966 736 1020 762 vim
1035 737 1058 762 si
1072 737 1134 771 quis
1149 737 1283 763 existimat
1297 743 1341 764 aut
1355 739 1387 764 ab
1402 739 1444 770 iis,
1460 739 1507 774 qui
1522 739 1554 765 (10
1568 739 1672 766 dicendi

880 774 980 799 ratione
1003 774 1177 808 scripserunt,
1202 775 1350 809 expositam
1369 784 1436 808 esse,
1453 781 1499 802 aut
1512 785 1526 802 a
1540 786 1582 802 me
1597 786 1673 811 posse

881 811 977 845 exponi
992 815 1043 836 tam
1056 811 1140 843 brevi,
1150 811 1321 838 vehementer
1338 818 1414 844 errat,
1430 822 1517 848 neque
1531 814 1617 840 solum
1634 816 1674 840 in-

858 867 859 873 .
880 848 1018 874 scientiam
1034 857 1128 879 meam,
1137 848 1185 874 sed
1198 858 1231 875 110
1242 858 1330 876 rerum
1340 851 1450 885 quidem
1461 851 1673 886 magnitudinem

880 886 1016 920 perspicit.
1054 886 1188 920 Equidem
1213 887 1302 918 vobis,
1328 888 1454 922 quoniam
1481 889 1516 915 ita
1540 889 1672 920 voluistis,

880 922 975 952 fontes,
996 922 1068 948 unde
1087 923 1238 955 hauriretis,
1260 929 1339 959 atque
1353 926 1446 952 itinera
1460 926 1519 960 ipsa
1532 927 1567 952 ita
1582 928 1673 961 putavi

880 968 939 986 esse
957 960 1170 992 demonstranda,
1191 970 1243 987 non
1258 966 1288 988 ut
1300 963 1358 997 ipse
1372 962 1428 989 dux
1442 972 1538 995 essem,
1555 964 1636 998 (quod
1650 969 1675 990 ct

880 997 1015 1023 infinitum
1039 1002 1079 1023 est
1100 1002 1126 1024 et
1144 1007 1196 1024 non
1215 1000 1416 1035 necessarium,)
1434 1001 1480 1027 sed
1496 1005 1524 1027 ut
1538 1010 1675 1027 common-

881 1039 992 1060 strarem
1017 1039 1119 1061 tantum
1142 1035 1213 1062 viam
1235 1041 1268 1067 et,
1291 1041 1320 1063 ut
1336 1037 1393 1064 fieri
1412 1037 1487 1069 solet,
1508 1038 1623 1074 digitum
1641 1039 1673 1065 ad

881 1071 966 1098 fontes
990 1072 1163 1099 intenderem.
1198 1073 1301 1100 XLVII.
1325 1076 1384 1102 204.
1410 1075 1476 1102 Mihi
1495 1084 1565 1107 vero,
1586 1076 1675 1111 inquit

881 1109 995 1140 Mucius,
1013 1110 1076 1135 satis
1087 1118 1222 1145 superque
1233 1111 1280 1137 abs
1291 1116 1315 1137 te
1326 1112 1432 1139 videtur
1442 1113 1554 1139 istorum
1565 1114 1671 1144 studiis,

858 1166 859 1169 .
880 1147 903 1172 si
918 1146 996 1172 modo
1009 1151 1072 1173 sunt
1085 1147 1208 1179 studiosi,
1225 1157 1282 1174 esse
1297 1148 1407 1176 factum.
1441 1151 1517 1182 Nam,
1538 1156 1568 1177 ut
1581 1150 1674 1177 Socra-

880 1188 932 1209 tem
952 1183 1030 1210 illum
1048 1184 1157 1211 solitum
1176 1186 1251 1212 aiunt
1264 1186 1361 1219 dicere,
1378 1187 1525 1222 perfectum
1539 1188 1591 1214 sibi
1605 1198 1673 1224 opus

880 1229 947 1252 esse,
972 1222 995 1247 si
1018 1222 1081 1256 quis
1099 1223 1164 1248 satis
1182 1227 1253 1249 esset
1267 1225 1414 1251 concitatus
1432 1225 1610 1252 cohortatione
1624 1236 1672 1252 sua

880 1258 914 1284 ad
931 1259 1053 1285 studium
1071 1260 1269 1295 cognoscendae
1292 1262 1532 1298 percipiendaeque
1552 1264 1671 1290 virtutis:

880 1295 990 1331 (quibus
1013 1297 1084 1322 enim
1108 1297 1136 1323 id
1159 1306 1318 1332 persuasum
1341 1304 1419 1331 esset,
1441 1305 1470 1326 ut
1484 1300 1550 1326 nihil
1566 1301 1674 1328 mallent

879 1342 938 1359 0550
956 1342 993 1364 50,
1009 1342 1091 1368 quam
1104 1334 1188 1361 bonos
1202 1336 1282 1367 viros,
1303 1337 1336 1362 iis
1350 1337 1481 1373 reliquam
1497 1337 1601 1364 facilem
1616 1347 1674 1365 esse

880 1370 1052 1406 doctrinanu)
1066 1372 1105 1397 sic
1118 1380 1167 1407 ego
1182 1372 1310 1408 intelligo,
1326 1375 1349 1400 si
1363 1375 1391 1401 in
1402 1375 1475 1407 hacc,
1491 1384 1560 1410 quae
1574 1376 1674 1410 patefe—

881 1454 926 1471 vos
950 1445 983 1471 ad
1006 1454 1044 1477 ea,
1068 1454 1138 1480 quae
1160 1447 1268 1481 cupitis,
1293 1454 1467 1483 perventuros
1486 1450 1518 1476 ab
1538 1450 1586 1476 1100
1600 1451 1673 1477 aditu

37 1499 89 1526 fere
102 1501 154 1526 iam
169 1504 274 1534 tempus
288 1500 420 1535 adventat)
434 1501 544 1527 deficere
558 1502 714 1536 coepissem,
732 1504 780 1529 ism
795 1504 828 1529 ab
879 1482 1012 1517 ianuaque
1026 1482 1164 1517 patefacta.
1181 1486 1240 1511 205.
1257 1486 1340 1512 Nobis
1352 1495 1422 1518 vero,
1433 1487 1671 1522 inquitSulpicius,

880 1520 928 1545 ista
942 1524 1005 1546 sunt
1019 1525 1139 1556 pergrata
1153 1530 1254 1556 perque
1274 1523 1404 1556 iucunda;
1432 1525 1479 1550 sed
1498 1533 1580 1559 pauca
1595 1527 1673 1552 etiam

879 1557 1042 1591 requirimus
1057 1557 1084 1584 in
1098 1558 1247 1594 primisque
1261 1568 1299 1591 ea,
1315 1569 1383 1595 quae
1399 1561 1474 1587 valde
1489 1562 1604 1588 breviter
1614 1572 1627 1588 a
1639 1569 1671 1593 tc,

849 1604 858 1623 ς’
880 1594 981 1626 Crasse,
1007 1594 1040 1620 de
1065 1595 1122 1629 ipsa
1141 1600 1195 1622 arte
1213 1605 1340 1631 percursa
1354 1603 1426 1630 sunt,
1442 1608 1526 1634 quum
1551 1599 1595 1625 illa
1611 1605 1634 1626 ῐο
1649 1605 1673 1626 et

879 1640 930 1657 non
945 1636 1112 1658 contemnere
1126 1637 1152 1658 et
1165 1633 1292 1661 didicisse
1306 1636 1466 1662 confiterere.
1495 1637 1532 1663 Ea
1546 1637 1568 1663 si
1584 1638 1674 1671 paullo

880 1668 958 1694 latius
977 1668 1086 1701 dixeris,
1112 1670 1228 1705 expleris
1246 1681 1353 1699 omnem
1371 1674 1593 1708 exspectationem
1613 1676 1674 1701 diu—

879 1706 950 1732 turni
964 1706 1090 1733 desiderii
1106 1709 1198 1734 nostri.
1220 1709 1287 1736 Nam
1302 1719 1382 1742 nunc,
1394 1711 1495 1746 quibus
1509 1711 1672 1738 studendum

878 1743 958 1770 rebus
977 1748 1055 1776 esset,
1076 1746 1237 1780 accepimus,
1258 1747 1331 1782 quod
1349 1748 1439 1783 ipsum
1459 1753 1498 1775 est
1516 1753 1602 1775 tamen
1618 1759 1673 1776 ma-

849 1790 858 1807 2=
877 1789 975 1816 gnum3
1003 1781 1052 1807 sed
1070 1782 1127 1808 vias
1141 1792 1232 1810 earum
1247 1793 1335 1811 rerum
1351 1786 1533 1821 rationemque
1547 1788 1672 1821 cupimus

877 1827 1045 1854 cognoscere.
1081 1821 1140 1846 206.
1159 1820 1230 1852 Quid
1250 1821 1282 1854 si,
1302 1823 1391 1858 inquit
1405 1823 1525 1855 Crassus,
1546 1826 1672 1858 quoniam

878 1864 935 1891 ego,
956 1864 1010 1891 quo
1028 1855 1134 1883 facilius
1153 1867 1200 1885 vos
1218 1859 1289 1894 apud
1309 1869 1350 1886 me
1369 1865 1494 1892 tenerem,
1511 1866 1612 1888 vestrae
1627 1871 1673 1897 po—

856 1895 857 1904 *
878 1893 931 1919 tius
945 1894 1089 1920 obsecutus
1103 1903 1164 1921 sum
1179 1896 1318 1929 voluntati,
1331 1906 1411 1932 quam
1426 1903 1471 1924 aut
1484 1900 1672 1926 consuetudini

877 1935 922 1956 aut
945 1935 1054 1957 naturae
1078 1940 1159 1964 meae,
1185 1935 1303 1968 petimus
1321 1935 1354 1961 ab
1368 1935 1490 1967 Antonio,
1507 1941 1536 1962 ut
1549 1945 1587 1967 ea,
1604 1946 1672 1972 quac

876 1968 993 1994 continet
1016 1977 1102 2003 neque
1121 1969 1209 1997 adhuc
1227 1971 1345 2006 protulit,
1366 1981 1399 1999 ex
1417 1973 1518 2008 quibus
1537 1982 1621 2000 unum
1642 1975 1673 2000 li>

856 2037 857 2043 1
877 2005 979 2032 bellum
991 2006 1043 2032 sibi
1058 2007 1190 2034 excidisse
1205 2009 1362 2036 iamdudum
1374 2015 1486 2045 questus
1500 2012 1673 2046 est,expli‹·et

848 2051 857 2074 ,1
877 2043 963 2074 nobis,
981 2047 1005 2069 et
1020 2043 1064 2069 illa
1084 2043 1190 2072 dicendi
1205 2048 1331 2082 mysteria
1345 2048 1483 2074 enuntiet?
1509 2048 1541 2074 Ut
1557 2049 1668 2075 ridetur.

877 2080 965 2115 inquit
988 2080 1141 2115 Sulpicius,
1171 2092 1231 2110 nam
1251 2084 1364 2112 Antonio
1382 2085 1495 2116 dicente,
1512 2086 1590 2112 ctiam
1605 2087 1670 2121 quid

877 2121 905 2143 tu
932 2118 1039 2150 sentias,
1069 2118 1261 2156 intelligemus.
1288 2123 1347 2148 207.
1374 2123 1436 2149 Peto
1459 2123 1553 2158 igitur,
1585 2124 1671 2158 inquit

855 2155 856 2183 Ξ
877 2154 998 2186 Crassus,
1019 2164 1032 2181 a
1052 2159 1084 2187 te,
1105 2158 1232 2191 quoniam
1252 2158 1279 2185 id
1294 2159 1379 2191 1101115,
1396 2160 1503 2191 Antoni,
1517 2160 1671 2187 bominibus

854 2212 856 2215 .
877 2192 903 2218 id
917 2193 1018 2224 aetatis,
1035 2194 1122 2220 oneris
1136 2195 1170 2220 ab
1184 2195 1279 2222 horum
1294 2196 1501 2223 adolescentium
1513 2198 1610 2223 studiis
1622 2199 1670 2223 im-

876 2231 993 2264 ponitur,
1021 2235 1048 2256 ut
1066 2239 1192 2266 exponas,
1220 2233 1287 2268 quid
1311 2235 1344 2260 iis
1367 2234 1400 2260 dc
1424 2235 1513 2266 rebus,
1532 2244 1600 2269 quas
1619 2244 1631 2260 u
1648 2241 1670 2260 ι(-

875 2268 968 2301 quaeri
981 2267 1182 2299 vides‚sentias.
1199 2270 1313 2298 xhvlu.
1330 2271 1530 2306 Deprehensum
1544 2272 1669 2306 equidem

877 2314 927 2335 me,
949 2305 1037 2339 inquit
1054 2305 1195 2339 Antonius,
1216 2307 1294 2342 plane
1314 2309 1390 2335 video
1408 2314 1487 2343 atque
1507 2310 1600 2339 sentio,
1619 2319 1669 2335 non

854 2347 855 2374 1
875 2342 963 2368 solum
978 2342 1050 2377 quod
1064 2351 1094 2368 ca
1109 2345 1282 2378 requiruntur
1295 2354 1309 2371 a
1324 2354 1374 2376 1110,
1390 2355 1505 2380 quorum
1520 2355 1580 2372 511111
1595 2347 1670 2381 ignu—

876 2388 921 2405 rus
945 2384 1024 2413 atquo
1042 2379 1168 2412 insolens,
1189 2381 1236 2408 sed
1254 2383 1326 2417 quia,
1347 2383 1419 2417 quod
1435 2384 1460 2408 in
1475 2383 1578 2409 caussis
1594 2383 1670 2410 valde

876 2415 967 2451 sugere
985 2416 1066 2448 soleo,
1088 2426 1120 2443 110
1140 2418 1197 2449 tibi,
1214 2419 1316 2450 Crasse,
1333 2420 1484 2451 succedam,
1502 2420 1527 2446 id
1543 2430 1584 2446 mc
1599 2430 1669 2447 1111111·

876 2454 919 2480 15ῑί
935 2455 1017 2480 vitare
1032 2463 1083 2480 non
1097 2455 1199 2481 sinunt.
1234 2458 1293 2482 208.
1314 2457 1410 2483 Verum
1427 2457 1475 2483 lioc
1490 2458 1623 2493 ingrediar
1637 2460 1668 2485 ad

875 2500 913 2522 ea,
929 2500 998 2526 quae
1014 2491 1104 2523 vultis,
1121 2492 1258 2525 audacius,
1275 2494 1347 2528 quod
1363 2494 1432 2520 idem
1448 2495 1513 2521 mihi
1528 2504 1606 2530 spero
1618 2505 1668 2522 11511

874 2538 933 2555 0550
953 2533 1095 2555 venturum
1115 2530 1141 2555 in
1162 2530 1209 2556 liae
1223 2531 1412 2566 disputatione,
1428 2532 1500 2566 quod
1516 2533 1541 2558 in
1556 2533 1669 2559 dicendo

874 2565 949 2597 solet,
966 2570 995 2592 ut
1010 2566 1081 2593 nulla
1096 2572 1264 2602 exspectetur
1277 2574 1366 2595 ormna
1380 2570 1471 2596 oratio.
1494 2570 1585 2604 Neque
1596 2580 1667 2596 emm

874 2612 935 2630 511111
949 2603 982 2630 de
996 2609 1049 2630 arte
1063 2604 1195 2636 dicturus,
1211 2614 1292 2640 quam
1308 2616 1455 2642 numquam
1470 2607 1561 2637 didici,
1578 2608 1667 2633 501111(-

875 2650 931 2668 mea
945 2642 1153 2675 consuetudine,
1182 2643 1293 2678 ipsaque
1308 2644 1360 2675 illu.
1381 2653 1450 2680 quae
1466 2645 1491 2671 in
1506 2650 1667 2671 conum-ntu-
