1941 3052
397 181 453 208 An
484 180 782 208 HERENNIUM
814 181 900 207 LIB.
935 182 978 208 lv.

26 257 66 281 cto
80 251 224 279 ratiocinati
238 255 325 278 essent
339 252 418 278 etiam
432 256 511 287 atque
525 252 612 283 etiam,
628 251 695 286 quid
704 255 813 286 possent

26 291 118 322 facere,
139 291 162 316 si
179 289 288 325 quidem
307 298 354 315 sua
373 294 465 324 sponte
484 289 606 321 facerent,
627 294 653 315 et
666 298 717 315 non
731 289 814 315 babe—

26 333 83 356 rent
96 328 139 354 hic
153 327 283 353 adiutores
298 326 404 357 multos,
421 326 504 353 malos
518 326 640 353 homines
654 331 679 352 et
689 326 811 352 audaces.

26 365 117 393 Solent
133 365 203 391 enim
221 364 268 390 diu
285 365 400 399 cogitare
417 372 518 394 omneS,
539 364 586 398 qui
601 373 695 399 magna
710 364 813 399 negotia

25 403 119 430 volunt
140 410 225 437 agere.
258 402 316 427 Non
339 405 425 436 potest
447 401 602 427 huiusmodi
620 410 707 427 sermo
725 406 813 427 tenere

26 444 153 467 attentum
167 438 322 465 auditorem.
345 438 446 464 Distluit
460 439 531 464 enim
545 443 624 470 totus,
637 447 723 473 neque
733 438 814 473 quid-

25 486 106 512 quam
130 475 357 510 comprehendens
385 475 507 510 perfectis
526 476 614 502 verbis
633 475 811 510 amplectitur.

25 515 76 548 Qui
89 523 140 541 non
154 517 265 548 possunt
278 513 306 539 in
320 513 365 539 illa
380 513 538 539 facetissima
553 513 695 539 verborum
709 517 813 538 attenu-

25 553 109 579 atione
130 550 267 577 commode
288 551 397 581 versari,
423 551 534 576 veniunt
552 550 584 576 ad
602 550 706 576 aridum
723 554 748 575 et
766 558 814 575 ex-

25 597 124 625 sangue
141 597 226 623 genus
244 588 377 619 orationis,
398 587 470 622 quod
488 596 540 613 non
559 587 675 613 alienum
690 592 730 613 est
744 586 812 612 exile

26 626 162 657 nominari,
183 625 334 651 cuiusmodi
353 629 392 650 est
410 625 473 651 hoc:
496 625 562 650 Nam
577 625 636 650 istic
650 624 694 650 ille
709 624 741 650 ad
755 623 813 650 bal-

26 673 87 691 neas
105 663 226 696 aceessit;
249 662 282 688 ad
300 662 371 688 hune
390 667 479 697 postea
493 662 565 692 dicit,
582 662 625 687 hic
640 666 702 687 tuus
717 670 812 687 servus

25 706 68 728 me
80 700 205 736 pulsavit.
238 700 331 726 Postea
345 699 409 725 dicit
423 699 466 725 hic
479 699 528 729 illi,
545 699 726 725 considerabo.
750 699 812 724 Post

25 738 70 765 ille
82 738 230 764 convicium
245 736 307 763 fecit
332 741 357 763 et
371 737 456 772 magis
472 737 611 771 magisque
626 736 811 771 praesentibus

25 775 115 802 multis
129 774 261 801 clamavit.
277 773 400 801 Frivolus
414 774 457 800 hic
471 774 581 808 quidem
595 774 647 799 iam
659 778 683 799 et
694 773 812 799 illibera-

25 812 58 840 lis
71 817 110 839 est
123 820 218 838 sermo.
253 813 310 838 Non
329 812 401 838 enim
415 811 527 846 adeptus
541 815 581 837 est
594 811 630 840 id,
646 811 718 845 quod
732 811 811 836 habet

24 853 154 877 attenuata
176 849 268 884 figura,
292 849 368 883 puris
386 849 475 875 verbis
494 853 519 874 et
533 848 623 874 electis
636 848 810 882 compositam

23 888 174 914 orationem.
192 886 276 913 Omne
289 895 374 922 genus
389 886 521 917 orationis,
538 890 563 912 et
576 894 657 921 grave
671 890 697 911 et
710 885 812 912 medio-

23 932 65 951 cre
78 929 102 950 et
115 928 287 955 attenuatum,
304 924 431 959 dignitate
446 923 564 949 afficiunt
578 923 811 954 exornationes,de

22 961 121 996 quibus
143 965 203 996 post
225 961 378 996 loquemur,
406 970 474 996 quae
493 961 515 987 si
534 969 606 987 rarae
624 961 807 995 disponentur,

21 998 181 1029 distinctam,
198 999 277 1025 sicuti
286 998 433 1031 coloribus3
449 999 472 1024 si
482 998 588 1024 crebrae
598 998 807 1029 collocabuntur,

21 1036 129 1063 oblitam
143 1036 253 1062 reddent
266 1036 420 1062 orationem.
455 1035 507 1061 Sed
527 1035 638 1071 figuram
657 1036 684 1062 in
698 1035 810 1062 dicendo

21 1074 177 1100 commutari
191 1077 299 1108 oportet,
317 1078 346 1099 ut
358 1082 467 1108 gravem
482 1073 632 1103 mediocris,
649 1073 809 1099 mediocrem
832 1105 833 1110 1

21 1111 134 1145 excipiat
148 1115 288 1137 attenuata.
322 1110 422 1136 Deinde
439 1110 584 1136 identidem
602 1115 807 1142 commutentur,

19 1152 50 1174 ut
63 1147 138 1174 facile
152 1149 257 1174 satietas
271 1148 396 1174 varietate
411 1148 517 1174 vitetur.

74 1193 133 1220 XII.
151 1194 190 1220 ⁴7.
210 1193 348 1226 Quoniam,
369 1194 470 1228 quibus
488 1193 514 1219 in
533 1193 678 1229 generibus
696 1193 810 1220 elocutio

20 1231 119 1257 versari
137 1231 239 1262 debeat,
255 1231 357 1257 dictum
371 1235 419 1262 est,
436 1231 575 1257 videamus
590 1240 669 1262 nunc,
685 1240 752 1266 quas
767 1240 809 1257 res

19 1267 114 1294 debeat
134 1268 231 1295 habere
253 1268 367 1295 elocutio
384 1268 521 1294 commoda
539 1272 565 1294 et
578 1268 703 1302 perfecta.
736 1268 809 1300 Quae

19 1305 135 1332 maxime
148 1306 180 1332 ad
194 1306 304 1332 modum
318 1306 427 1332 oratoris
438 1306 633 1332 accommodata
643 1310 690 1336 est,
705 1311 757 1332 tres
767 1315 809 1332 res

19 1342 46 1369 in
60 1351 89 1369 se
102 1342 180 1369 debet
193 1343 299 1374 babere,
308 1343 474 1378 elegantiam,
483 1343 711 1377 compositionem,
720 1343 809 1379 digni-

17 1384 109 1406 tatem.
142 1380 279 1416 Elegantia
293 1385 340 1411 est,
362 1389 431 1415 quae
445 1380 514 1412 facit,
540 1385 569 1407 ut
583 1389 668 1406 unum
682 1381 809 1415 quodque

17 1425 85 1453 pure
99 1421 124 1443 et
137 1422 226 1452 aperte
240 1417 292 1444 dici
307 1417 437 1444 videatur.
458 1418 527 1444 Haec
540 1417 711 1444 distribuitur
721 1419 747 1444 in
759 1419 809 1444 La-

17 1455 147 1481 tinitatem
166 1459 192 1481 et
209 1454 431 1489 explanationem.
465 1455 593 1481 Latinitas
607 1459 654 1486 est,
671 1464 739 1490 quae
754 1464 810 1482 ser-

16 1500 122 1518 monem
146 1501 244 1527 purum
266 1497 413 1522 conservat,
437 1492 471 1519 ob
493 1493 564 1518 omni
584 1493 648 1518 vitio
666 1497 807 1519 remotum.

17 1528 85 1556 Vitia
100 1529 127 1555 in
141 1538 270 1560 sermone,
287 1538 341 1564 quo
355 1530 444 1555 minus
459 1530 482 1555 is
496 1530 606 1555 Latinus
620 1530 663 1560 sit,
679 1530 733 1556 duo
747 1539 809 1564 pos-

17 1571 81 1593 sunt
93 1575 165 1593 esse:
181 1566 354 1593 soloecismus
368 1571 393 1592 et
407 1567 598 1593 barbarismus.
629 1566 808 1593 Soloecisnius
838 1583 839 1587 =
941 1597 946 1602 ¹
1024 1597 1028 1602 ι
1436 1600 1440 1604 Ι
1492 1600 1496 1605 .
1516 1601 1520 1605 ι

837 1598 838 1603 ’
860 1601 922 1627 erat,
940 1605 1096 1632 ingeniosus
1111 1602 1174 1629 erat,
1190 1598 1284 1624 doctus
1299 1603 1362 1629 erat,
1380 1599 1457 1625 boms
1472 1609 1537 1626 Viris
1556 1605 1581 1627 et
1595 1606 1654 1627 stu-

18 1607 65 1635 est,
80 1612 165 1638 quum
178 1604 206 1630 in
220 1604 309 1630 verbis
324 1603 447 1638 pluribus
459 1613 624 1638 consequens
639 1605 751 1631 verbum
762 1614 809 1630 su—

17 1641 113 1676 periori
131 1650 183 1667 non
201 1641 423 1667 accommodatur.
457 1641 641 1667 Barbarismus
657 1645 704 1672 est,
722 1651 807 1676 quum

18 1678 129 1705 verbum
143 1678 251 1714 aliquod
265 1678 360 1704 vitiose
373 1678 488 1704 effertur.
504 1679 572 1704 Haec
586 1687 639 1713 qua
654 1679 752 1705 ratione
768 1680 808 1705 vi-

17 1791 124 1817 tionem.
145 1791 182 1817 Ea
195 1794 362 1825 comparatur
375 1790 481 1816 duabus
496 1790 585 1821 rebus,
602 1791 706 1817 usitatis
717 1791 806 1817 verbis

18 1832 43 1854 et
59 1828 183 1863 propriis.
217 1828 317 1854 Usitata
335 1832 399 1854 sunt.
416 1836 455 1859 ea,
472 1836 541 1862 quae
556 1833 696 1854 versantur
710 1829 736 1855 in
751 1838 807 1855 ser-

17 1873 93 1892 mone
107 1869 132 1891 et
144 1865 338 1892 consuetudine
351 1865 520 1900 quotidiana:
542 1866 656 1900 propria,
669 1874 738 1900 quae
748 1866 806 1892 eius

16 1903 54 1929 rei
67 1902 146 1929 verba
160 1906 222 1929 sunt
235 1907 281 1929 aut
294 1911 352 1929 esse
366 1906 486 1937 possunt,
500 1911 553 1937 qua
569 1902 601 1928 de
616 1902 766 1938 loquemur.

72 1944 112 1969 ⁴8.
131 1942 294 1978 Compositio
311 1947 351 1969 est
369 1943 511 1969 verborum
532 1944 693 1969 constructio
707 1952 806 1978 aequa-

15 1979 104 2007 biliter
120 1980 258 2015 perpolita.
285 1981 321 2007 Ea
335 1980 544 2012 conservabitur,
561 1980 583 2006 si
599 1979 734 2016 fugiemus
748 1989 806 2007 cre—

14 2016 77 2044 bras
90 2017 222 2044 vocalium
236 2018 431 2049 concursiones
445 2026 513 2052 quae
525 2022 626 2044 vastam
637 2022 716 2052 atque
728 2018 806 2044 hian-

15 2057 69 2081 tem
90 2055 233 2082 orationem
257 2055 379 2086 reddunt,
404 2059 434 2081 ut
456 2055 506 2081 hoc
528 2059 580 2081 est:
609 2055 691 2081 Bacae
709 2064 805 2082 aeneae

16 2092 217 2118 amoenissimae
230 2092 428 2127 impendebant.
460 2092 501 2123 Et,
527 2093 550 2119 si
569 2092 714 2119 vitabimus
732 2093 806 2119 eius—

15 2127 76 2156 dem
90 2128 190 2156 litterae
211 2130 320 2156 nimiam
344 2129 541 2162 assiduitatem;
569 2130 613 2156 cui
631 2130 696 2156 vitio
710 2138 804 2157 versus

14 2164 60 2193 hic
76 2167 125 2193 erit
142 2166 278 2201 exemplo:
300 2167 371 2202 (nam
390 2167 434 2194 hic
452 2166 519 2194 nihil
540 2167 665 2202 prohibet
678 2167 705 2194 in
720 2167 802 2199 vitiis,

16 2202 108 2230 alienis
121 2204 253 2238 exemplis
267 2205 305 2230 uti
314 2204 332 2239 :)

53 2240 75 2268 0
90 2241 150 2272 Tne,
167 2246 225 2272 tute,
243 2242 308 2271 Tati,
324 2243 369 2268 tibi
383 2246 463 2273 tanta,
480 2246 596 2275 tyranne,
612 2243 702 2273 tulisti,

17 2281 42 2304 et
54 2277 97 2305 hic
110 2278 230 2305 eiusdem
246 2283 349 2313 poetae:

54 2315 198 2349 Quidqudm
211 2318 346 2349 quisquam
360 2318 559 2350 cuiquam,quod
573 2319 713 2346 conveniet,
726 2318 814 2350 neqet?

15 2350 56 2383 Et.
71 2353 95 2379 si
108 2353 229 2379 eiusdem
244 2353 316 2379 verbi
332 2352 515 2380 assiduitatem
530 2353 640 2379 nimiam
653 2353 804 2389 fugiemus3

16 2396 46 2416 oa
63 2393 102 2416 est
119 2389 288 2416 huiusmodi:
314 2391 380 2416 Nam
398 2390 476 2416 cuius
491 2391 599 2417 rationis
614 2390 679 2417 ratio
693 2399 744 2418 non
758 2400 806 2418 ex-

15 2429 77 2458 atet,
93 2427 117 2453 ei
131 2427 223 2454 rationi
239 2427 304 2454 ratio
317 2435 368 2453 non
383 2431 423 2453 est
437 2427 515 2453 sidem
530 2427 636 2454 habere.
658 2428 699 2458 Et.
715 2428 737 2454 si
753 2437 805 2455 non

15 2500 106 2528 modo:

51 2546 158 2578 Flentes,
170 2549 310 2581 plorantes,
326 2549 499 2577 lacrimantes,
511 2549 676 2574 obtestantes.-

16 2595 54 2623 et,
77 2592 100 2618 si
123 2592 263 2619 verborum
287 2593 466 2619 traiectionem
486 2592 644 2624 vitabimus,
666 2593 716 2619 nisi
735 2602 804 2628 quae

15 2628 65 2655 erit
77 2629 212 2661 concinna,
228 2638 281 2665 qua
294 2630 327 2657 de
341 2639 368 2656 re
382 2630 515 2665 posterius
530 2629 684 2665 loquemur,
709 2639 763 2666 quo
777 2631 803 2657 in

15 2664 80 2693 vitio
93 2671 132 2693 est
146 2666 265 2694 Lucilius
278 2667 414 2699 assiduus,
431 2671 460 2694 ut
473 2667 522 2693 hoc
535 2671 576 2693 est
587 2667 613 2693 in
623 2667 709 2702 priore
722 2667 801 2694 libro:
833 2672 835 2681 ⁴

52 2711 106 2740 Has
118 2721 158 2739 res
171 2715 205 2739 ad
219 2717 241 2740 ιο
254 2716 373 2748 scriptas,
389 2713 460 2744 Luci,
475 2715 598 2744 ntisimus,
614 2714 678 2740 Aeli.

1013 181 1110 209 CAP.
1145 185 1278 210 8—14.
1622 188 1655 214 25

865 253 929 278 Item
951 251 1044 288 sugere
1065 257 1167 288 oportet
1189 253 1296 289 longam
1315 254 1457 281 verborum
1480 256 1658 284 continuatio-

865 298 934 320 nem,
947 298 1016 324 quae
1030 294 1055 317 et
1068 291 1196 317 auditoris
1210 300 1287 317 aures
1301 296 1327 318 et
1340 293 1448 318 oratoris
1463 293 1588 327 spiritum
1603 294 1657 321 lae-

864 327 912 353 dit.
935 327 981 353 nis
995 328 1068 354 vitiis
1083 328 1110 354 in
1124 329 1315 363 compositione
1329 329 1427 361 vitatis⁷
1443 330 1579 365 reliquum
1593 340 1657 367 ope-

864 364 901 390 ris
914 365 1127 391 consumendum
1141 370 1181 392 est
1194 366 1221 392 in
1235 365 1372 402 dignitate.

917 401 988 428 XIII.
1000 403 1119 438 Dignitas
1133 407 1181 435 est,
1197 412 1266 438 quae
1276 404 1363 430 reddit
1372 408 1490 430 ornatam
1500 405 1654 437 orationem,

864 439 989 465 varietate
1007 439 1187 475 distinguens.
1222 441 1290 467 Haec
1309 441 1336 467 in
1355 441 1497 468 verborum
1516 446 1540 468 et
1554 442 1581 468 in
1595 452 1658 469 sen-

866 477 1006 502 tentiarum
1024 478 1222 504 exornationem
1241 478 1380 504 dividitur.
1415 479 1562 505 Verborum
1581 489 1658 507 exor-

865 514 935 539 natio
953 519 1001 545 est,
1021 523 1090 549 quae
1108 515 1194 549 ipsius
1213 516 1343 542 sermonis
1362 516 1489 551 insignita
1507 517 1658 544 continetur

864 550 1048 585 perpolitione.
1084 551 1281 579 Sententiarum
1299 554 1435 580 exornatio
1453 558 1501 585 est,
1521 563 1590 589 quae
1605 564 1657 581 non

864 588 891 613 in
909 588 1008 619 verbis,
1028 588 1076 615 sed
1094 590 1122 616 in
1139 590 1207 624 ipsis
1221 591 1302 617 rebus
1315 591 1460 626 quamdam
1473 591 1553 618 habet
1566 592 1658 628 digni-

864 629 953 651 tatem.
969 624 981 638 *¹
991 625 1003 638 *
1013 624 1026 638 *

921 664 960 688 ⁴9.
976 663 1107 697 Repetitio
1120 668 1168 695 est,
1185 673 1270 699 quum
1284 666 1449 692 continenter
1462 666 1495 692 ab
1509 675 1563 693 uno
1577 671 1657 702 atque

863 699 956 725 eodem
971 700 1052 726 verbo
1070 700 1097 726 in
1112 701 1192 727 rebus
1207 702 1343 728 similibus
1357 708 1381 729 et
1395 703 1510 729 diversis
1525 705 1655 739 principia

863 741 1016 768 sumuntur,
1033 737 1082 764 hoc
1096 738 1187 765 modo:
1210 740 1290 765 Vobis
1304 740 1377 766 istud
1391 741 1590 767 attribuendum
1605 747 1653 774 est,

864 774 939 800 vobis
957 775 1040 810 gratia
1059 779 1099 801 est
1117 775 1247 807 habenda,
1269 777 1345 803 vobis
1364 778 1413 803 ista
1432 786 1473 803 res
1488 779 1536 804 erit
1550 779 1653 806 honori.

863 812 940 838 Item:
964 812 1054 846 Scipio
1072 813 1242 839 Numantiam
1262 814 1379 845 sustulit,
1405 814 1494 849 Scipio
1516 816 1657 852 Karthagi-

863 858 923 875 nem
942 849 1050 881 delevit,
1072 850 1161 885 Scipio
1179 859 1271 885 pacem
1289 852 1400 886 peperit,
1418 851 1507 886 Scipio
1521 853 1655 880 civitatem

862 887 988 913 servavit.
1023 887 1102 913 Item:
1121 888 1159 914 Tu
1174 888 1202 914 in
1216 888 1303 914 forum
1317 889 1432 923 prodire,
1449 894 1477 915 tu
1492 889 1578 916 lucem
1593 900 1656 918 eon-

862 924 972 958 spicere,
989 928 1017 950 tu
1032 924 1059 950 in
1074 925 1169 951 horum
1183 931 1356 960 conspectum
1371 927 1461 952 venire
1474 927 1596 953 conaris?
1608 937 1656 954 au—

861 961 908 987 des
923 962 1035 987 verbnm
1050 961 1154 988 facere?
1174 963 1256 989 audes
1270 963 1419 998 quidquam
1434 964 1466 990 ab
1480 965 1539 990 istis
1550 966 1656 999 petere‘?

839 1028 840 1031 Ἴ
862 998 944 1024 audes
963 999 1128 1033 supplicium
1146 1000 1300 1035 deprecari?
1324 1000 1395 1033 Quid
1413 1006 1461 1032 est,
1481 1002 1554 1036 quod
1568 1003 1656 1037 possis

861 1035 1022 1062 defendere‘?
1047 1037 1113 1071 quid
1132 1042 1180 1069 est,
1204 1037 1276 1072 quod
1295 1038 1393 1064 audeas
1411 1039 1564 1073 postulare?
1590 1040 1656 1075 quid

861 1078 909 1104 est,
931 1074 1003 1108 quod
1018 1074 1064 1100 tibi
1080 1079 1157 1108 putes
1171 1075 1279 1101 concedi
1293 1075 1431 1110 oportere‘?
1448 1077 1506 1103 Non
1521 1077 1656 1104 iusiuran-

861 1110 926 1136 dum
945 1110 1097 1146 reliquisti‘.>
1114 1121 1166 1138 non
1185 1113 1284 1139 amicos
1304 1113 1462 1147 prodidisti?
1483 1123 1534 1140 non
1553 1115 1655 1150 parenti

862 1156 957 1174 manus
972 1148 1104 1174 intulisti‘?
1118 1158 1170 1175 non
1184 1149 1300 1185 denique
1314 1150 1341 1176 in
1355 1151 1427 1177 omni
1441 1151 1568 1178 dedecore
1579 1152 1656 1179 volu-

862 1189 932 1211 tatus
954 1185 1000 1212 es‘?
1025 1186 1093 1212 Haec
1116 1187 1251 1214 exornatio
1272 1196 1358 1222 quum
1377 1188 1493 1215 multum
1508 1190 1655 1216 venustatis

861 1222 948 1254 habet,
966 1228 1021 1249 tum
1036 1224 1173 1259 gravitatis
1188 1228 1214 1250 et
1227 1225 1386 1252 acrimoniae
1394 1226 1553 1261 plurimum.
1569 1227 1655 1259 Quare

862 1260 967 1286 videtur
985 1269 1043 1286 esse
1062 1261 1213 1288 adhibenda
1231 1267 1256 1288 et
1274 1262 1307 1288 ad
1325 1263 1469 1290 ornandam
1488 1268 1512 1290 et
1527 1264 1559 1290 ad
1573 1273 1656 1291 exau-

860 1297 975 1333 gendam
989 1299 1143 1325 orationem.

917 1334 1061 1362 Conversio
1083 1341 1131 1368 est,
1157 1345 1205 1372 per
1226 1346 1307 1372 quam
1326 1346 1387 1369 non,
1408 1342 1438 1364 ut
1452 1343 1519 1370 ante,
1536 1340 1653 1374 primum

831 1385 832 1391 ι
860 1373 1006 1406 repetimus
1029 1373 1155 1406 verbum,
1180 1374 1227 1400 sed
1250 1375 1282 1401 ad
1305 1379 1469 1410 postremum
1491 1377 1655 1403 continenter

861 1410 1028 1442 revertimur,
1045 1411 1094 1437 hoc
1109 1411 1200 1438 modo:
1216 1412 1317 1438 Poenos
1332 1412 1448 1447 populus
1462 1414 1597 1440 Romanus
1612 1415 1655 1440 iu-

860 1447 931 1473 stitia
950 1447 1022 1479 vicit,
1043 1448 1124 1474 armis
1143 1449 1214 1480 vicit,
1237 1449 1393 1476 liberalitate
1412 1451 1485 1477 vicit.
1520 1452 1598 1478 Item:
1614 1452 1655 1478 Ex

860 1493 914 1518 quo
931 1489 1049 1519 tempore
1068 1486 1206 1512 concordia
1225 1486 1257 1512 de
1271 1487 1376 1513 civitate
1390 1487 1495 1514 sublata
1509 1493 1556 1520 est,
1575 1489 1655 1515 liber—

861 1525 899 1547 tas
914 1521 1018 1548 sublata
1033 1527 1080 1554 est,
1098 1523 1163 1549 tides
1177 1523 1282 1550 sublata
1297 1528 1345 1555 est,
1362 1525 1477 1551 amicitia
1488 1526 1592 1552 sublata
1603 1531 1651 1557 est,

861 1559 1012 1593 respublica
1027 1559 1131 1586 sublata
1147 1565 1195 1586 est.
1222 1561 1300 1587 Item:
1317 1561 1345 1588 C.
1359 1561 1464 1588 Laelius
1479 1563 1558 1590 homo
1569 1573 1654 1590 navus

860 1633 942 1659 ‹liosis
957 1635 1059 1660 amicus
1070 1639 1137 1661 erat:
1155 1644 1217 1670 ergo
1227 1636 1253 1661 in
1264 1636 1370 1662 civitate
1381 1637 1485 1671 primus
1497 1642 1559 1664 erat.
1572 1639 1651 1665 Item:

836 1673 837 1678 ¹
860 1671 926 1696 Nam
937 1680 1021 1706 quum
1037 1672 1110 1703 istos,
1132 1677 1161 1698 ut
1175 1672 1313 1699 absolvant
1329 1678 1361 1704 te,
1379 1682 1463 1709 rogas,
1481 1679 1509 1700 ut
1523 1676 1650 1709 peierent,

18 1721 71 1742 tare
85 1716 228 1750 possimus,
250 1716 276 1742 in
291 1720 344 1742 arte
357 1716 528 1751 grammatica
543 1715 660 1742 dilucide
674 1716 805 1742 dicemus.
836 1741 837 1751 ,
860 1716 949 1743 f03³S3
974 1712 1003 1734 ¹¹2
1017 1709 1241 1736 existimationem
1257 1710 1401 1745 'H’ssiigflffi‘
1423 1720 1512 1747 rogas;
1538 1717 1567 1738 ¹12
1582 1712 1653 1749 ¹⁰3&

17 1752 173 1788 Explanatio
187 1758 235 1784 est,
251 1762 319 1788 quae
333 1752 420 1779 reddit
430 1757 547 1788 apertam
556 1757 581 1779 et
592 1753 738 1780 dilucidam
749 1763 808 1780 ora-
836 1770 837 1774 =

858 1745 951 1780 populi
966 1746 1076 1772 Romani
1092 1751 1152 1772 tuae
1167 1746 1272 1773 libidini
1289 1744 1442 1783 largiantur,
1460 1758 1546 1785 rogas.

914 1782 984 1809 XIV.
1000 1785 1042 1810 20.
1063 1783 1218 1818 Complexio
1232 1789 1280 1815 cst,
1297 1793 1366 1820 quae
1381 1790 1522 1821 utramque
1535 1787 1654 1822 comple-

858 1820 938 1846 ctitur
955 1821 1162 1852 exornationem,
1183 1826 1209 1848 et
1223 1822 1298 1853 lianc,
1316 1827 1341 1848 et
1357 1831 1437 1857 quam
1453 1829 1512 1850 ante
1526 1826 1653 1859 exposui—

859 1866 928 1889 mus,
950 1862 980 1884 ut
997 1862 1022 1884 et
1040 1863 1174 1893 repetatur
1187 1859 1258 1885 idem
1274 1860 1391 1894 primum
1407 1861 1518 1887 verbum
1533 1863 1650 1897 saepius,

858 1899 883 1920 et
897 1895 988 1921 crebro
1002 1895 1035 1921 ad
1049 1896 1119 1922 idem
1135 1900 1298 1931 postremum
1315 1902 1486 1929 revertamur,
1500 1899 1548 1925 hoc
1559 1900 1650 1926 modo:

857 1932 909 1964 Qui
923 1937 995 1963 sunt,
1011 1933 1058 1968 qui
1074 1933 1177 1959 foedera
1191 1942 1270 1969 saepe
1281 1935 1428 1969 ruperunt?
1449 1936 1653 1973 Karthaginien-

857 1978 909 1995 ses.
926 1970 977 2002 Qui
992 1971 1119 2006 sunt,qui
1134 1971 1241 1997 crudele
1256 1971 1358 1998 bellum
1372 1973 1399 1999 in
1411 1973 1482 1999 ltalia
1492 1974 1653 2007 gesserunt?

835 2012 836 2018 ¹
858 2007 1103 2042 Karthaginienses.
1138 2008 1189 2040 Qui
1207 2013 1279 2040 sunt,
1300 2010 1347 2044 qui
1367 2010 1467 2036 ltaliam
1486 2011 1652 2038 deformave-

857 2043 936 2070 runt‘?
951 2045 1197 2081 Karthaginienses.
1233 2045 1284 2078 Qui
1299 2051 1370 2078 sunt,
1387 2048 1434 2083 qui
1449 2049 1501 2074 sibi
1517 2049 1652 2083 postulant

856 2081 978 2117 ignosci?
996 2083 1241 2119 Karthaginienses.
1266 2084 1358 2110 Videte
1372 2093 1443 2120 ergo,
1459 2094 1540 2120 quam
1555 2095 1652 2113 conve-

858 2120 912 2145 niat
925 2128 970 2146 eos
984 2120 1135 2155 impetrare.
1170 2122 1248 2147 Item:
1277 2121 1362 2154 Quem
1381 2127 1490 2149 senatus
1508 2123 1648 2154 damnarit,

834 2165 836 2176 r
856 2165 937 2191 quern
961 2157 1078 2192 populus
1104 2158 1239 2185 Romanus
1261 2158 1401 2190 damnarit.
1426 2169 1507 2195 quem
1530 2161 1651 2187 omnium

857 2194 1018 2222 existimatio
1036 2194 1176 2228 damnarit,
1198 2204 1260 2223 eum
1275 2205 1322 2223 vos
1341 2198 1479 2224 sententiis
1495 2199 1590 2225 vestris
1604 2198 1652 2225 ab·

856 2231 985 2258 solvetis?

913 2268 1054 2295 Traductio
1068 2273 1116 2301 cst,
1133 2278 1202 2305 quae
1214 2269 1284 2300 facit.
1298 2271 1346 2301 uti,
1359 2280 1444 2306 quum
1455 2271 1526 2298 idem
1538 2273 1651 2300 verbum

856 2305 976 2332 crebrius
999 2311 1120 2341 ponatur,
1146 2316 1197 2334 non
1221 2308 1299 2334 modo
1318 2317 1369 2334 non
1387 2308 1501 2335 offendat
1519 2311 1649 2342 animun),

856 2342 904 2369 sed
918 2344 997 2369 etiam
1011 2344 1207 2371 concinniorem
1222 2346 1366 2371 orationem
1383 2345 1483 2377 reddat,
1500 2346 1549 2372 hoc
1560 2353 1648 2382 pacto:

856 2380 907 2412 Qui
923 2380 989 2406 niliil
1005 2381 1083 2407 habet
1098 2381 1124 2408 in
1139 2382 1192 2408 vita
1207 2382 1354 2409 iucundius
1369 2383 1430 2413 vita,
1448 2384 1542 2410 iseum
1554 2385 1651 2411 virtute

835 2435 836 2438 ,
857 2417 938 2443 vitam
953 2426 1004 2444 non
1020 2422 1105 2452 potest
1118 2418 1212 2445 colere.
1235 2420 1314 2445 Item.-
1331 2420 1399 2445 Eum
1415 2424 1442 2446 tu
1458 2420 1593 2448 hominem
1603 2431 1651 2457 np-

16 2466 121 2490 utemffl-
140 2464 304 2491 cominente,-
321 2464 445 2491 similite,-
462 2464 619 2491 cadentibus
636 2465 732 2496 verbis·
756 2465 805 2492 hoc
834 2460 836 2493 Q
857 2454 949 2489 pellas,
965 2455 1012 2490 qui
1027 2455 1049 2481 si
1065 2455 1160 2482 suisset
1173 2456 1260 2486 homo,
1278 2465 1425 2491 numquam
1441 2462 1493 2484 tam
1507 2459 1651 2486 crudeliter

835 2496 836 2501 ¹
858 2492 938 2517 vitam
954 2491 1071 2518 hominis
1086 2493 1214 2527 petiisset.
1241 2494 1274 2519 At
1288 2498 1341 2519 erat
1356 2494 1493 2521 inimicus.
1514 2495 1584 2532 Ergo
1598 2497 1651 2523 ini-

857 2529 957 2555 micum
971 2529 1010 2555 sic
1025 2528 1117 2556 ulcisci
1133 2529 1226 2561 voluit,
1244 2535 1272 2556 ut
1286 2531 1344 2566 ipso
1358 2531 1409 2558 sibi
1424 2533 1584 2567 reperiretur
1599 2534 1651 2561 ini-

857 2565 961 2592 micus‘?
989 2566 1067 2592 Item:
1092 2567 1202 2593 Divitias
1217 2567 1274 2594 sine
1288 2568 1404 2595 divitum
1418 2577 1490 2596 csse:
1521 2574 1549 2597 tu
1565 2571 1650 2598 virtu-

857 2607 908 2629 tem
928 2602 1032 2637 praescr
1049 2603 1161 2630 divitiis.
1193 2605 1258 2630 Nam
1273 2605 1296 2632 si
1311 2605 1383 2633 voles
1399 2605 1507 2633 divitias
1520 2616 1582 2634 cum
1595 2609 1650 2635 vir-

857 2644 911 2666 tute
925 2649 1085 2675 comparare.
1106 2641 1150 2667 vix
1165 2642 1229 2668 satis
1243 2642 1352 2669 idoneae
1367 2643 1415 2670 tibi
1430 2644 1593 2672 videbuntur
1607 2646 1649 2672 di—

857 2677 944 2708 vitiae,
961 2685 1030 2713 quae
1045 2678 1151 2704 virtutis
1166 2679 1328 2715 pedisequae
1341 2681 1404 2707 sint.
1439 2683 1481 2708 2⁴.
1501 2682 1540 2709 Ex
1555 2683 1647 2709 eodem

834 2717 835 2723 ¹
854 2723 951 2751 genero
965 2716 1144 2742 exornationis
1158 2721 1207 2747 est,
1223 2725 1310 2753 quum
1327 2718 1399 2745 idem
1414 2719 1526 2746 verbum
1541 2721 1649 2756 ponitur

1428 2768 1443 2791 A
