1941 3052
427 152 614 179 ORATIO
646 151 736 179 PRO
769 153 798 179 L.
833 151 1047 179 MURENA.
1081 151 1180 178 CAP.

77 224 205 252 delictum
229 227 282 251 est:
317 224 407 250 omnia
428 228 534 259 peccata
553 228 618 251 sunt
638 224 720 259 paria.
762 224 871 250 Dixisti:

77 263 179 298 quippe
189 263 242 288 iam
255 261 339 288 fixum
351 265 376 287 et
387 266 517 288 statutum
528 266 577 288 est.
618 262 676 288 Non
687 270 715 287 re
726 261 823 287 ductus
834 270 872 292 es,

77 300 124 327 sed
134 300 273 335 opinione:
286 299 394 333 sapiens
405 299 473 325 nihil
484 300 617 334 opinatur.
634 299 735 325 Errasti
746 298 835 333 aliqua
846 299 874 324 in

77 346 118 364 re:
142 336 265 364 maledici
276 340 360 371 putat.
391 337 445 363 Hac
455 345 489 363 ex
499 336 641 371 disciplina
653 336 730 363 nobis
743 336 789 362 illa
801 341 873 362 sunt.

76 375 137 402 Dixi
148 375 175 401 in
186 378 289 405 senatu,
304 382 346 400 me
358 383 455 400 nomen
465 374 614 400 consularis
627 373 760 400 candidati
772 373 875 399 delatu-

77 421 147 439 rum.
181 412 267 438 Iratus
277 411 380 438 dixisti.
415 412 579 447 Numquam,
592 412 690 446 inquit,
704 411 812 445 sapiens
824 411 876 436 ira-

77 450 170 477 scitur.
191 449 225 476 At
236 449 363 484 temporis
375 458 480 475 caussa.
506 449 632 484 Improbi,
646 449 743 483 inquit,
758 448 875 474 hominis

77 491 129 518 est,
147 486 285 513 mendacio
297 486 403 512 fallere:
425 491 528 513 mutare
539 487 698 513 sententiam
707 507 713 517 ,
732 490 808 520 turpe
819 490 872 511 est:

77 525 188 555 exorari,
202 523 304 556 scelus;
319 525 449 555 misereri,
463 523 604 560 flagitium.
631 525 671 550 63.
685 523 772 549 Nostri
785 527 874 549 autem

77 562 131 593 illi,
149 561 261 598 (fatebor
272 562 357 593 enim,
376 561 451 593 Cato,
469 570 513 588 me
528 570 636 596 quoque
647 561 674 587 in
685 560 872 591 adolescentia,

77 599 198 626 diffisum
210 600 318 636 ingenio
328 607 396 630 meo,
404 599 544 634 quaesisse
555 599 708 625 adiumenta
718 597 874 631 doctrinae,)

78 637 174 668 nostri,
192 637 318 672 inquam,
336 636 376 662 illi
392 645 405 662 a
416 637 524 662 Platone
538 641 563 662 et
574 635 728 666 Aristotele,
746 635 874 661 moderati

78 675 201 702 homines
221 679 247 700 et
265 674 417 708 temperati,
441 674 516 700 aiunt
535 673 605 708 apud
621 674 770 708 sapientem
786 672 873 698 valere

78 711 223 747 aliquando
232 712 358 747 gratiam:
383 712 433 737 viri
444 711 506 737 boni
518 720 576 737 esse
591 711 727 737 misereri:
749 710 874 736 distincta

77 758 173 785 genera
185 757 244 775 esse
255 748 412 775 delictorum
425 753 450 774 et
461 748 581 783 dispares
598 756 710 782 poenas:
732 756 791 773 esse
802 747 874 782 apud

77 787 213 814 hominem
233 790 397 812 constantem
417 785 573 821 ignoscendi
595 786 696 812 locum:
719 785 810 819 ipsum
831 794 875 811 sa-

76 825 195 860 pientem
211 832 290 858 saepe
306 823 408 858 aliquid
424 823 540 858 opinari,
563 823 636 858 quod
658 823 772 849 nesciat:
795 823 874 848 irasci

77 869 294 896 nonnumquam:
317 861 420 887 exorari
432 860 558 887 eumdem
570 865 595 887 et
610 860 722 895 placari:
745 860 818 895 quod
833 859 875 886 di-

77 899 154 930 xerit,
167 898 316 930 interdum,
333 899 355 924 si
365 899 401 924 ita
413 899 512 925 rectius
522 899 570 930 sit,
584 903 701 924 mutare:
724 897 756 924 de
767 901 875 924 senten-

77 937 112 964 tia
128 936 256 963 decedere
270 935 428 971 aliquando:
450 944 544 962 omnes
560 937 672 962 virtutes
694 935 875 961 mediocritate

76 974 193 1010 quadam
204 982 263 1000 esse
274 974 433 1000 moderatas.
454 973 556 1000 XXXI.
569 974 610 1000 64.
624 974 676 999 Hos
687 973 719 999 ad
733 973 875 1008 magistros

77 1013 100 1039 si
116 1020 169 1047 qua
185 1016 210 1038 te
226 1010 344 1042 fortuna,
368 1011 443 1043 Cato,
466 1020 528 1037 cum
544 1011 594 1037 ista
610 1016 702 1037 natura
718 1010 872 1037 detulisset:

77 1058 129 1077 non
141 1054 169 1076 tu
182 1048 291 1084 quidem
305 1050 345 1075 vir
355 1048 449 1075 melior
459 1057 546 1080 esses,
565 1057 612 1075 nee
627 1048 730 1079 fortior,
749 1057 796 1074 nec
808 1053 876 1074 tem-

76 1087 222 1122 perantior,
246 1095 293 1113 nec
308 1087 416 1118 iustior,
438 1086 536 1122 (neque
552 1087 624 1113 enim
640 1095 699 1112 esse
710 1085 806 1121 potes,)
828 1085 875 1111 sed

76 1124 168 1160 paullo
177 1123 210 1150 ad
223 1123 358 1150 lenitatem
369 1124 535 1159 propensior.
571 1125 629 1150 Non
642 1132 780 1150 accusares
792 1123 875 1149 nullis

77 1162 210 1189 adductus
221 1162 384 1193 inimicitiis,
402 1161 475 1188 nulla
489 1161 628 1188 lacessitus
639 1161 751 1192 iniuria,
769 1160 875 1196 puden-

76 1200 215 1227 tissimum
227 1199 376 1231 hominem,
389 1208 496 1226 summa
507 1199 636 1235 dignitate
647 1203 726 1234 atque
739 1199 875 1225 honestate

77 1236 242 1273 praeditum:
265 1241 385 1272 putares,
404 1245 489 1272 quum
505 1237 533 1263 in
547 1236 668 1263 eiusdem
681 1237 743 1263 anni
754 1236 874 1262 custodia

77 1279 103 1302 te
113 1279 193 1310 atque
204 1275 233 1300 L.
247 1275 385 1301 Murenam
398 1274 501 1300 fortuna
513 1275 661 1309 posuisset,
674 1274 765 1309 aliquo
777 1279 801 1300 te
812 1282 874 1300 cum

77 1312 128 1339 hoc
142 1311 305 1346 reipublicae
321 1311 431 1338 vinculo
443 1320 502 1338 esse
512 1313 698 1338 coniunctum:
722 1311 794 1347 quod
806 1315 876 1337 atro—-

77 1350 142 1377 citer
153 1349 180 1376 in
191 1353 285 1376 senatu
296 1349 402 1380 dixisti,
419 1354 465 1376 aut
480 1357 531 1376 non
546 1349 662 1376 dixisses
678 1354 723 1376 aut
737 1349 876 1383 seposuis-

77 1395 120 1414 ses
135 1387 324 1413 autmitiorem
336 1388 363 1413 in
375 1391 475 1422 partem
487 1387 699 1421 interpretarere.
739 1387 781 1413 65.
798 1386 835 1413 Ac
851 1391 875 1412 te

76 1426 169 1460 ipsum
184 1424 326 1459 (quantum
337 1433 386 1460 ego
396 1425 521 1459 opinione
532 1424 658 1460 auguror)
674 1433 746 1451 nunc
757 1428 782 1450 et
792 1424 875 1450 animi

77 1461 195 1498 quodam
206 1463 309 1497 impetu
321 1462 496 1493 concitatum,
514 1466 540 1488 et
551 1463 577 1488 vi
590 1466 699 1488 naturae
710 1466 789 1497 atque
801 1470 876 1497 mge—

77 1500 116 1528 nii
127 1499 236 1532 elatum,
244 1503 270 1527 et
279 1499 430 1527 recentibus
441 1504 642 1536 praeceptorum
654 1499 752 1527 studiis
763 1498 876 1536 flagran-

76 1543 131 1566 tem
143 1539 196 1565 iam
208 1547 275 1565 usus
286 1537 379 1570 flectet,
392 1539 450 1565 dies
463 1538 551 1569 leniet,
570 1543 640 1565 aetas
653 1539 797 1574 mitigabit.
830 1539 877 1564 Et-

77 1577 150 1603 enim
161 1577 205 1602 isti
216 1576 269 1611 ipsi
281 1576 347 1602 mihi
359 1576 484 1602 videntur
494 1577 576 1603 vestri
588 1581 771 1611 praeceptores
782 1580 808 1602 et
821 1577 877 1602 vir-

78 1614 143 1641 tutis
164 1614 284 1649 magistri
301 1614 367 1640 fines
383 1613 531 1640 officiorum
544 1613 635 1649 paullo
651 1613 770 1649 longius,
793 1622 875 1648 quam

77 1655 171 1678 natura
184 1651 273 1682 vellet,
287 1650 445 1686 protulisse:
458 1655 591 1686 ut,quum
604 1651 637 1677 ad
649 1651 776 1678 ultimum
787 1651 876 1677 animo

77 1688 323 1717 contendissemus.
337 1688 375 1715 ibi
387 1693 488 1718 tamen,
502 1689 548 1715 ubi
560 1693 704 1724 oporteret,
717 1689 877 1716 consistere-

77 1734 149 1753 mus.
171 1726 244 1752 Nihil
257 1727 401 1762 ignoveris.
422 1727 507 1753 Immo
518 1726 630 1762 aliquid,
644 1735 696 1753 non
707 1727 806 1753 omnia.
830 1726 877 1752 Ni-

77 1763 116 1790 hil
137 1764 237 1800 gratiae
256 1772 351 1790 caussa
376 1763 482 1790 feceris.
524 1764 608 1791 Immo
628 1764 745 1791 resistito
764 1763 874 1800 gratiae,

77 1809 162 1837 quum
173 1800 293 1828 officium
303 1805 330 1828 et
340 1801 405 1828 fides
417 1800 573 1837 postulabit.
611 1801 792 1828 Misericordia
803 1810 877 1828 com-

76 1842 166 1866 motus
177 1847 211 1866 ne
221 1839 269 1865 sis.
309 1839 410 1870 Etiam,
428 1840 456 1865 in
472 1839 645 1866 dissolvenda
655 1840 810 1870 severitate,
829 1838 876 1865 sed

77 1880 166 1903 tamen
181 1880 222 1903 est
238 1875 296 1903 laus
306 1875 396 1911 aliqua
408 1876 592 1903 humanitatis.
633 1877 661 1903 In
673 1877 803 1904 sententia
816 1885 876 1911 pcr-

77 1918 193 1940 maneto.
214 1913 291 1945 Vero,
305 1914 357 1940 nisi
369 1914 527 1940 sententiam
540 1914 590 1940 alia
602 1915 695 1940 vicerit
707 1914 810 1941 melior.
833 1916 874 1941 66.

76 1951 269 1978 Huiuscemodi
281 1951 370 1986 Scipio
380 1951 426 1978 ille
438 1951 501 1982 fuit,
517 1960 599 1986 quem
611 1960 663 1978 non
675 1952 827 1986 poenitebat
838 1951 875 1978 sa-

77 1997 136 2015 cere
147 1988 232 2020 idem,
249 1988 322 2023 qnod
334 1992 376 2015 tu:
400 1988 497 2015 habere
513 1989 728 2016 eruditissimum
740 1989 876 2016 hominem

77 2026 233 2052 Panaetium
245 2025 331 2052 domi:
348 2026 426 2052 cuius
437 2027 554 2052 oratione
564 2031 590 2052 et
600 2027 762 2062 praeceptis,
780 2035 878 2062 quam-

77 2071 160 2098 quam
171 2066 245 2089 erant
256 2063 347 2089 eadem
358 2063 418 2094 ista,
431 2071 500 2098 quae
512 2068 536 2090 te
545 2063 686 2095 delectant,
700 2069 788 2090 tamen
800 2073 878 2099 aspe-

78 2101 132 2128 rior
146 2109 197 2127 non
214 2105 254 2127 est
270 2100 364 2132 factus,
382 2100 429 2126 sed
444 2100 484 2136 (ut
499 2101 588 2135 accepi
604 2110 618 2127 a
632 2101 754 2136 senibus)
770 2101 877 2128 lenissi-

77 2146 150 2165 mus.
172 2138 238 2171 Quis
251 2146 313 2164 vero
323 2138 351 2164 C.
365 2137 454 2164 Laelio
464 2137 581 2165 comior?
593 2139 656 2174 quis
668 2139 819 2170 iucundior,
833 2148 877 2165 co-

78 2175 139 2202 dem
150 2184 183 2202 ex
193 2175 284 2202 studio
295 2174 363 2202 isto‘?
377 2175 440 2210 quis
452 2175 498 2202 illo
507 2176 622 2211 gravior,
635 2176 798 2211 sapientior?
812 2177 877 2203 Pos-

78 2221 140 2240 sum
155 2212 189 2239 de
200 2213 229 2239 L.
242 2212 332 2244 Pliilo,
349 2213 382 2239 de
393 2213 423 2239 C.
436 2212 513 2239 Gallo
525 2213 612 2240 dicere
624 2213 687 2240 baec
699 2213 806 2240 eadem:
829 2214 876 2240 sed

78 2254 104 2278 te
113 2250 225 2278 domum
236 2250 288 2277 iam
300 2250 430 2277 deducam
444 2254 527 2276 tuam.
567 2250 772 2286 Quemquamne
784 2252 877 2278 existi-

78 2296 136 2315 mas
154 2287 265 2319 Catone,
285 2296 382 2322 proavo
399 2292 456 2319 tuo,
473 2288 690 2318 commodiorem.
707 2290 876 2315 communio-

78 2333 145 2357 rem,
157 2325 358 2352 moderatiorcm
371 2324 464 2356 fuisse,
476 2325 508 2351 ad
522 2334 628 2352 omnem
640 2326 768 2352 rationem
781 2326 877 2353 buma-

78 2362 188 2390 nitatis‘?
207 2362 240 2389 de
254 2363 333 2389 cuius
349 2363 492 2398 praestanti
510 2363 608 2389 virtute
618 2371 703 2398 quum
716 2372 776 2390 vere
787 2364 877 2399 gravi-

78 2403 172 2435 terque
185 2399 300 2431 diceres,
324 2400 501 2426 domesticum
519 2404 543 2426 te
559 2400 656 2427 habere
672 2400 764 2427 dixisti
785 2409 878 2428 exem-

78 2437 154 2472 plum
166 2437 198 2464 ad
209 2437 380 2464 imitandum.
402 2438 450 2463 Est
461 2437 528 2463 illud
539 2437 649 2472 quidem
662 2438 816 2473 exemplum
829 2438 876 2464 tibi
898 2431 901 2466 l

79 2475 246 2510 propositum
258 2475 344 2502 domi:
363 2474 410 2501 sed
423 2479 510 2501 tamen
522 2479 631 2501 naturae
642 2475 792 2502 similitudo
802 2475 876 2502 illius
899 2477 901 2487 '

79 2511 112 2538 ad
134 2515 159 2539 te
178 2512 280 2548 magis,
302 2513 349 2548 qui
370 2512 403 2538 ab
423 2512 470 2539 illo
490 2517 564 2538 ortus
580 2521 621 2542 es,
644 2521 725 2547 quam
742 2512 774 2539 ad
791 2521 875 2539 unum
898 2493 901 2537 i

79 2557 215 2585 quemque
227 2554 346 2576 nostrum
354 2550 493 2585 pervenire
500 2550 585 2584 potuit
593 2560 598 2576 ,-
608 2550 639 2576 ad
647 2550 807 2576 imitandum
816 2559 877 2576 vero

84 2589 137 2613 tam
153 2587 219 2614 mihi
236 2588 403 2623 propositum
420 2587 557 2622 exemplar
572 2587 639 2613 illud
652 2592 705 2618 est,
722 2596 803 2622 quam
817 2587 874 2614 tibi.

80 2622 141 2655 Sed,
157 2624 180 2650 si
191 2623 266 2651 illius
277 2625 427 2651 comitatem
438 2629 463 2651 et
470 2624 621 2651 facilitatem
635 2629 695 2651 tuae
704 2625 826 2661 gravitati
834 2633 877 2651 se-

79 2661 238 2697 veritatique
249 2662 409 2697 asperseris:
423 2671 473 2688 non
486 2663 535 2688 ista
545 2662 655 2697 quidem
667 2667 745 2689 erunt
756 2662 874 2694 meliora,

79 2705 148 2733 quae
159 2707 231 2726 nunc
240 2703 304 2726 sunt
313 2700 425 2736 optima,
442 2699 490 2726 sed
500 2704 569 2727 certe
580 2699 685 2727 condita
696 2699 850 2727 iucundius.

1216 151 1248 177 27
1268 166 1304 170 —-
1326 152 1366 177 34.
1671 152 1719 177 439

980 222 1093 249 XXXII.
1106 223 1148 248 67.
1170 221 1270 254 Quare,
1283 226 1313 248 ut
1323 221 1356 248 ad
1366 221 1407 252 id,
1420 221 1493 256 quod
1504 222 1618 252 institui,
1632 230 1721 248 rever—

926 265 978 290 tar,
1001 259 1063 286 tolle
1085 259 1152 286 mihi
1172 268 1185 285 e
1200 268 1294 285 caussa
1310 268 1406 286 nomen
1423 259 1543 286 Catonis:
1566 268 1672 285 remove
1692 268 1721 285 ac

926 297 1105 332 praetermitte
1121 297 1316 327 auctoritatem,
1339 305 1408 332 quae
1427 297 1455 323 in
1470 296 1579 323 iudiciis
1594 301 1640 323 aut
1654 297 1720 323 nihil

926 335 1028 366 valere,
1046 339 1090 361 aut
1108 334 1140 360 ad
1156 334 1268 360 salutem
1282 334 1361 361 debet
1372 334 1472 360 valere:
1494 334 1655 370 congredere
1666 343 1722 360 me-

926 381 987 399 cum
999 372 1159 398 criminibus
1171 372 1248 407 ipsis.
1289 371 1359 404 Quid
1371 381 1490 403 accusas,
1504 371 1585 398 Cato?
1604 371 1671 406 quid
1683 371 1723 397 af·

927 409 980 436 fers
991 410 1019 436 in
1030 408 1179 436 iudicium?
1188 409 1255 444 quid
1266 409 1375 445 arguis?
1384 409 1522 436 Ambitum
1533 408 1661 436 accusas?
1671 418 1721 435 non

926 447 1049 473 defendo.
1071 447 1113 473 Me
1125 446 1306 481 reprehendis.
1320 447 1393 482 quod
1404 447 1474 473 idem
1486 446 1637 478 defendam,
1651 446 1721 481 quod

927 484 985 520 lege
1000 484 1144 519 punierim.
1184 485 1281 510 Punivi
1297 484 1442 516 ambitum,
1465 493 1516 511 non
1532 485 1721 511 innocentiam.

926 522 1066 548 Ambitum
1083 530 1145 548 vero
1161 522 1251 556 ipsum
1268 521 1308 547 vel
1325 527 1412 548 tecum
1429 522 1572 553 accusabo,
1595 522 1618 548 si
1638 521 1721 548 voles.

926 560 1023 585 Dixisti
1033 559 1312 590 senatusconsultum,
1331 568 1373 585 me
1385 559 1523 590 referente,
1537 568 1596 586 esse
1608 559 1721 586 factum:

927 597 949 623 si
961 596 1083 623 mercede
1094 597 1212 631 corrupti
1223 597 1330 623 obviam
1342 597 1490 623 candidatis
1507 598 1603 628 issent,
1621 598 1644 623 si
1661 606 1724 623 con-

926 634 999 660 ducti
1015 638 1191 664 sectarentur,
1209 634 1233 660 si
1248 634 1441 669 gladiatoribus
1458 634 1539 670 vulgo
1553 635 1626 661 locus
1638 635 1724 661 tribu-

926 672 983 702 tim,
992 676 1017 698 et
1027 672 1090 697 item
1103 671 1212 706 prandia
1223 671 1247 697 si
1259 671 1340 707 vulgo
1352 677 1440 698 essent
1450 672 1523 703 data:
1537 677 1626 698 contra
1638 672 1723 707 legem

926 709 1099 743 Calpurniam
1111 708 1210 735 factum
1222 709 1316 735 videri.
1358 710 1427 744 Ergo
1444 710 1477 735 ita
1493 715 1601 735 senatus
1613 709 1722 740 iudicat,

925 751 1014 772 contra
1028 746 1114 781 legem
1127 746 1193 772 facta
1204 746 1270 772 haec
1281 746 1379 777 videri,
1394 747 1416 772 si
1428 746 1494 772 sacta
1505 747 1572 773 sint:
1594 747 1721 777 decernit,

925 783 998 818 quod
1020 783 1086 811 nihil
1107 792 1175 818 opus
1196 789 1248 814 est,
1273 783 1339 810 dum
1359 784 1507 810 candidatis
1528 793 1628 810 morem
1644 785 1722 819 gerit.

926 822 993 847 Nam
1005 821 1104 847 factum
1117 822 1159 851 sit,
1174 830 1264 852 necne,
1278 821 1449 847 vehementer
1459 822 1606 856 quaeritur.
1647 823 1673 848 Si
1686 821 1724 847 sa-

926 863 998 885 ctum
1010 859 1054 889 sit,
1068 859 1134 893 quin
1145 864 1234 885 contra
1246 858 1333 894 legem
1345 859 1391 890 sit,
1405 859 1528 885 dubitare
1540 868 1618 885 nemo
1629 864 1722 894 potest.

926 898 966 923 68.
986 897 1034 922 Est
1044 897 1128 932 igitur
1139 896 1299 927 ridiculum,
1317 896 1389 931 quod
1400 901 1440 922 est
1454 896 1583 927 dubium,
1601 897 1627 923 id
1644 896 1726 923 relin-

926 942 1008 969 quere
1020 934 1165 960 incertum.-
1188 933 1261 968 quod
1273 935 1373 960 nemini
1385 934 1500 960 dubium
1513 939 1598 969 potest
1609 943 1681 965 esse,
1698 934 1726 960 id

926 971 1054 998 iudicare.
1085 971 1172 1006 Atque
1186 971 1213 997 id
1225 971 1376 998 decernitur
1387 972 1513 998 omnibus
1526 971 1725 1006 postulantibus

926 1009 1088 1035 candidatis:
1112 1014 1142 1035 ut
1153 1018 1186 1035 ex
1196 1009 1442 1041 senatusconsulto,
1457 1018 1543 1044 neque
1554 1010 1633 1036 cuius
1644 1010 1725 1036 inter-

926 1047 960 1073 sit
972 1055 1059 1081 neque
1070 1051 1160 1073 contra
1171 1055 1252 1081 quem
1263 1047 1307 1077 sit,
1321 1046 1435 1082 intelligi
1446 1047 1540 1082 possit.
1581 1047 1667 1080 Quare
1679 1047 1726 1073 do-

926 1093 968 1115 ce,
987 1093 1001 1110 a
1012 1085 1041 1110 L.
1054 1084 1164 1110 Murena
1175 1084 1220 1110 illa
1232 1093 1291 1110 esse
1301 1085 1458 1111 commissa:
1481 1089 1537 1111 tum
1550 1090 1655 1120 egomet
1665 1085 1724 1115 tibi,

926 1126 1016 1149 contra
1029 1121 1114 1157 legem
1127 1122 1270 1148 commissa
1282 1131 1350 1153 esse,
1364 1122 1518 1148 concedam.

982 1159 1190 1186 xxxfflmtxlti
1201 1159 1308 1186 obviam
1321 1160 1477 1194 prodierunt
1488 1159 1520 1186 de
1532 1160 1668 1194 provincia
1680 1159 1726 1186 de—

926 1197 1217 1228 cedenti,consulatum
1229 1198 1339 1232 petenti.
1361 1197 1444 1233 (Solet
1456 1198 1521 1224 lieri.
1542 1198 1625 1224 Eccui
1637 1202 1726 1223 autem

927 1244 979 1262 non
1000 1235 1122 1270 proditur
1142 1234 1312 1270 revertenti?)
1331 1234 1404 1267 Quae
1426 1235 1477 1261 fuit
1497 1236 1547 1261 ista
1563 1234 1727 1262 multitudo‘.>

927 1273 1060 1303 Primum,
1078 1273 1101 1299 si
1118 1273 1166 1299 tibi
1181 1273 1260 1299 istam
1277 1273 1405 1299 rationem
1423 1282 1473 1299 non
1491 1273 1593 1307 possim
1605 1272 1724 1303 reddere,

926 1310 993 1345 quid
1005 1310 1084 1336 habet
1095 1310 1287 1341 admirationis,
1301 1310 1346 1336 tali
1358 1311 1413 1337 viro
1426 1310 1588 1342 advenienti,
1600 1310 1725 1337 candida-

927 1352 952 1374 to
963 1347 1110 1378 consulari,
1123 1347 1230 1373 obviam
1242 1347 1364 1382 prodisse
1377 1348 1494 1374 multos?
1508 1348 1581 1383 quod
1593 1349 1645 1374 nisi
1656 1353 1728 1374 esset

927 1385 1035 1415 factum,
1045 1385 1131 1421 magis
1142 1385 1295 1411 mirandum
1306 1385 1452 1411 videretur.
1474 1387 1515 1412 69.
1523 1385 1603 1418 Quid,
1611 1385 1634 1411 si
1646 1386 1727 1412 etiam

927 1422 995 1449 illud
1007 1422 1116 1453 addam,
1139 1422 1213 1457 quod
1223 1431 1238 1448 a
1252 1423 1446 1449 consuetudine
1463 1432 1514 1449 non
1529 1423 1665 1454 abhorret,
1684 1431 1728 1449 ro—

926 1465 1001 1496 gatos
1017 1468 1076 1486 esse
1093 1459 1211 1486 multos‘?
1231 1468 1295 1486 num
1311 1465 1357 1486 aut
1372 1461 1546 1487 criminosum
1563 1462 1598 1487 sit
1613 1465 1660 1486 aut
1674 1461 1727 1486 mi-

927 1497 1056 1531 randum,
1078 1506 1130 1534 qua
1146 1498 1174 1525 in
1189 1498 1296 1525 civitate
1310 1499 1393 1534 rogati
1410 1498 1563 1525 infimorum
1586 1498 1727 1525 homiuum

928 1537 997 1563 filios
1013 1545 1094 1572 prope
1109 1536 1142 1563 de
1159 1541 1233 1563 nocte
1247 1545 1280 1563 ex
1296 1536 1390 1562 ultima
1405 1545 1484 1571 saepe
1496 1537 1566 1563 Urbe
1580 1536 1725 1562 deductum

928 1575 1018 1601 venire
1039 1574 1187 1605 soleamus,
1209 1574 1237 1600 in
1257 1582 1287 1600 ea
1307 1583 1359 1600 non
1379 1582 1437 1600 esse
1453 1579 1575 1609 gravatos
1593 1574 1723 1602 homines.

927 1612 1033 1647 prodire
1049 1612 1112 1638 hora
1131 1612 1207 1638 tertia
1222 1612 1250 1638 in
1265 1620 1391 1646 campum
1408 1612 1546 1642 Martium,
1570 1611 1726 1646 praesertim

928 1650 988 1676 talis
1005 1650 1053 1675 viri
1071 1650 1177 1676 nomine
1197 1648 1319 1685 rogatos?
1338 1648 1422 1681 Quid,
1441 1650 1463 1676 si
1479 1658 1572 1675 omnes
1588 1649 1726 1675 societates

928 1692 1072 1718 venerunt,
1090 1695 1205 1722 quarum
1221 1695 1254 1713 ex
1269 1695 1380 1713 numero
1397 1687 1474 1713 multi
1492 1687 1534 1713 hic
1549 1686 1641 1712 sedent
1654 1686 1727 1712 iudi-

927 1724 990 1751 ces‘?
1011 1724 1088 1760 quid,
1101 1725 1124 1750 si
1136 1724 1215 1750 multi
1226 1724 1349 1750 homines
1361 1725 1442 1751 nostri
1455 1724 1556 1750 ordinis
1567 1724 1727 1750 honestissi-

928 1762 984 1789 mi‘?
998 1762 1074 1798 quid,
1087 1763 1110 1788 si
1123 1762 1168 1788 illa
1179 1761 1385 1793 officiosissima,
1400 1770 1470 1797 quae
1481 1762 1615 1788 neminem
1627 1761 1727 1796 patitur

928 1809 980 1827 non
997 1800 1106 1826 honeste
1122 1800 1149 1826 in
1161 1799 1259 1826 Urbem
1276 1799 1396 1830 introire,
1421 1804 1471 1826 tota
1488 1800 1558 1825 natio
1572 1798 1727 1825 candidato-

928 1837 1007 1864 rum‘?
1022 1838 1050 1864 Si
1067 1837 1184 1872 denique
1196 1837 1254 1872 ipse
1265 1841 1402 1863 accusator
1412 1841 1501 1863 noster
1512 1837 1667 1863 Postumius
1678 1836 1727 1862 ob-

928 1876 999 1901 viam
1010 1884 1072 1902 curn
1085 1875 1152 1901 bene
1168 1883 1264 1910 magna
1279 1879 1383 1901 caterva
1399 1883 1447 1901 sua
1463 1875 1547 1905 venit,
1565 1873 1631 1909 quid
1648 1873 1727 1900 habet

928 1913 977 1939 ista
989 1912 1134 1939 multitudo
1145 1911 1347 1939 admirationis?
1367 1912 1466 1939 Omitto
1475 1912 1596 1943 clientes,
1613 1911 1724 1941 vicinos,

928 1949 1054 1982 tribules,
1068 1951 1215 1977 exercitum
1229 1954 1313 1976 totum
1325 1950 1440 1981 Luculli,
1454 1950 1501 1985 qui
1513 1950 1545 1976 ad
1558 1949 1726 1984 triumphum

929 1996 975 2023 per
986 1996 1031 2014 eos
1041 1987 1100 2014 dies
1111 1992 1232 2014 venerat:
1256 1987 1305 2014 hoc
1316 1987 1384 2019 dico,
1398 1987 1576 2023 frequentiam
1587 1987 1614 2013 in
1626 1987 1676 2012 isto
1687 1986 1727 2012 os-

929 2025 988 2052 ficio
1003 2026 1161 2061 gratuitam,
1184 2034 1236 2052 non
1253 2025 1332 2052 modo
1347 2025 1470 2061 dignitati
1487 2025 1571 2051 ullius
1586 2032 1724 2059 umquam,

928 2063 976 2089 sed
988 2071 1020 2089 ne
1032 2063 1162 2089 voluntati
1173 2062 1284 2098 quidem
1295 2062 1425 2089 defuisse.
1459 2064 1501 2089 70.
1515 2063 1547 2088 At
1558 2062 1728 2088 sectabantur

929 2100 1018 2127 multi.
1058 2101 1135 2132 Doce,
1149 2100 1284 2127 mercede:
1297 2100 1440 2127 concedam
1453 2108 1511 2126 esse
1521 2100 1632 2126 crimen.
1674 2099 1727 2125 noc

928 2137 1040 2173 quidem
1051 2142 1160 2168 remoto,
1168 2137 1235 2173 quid
1246 2137 1437 2173 reprehendis?
1449 2136 1647 2169 xxxlv.Qui‹1
1658 2145 1727 2171 opus

928 2180 982 2207 est,
1000 2176 1101 2211 inquit,
1119 2174 1313 2201 sectatoribus?
1333 2175 1354 2201 A
1372 2184 1414 2201 me
1430 2180 1458 2202 tu
1475 2175 1501 2201 id
1518 2175 1638 2209 quaeris,
1660 2173 1726 2208 quid

928 2221 997 2248 opus
1009 2213 1043 2239 sit
1053 2222 1097 2243 eo,
1115 2221 1169 2247 quo
1184 2221 1291 2247 semper
1306 2213 1348 2239 usi
1361 2212 1476 2238 sumus?
1496 2212 1622 2238 Homines
1633 2217 1727 2238 tenues

929 2259 1013 2277 unum
1027 2250 1126 2276 babent
1137 2251 1164 2276 in
1176 2254 1297 2276 nostrum
1309 2249 1428 2276 ordinem
1441 2254 1485 2276 aut
1497 2248 1665 2284 promerendi
1683 2253 1727 2274 aut

928 2287 1059 2314 referendi
1072 2287 1194 2313 beneficii
1208 2286 1309 2317 locum,
1323 2287 1390 2313 hane
1403 2288 1429 2313 in
1442 2287 1540 2313 nostris
1552 2286 1726 2321 petitionibus

928 2333 1035 2360 operam
1048 2329 1128 2359 atque
1138 2325 1351 2350 assectationem.
1375 2325 1467 2359 Neque
1479 2325 1550 2350 enim
1563 2324 1618 2349 lieri
1631 2328 1724 2358 potest.

930 2371 1017 2397 neque
1033 2361 1224 2397 postulandum
1240 2366 1282 2387 est
1296 2371 1309 2387 a
1327 2361 1403 2387 nobis
1419 2366 1464 2387 aut
1479 2361 1512 2387 nb
1526 2361 1664 2395 equitibus
1677 2361 1727 2386 tto-

930 2400 1030 2430 manis,
1049 2404 1078 2425 ut
1093 2408 1157 2425 suos
1173 2399 1336 2425 necessarios
1349 2398 1504 2425 candidatos
1514 2403 1649 2424 sectentur
1660 2403 1727 2424 totos

928 2437 1000 2463 dies:
1013 2437 1138 2471 aquibus
1149 2437 1172 2462 si
1184 2436 1281 2462 domus
1294 2441 1380 2462 nostra
1392 2436 1549 2465 celebratur,
1558 2436 1580 2461 si
1593 2435 1726 2461 interdum

929 2475 961 2501 ad
974 2474 1060 2500 forum
1072 2474 1246 2503 deducimur,
1265 2474 1286 2499 si
1305 2482 1358 2500 uno
1370 2473 1494 2500 basilicae
1505 2474 1592 2508 spatio
1603 2473 1727 2499 honesta-

928 2521 1003 2543 mur,
1017 2511 1160 2547 diligenter
1170 2511 1305 2537 observari
1318 2511 1442 2537 videmur
1455 2516 1480 2537 et
1492 2510 1556 2537 coli:
1575 2511 1725 2536 tenuiorum

928 2554 953 2576 et
975 2558 1025 2576 non
1045 2553 1235 2584 occupatorum
1259 2549 1404 2575 amicorum
1429 2553 1470 2575 est
1493 2549 1543 2574 ista
1566 2547 1724 2574 assiduitas:

928 2596 1042 2622 (piorum
1056 2587 1131 2622 copia
1144 2587 1220 2613 bonis
1232 2591 1257 2612 et
1269 2586 1394 2612 beneficis
1406 2585 1500 2612 deesse
1512 2594 1563 2612 non
1574 2585 1650 2612 solet.
1682 2586 1725 2611 Ἡ.

929 2624 987 2651 Noli
1000 2625 1081 2661 igitur
1091 2625 1193 2659 eripere
1205 2624 1276 2650 bunc
1288 2623 1404 2650 inferiori
1417 2624 1507 2659 generi
1519 2623 1657 2649 hominum
1671 2622 1726 2649 sru-

928 2666 1001 2689 ctum
1013 2661 1103 2693 oflicii,
1112 2662 1188 2688 Cato:
1201 2661 1260 2687 sine
1271 2662 1381 2696 oos,qui
1394 2661 1482 2688 omnia
1495 2669 1508 2687 a
1520 2661 1597 2687 nobis
1608 2665 1724 2695 sperant,

929 2699 1026 2726 babere
1037 2700 1110 2735 ipsos
1121 2707 1231 2735 quoquo
1241 2698 1354 2734 aliquid,
1366 2698 1439 2735 quod
1451 2698 1527 2725 nobis
1538 2698 1654 2724 tribuere
1666 2706 1726 2732 pos—
