1941 3052
239 152 287 176 000
814 149 856 174 57.
891 148 926 174 M.

238 217 302 244 qua-l
313 226 325 238 ι
334 217 437 238 (Γπ-υἷι
448 216 526 237 mortui
538 215 700 235 commentariis
712 215 825 236 '‘dian-rii
837 215 1028 239 -nulumntver-

238 261 274 274 ιιι·
285 254 386 273 natium·-
397 257 416 271 et
428 251 552 279 prmiurin·
564 251 655 270 civitatu-
665 255 685 269 ct
695 250 840 273 wetintihun
851 250 986 274 imminutis.
996 250 1029 271 ln-

238 289 300 308 tinto·
316 287 451 308 inmun-itati-
475 285 597 309 numu-rii,
613 285 686 305 inmitia
701 293 782 311 susque
795 286 865 312 deque
881 286 970 309 halae-t.
987 285 1029 306 lun

237 330 384 350 qum-‹uniqui-
395 322 509 341 sitiuntur
520 321 540 340 ii
551 326 570 340 et
583 320 756 340 arn-immnuta«
768 327 806 347 pro
817 319 1030 345 logitimus-to.)

237 359 281 378 Ιιιιιι
292 357 336 381 ubi,
348 365 402 383 quiu-
412 357 438 376 «t.-
450 355 561 382 rvpublirn
573 355 653 374 niu-utin
661 371 666 378 ,
679 354 748 374 titum·
757 355 824 378 dixit,
835 355 965 381 deprecatur
976 354 1029 374 tum

238 393 341 415 Aut-mii,
357 399 419 418 quum
435 391 454 410 ui
468 398 509 410 unu
521 390 590 417 ponit
603 390 672 410 lenire
683 390 794 416 precibus,
806 390 873 417 petit,
884 394 908 409 ut
920 389 1030 409 Antoniu-

237 428 280 447 usit-i
297 432 403 453 tamquam
415 426 458 446 rivi
474 426 589 448 ira-ratur,
601 431 707 445 armanum
720 425 740 444 vi
752 425 862 445 atr-tinent
872 426 901 447 (c.
915 427 967 450 th).
986 425 1030 446 Pu·

236 467 316 482 utri-mn
323 466 438 487 utrumque·
444 460 563 483 run-ulem.
576 464 595 479 ‘t
603 460 740 480 Dolabellam
747 464 883 487 praesentem
890 463 911 479 ct
917 460 1028 480 alu-eutem

237 497 355 518 Antonium
366 497 500 519 rnlmrtntur,
513 500 535 515 ut
546 503 617 515 teratu
630 500 742 516 »tcto-ntur
751 495 856 519 niori-m,
867 501 922 522 quae
933 502 961 515 ex
971 498 1030 515 recte

235 532 302 553 facti·
312 531 440 558 mutini-qne
450 531 471 550 iu
484 530 638 558 rempublicam
649 531 735 551 meritis
746 534 849 551 nascatur
859 532 889 552 (e.
902 533 926 551 ¹2
956 533 1006 555 154.

290 591 309 617 1.
328 592 350 616 l.
374 586 528 624 Antequam
550 588 582 615 (le
603 588 752 624 republica,
772 593 858 624 patres
873 589 1026 624 conscripti,

233 628 319 654 dicam
333 636 370 657 ea.
384 636 453 662 quae
465 626 575 653 dicenda
584 627 632 653 hoc
639 631 755 661 tempore
767 627 887 658 arbitror,
896 635 1027 661 exponam

236 665 310 691 vobis
326 665 442 691 breviter
456 664 599 690 consilium
612 669 637 690 et
652 663 820 698 profectionis
833 669 857 690 et
869 665 1028 691 reversionis

1049 678 1052 704 1

233 711 316 729 meae.
351 702 407 738 Ego
427 710 511 737 quum
533 710 680 736 sperarem,
702 701 845 736 aliquando
860 701 892 728 ad
909 706 1027 728 vestrum
1049 719 1057 743 μ

232 739 375 766 consilium
391 739 627 774 auctoritatemque
643 738 836 773 rempublicam
851 747 910 765 esse
921 747 1029 766 revoea—
1048 746 1058 777 μ

232 782 299 808 tam,
323 776 485 803 manendum
510 776 576 802 mibi
601 775 765 806 statuebam,
787 777 864 811 quasi
886 777 913 803 in
936 775 1027 811 vigilia
1056 801 1057 809 ,

231 814 348 849 quadam
369 813 501 840 consulari
523 822 552 839 ac
572 814 713 839 senatoria.

231 851 417 882 discedebam,
436 859 483 877 nec
499 860 512 876 a
530 850 665 885 republica
681 850 838 877 deiiciebam
849 849 941 877 oculos
951 859 1026 877 exeo

230 889 288 920 die,
303 897 358 923 quo
374 889 400 915 in
416 888 507 914 aedem
524 888 638 914 Telluris
649 888 786 914 convocati
797 896 902 914 sumus.
933 889 961 914 ln
973 896 1027 923 quo

231 926 345 960 templo,
363 930 494 960 quantum
511 925 537 952 in
555 934 595 951 me
613 925 675 955 suit,
694 925 741 951 ieci
759 924 930 952 fundamenta
941 925 1023 960 pacis,

211 961 491 997 'Atheniensiumque
513 963 637 989 renovavi
654 967 731 989 vetus
748 962 916 997 exemplum,
944 963 1026 989 Grae—
1054 978 1056 1004 ἰ

230 1009 291 1027 cum
312 1001 391 1026 etiam
413 1000 524 1027 verbum
547 1000 689 1034 usurpavi,
711 1008 765 1034 quo
785 1005 840 1026 turn
859 1001 885 1026 in
900 999 1025 1026 sedandis

229 1037 371 1064 discordiis
383 1037 652 1067 eratusacivitasilla,
661 1041 740 1072 atque
751 1046 857 1064 omnem
870 1038 1024 1064 memoriam
1046 1041 1049 1075 ξ

230 1074 424 1101 discordiarum
440 1075 574 1101 oblivione
590 1075 752 1109 sempiterna
768 1074 908 1101 delendam
920 1075 1023 1101 censui.

229 1114 252 1139 2.
271 1112 404 1138 Praeclara
417 1117 474 1138 tum
485 1112 566 1138 oratio
579 1112 613 1138 M.
626 1112 748 1138 Antonii:
770 1113 875 1147 egregia
888 1112 966 1138 etiam
979 1120 1026 1138 vo-

230 1149 331 1176 luntas:
353 1158 406 1184 pax
420 1149 536 1184 (lenique
552 1157 598 1183 per
613 1157 675 1175 eum
691 1154 715 1175 et
727 1157 773 1184 per
785 1149 882 1175 liberos
893 1149 952 1175 eius
963 1158 1024 1175 cum

228 1187 465 1222 praestantissimis
485 1186 591 1212 civibus
611 1186 764 1212 confirmata
785 1191 834 1213 est.
874 1187 961 1221 Atque
982 1186 1024 1212 bis

228 1224 368 1259 principiis
389 1223 490 1258 reliqua
510 1224 718 1250 consentiebant.

228 1269 281 1292 eas,
294 1270 362 1296 quas
376 1261 491 1287 habebat
502 1261 574 1287 domi
586 1260 618 1286 de
629 1260 775 1295 republica,
785 1261 919 1297 principes
930 1263 1024 1289 civita-

227 1299 262 1325 tis
274 1298 430 1325 adhibebat:
444 1298 476 1325 ad
489 1296 559 1325 hunc
569 1298 689 1325 ordinem
701 1307 743 1325 res
754 1299 1021 1334 optimasdelerebat:
1052 1321 1055 1343 ,

1044 1345 1055 1496 ⁴}

228 1335 295 1362 nihil
313 1341 383 1366 tum,
402 1336 454 1362 nisi
470 1336 542 1370 quod
553 1341 607 1362 erat
619 1341 711 1363 notum
724 1337 860 1368 omnibus,
874 1337 901 1363 in
913 1337 942 1364 C.
958 1336 1024 1364 Cae-

227 1373 294 1399 saris
315 1374 512 1400 commentariis
532 1373 727 1408 reperiebatur;
749 1383 855 1401 summa
875 1375 1022 1402 constantia

226 1410 260 1436 ad
271 1419 309 1441 ea,
323 1419 392 1445 quae
403 1411 522 1445 quaesita
534 1415 616 1441 erant,
629 1410 816 1446 respondebat.
848 1413 873 1438 3.
892 1412 963 1438 Num
975 1413 1023 1447 qui

226 1447 334 1474 exsules
355 1447 489 1474 restituti?
509 1448 596 1474 Unum
608 1448 706 1480 aiebat,
726 1453 859 1483 praeterea
875 1450 1021 1476 neminem.

226 1485 296 1510 Num
308 1485 492 1511 immunitates
503 1484 597 1511 datae?
611 1485 714 1516 Nullae.
723 1486 911 1521 respondebat.
923 1487 1024 1514 Assen—

225 1523 269 1548 tiri
281 1523 359 1548 etiam
372 1531 419 1548 nos
431 1522 488 1549 Ser.
501 1522 628 1557 Sulpicio,
642 1522 792 1550 clarissimo
803 1524 868 1555 viro,
882 1523 976 1555 voluit,
989 1533 1023 1551 ne

225 1568 277 1594 qua
298 1559 389 1586 tabula
412 1564 471 1594 post
487 1559 549 1586 ldus
566 1560 673 1586 Martias
689 1560 773 1587 ullius
787 1561 887 1587 decreti
903 1561 1022 1588 Caesaris

225 1602 270 1623 aut
286 1597 407 1623 beneficii
424 1597 557 1632 liget-etur.
591 1597 673 1623 Multa
690 1602 836 1632 praetereo,
850 1607 934 1633 eaque
945 1607 1023 1633 prae-
1050 1623 1052 1630 ,

224 1633 304 1660 clara.
335 1634 376 1660 Ad
394 1634 530 1669 singulare
545 1635 616 1660 enim
632 1635 667 1660 M.
685 1635 792 1661 Antonii
805 1634 903 1662 factum
915 1635 1022 1662 festinat

224 1672 314 1698 oratio.
348 1671 524 1702 Dictaturam,
547 1680 616 1706 quae
636 1672 691 1698 vim
712 1672 765 1698 iam
780 1673 868 1699 reoiae
883 1674 1020 1707 potestatis

224 1708 376 1739 obsederat,
395 1708 517 1735 funditus
532 1717 565 1735 ex
581 1708 717 1743 republica
733 1714 811 1736 sustu
826 1710 858 1736 it:
880 1710 913 1736 de
923 1718 976 1745 qua
988 1719 1021 1736 ne

224 1746 370 1772 sententias
391 1745 501 1780 quidem
522 1745 651 1772 diximus.
690 1745 826 1781 Scriptum
847 1752 1022 1774 senatuscon-

224 1782 341 1814 sultum,
355 1782 428 1817 quod
440 1782 496 1809 lieri
508 1783 596 1813 vellet,
610 1782 712 1809 attulit:
734 1792 789 1819 quo
800 1784 916 1815 recitato,
929 1790 1021 1811 aucto-

224 1821 327 1847 ritatem
344 1820 403 1846 eius
418 1828 525 1846 summo
540 1820 630 1846 studio
645 1821 729 1846 secuti
745 1829 854 1852 sumus,
870 1822 949 1856 eique
964 1831 1021 1848 am-
1042 1839 1044 1845 .

224 1857 356 1892 plissimis
368 1857 456 1883 verbis
468 1866 514 1892 per
525 1857 892 1894 senatusconsultumgratias
903 1860 1018 1895 egimus.

224 1895 255 1921 11.
269 1896 293 1921 t.
305 1895 366 1921 Lux
376 1894 507 1929 quaedam
519 1894 660 1921 videbatur
670 1894 765 1922 oblata.
774 1904 825 1922 non
837 1895 915 1922 modo
927 1905 1017 1932 regno,

223 1931 296 1967 quod
316 1931 524 1966 pertuleramus,
542 1932 589 1958 sed
605 1932 683 1958 etiam
698 1933 773 1967 regni
790 1933 883 1960 timore
898 1933 1017 1961 sublato:

223 1977 407 2004 magnumque
433 1969 532 2004 pignus
557 1968 590 1995 ab
614 1977 644 1995 eo
669 1969 832 2003 reipublicae
856 1969 948 1997 datum
957 1991 963 2001 ,
989 1979 1019 1997 se

223 2005 335 2032 liberam
351 2006 486 2032 civitatem
506 2014 565 2032 esse
577 2005 654 2036 velle,
667 2015 751 2041 quum
763 2006 899 2034 dictatoris
912 2017 1016 2039 nomen,

222 2043 295 2078 quod
306 2043 491 2078 saepeiustum
499 2042 602 2073 fuisset,
613 2048 720 2078 propter
726 2044 1018 2078 perpetuaedictaturae

223 2086 354 2107 recentem
367 2081 522 2107 memoriam
531 2079 652 2106 funditus
664 2081 839 2115 exrepublica
851 2082 1016 2109 sustulisset.
1048 2097 1049 2111 ι

222 2119 248 2144 5.
266 2118 406 2144 Liberatus
421 2117 509 2143 caedis
526 2117 644 2152 periculo
661 2119 753 2152 paucis
765 2123 824 2153 post
833 2118 930 2146 diebus
941 2128 1019 2146 sena-

222 2160 280 2182 tus:
303 2164 389 2181 uncus
405 2155 538 2189 impactus
554 2160 593 2181 est
610 2155 788 2190 sugitivoitti,
801 2157 887 2191 quiin
899 2157 929 2183 C.
942 2157 1018 2184 Marii

222 2201 319 2219 nomen
332 2193 473 2218 invaserat.
495 2193 582 2227 Atque
594 2192 657 2218 haec
668 2193 756 2219 omnia
767 2195 946 2220 communiter
955 2203 1017 2220 cum

221 2230 336 2265 collega:
359 2229 408 2256 alia
421 2238 498 2264 porro
508 2230 612 2264 propria
624 2229 787 2256 Dolabellae:
809 2239 886 2265 quae¹
901 2232 952 2257 nisi
963 2231 1019 2258 eol-

223 2267 280 2303 lega
290 2266 429 2296 abfuisset.
437 2267 516 2293 credo
526 2267 560 2293 iis
572 2266 657 2293 fuisse
665 2266 752 2293 sutura
763 2269 926 2294 communia.
939 2269 1015 2301 Nam,

221 2313 306 2339 quum
319 2309 435 2338 serperet
447 2304 472 2330 in
486 2304 555 2330 Urbe
566 2304 701 2330 inlinitum
713 2305 823 2336 malum,
833 2305 915 2340 idque
925 2314 1018 2332 mana-

222 2346 259 2367 ret
275 2342 302 2368 in
317 2341 375 2367 dies
391 2341 483 2372 latius-3
507 2341 643 2376 iidemque
659 2341 770 2368 bustum
785 2343 813 2368 in
825 2341 880 2369 soro
891 2342 1015 2374 facerent,

221 2379 268 2414 qui
281 2378 352 2405 illam
364 2378 526 2413 insepultam
537 2378 704 2413 sepulturam
711 2378 1017 2415 effecerant‚etquotidie

222 2416 306 2451 magis
327 2416 468 2451 magisque
489 2416 585 2450 perditi
606 2416 728 2442 homines
743 2425 806 2442 cum
821 2418 865 2443 sui
880 2417 1017 2444 similibus

221 2453 306 2478 servis
323 2454 398 2479 tectis
413 2462 443 2479 ac
463 2453 570 2487 templis
585 2453 665 2479 Urbis
680 2454 858 2480 minarentur:
883 2454 944 2480 talis
959 2455 1017 2481 ani-

222 2489 371 2516 madversio
392 2489 442 2516 suit
462 2490 612 2516 Dolabellae
630 2499 716 2525 quum
731 2490 759 2516 in
775 2490 888 2517 audaces
903 2491 1017 2518 scelera-

222 2530 316 2560 tosque
337 2535 436 2556 servos.
459 2532 516 2553 tum
537 2528 564 2554 in
585 2528 706 2562 impuros
725 2532 751 2553 et
771 2527 885 2554 nefarios
907 2528 1013 2560 liberos,

222 2562 336 2597 talisque
354 2565 456 2590 eversio
467 2564 542 2590 illius
553 2569 703 2591 exsecratae
714 2564 862 2596 columnae,
877 2570 905 2592 ut
917 2567 1016 2592 mirum

223 2599 289 2625 mihi
304 2599 432 2630 videatur,
447 2606 499 2627 tam
511 2601 587 2634 valde
598 2601 733 2636 reliquum
745 2606 851 2636 tempus
863 2601 952 2629 abillo
962 2611 1016 2630 uno

222 2636 265 2662 die
278 2636 448 2663 dissensisse.
471 2640 494 2663 6.
507 2639 575 2664 Ecce
585 2639 656 2665 enim
669 2638 795 2664 Kalendis
806 2639 900 2670 Iuniis,
913 2640 1014 2674 quibus

755 813 808 839 Nec
829 822 891 840 vcro
912 822 1026 849 usquam
1048 825 1050 833 ν

759 1223 800 1250 Ad
820 1223 1024 1251 deliberationes
1053 1212 1055 1231 ¹

1044 1444 1047 1459 l

1058 344 1061 427 ι

1053 1130 1056 1163 l

1054 1166 1055 1187 l

1054 1194 1055 1211 l

1054 934 1056 954 ι
1076 925 1189 960 cupiens
1206 925 1330 955 retinere,
1349 933 1400 952 non
1416 926 1511 960 potuit.

960 147 990 174 T.
1024 147 1299 174 ClCEltONlS

1082 223 1151 249 tum.
1166 217 1248 244 multa
1263 222 1289 244 et
1304 226 1398 253 magna
1410 227 1457 253 per
1467 219 1606 255 populum.
1619 225 1644 247 et
1656 221 1764 248 absente
1775 220 1873 257 populo

1081 260 1107 281 et
1126 256 1219 281 invito.
1253 255 1382 282 Consules
1397 255 1528 291 designati
1545 267 1573 283 sc
1589 258 1685 284 audi-re
1701 258 1832 293 negabant
1846 259 1873 286 in

1081 297 1203 318 senatum
1216 292 1320 318 venire:
1343 293 1441 327 patriae
1453 293 1605 320 liberatores
1618 295 1686 321 L’rbc
1697 295 1820 322 carebant
1831 304 1871 325 οι,

1081 329 1160 355 cuius
1180 338 1193 355 a
1214 329 1365 355 cervicibus
1386 330 1479 365 iugum
1500 331 1597 357 servile
1616 332 1778 358 deiecerant:
1804 341 1873 368 quos

1082 371 1168 392 tamen
1185 367 1236 401 ipsi
1250 366 1375 392 consules
1391 372 1416 393 et
1431 368 1458 393 in
1473 368 1646 395 concionibus
1660 370 1722 395 etin
1734 370 1806 396 omni
1818 378 1873 396 ser-

1083 412 1159 430 mone
1172 403 1323 430 laudabant.
1354 403 1474 431 Veterani
1486 405 1532 439 qui
1544 405 1759 440 appellabantur,
1772 406 1873 442 quibus

1083 440 1125 466 hic
1135 440 1199 466 ordo
1210 440 1536 476 diligentissime-caverat.
1545 451 1596 469 non
1608 442 1640 469 ad
1646 444 1873 470 consen-ationem

1081 487 1171 504 carum
1188 486 1290 508 rerum,
1307 486 1375 513 quas
1392 478 1538 509 habebant,
1555 479 1602 506 scd
1614 479 1646 506 ad
1657 489 1732 515 spem
1744 490 1873 507 novarum

1081 515 1238 550 praedarum
1251 515 1438 542 incitabantur.
1472 516 1545 548 Quae
1555 525 1640 551 quum
1652 517 1744 544 audire
1754 517 1871 548 mallem.

1080 561 1161 587 quam
1179 552 1282 582 videre,
1301 552 1480 588 haberemque
1495 554 1537 579 ius
1554 554 1691 589 legationis
1707 554 1830 584 liberum.
1843 564 1873 581 ea

1081 594 1168 617 ruente
1183 590 1309 620 discessi,
1327 594 1356 616 ut
1370 590 1491 616 adessem
1509 590 1635 617 Kalendis
1647 592 1788 623 ianuariis.
1800 591 1873 628 quod

1081 627 1187 653 initium
1198 632 1307 653 senatus
1317 627 1429 662 cogendi
1442 627 1496 653 fore
1508 628 1658 654 videbatur.

1136 665 1178 690 ΙΙΙ,
1209 665 1234 690 7.
1258 664 1390 699 Exposui,
1419 669 1506 699 patres
1525 666 1680 700 conscripti,
1703 665 1873 701 profectionis

1079 701 1236 728 consilium:
1263 710 1333 728 nunc
1349 702 1521 731 reversionis.
1539 711 1608 737 quac
1619 703 1680 738 plus
1691 703 1874 730 admirationis

1081 739 1167 770 habet,
1181 739 1298 766 breviter
1307 747 1449 774 exponam.
1471 739 1560 772 Quum
1572 740 1756 771 Brundisium,
1769 741 1874 776 iterque

1079 775 1160 806 illud,
1176 776 1248 811 quod
1265 777 1355 802 tritum
1374 777 1400 802 in
1417 776 1554 803 Graeciam
1569 782 1622 808 est,
1640 786 1691 804 non
1707 777 1764 804 sine
1778 786 1872 804 caussa

1079 813 1244 845 vitavissem,
1264 813 1390 839 Kalendis
1402 813 1550 840 Sextilibus
1563 815 1622 841 veni
1633 815 1788 850 Syracusas,
1799 814 1872 850 quod

1078 850 1112 877 ab
1122 850 1191 877 Urbe
1203 859 1232 877 ea
1244 851 1411 877 transmissio
1422 851 1448 877 in
1461 851 1597 878 Graeciam
1611 851 1781 878 laudabatur:
1803 860 1873 887 quse

1079 892 1165 914 tamen
1182 888 1246 914 urbs
1263 888 1328 914 mihi
1344 889 1576 918 coniunctissima,
1595 889 1656 924 plus
1677 897 1727 915 una
1744 898 1786 916 me
1797 894 1873 916 nocte

1552 926 1656 952 Veritus
1667 935 1738 956 sum.
1752 935 1785 953 ne
1795 935 1872 953 meus

1078 963 1232 997 repentinus
1248 962 1281 989 ad
1297 971 1370 989 meos
1386 963 1548 989 necessarios
1564 963 1694 990 adventus
1709 964 1872 999 suspicionis

1077 999 1180 1034 aliquid
1195 999 1310 1030 all'erret,
1327 1000 1349 1026 si
1366 1008 1451 1026 essem
1463 1006 1651 1027 commoratus.
1682 1000 1771 1034 Quum
1783 1006 1871 1028 autem

1077 1045 1120 1063 me
1133 1045 1166 1063 ex
1177 1037 1267 1063 Sicilia
1279 1037 1312 1063 ad
1328 1037 1607 1072 Leucopetram,quod
1615 1039 1871 1073 estpromontorium

1076 1074 1133 1110 agri
1144 1074 1268 1110 Rhegini,
1282 1075 1352 1101 venti
1364 1074 1537 1106 detulissent;
1559 1075 1593 1101 ab
1604 1083 1635 1101 eo
1648 1075 1703 1102 loco
1717 1075 1870 1106 conscendi,

1076 1116 1106 1137 ut
1121 1112 1341 1138 transmitterem:
1360 1120 1408 1138 nec
1418 1112 1454 1138 ita
1466 1111 1581 1138 multum
1594 1117 1744 1146 provectus,
1758 1113 1872 1140 reiectus

1076 1153 1166 1176 austro
1176 1157 1236 1175 sum
1249 1149 1275 1175 in
1287 1157 1349 1175 eum
1360 1149 1450 1184 ipsum
1463 1148 1559 1179 locum,
1574 1149 1645 1175 unde
1654 1149 1869 1177 conscenderam.

1076 1187 1101 1211 8.
1118 1185 1262 1221 Quumque
1283 1187 1442 1220 intempesta
1462 1194 1515 1212 nox
1529 1191 1600 1212 esset
1614 1187 1828 1222 mansissemque
1843 1187 1871 1215 in

1076 1222 1140 1250 villa
1150 1223 1179 1249 P.
1192 1223 1298 1254 Valerii,
1311 1223 1415 1249 comitis
1427 1228 1451 1249 ct
1463 1222 1602 1250 familiaris
1614 1225 1675 1254 mei,
1688 1224 1871 1260 postridieque

1053 1253 1055 1278 !
1075 1261 1146 1296 apud
1158 1260 1282 1288 eumdem
1290 1265 1398 1288 ventum
1406 1265 1562 1296 exspectans
1569 1269 1713 1293 manerem,
1720 1262 1871 1297 municipes

1051 1505 1053 1520 1

1051 1535 1053 1547 Ι

1050 1568 1053 1583 ῑ
1074 1560 1215 1587 Addebant
1235 1565 1370 1596 praeterea
1389 1560 1429 1595 (fit
1448 1561 1520 1587 enim
1541 1560 1715 1596 plerumque,
1732 1565 1763 1587 ut
1776 1561 1809 1591 ii,
1821 1561 1869 1596 qui
1911 1592 1913 1595 Ι

1077 1299 1190 1335 Rhegini
1213 1298 1365 1334 complures
1381 1298 1414 1325 ad
1431 1307 1472 1325 me
1488 1303 1632 1330 venerunt,
1655 1307 1688 1326 ex
1702 1299 1745 1326 his
1758 1299 1870 1335 quidam
1908 1318 1910 1320 ψ

1075 1337 1157 1363 Roma
1173 1341 1305 1363 recentes:
1328 1344 1342 1362 a
1356 1336 1458 1371 quibus
1474 1337 1592 1371 primum
1603 1337 1704 1372 accipio
1714 1336 1750 1363 M.
1763 1336 1870 1364 Antonii

1074 1375 1243 1401 concionem:
1256 1382 1324 1409 quae
1335 1374 1370 1400 ita
1382 1373 1449 1400 mihi
1460 1373 1568 1409 placuit,
1581 1379 1611 1400 ut
1621 1382 1650 1400 ea
1662 1373 1727 1401 lecta
1737 1373 1772 1400 de
1781 1382 1871 1401 rever—

1075 1413 1150 1438 sione
1165 1412 1283 1446 primurn
1297 1411 1431 1446 coeperim
1447 1411 1572 1447 cogitare.
1603 1411 1657 1438 Nec
1668 1412 1703 1438 ita
1714 1410 1799 1438 multo
1810 1416 1871 1447 post

1075 1449 1192 1476 edictum
1208 1449 1283 1476 Bruti
1298 1448 1406 1475 affertur
1420 1453 1445 1475 et
1461 1448 1561 1476 Cassii:
1583 1448 1657 1483 quod
1666 1448 1777 1484 quidem
1791 1449 1868 1480 mihi,

1075 1486 1186 1513 fortasse
1201 1486 1275 1522 quod
1289 1494 1334 1513 eos
1349 1486 1429 1512 etiam
1440 1485 1502 1520 plus
1513 1485 1686 1521 reipublicae,
1698 1494 1780 1521 quam
1792 1485 1871 1513 fami-

1075 1523 1196 1550 liaritatis
1215 1523 1299 1560 gratia
1319 1523 1416 1559 diligo,
1433 1522 1544 1558 plenum
1561 1523 1703 1558 aequitatis
1719 1523 1868 1550 videbatur.

1074 1598 1136 1624 boni
1146 1598 1214 1633 quid
1224 1597 1320 1624 volunt
1329 1597 1430 1628 afferre,
1443 1597 1573 1633 affingant
1583 1597 1695 1633 aliquid,
1707 1605 1763 1633 quo
1773 1597 1870 1624 faciant

1050 1633 1052 1654 ·’
1073 1635 1109 1665 id,
1121 1634 1194 1670 quod
1202 1635 1332 1665 nuntiant,
1341 1634 1728 1670 laetius,)remconventuram:
1741 1633 1869 1661 Kalendis

223 2678 251 2699 ut
262 2673 417 2700 adessemus
429 2673 553 2705 edixerat.
569 2680 668 2702 mutata
679 2675 782 2702 omnia:
799 2675 867 2702 nihil
879 2685 926 2711 per
936 2685 1015 2704 sena·
1036 2658 1046 2698 i

1073 1672 1222 1699 Sextilibus
1233 1677 1354 1698 senatum
1367 1671 1533 1707 frequentem
1545 1671 1614 1698 fore:
1626 1672 1780 1702 Antonium.
1789 1680 1869 1706 repu-

1073 1709 1152 1736 diatis
1172 1709 1251 1736 malis
1271 1709 1441 1739 suasoribus,
1461 1709 1582 1735 remissis
1598 1708 1694 1736 Galliis
1709 1709 1865 1743 provinciis,

1072 1747 1105 1773 ad
1116 1747 1296 1773 auctoritatem
1310 1750 1419 1772 senatus
1430 1754 1489 1772 esse
1499 1745 1658 1772 rediturum.
1689 1746 1732 1773 lv.
1753 1747 1778 1772 9.
1799 1746 1867 1773 Tum
1910 1744 1913 1747 ’

1072 1792 1135 1811 vero
1149 1788 1219 1810 tanta
1229 1792 1290 1810 sum
1297 1783 1576 1818 cupiditateincensus
1587 1783 1619 1809 ad
1626 1783 1789 1814 reditum,ut
1800 1783 1868 1810 mihi

1073 1820 1141 1848 nulli
1158 1829 1244 1856 neque
1259 1821 1326 1847 remi
1343 1829 1429 1856 neque
1445 1821 1517 1846 venti
1533 1819 1728 1847 satisfacerent:
1750 1829 1803 1847 non
1813 1829 1868 1856 quo

1073 1867 1114 1885 me
1125 1858 1452 1894 adtempusoccursurum
1465 1866 1516 1884 non
1524 1862 1654 1892 putarem,
1662 1857 1709 1884 sed
1716 1865 1749 1884 ne
1755 1857 1865 1888 tardius,

1071 1904 1153 1931 quam
1173 1904 1312 1930 cuperem,
1338 1895 1501 1930 reipublicae
1521 1895 1677 1931 gratularer.
1712 1895 1800 1930 Atque
1819 1903 1869 1932 ego

1071 1933 1191 1960 celeriter
1205 1932 1308 1959 Veliam
1323 1932 1464 1962 devectus,
1482 1932 1594 1958 Brutum
1607 1932 1676 1964 w'di3
1698 1937 1798 1968 quanto
1808 1940 1868 1959 meo

1071 1970 1174 2001 dolore,
1191 1979 1242 1997 non
1258 1969 1327 1996 dico.
1359 1970 1447 2004 Turpe
1464 1969 1595 2004 mihiipsi
1608 1969 1756 2001 videbatur,
1769 1970 1867 1996 ineam
1907 1995 1917 2003 ⁴

1072 2008 1165 2034 urbem
1181 2016 1224 2034 me
1238 2006 1335 2034 audere
1349 2007 1460 2038 reverti,
1473 2015 1506 2033 ex
1519 2015 1572 2042 qua
1586 2007 1685 2034 Brutus
1701 2006 1819 2034 eederet:
1841 2011 1869 2034 et

1071 2045 1108 2072 ibi
1124 2044 1193 2071 velle
1207 2049 1264 2071 tuto
1279 2053 1351 2075 esse,
1368 2044 1416 2071 ubi
1432 2043 1478 2070 ille
1493 2052 1545 2071 non
1561 2049 1660 2079 posset.

1070 2082 1148 2108 illum
1160 2081 1292 2113 similiter,
1304 2086 1384 2116 atque
1395 2083 1453 2116 ipse
1464 2089 1545 2112 eram,
1559 2086 1723 2108 commotum
1733 2080 1865 2108 essex-idi.

1070 2119 1181 2146 Erectus
1196 2119 1268 2145 enim
1284 2119 1395 2145 maximi
1410 2127 1440 2145 ac
1451 2118 1625 2153 pulcherrimi
1637 2118 1698 2145 facti
1709 2118 1753 2145 sui
1762 2118 1867 2145 consci-
1896 2135 1899 2139 -

1070 2158 1139 2183 entia
1148 2177 1154 2187 ,
1171 2156 1239 2182 nihil
1255 2155 1289 2182 de
1303 2164 1354 2182 suo
1367 2164 1445 2186 casu,
1459 2155 1543 2182 multa
1553 2155 1587 2182 de
1598 2160 1687 2182 vestro
1695 2155 1865 2190 querebatur.

1072 2196 1111 2220 to.
1133 2194 1174 2220 Ex
1184 2202 1238 2228 quo
1249 2193 1367 2228 primum
1378 2193 1499 2228 cognovi.
1507 2192 1710 2227 quaeKalendis
1716 2191 1866 2219 Sextilibus

1069 2231 1097 2257 in
1118 2235 1212 2257 senatu
1232 2230 1329 2257 fuisset
1349 2231 1379 2257 L.
1400 2231 1505 2256 Pisonis
1520 2230 1616 2256 oratio:
1638 2230 1687 2264 qui
1699 2237 1865 2264 quamquam

1069 2277 1164 2303 parum
1181 2272 1235 2294 erat
1249 2267 1286 2302 (id
1302 2267 1373 2294 enim
1389 2267 1448 2302 ipso
1463 2275 1477 2293 a
1492 2267 1572 2293 Bruto
1583 2266 1729 2301 audieram)
1739 2274 1753 2292 a
1763 2266 1866 2301 quibus

1068 2305 1210 2336 debuerat,
1232 2305 1355 2331 adiutus:
1387 2309 1475 2330 tamen
1497 2309 1523 2330 et
1541 2304 1616 2330 Bruti
1635 2304 1787 2330 testimonio
1801 2303 1866 2338 (quo

1068 2342 1135 2378 quid
1151 2347 1237 2377 potest
1252 2350 1311 2368 esse
1325 2341 1462 2378 grai-iusi&
1483 2346 1509 2368 et
1522 2341 1643 2367 omnium
1658 2340 1862 2375 praedicatione,
1902 2358 1903 2361 η

1068 2388 1136 2415 quos
1156 2384 1248 2414 postea
1268 2379 1338 2410 vidi,
1360 2387 1486 2414 magnam
1505 2378 1573 2404 mihi
1594 2377 1737 2404 videbatur
1750 2377 1863 2413 gloriam

1067 2422 1236 2444 consecutus.
1258 2417 1336 2443 Hunc
1345 2417 1428 2452 igitur
1437 2421 1467 2442 ut
1478 2423 1611 2450 sequerer,
1618 2415 1768 2451 properavi,
1781 2422 1863 2450 quem

1069 2459 1220 2489 praesentes
1231 2462 1283 2480 non
1293 2458 1356 2480 sunt
1366 2453 1465 2479 secuti:
1485 2460 1537 2478 non
1548 2451 1738 2486 utproficerem
1748 2450 1861 2486 aliquid,
1895 2471 1899 2475 .

1068 2493 1165 2527 (neque
1180 2492 1252 2518 enim
1266 2491 1406 2526 sperabam
1423 2490 1464 2520 id,
1482 2497 1568 2524 neque
1579 2493 1712 2523 praestare
1723 2487 1864 2524 poteram,)
1902 2503 1906 2523 3

1067 2528 1115 2555 sed
1121 2533 1159 2560 ut.
1168 2528 1264 2563 siquid
1270 2527 1338 2555 mihi
1343 2527 1500 2554 humanitus
1510 2526 1659 2556 accidisset,
1668 2525 1761 2561 (multa
1771 2529 1862 2552 autem

1068 2565 1222 2600 impendere
1233 2565 1358 2592 fidentiu-
1368 2568 1471 2599 praeter
1481 2568 1603 2589 naturam
1613 2563 1694 2589 etiam
1704 2567 1862 2598 praeterque
1900 2587 1902 2589 ,

1068 2602 1178 2636 fatum,)
1198 2602 1281 2629 huius
1302 2607 1391 2628 tamen
1410 2600 1464 2627 diei
1479 2608 1572 2626 vocem
1587 2605 1683 2626 testem
1698 2599 1862 2634 reipublicae
1900 2599 1904 2615 ²

1066 2639 1245 2674 relinquerem
1256 2647 1330 2666 meae
1341 2642 1484 2673 perpetuae
1495 2645 1556 2673 erga
1567 2646 1596 2663 se
1607 2636 1762 2664 voluntatis.

1123 2678 1162 2702 tt.
1184 2676 1316 2708 Quoniam
1336 2675 1478 2710 utriusque
1492 2674 1599 2701 consilii
1616 2681 1754 2705 caussam,
1771 2678 1860 2708 patres
1890 2701 1893 2706 .

1700 2043 1793 2079 Neque
1804 2052 1868 2071 vero
1905 2049 1916 2083 j,
