1941 3052
200 1082 204 1090 ·
240 1080 281 1096 ros
296 1071 398 1105 primus
414 1070 573 1097 adiunxerit.

245 149 291 173 t713
815 149 854 172 Η.
890 147 923 172 Μ.

241 220 396 245 accuratim.
437 217 503 250 Quin
522 226 584 250 ergo
602 218 666 243 istos
685 216 762 246 ferat,
777 217 824 250 qui
844 216 892 242 hos
909 220 1028 242 auctores

242 266 292 283 non
308 255 435 291 prolient‘?
455 256 504 281 nisi
520 255 626 280 omnino
643 254 705 279 lt³t¹C
719 262 777 278 esne
791 253 824 278 nb
839 253 879 278 his
892 257 1028 287 praecepta

242 294 367 319 nesciant.
411 293 465 318 1751.
481 292 555 323 Qmul
575 292 597 316 ,ai
618 291 651 316 ita
670 295 722 315 est:
745 290 802 323 (nec
818 298 878 315 vcro
896 289 970 315 aliter
983 298 1029 316 ex-

242 332 354 363 intimnz')
368 330 430 363 quia
447 330 495 363 ipsi
512 329 568 353 suis
583 327 707 353 annisibus
723 336 773 352 non
786 330 934 356 moventur,
948 326 1030 352 nibil·
1050 320 1051 359 l

243 377 273 393 ni·
289 368 320 392 iis
335 368 410 393 inum·
423 366 544 392 videtur?
565 364 628 390 niliil
646 363 817 393 inconditum,
832 362 897 388 niliil
912 368 1027 393 curtum,
1050 381 1051 388 .

243 404 306 430 niliil
322 403 486 431 claudicans,
507 401 571 427 niliil
592 400 761 426 redundans?
782 401 806 426 in
824 408 900 425 versu
919 400 1028 434 quidem
1050 403 1051 408 ¹

242 442 339 466 itu-..tm
364 444 413 465 tota
437 439 596 467 exclamant,
622 438 643 463 si
664 437 711 463 fuit
732 446 782 462 una
801 436 902 472 syllaba
926 436 1030 463 brevior

241 483 285 503 aut
312 478 421 509 longior.
464 477 514 501 Nec
539 483 599 500 vero
622 474 765 500 multitudo
787 474 867 508 pedes
892 474 964 500 novit
983 482 1029 500 nec

243 515 310 540 ullo-i
337 522 460 539 numeros
479 517 561 538 tenet:
583 520 630 537 nec
653 511 732 541 illud,
758 511 830 545 (lund
849 510 969 541 offendit,
985 516 1031 536 aut

241 561 288 577 cur
301 556 345 576 aut
361 551 385 576 in
400 559 453 584 quo
467 548 588 578 offendat,
605 548 741 583 intelligit,
764 552 789 574 et
809 553 894 573 tamt-n
909 548 1028 574 omnium
1050 547 1051 569 i

243 587 438 621 longitudinum
454 591 478 612 et
493 586 651 612 brevitatum
667 586 692 611 in
708 586 793 615 sonis.
810 586 878 611 sicut
892 589 1028 611 acutarum
1050 599 1051 615 i

241 625 416 659 graviumque
431 632 538 654 vocum,
556 623 685 649 iudicium
701 623 757 656 ipsa
773 627 863 648 natura
879 623 904 647 in
919 622 1029 648 auribus
1050 618 1051 640 l

242 663 337 688 nostris
351 661 498 687 collocavit.
539 661 591 686 LII.
610 661 665 686 ΓΗ.
683 660 762 686 Visne
777 660 870 693 igitur,
888 659 973 689 Brute,
991 663 1030 685 to-

242 705 296 725 tnm
312 699 382 725 liunc
399 698 484 724 locum
499 698 647 724 accuratius
661 698 739 722 etiam
754 697 931 731 explicemus,
948 705 1028 731 quam
1050 704 1052 713 ¹

242 737 278 761 illi
295 737 359 770 ipsi,
379 736 426 770 qui
441 740 466 762 et
480 735 543 761 haec
557 740 582 761 et
597 734 640 760 illa
656 734 732 760 nobis
747 734 923 764 tradiderunt,
940 742 972 759 an
988 733 1029 759 liis
1050 753 1051 757 ,

240 773 354 799 contenti
373 781 444 803 esse,
469 781 537 807 quae
555 772 588 798 ab
607 771 660 798 illis
679 771 747 797 dicta
766 775 842 801 sunt,
868 769 1031 805 possumus?

241 810 292 836 Sed
306 810 371 845 quid
386 818 496 845 quaero,
514 809 628 835 velisne:
650 817 735 843 quum
751 808 843 834 litteris
857 808 924 837 tuis,
940 807 1030 833 erudi·
1058 840 1060 842 Ι

242 848 343 873 tissime
357 848 471 882 scriptis,
486 851 510 872 te
521 846 547 872 id
563 846 603 872 vel
619 846 733 872 maxime
748 845 815 871 velle
831 843 1030 879 perspexerim?
1050 867 1060 881 Ι,

242 885 358 911 l’rimum
373 893 435 919 ergo
447 885 529 919 orig0.
545 883 641 910 deinde
655 891 760 913 caussa,
783 887 840 917 post
855 886 955 912 natura,
973 886 1028 907 tum

240 922 272 947 ad
287 927 434 948 extremum
450 930 515 947 usus
529 922 586 956 ipse
600 920 746 955 explicetur
763 920 888 946 orationis
902 923 977 953 aptae
991 923 1030 944 at—

239 968 292 993 que
307 967 470 985 numerosae.

297 997 361 1022 Nam
375 997 422 1031 qui
435 997 573 1022 isocratem
588 995 703 1022 maxime
717 995 854 1024 mirantur,
868 993 917 1019 hoc
930 993 957 1020 in
971 993 1029 1019 eius

240 1034 353 1059 summis
373 1033 498 1060 laudibus
517 1033 616 1063 ferunt,
637 1032 709 1068 quod
724 1032 812 1058 verbis
826 1030 920 1057 solutis
935 1039 1030 1056 nume-

612 1070 701 1102 Quum
719 1070 790 1095 enim
810 1068 923 1099 videret,
944 1072 1030 1094 orato—

240 1116 281 1133 res
298 1116 360 1134 cum
377 1109 515 1134 severitate
533 1107 632 1138 audiri,
658 1111 748 1141 poetas
766 1110 853 1132 autem
872 1114 933 1131 cum
953 1105 1030 1131 volu-

240 1150 317 1179 ptate,
334 1149 390 1171 tum
405 1145 503 1171 dicitur
520 1153 644 1171 numeros
662 1148 778 1173 secutus,
794 1143 895 1178 quibus
909 1143 987 1168 etiam
1002 1142 1028 1168 in
1050 1143 1052 1162 ι’

239 1183 354 1209 oratione
368 1187 511 1213 uteremur,
527 1191 611 1217 quum
627 1181 799 1208 iucunditatis
809 1189 912 1209 caussa,
929 1184 985 1206 tum
1001 1183 1029 1205 ut
1050 1205 1051 1217 1

241 1220 351 1246 varietas
369 1224 516 1246 occurreret
534 1220 656 1246 satietati.
698 1219 755 1244 ⁴75.
775 1217 851 1250 Quod
869 1217 902 1243 ab
920 1217 953 1242 iis
969 1224 1029 1242 vere

238 1257 353 1291 quadam
368 1266 400 1283 ex
416 1262 496 1292 parte,
514 1266 564 1283 non
579 1261 663 1283 totum
677 1256 783 1282 dicitur.
814 1255 879 1280 Nam
895 1254 1028 1280 neminem

238 1295 264 1320 in
280 1304 310 1321 eo
322 1303 418 1330 genere
432 1295 560 1321 scientius
574 1299 708 1320 versatum
723 1294 835 1319 Isocrate
848 1291 1029 1318 confitendum
1050 1305 1059 1318 r<

239 1337 290 1361 est,
319 1332 365 1358 sed
392 1332 514 1366 princeps
540 1330 693 1357 inveniendi
726 1329 776 1356 fuit
802 1328 1026 1364 Thrasymachus,
1049 1336 1059 1372 ἰ

238 1370 315 1395 vuius
333 1370 421 1396 omnia
440 1369 519 1395 nimis
537 1370 616 1395 etiam
635 1371 738 1394 exstant
755 1367 852 1401 scripta
877 1373 1027 1391 numerose.

238 1407 318 1437 Nam,
334 1411 363 1432 ut
377 1406 467 1441 paullo
481 1411 539 1432 ante
557 1406 627 1437 dixi,
647 1405 719 1440 paria
738 1404 848 1438 paribus
867 1402 990 1428 adiuncta
1004 1406 1030 1428 et

237 1443 361 1470 similiter
374 1443 481 1470 definita
499 1444 616 1478 itemque
634 1442 772 1469 contrariis
790 1440 870 1466 relata
889 1439 1026 1469 contraria,

237 1489 305 1515 quae
316 1489 363 1507 sua
377 1485 480 1515 sponte,
493 1481 596 1506 etiamsi
611 1480 638 1506 id
652 1488 703 1506 non
717 1487 788 1514 agas,
800 1477 899 1504 cadunt
910 1476 1030 1511 plerum·
1050 1482 1051 1491 ¹

237 1527 290 1553 que
309 1526 461 1548 numerose,
479 1517 590 1553 Gorgias
609 1517 712 1552 primus
730 1515 846 1546 invenit,
872 1514 920 1540 sed
936 1514 970 1540 iis
989 1517 1029 1539 est

238 1563 305 1581 usus
323 1555 554 1589 intemperantius.
594 1555 622 1581 Id
641 1559 729 1580 autem
748 1557 787 1579 est
804 1560 905 1587 genuS,
926 1555 956 1577 ut
969 1554 1028 1577 ante

237 1592 337 1619 dictum
352 1596 404 1623 est,
420 1600 453 1619 ex
471 1592 557 1618 tribus
570 1592 690 1626 partibus
708 1589 886 1617 collocationis
905 1588 1026 1614 alterum.

240 1631 296 1656 ⁴76.
312 1630 410 1656 Horum
428 1633 541 1664 uterque
559 1630 698 1655 Isocratem
716 1631 798 1654 aetate
821 1626 979 1661 praecurrit,
999 1629 1029 1650 ut
1049 1643 1051 1657 2

238 1675 282 1693 eos
304 1666 350 1693 ille
373 1666 564 1697 moderatione,
590 1675 642 1692 non
664 1665 817 1692 inventione
839 1663 941 1689 vicerit.

237 1740 358 1775 quillior,
379 1741 417 1766 sic
431 1741 458 1767 in
471 1741 538 1775 ipsis
553 1740 672 1766 numeris
690 1739 814 1766 sedatior.
855 1737 966 1772 Gorgias
980 1745 1029 1762 au-
1048 1739 1051 1764 l

238 1783 289 1804 tem
304 1777 406 1804 avidior
424 1782 463 1804 est
480 1778 584 1813 generis
602 1778 661 1804 eius
677 1782 703 1803 et
720 1777 754 1802 iis
777 1774 966 1801 festivitatibus
979 1774 1028 1808 (sic

237 1815 308 1841 enim
322 1815 380 1849 ipse
393 1814 492 1849 censet)
505 1814 662 1841 insolentius
674 1813 801 1842 abutitur,
812 1820 880 1846 quas
890 1811 1025 1842 Isocrates,

237 1860 322 1886 quum
342 1856 428 1878 tamen
447 1851 594 1878 audivisset
610 1852 638 1878 in
656 1849 792 1877 Thessalia
810 1848 963 1875 adolescens
985 1856 1028 1873 se-

238 1897 297 1915 nem
324 1889 377 1915 iam
400 1888 539 1924 Gorgiam,
567 1889 728 1915 moderatius
753 1887 832 1913 etiam
859 1885 1025 1920 temperavit.

237 1925 307 1958 Quin
321 1926 400 1952 etiam
413 1934 442 1952 se
456 1927 513 1960 ipse
527 1930 643 1957 tantum,
662 1929 793 1960 quantum
807 1927 889 1949 aetate
903 1921 1029 1957 procede-

237 1963 290 1994 bat,
306 1962 397 1998 (prope
411 1963 482 1989 enim
499 1967 606 1989 centum
624 1962 737 1989 confecit
755 1959 859 1995 ann05,)
872 1959 1001 1986 relaxarat
1013 1967 1027 1985 a

238 2001 320 2027 nimia
337 2000 492 2026 necessitate
514 2008 700 2032 numerorum;
723 1998 795 2034 quod
816 1996 932 2024 declarat
952 1997 980 2022 in
997 2004 1028 2022 eo
1048 1991 1050 2028 Ι

240 2037 314 2068 libro,
327 2045 407 2072 quem
422 2037 454 2063 ad
464 2037 620 2072 Philippum
631 2036 800 2063 Macedonem
812 2034 928 2069 scripsit,
941 2042 1026 2068 quum
1048 2029 1050 2049 ¹

238 2075 290 2101 iam
304 2074 447 2100 admodum
462 2078 532 2100 esset
545 2083 640 2101 senex:
662 2074 690 2100 in
708 2082 762 2108 quo
779 2072 844 2099 dicit
860 2079 919 2097 sese
937 2071 1027 2097 minus

239 2112 290 2138 iam
313 2112 413 2137 servire
431 2112 563 2143 numeris,
589 2119 670 2146 quam
688 2111 783 2137 solitus
801 2112 880 2136 esset.
920 2108 956 2134 Ita
976 2116 1026 2133 non

238 2149 316 2175 modo
329 2148 489 2183 superiores,
505 2149 553 2175 sed
566 2149 645 2175 etiam
659 2157 687 2174 se
701 2149 759 2182 ipse
772 2149 929 2174 correxerat.

293 2186 355 2212 LIII.
372 2186 428 2211 ⁴77.
444 2185 575 2218 Quoniam
592 2186 674 2221 igitur
691 2185 822 2211 habemus
840 2187 916 2217 aptae
933 2182 1028 2208 oratio-

238 2223 279 2249 nis
293 2231 338 2250 eos
351 2223 485 2258 principes
499 2227 681 2258 auctoresque,
693 2230 761 2257 quos
775 2221 904 2250 diximus
915 2223 942 2245 et
954 2219 1028 2254 origo

1048 2575 1051 2593 1

1048 1976 1050 1986 i

237 2261 344 2286 inventa
358 2264 410 2291 est,
429 2268 523 2286 caussa
541 2264 693 2295 quaeratur.
733 2259 805 2291 Quae
823 2258 862 2284 sic
876 2261 963 2291 aperta
977 2260 1025 2297 est,

238 2302 267 2323 ut
292 2297 372 2323 mirer
398 2301 499 2323 veteres
525 2306 577 2324 non
603 2305 662 2323 esse
687 2300 844 2325 commotos,
873 2297 1027 2329 praesertim

237 2343 331 2369 quum,
348 2338 378 2360 ut
391 2333 428 2365 fit,
445 2333 552 2361 fortuito
565 2342 644 2369 saepe
657 2333 760 2369 aliquid
773 2332 897 2359 concluse
914 2335 1028 2366 apteque

237 2371 365 2398 dicerent.
404 2370 482 2403 Quod
499 2380 585 2406 quum
607 2371 710 2397 animos
733 2370 873 2397 hominum
897 2375 1028 2402 auresque

239 2408 393 2443 pepulisset,
410 2413 439 2434 ut
452 2408 565 2444 intelligi
579 2412 677 2443 posset,
693 2407 730 2439 id,
741 2407 814 2442 quod
827 2414 906 2433 casus
918 2404 1029 2432 effudis—

237 2450 290 2475 set,
309 2445 438 2471 cecidisse
454 2445 584 2477 iucunde,
605 2444 750 2472 notandum
763 2449 833 2471 certe
850 2451 936 2479 genus
949 2446 1028 2476 atque

239 2482 290 2516 ipsi
304 2482 355 2508 sibi
373 2483 495 2509 imitandi
514 2482 630 2509 fuerunt.
670 2482 755 2509 Aures
777 2482 847 2508 enim
866 2480 908 2506 vel
921 2480 1027 2506 animus

239 2519 342 2544 aurium
366 2520 459 2546 nuntio
481 2519 629 2546 naturalem
651 2519 795 2554 quamdam
817 2519 845 2544 in
867 2525 896 2543 se
913 2517 1028 2543 continet

241 2563 335 2581 vocum
353 2556 473 2582 omnium
491 2557 666 2583 mensionem.
707 2557 799 2590 Itaque
820 2560 845 2581 et
868 2553 985 2589 longiora
1003 2557 1029 2578 et

238 2591 359 2618 breviora
376 2592 475 2618 iudicat
492 2598 517 2619 et
534 2593 648 2628 perfecta
666 2602 696 2619 ac
713 2592 846 2619 moderata
863 2599 969 2625 semper
981 2599 1029 2616 ex·
1049 2597 1051 2632 j

239 2632 351 2662 spectat:
375 2629 431 2655 ⁴78.
448 2630 541 2656 mutila
558 2631 639 2656 sentit
655 2629 786 2665 quaedam
800 2633 826 2655 et
837 2628 915 2663 quasi
933 2627 1029 2654 decur-
1048 2634 1051 2691 ἱ

241 2669 303 2696 tata,
319 2665 433 2700 quibus,
449 2671 584 2702 tamquam
597 2667 688 2693 debito
705 2666 854 2695 fraudetur,
874 2664 1025 2694 offenditur,

1058 914 1060 955 J
1081 921 1152 956 gior,
1169 920 1274 946 brevior
1287 920 1380 950 altera,
1396 920 1487 946 eadem
1502 921 1579 946 etiam
1595 920 1706 955 planior.

1058 959 1060 984 ’ς
1082 962 1170 983 autem
1195 957 1322 992 longioris
1345 958 1428 992 prima
1448 957 1491 983 illa
1513 958 1647 992 quaestio,
1672 958 1740 984 sitne
1762 959 1870 984 omnino

1058 1003 1060 1012 ¹
1082 995 1136 1021 ulla
1155 1003 1294 1021 numerosa
1317 995 1407 1021 oratio.

980 1662 1027 1688 Est
1049 1657 1059 1688 ‘i

237 1704 321 1734 enim,
342 1708 372 1730 ut
388 1704 415 1729 in
435 1703 623 1730 transferendis
645 1701 827 1736 faciendisque
845 1700 934 1726 verbis
958 1703 1029 1725 tran·
1048 1686 1058 1741 'i

955 147 984 172 T.
1017 145 1290 173 CICERONIS

1081 215 1247 250 productiora
1265 215 1316 242 alia
1333 219 1359 242 et
1375 216 1452 250 quui
1471 215 1670 242 immoderatius
1691 219 1864 246 excurrentia.

1080 261 1148 287 qnae
1162 253 1247 287 magis
1261 253 1338 278 etiam
1353 258 1527 287 aspernantur
1543 262 1633 284 aurea,
1655 253 1727 288 quod
1741 262 1826 288 quum
1841 255 1867 280 in

1082 289 1228 324 plerisque,
1246 294 1301 315 tum
1317 290 1342 315 in
1359 290 1406 315 hoc
1423 299 1518 325 genere
1536 290 1648 316 nimium
1687 290 1738 316 uod
1757 296 1808 320 eat,
1828 290 1868 317 of—

1080 326 1164 352 fendit
1183 326 1380 357 vehementius,
1399 335 1479 361 quam
1495 327 1534 357 id,
1554 327 1626 362 quod
1641 299 1745 353 viii-:tur
1763 336 1866 362 parum.

1082 363 1113 389 Ut
1128 363 1208 396 igitur
1227 364 1326 398 poetica
1340 368 1366 389 et
1381 372 1473 389 versus
1492 364 1615 390 inventus
1629 369 1669 390 est
1687 365 1869 391 terminatione

1081 401 1200 430 aurium,
1225 400 1408 426 observatione
1432 400 1615 435 prudentium,
1645 401 1683 427 nic
1706 402 1732 427 in
1754 402 1869 428 oratioue

1081 437 1296 463 animadversum
1310 442 1362 467 eat,
1383 437 1467 464 multo
1485 437 1551 463 illud
1568 438 1676 473 quidem
1691 439 1791 469 serius,
1811 438 1867 468 sed.

1080 474 1171 500 eadem
1191 474 1347 500 admonente
1366 479 1471 505 natura,
1491 483 1549 500 esse
1566 475 1696 510 quosdam
1710 480 1795 502 certos
1808 483 1869 502 cur-

1081 520 1127 537 sus
1141 511 1378 546 conclusionesque
1393 512 1543 537 verborum.

1138 549 1194 574 ⁴79.
1222 548 1351 580 Quoniam
1376 549 1458 582 igitur
1478 557 1600 575 caussam
1623 557 1730 584 quoque
1752 549 1870 576 ostendi-

1082 594 1154 615 muS,
1172 590 1292 612 naturam
1307 594 1377 612 nunc
1392 586 1427 611 fid
1442 586 1512 612 enirn
1527 591 1582 612 erat
1595 587 1720 620 tertium),
1737 586 1758 612 si
1774 586 1866 621 placet,

1081 622 1260 657 explicemus:
1281 631 1350 658 quae
1368 623 1514 657 disputatio
1527 632 1577 649 non
1593 623 1673 649 liuius
1687 624 1800 650 instituti
1814 632 1871 650 ser-

1082 660 1167 686 monis
1191 665 1243 690 est,
1265 660 1312 686 sed
1334 661 1396 686 artis
1412 661 1528 686 intimae.
1568 660 1663 692 Quaeri
1684 661 1754 687 enirn
1774 665 1867 696 potest,

1081 697 1127 732 qui
1142 697 1176 723 sit
1189 698 1313 723 orationis
1328 706 1455 723 numerus
1473 702 1498 723 et
1517 697 1561 723 ubi
1581 698 1615 723 sit
1633 698 1736 732 positus
1753 703 1778 724 et
1793 702 1870 724 natue

1081 743 1114 760 ex
1127 743 1190 769 quo,
1209 738 1235 760 et
1254 735 1276 760 is
1290 743 1395 760 unusne
1409 735 1443 760 sit
1460 743 1492 760 an
1506 734 1572 764 duo,
1589 743 1620 760 an
1641 734 1743 769 plures.
1763 743 1870 770 quaque

1082 772 1180 798 ratione
1193 776 1366 806 componatur
1379 776 1404 797 et.
1417 771 1449 797 ad
1463 780 1542 806 quam
1558 780 1611 798 rem
1627 777 1651 797 et
1664 771 1772 806 quando
1781 777 1870 807 etque

1083 808 1138 834 loco
1155 813 1180 834 et
1197 809 1423 843 quemadmodum
1442 809 1579 835 adhibitus
1601 808 1701 844 aliquid
1726 808 1869 844 voluptatis

1081 845 1177 872 afferat.
1219 847 1275 871 ⁴80.
1291 845 1342 872 Sed
1363 850 1391 872 ut
1409 846 1434 872 in
1454 845 1588 881 plerisque
1607 846 1699 876 rebus,
1719 847 1758 872 sic
1776 847 1802 872 in
1822 846 1870 872 hac

1081 882 1182 917 duplex
1200 887 1240 908 est
1256 883 1440 909 considerandi
1460 884 1514 914 via,
1534 892 1647 918 quarum
1666 883 1745 909 altera
1759 888 1799 909 est
1814 883 1870 910 lon-

1747 920 1808 947 Ltv.
1822 920 1870 946 Est

1447 994 1614 1026 Quibusdam
1636 995 1707 1021 enim
1726 1003 1777 1021 non
1796 995 1870 1021 vide-

1083 1036 1137 1063 tur,
1161 1033 1224 1066 quia
1244 1031 1309 1058 nihil
1329 1032 1392 1058 insit
1410 1032 1436 1058 in
1455 1040 1484 1057 ea
1502 1032 1579 1062 certi.
1605 1036 1633 1058 ut
1647 1033 1674 1058 in
1689 1032 1820 1062 versibus.
1844 1036 1871 1058 et

1081 1069 1153 1104 quod
1168 1070 1228 1104 ipsi,
1245 1070 1292 1104 qui
1306 1069 1446 1099 affirment,
1458 1077 1516 1095 esse
1530 1077 1574 1095 eos
1585 1078 1718 1099 numeros,
1731 1069 1867 1099 rationem,

1081 1115 1128 1133 cur
1141 1107 1203 1137 sint,
1220 1115 1271 1133 non
1285 1111 1383 1141 queant
1396 1106 1518 1132 reddere:
1533 1106 1642 1137 deinde,
1657 1107 1680 1132 si
1694 1107 1729 1133 sit
1743 1114 1870 1132 numerus

1081 1145 1108 1170 in
1122 1144 1250 1174 oratione.
1267 1143 1354 1178 qualis
1368 1144 1402 1170 sit
1416 1148 1461 1170 aut
1474 1143 1580 1178 quales,
1597 1148 1621 1170 et
1634 1152 1648 1169 e
1662 1144 1806 1178 poeticisne
1820 1152 1870 1170 nu-

1082 1182 1170 1211 meris,
1190 1190 1223 1207 an
1241 1189 1274 1207 ex
1292 1180 1343 1207 alio
1360 1189 1455 1216 genere
1473 1180 1602 1216 quodam.
1622 1185 1660 1211 et,
1680 1181 1702 1207 si
1721 1189 1736 1206 e
1749 1181 1867 1215 poeticis,

1081 1219 1143 1253 quis
1161 1226 1252 1245 eorum
1270 1218 1306 1244 sit
1323 1223 1368 1244 aut
1385 1218 1446 1253 qui,
1466 1217 1591 1253 (namque
1609 1217 1669 1244 aliis
1687 1226 1757 1244 unus
1781 1218 1866 1247 modo.

1081 1256 1140 1282 aliis
1154 1255 1253 1290 plures,
1269 1255 1328 1281 aliis
1342 1263 1435 1282 omnes
1449 1255 1529 1281 iidem
1543 1255 1693 1290 videntur:)
1723 1256 1779 1280 481.
1794 1254 1870 1281 dein-

1081 1293 1125 1323 de,
1142 1294 1307 1327 quicumque
1321 1297 1383 1319 sunt
1400 1293 1457 1318 sive
1471 1301 1542 1318 unus
1556 1293 1612 1318 sive
1627 1292 1730 1327 plures,
1749 1300 1870 1318 commu-

1081 1338 1162 1356 nesne
1176 1330 1229 1356 sint
1243 1330 1314 1356 omni
1328 1329 1417 1365 generi
1432 1329 1566 1360 orationis,
1587 1329 1722 1364 (quoniam
1737 1328 1810 1355 aliud
1823 1337 1871 1363 με

1082 1376 1132 1393 nus
1146 1372 1186 1393 est
1200 1366 1336 1397 narrandi,
1352 1366 1425 1393 aliud
1439 1366 1630 1401 persuadendi,
1646 1365 1719 1392 aliud
1733 1365 1869 1400 docendiz)

1081 1413 1113 1430 an
1131 1404 1252 1438 dispares
1271 1404 1375 1430 numeri
1392 1404 1490 1438 cuique
1507 1403 1632 1430 orationis
1653 1404 1744 1439 generi
1767 1411 1870 1430 accom-

1081 1441 1230 1468 modentur.
1261 1441 1288 1467 Si
1303 1449 1468 1471 communes,
1483 1441 1530 1476 qui
1544 1441 1610 1472 sint,
1626 1441 1648 1467 si
1662 1440 1791 1476 dispares,
1803 1440 1869 1475 quid

1082 1479 1192 1509 intersit,
1209 1483 1235 1505 et
1247 1487 1296 1504 cur
1308 1487 1360 1505 non
1374 1486 1458 1513 aeque
1471 1479 1498 1504 in
1512 1479 1636 1509 oratione,
1648 1483 1728 1513 atque
1737 1478 1765 1504 in
1778 1486 1867 1508 versu.

1082 1524 1211 1542 numerus
1224 1520 1361 1551 appareat:
1383 1515 1493 1546 deinde,
1513 1515 1585 1550 quod
1602 1515 1700 1542 dicitur
1713 1516 1740 1542 in
1753 1515 1870 1542 oratione

1081 1561 1267 1583 numerosum,
1287 1552 1315 1579 id
1333 1557 1423 1579 utrum
1441 1560 1552 1579 numero
1568 1551 1656 1578 solum
1674 1551 1816 1583 efficiatur,
1836 1560 1870 1578 an

1080 1591 1159 1617 etiam
1177 1589 1220 1616 vel
1242 1590 1432 1624 compositione
1454 1589 1569 1624 quadam
1589 1589 1629 1615 vel
1654 1597 1750 1625 genere
1775 1589 1871 1616 verbo—

1081 1636 1154 1659 rum,
1176 1636 1208 1653 an
1221 1627 1257 1653 sit
1269 1635 1350 1653 suum
1363 1627 1509 1661 cuiusque,
1527 1631 1556 1652 ut
1570 1635 1698 1653 numerus
1710 1625 1867 1656 intervallis,

1080 1665 1238 1699 compositio
1259 1664 1383 1694 vocibus,
1407 1672 1492 1699 genus
1514 1664 1604 1698 ipsum
1628 1663 1769 1690 verborum
1792 1664 1869 1698 quasi

1080 1701 1210 1737 quaedam
1231 1700 1313 1728 forma
1331 1706 1357 1727 et
1375 1700 1464 1727 lumen
1483 1701 1608 1727 orationis
1625 1705 1761 1736 appareat,
1781 1701 1869 1735 sitque

1080 1739 1201 1766 omnium
1215 1738 1274 1765 fons
1283 1738 1438 1773 compositio
1449 1747 1482 1764 ex
1495 1746 1578 1773 eaque
1591 1742 1617 1764 et
1630 1746 1758 1764 numerus
1771 1737 1871 1764 efficia-

1048 1765 1058 1813 l}
1081 1781 1124 1803 tur
1137 1781 1162 1802 et
1175 1784 1214 1806 ea,
1229 1784 1299 1811 quae
1312 1775 1438 1802 dicuntur
1450 1775 1575 1802 orationis
1588 1776 1665 1810 quasi
1678 1774 1776 1802 formae
1789 1779 1815 1801 et
1828 1774 1870 1801 lu-

1055 1821 1057 1842 ς
1080 1814 1161 1844 mina,
1177 1821 1254 1848 quae,
1270 1817 1301 1839 ut
1313 1812 1379 1843 dixi,
1395 1812 1488 1839 Graeci
1504 1817 1597 1838 vocant
1610 1812 1739 1846 σχήματα.
1768 1812 1870 1838 482.Αῑ

1056 1848 1057 1878 i
1080 1859 1132 1877 non
1146 1855 1185 1876 est
1199 1858 1297 1881 unum,
1318 1858 1365 1876 nec
1378 1850 1463 1878 idern.
1482 1849 1554 1884 quod
1573 1857 1636 1876 voce
1653 1848 1801 1876 iucundum
1819 1854 1867 1879 est.

1079 1892 1104 1914 et
1117 1887 1190 1923 quod
1204 1887 1381 1913 moderatione
1395 1886 1547 1913 absolutum
1560 1891 1585 1913 et
1598 1886 1670 1921 quod
1687 1886 1869 1913 illuminatum

1079 1933 1176 1961 genere
1194 1924 1350 1955 verborum,
1370 1932 1535 1959 quamquam
1552 1923 1579 1950 id
1597 1923 1706 1958 quidem
1725 1923 1870 1950 finitimum

1079 1966 1119 1988 est
1137 1970 1260 1992 numero,
1281 1962 1345 1996 quia
1361 1969 1409 1996 per
1425 1969 1455 1987 se
1472 1960 1631 1996 plerumque
1649 1959 1796 1995 perfectum
1813 1964 1867 1992 est;

1079 1999 1235 2033 compositio
1248 2003 1337 2025 autem
1350 1999 1383 2024 ab
1397 2002 1509 2033 utroque
1527 1997 1626 2028 differt,
1641 2006 1710 2032 quae
1724 2001 1776 2024 tota
1788 1997 1871 2023 servit

1080 2036 1204 2071 gravitati
1219 2044 1314 2062 vocum
1328 2040 1373 2062 aut
1387 2035 1520 2061 suavitati.
1552 2035 1620 2061 Haec
1633 2035 1716 2070 igitur
1728 2033 1783 2061 fere
1795 2038 1866 2064 sunt.

1056 2075 1057 2083 ¹
1080 2074 1107 2099 in
1121 2073 1222 2108 quibus
1236 2073 1273 2099 rei
1288 2077 1380 2099 natura
1393 2072 1544 2107 quaerenda
1557 2072 1601 2098 sit.

1135 2110 1186 2137 LV.
1208 2111 1264 2136 183.
1284 2110 1351 2136 Esse
1365 2118 1427 2145 ergo
1440 2110 1467 2136 in
1481 2109 1598 2136 oratione
1614 2117 1757 2135 numerum
1773 2116 1870 2144 quem-

1079 2147 1149 2178 dam,
1166 2155 1217 2173 non
1231 2151 1273 2173 est
1285 2146 1394 2173 difficile
1407 2154 1574 2182 cognoscere.
1613 2145 1716 2172 Iudicat
1723 2145 1794 2172 enim
1807 2153 1870 2172 sen-

1079 2193 1139 2216 sus;
1162 2185 1190 2210 in
1207 2192 1262 2219 quo
1279 2184 1404 2218 iniquum
1422 2188 1474 2214 est,
1489 2183 1562 2218 quod
1575 2182 1682 2214 accidit,
1702 2191 1754 2209 non
1771 2190 1870 2218 cogno—

1078 2229 1159 2252 scere,
1175 2221 1208 2252 si,
1223 2229 1271 2247 cur
1283 2221 1312 2247 id
1325 2220 1433 2251 accidat,
1449 2221 1564 2255 reperire
1574 2227 1746 2255 nequeamus.
1776 2219 1869 2254 Neque

1079 2259 1150 2284 enim
1164 2259 1222 2293 ipse
1236 2266 1330 2284 versus
1344 2258 1443 2284 ratione
1457 2262 1497 2284 est
1509 2258 1644 2293 cognitus.
1663 2256 1712 2282 sed
1725 2260 1818 2283 natura
1830 2260 1870 2283 at-

1079 2303 1132 2330 que
1145 2303 1235 2326 sensu,
1250 2303 1332 2330 quem
1345 2295 1466 2321 dimensa
1479 2295 1545 2321 ratio
1561 2294 1663 2324 docuit.
1682 2293 1750 2328 quid
1767 2293 1870 2320 aecide—

1079 2333 1122 2358 rit.
1163 2333 1200 2359 Ita
1217 2333 1316 2358 notatio
1333 2336 1441 2358 naturae
1458 2336 1484 2358 et
1500 2330 1695 2358 animadversio
1712 2331 1815 2366 peperit
1827 2339 1870 2356 ar-

1079 2374 1142 2396 tem.
1182 2369 1234 2396 Sed
1251 2370 1279 2395 in
1298 2369 1422 2395 versibus
1440 2377 1482 2395 res
1498 2372 1539 2394 est
1555 2368 1682 2402 apertior:
1704 2376 1868 2403 quamquam

1079 2407 1158 2432 etiam
1172 2415 1186 2432 a
1200 2406 1287 2433 modis
1304 2405 1480 2441 quibusdam,
1495 2409 1574 2431 cantu
1588 2409 1696 2435 remoto,
1711 2403 1797 2431 soluta
1810 2412 1868 2430 esse

1079 2443 1201 2470 videatur
1213 2443 1304 2474 oratio,
1325 2444 1495 2477 maximeque
1507 2441 1536 2468 id
1549 2442 1576 2468 in
1590 2442 1691 2476 optimo
1703 2449 1812 2476 quoque
1823 2449 1870 2467 eo-

1078 2489 1138 2507 rum
1161 2485 1311 2515 poetarum,
1336 2481 1384 2515 qui
1407 2480 1504 2515 λυρικοί
1520 2487 1534 2504 a
1557 2478 1665 2505 Graecis
1687 2479 1865 2509 nominantur.

1078 2526 1146 2552 quos
1157 2526 1242 2552 quum
1256 2521 1334 2544 cantu
1357 2515 1527 2551 spoliaveris,
1552 2515 1624 2542 nuda
1646 2523 1730 2550 paene
1750 2519 1868 2541 remanet

1078 2555 1169 2581 oratio.
1212 2555 1268 2581 ⁴84.
1291 2553 1409 2586 Quorum
1431 2553 1529 2579 similia
1551 2557 1614 2579 sunt
1635 2551 1766 2588 quaedam
1788 2551 1866 2578 etiam

1078 2591 1150 2626 apud
1164 2596 1276 2622 nostros,
1291 2590 1366 2617 velut
1377 2589 1423 2616 illa
1436 2590 1464 2616 in
1478 2589 1607 2625 Thyeste:

1135 2628 1275 2660 Quemnam
1288 2633 1312 2654 te
1324 2635 1376 2653 esse
1388 2625 1492 2653 dicam?
1504 2629 1550 2660 qm'
1563 2628 1640 2653 tarda
1654 2629 1681 2652 in
1693 2629 1818 2653 senectute
1830 2640 1867 2645 —

1077 2669 1103 2691 et
1115 2673 1184 2699 quae
1197 2669 1361 2700 sequuntur:
1376 2672 1454 2699 quae,
1471 2663 1523 2690 nisi
1535 2671 1621 2698 quum
1635 2663 1732 2690 tibicen
1745 2663 1864 2693 accessit,
