1941 3052
498 122 548 148 DE
580 122 631 148 RE
663 122 858 149 PUBLICA
888 123 967 149 LIB.
999 123 1035 149 11.

87 202 150 229 pore
162 201 248 220 novus
260 192 306 219 ille
317 192 434 227 populus
446 193 516 219 vidit
526 197 624 224 tamen,
633 193 660 219 id
671 193 742 228 quod
756 192 882 228 fugitLa-

85 230 288 257 eedaemonium
299 230 466 265 Lycurgum,
480 231 528 265 qui
540 239 630 266 regem
642 239 693 257 non
705 230 880 266 deligendum

84 268 175 300 duxit,
197 268 221 293 si
236 267 314 294 modo
331 267 379 294 hoc
395 268 422 293 in
434 268 550 303 Lycurgi
567 272 694 303 potestate
708 269 795 302 potuit
805 276 877 299 esse3

84 305 131 332 sed
144 304 308 335 habendum,
317 304 524 340 qualiscumque
540 306 562 331 is
574 305 647 336 foret,
661 306 709 339 qui
721 305 799 332 modo
811 309 881 331 esset

84 341 206 369 Herculis
216 343 299 376 stirpe
308 347 460 377 generatus.
494 343 581 368 Nostri
594 342 632 368 illi
643 343 723 368 etiam
735 348 791 369 tum
803 351 880 378 agre-
902 342 903 355 ³

83 385 137 406 stes
153 379 292 410 viderunt,
314 380 441 405 virtutem
457 384 482 406 et
496 380 656 414 sapientiam
672 379 804 415 regalem,
826 388 879 406 non

84 417 238 452 progeniem
250 417 343 451 quaeri
355 422 484 451 oportere.

139 454 208 480 XIII.
228 455 270 481 25.
290 454 396 486 Quibus
407 463 493 489 quum
504 462 563 480 esse
576 459 753 488 praestantem
764 454 879 480 Numam

84 491 247 526 Pompilium
259 491 328 518 lama
340 491 428 522 ferret,
442 492 638 526 praetermissis
649 493 706 518 suis
718 491 826 517 civibus
838 500 880 517 re-

82 538 144 564 gem
160 528 340 564 alienigenam
356 529 478 563 patribus
492 529 647 555 auctoribus
658 529 711 555 sibi
724 529 781 563 ipse
793 537 880 562 popu-

83 567 126 593 Ius
138 567 245 598 ascivit,
260 575 376 601 eumque
388 565 595 601 adregnandum
602 566 734 592 Sabinum
742 566 879 592 hominem

82 604 193 630 Romam
205 603 322 630 Curibus
333 604 439 630 accivit.
456 603 508 635 Qui
520 608 549 630 ut
560 603 613 630 huc
624 604 878 638 venit,quamquam

82 641 199 676 populus
211 641 321 667 curiatis
332 649 394 667 eum
406 641 523 667 comitiis
535 649 625 676 regem
637 649 695 667 esse
708 641 830 670 iusserat,
840 645 880 666 ta-

83 687 144 705 men
156 679 213 713 ipse
225 678 257 704 de
268 687 317 704 suo
328 679 442 713 imperio
453 679 582 704 curiatam
595 678 682 713 legem
694 677 767 704 tulit:
792 677 880 703 homi-

82 724 184 750 nesque
200 716 331 742 Romanos
352 716 473 742 instituto
490 715 597 742 Romuli
616 715 721 742 bellicis
737 714 835 741 studiis
851 718 880 740 ut

82 753 289 784 viditincensos‚
298 753 464 780 existimavit
473 761 517 780 eos
528 752 651 788 paullum
663 752 696 779 ab
707 752 753 778 illa
764 760 880 779 consue-

82 790 175 818 tudine
187 799 245 817 esse
257 791 428 817 revocandos.

136 828 205 854 XIV.
228 829 269 855 26.
292 829 329 854 Ac
340 828 459 863 primum
471 836 562 863 agros,
585 836 653 863 quos
665 826 736 853 bello
747 825 878 853 Romulus

80 870 195 900 ceperat,
212 865 307 892 divisit
318 865 420 892 viritim
431 865 711 899 civibuS,docuitque,
725 865 785 890 sine
796 863 879 898 depo-

81 902 217 938 pulatione
229 907 308 937 atque
320 902 419 937 praeda
431 911 509 937 posse
520 911 565 928 eos
576 901 696 928 colendis
707 902 779 936 agris
791 901 880 927 abun-

80 940 144 966 dare
155 939 304 966 commodis
315 939 457 970 omnibus,
475 948 647 974 amoremque
659 939 698 965 eis
708 939 757 965 otii
768 944 793 965 et
805 939 878 973 pacis

82 977 186 1009 iniecit,
209 977 311 1012 quibus
327 976 455 1003 facillime
472 977 574 1003 iustitia
585 982 611 1003 et
623 976 688 1002 fides
699 975 875 1008 convalescit;

80 1019 107 1041 et
116 1023 232 1050 quorum
247 1015 393 1049 patrocinio
410 1015 526 1041 maxime
540 1014 629 1041 cultus
645 1022 770 1049 agrorum
786 1022 879 1048 perce-

80 1053 191 1087 ptioque
207 1051 316 1087 frugum
333 1051 497 1079 defenditur.
537 1052 665 1086 Idemque
682 1051 831 1086 Pompilius
843 1056 876 1082 et,

81 1089 211 1124 auspiciis
224 1089 372 1116 maioribus
386 1090 516 1120 inventis,
535 1089 567 1116 ad
580 1089 724 1124 pristinum
736 1097 879 1114 numerum

80 1127 134 1153 duo
155 1135 271 1162 augures
288 1126 404 1159 addidit,
428 1131 453 1152 et
467 1128 551 1153 sacris
566 1135 580 1152 e
596 1127 751 1161 principum
768 1134 880 1152 numero

82 1164 223 1199 pontifices
234 1164 355 1199 quinque
367 1163 508 1199 praefecit:
526 1169 552 1191 et
566 1165 670 1190 animos
685 1164 829 1198 propositis
842 1162 880 1189 le—

80 1202 162 1237 gibus
179 1201 235 1232 liis,
259 1210 326 1236 quas
344 1202 370 1228 in
389 1202 571 1228 monumentis
588 1201 733 1232 habemus,
756 1201 879 1227 ardentes

80 1238 276 1266 consuetudine
292 1243 318 1265 et
332 1238 479 1274 cupiditate
491 1239 611 1265 bellandi
622 1238 782 1274 religionum
795 1239 881 1264 caeri-

82 1277 181 1303 moniis
203 1277 351 1312 mitigavit:
384 1276 562 1312 adiunxitque
589 1280 724 1311 praeterea
746 1274 876 1306 flamines,

81 1313 168 1341 Salios
179 1314 354 1349 virginesque
365 1313 498 1345 Vestales;
512 1322 660 1348 omnesque
672 1318 759 1348 partes
772 1313 881 1348 religio-

81 1352 123 1378 nis
139 1351 231 1377 statuit
246 1351 426 1378 sanctissime.
467 1352 509 1378 27.
535 1351 676 1378 Sacrorum
696 1355 784 1377 autem
807 1351 880 1385 ipso-

82 1397 142 1415 rum
154 1388 324 1424 diligentiam
336 1388 485 1419 difficilem,
499 1393 657 1424 apparatum
669 1387 824 1423 perfacilem
836 1397 880 1414 es-

80 1435 109 1452 se
121 1425 216 1452 voluit.
251 1427 318 1452 Nam
330 1435 398 1461 quae
411 1426 587 1461 perdiscenda
599 1434 722 1461 quaeque
733 1426 880 1452 observan-

81 1463 114 1490 da
126 1468 224 1494 essent,
239 1463 322 1490 multa
334 1464 481 1494 constituit,
495 1463 543 1490 sed
554 1472 584 1490 ea
596 1464 654 1489 sine
667 1465 798 1498 impensa.
835 1462 879 1489 Sic

82 1500 261 1536 religionibus
272 1500 392 1527 colendis
403 1510 512 1536 operam
523 1501 636 1531 addidit,
646 1505 785 1535 sumptum
793 1509 880 1527 remo-

83 1539 133 1565 vit:
153 1537 280 1573 idemque
292 1543 434 1570 mercatus,
452 1538 529 1565 ludos
540 1546 688 1572 omnesque
700 1537 879 1564 conveniendi

80 1584 191 1602 caussas
206 1579 232 1602 et
245 1575 413 1602 celebritates
430 1577 542 1603 invenit.
583 1575 690 1608 Quibus
706 1575 787 1601 rebus
803 1576 881 1601 insti-

82 1614 159 1644 tutiS,
173 1612 207 1639 ad
218 1612 411 1640 humanitatem
423 1613 511 1648 adque
524 1613 758 1640 mansuetudinem
771 1621 880 1639 revoca-

81 1651 121 1677 vit
132 1650 236 1677 animos
248 1650 390 1677 hominum
401 1650 499 1677 studiis
511 1650 630 1677 bellandi
642 1651 694 1677 iam
707 1651 839 1676 immanes
851 1658 880 1676 ac

82 1688 161 1715 leros.
202 1687 247 1714 Sic
262 1687 306 1714 ille
318 1697 404 1723 quum
416 1688 666 1723 undequadraginta
679 1697 762 1714 annos
774 1696 880 1714 summa

81 1726 109 1752 in
121 1733 186 1760 pace
197 1725 394 1760 concordiaque
407 1727 582 1761 regnavisset,
592 1726 825 1760 (semiaruurenim
834 1734 881 1760 po-

81 1762 367 1798 tissimumPolybium
381 1768 510 1794 nostrum,
527 1772 581 1798 quo
593 1772 671 1789 nemo
684 1762 733 1789 fuit
745 1763 772 1789 in
784 1763 881 1797 exqui—

82 1800 172 1827 rendis
185 1800 352 1835 temporibus
363 1800 517 1836 diligentior
526 1801 666 1835 :)excessit
677 1809 690 1826 e
702 1801 765 1831 vita,
774 1800 880 1826 duabus

82 1837 306 1873 praeclarissimis
322 1837 355 1864 ad
373 1837 578 1864 diuturnitatem
598 1838 636 1864 rei
653 1837 778 1872 publicae
799 1837 880 1864 rebus

81 1875 260 1906 confirmatis,
274 1875 404 1911 religione
416 1880 495 1910 atque
506 1875 658 1901 clementia.

136 1912 194 1939 XV.
216 1914 258 1939 28.
280 1911 354 1944 Quae
365 1921 450 1947 quum
463 1913 553 1947 Scipio
564 1912 691 1942 dixisset,
706 1912 822 1941 Verona,
839 1912 881 1938 in-

80 1949 293 1986 quitManilius‚
312 1949 360 1977 lioc
373 1951 517 1976 memoriae
529 1949 664 1986 proditum
675 1954 728 1979 est,
745 1949 878 1982 Africano,

82 1997 172 2024 regem
188 1989 270 2015 istum
287 1989 402 2015 Numam
419 1987 584 2024 Pythagorae
600 1989 687 2023 ipsius
702 1988 878 2022 discipulum,

81 2035 113 2053 an
125 2030 195 2052 certe
208 2026 403 2062 Pythagoreum
416 2023 518 2052 fuisse?
539 2034 617 2060 saepe
634 2026 706 2051 enim
720 2025 768 2051 lioc
780 2025 812 2051 de
825 2034 881 2051 ma-

81 2063 184 2090 ioribus
202 2068 264 2090 natu
282 2063 439 2089 audivimus
451 2068 476 2090 et
492 2063 527 2089 ita
540 2062 717 2098 intelligimus
730 2062 812 2097 vulgo
823 2064 881 2088 exi-

81 2101 199 2127 stimari:
214 2109 301 2135 neque
315 2110 376 2127 vero
387 2101 452 2127 satis
465 2100 491 2126 id
503 2100 641 2127 annalium
654 2099 881 2134 publicorumau-

81 2138 201 2164 ctoritate
213 2137 376 2164 declaratum
390 2138 524 2164 videmus.
566 2138 633 2163 Tum
649 2138 754 2172 Scipio,
772 2137 880 2163 Falsum

81 2180 122 2202 est
132 2175 219 2206 enim,
236 2175 342 2206 Manili,
361 2176 463 2210 inquit,
481 2175 507 2201 id
524 2179 621 2207 toturn,
644 2184 731 2210 neque
746 2174 833 2200 solum
850 2174 881 2199 Ii-

81 2217 165 2243 ctum,
179 2212 226 2238 sed
238 2213 318 2239 etiam
331 2213 453 2247 imperite
469 2212 640 2247 absurdeque
654 2212 758 2238 lictum:
777 2220 806 2237 ea
818 2216 881 2237 sunt

81 2250 154 2277 enirn
166 2249 275 2276 demum
289 2258 339 2276 non
353 2249 460 2276 serenda
474 2251 500 2276 in
514 2249 666 2279 mendacio,
684 2257 752 2284 quae
769 2258 820 2275 uon
838 2258 881 2275 so—

82 2287 138 2314 lum
152 2286 218 2314 facta
230 2296 297 2317 esse,
306 2287 354 2313 sed
366 2296 398 2314 ne
411 2288 467 2313 lieri
478 2287 589 2322 quidem
602 2287 720 2322 potuisse
732 2287 879 2313 ceruimus.

81 2325 149 2352 Nam
166 2329 292 2359 quartum
309 2325 478 2360 iamwanuum
496 2330 622 2360 regnante
638 2325 720 2350 Lucio
735 2324 881 2358 Tarquinio

82 2362 213 2397 Superbo,
232 2362 356 2398 Sybarim
369 2367 394 2388 et
405 2363 544 2388 Crotonem
557 2366 582 2388 et
593 2362 619 2387 in
634 2370 678 2387 eas
692 2361 780 2387 Italiae
793 2366 881 2395 partes

83 2428 116 2463 da
132 2441 158 2463 et
172 2437 340 2472 sexagesima
353 2437 445 2463 eadem
458 2436 574 2470 Superbi
587 2437 661 2471 regui
676 2436 782 2461 initium
793 2441 818 2461 et
830 2435 881 2470 Py-

84 2473 208 2509 thagorae
215 2474 494 2501 declaratudveutum.
506 2475 548 2499 29.
557 2473 596 2499 Ex
606 2482 659 2508 quo
673 2472 786 2507 intelligi
800 2472 880 2506 regiis·

84 2511 162 2537 annis
173 2511 350 2538 dinumeratis
363 2516 460 2546 potest,
475 2520 543 2536 anuo
556 2510 608 2536 lere
620 2510 766 2536 centesimo
777 2515 802 2535 et
813 2518 881 2543 (μιιι-

83 2548 237 2584 dragesimo
251 2554 311 2584 post
326 2554 437 2575 mortem
456 2549 557 2574 Numae
575 2548 692 2582 primum
709 2546 810 2573 ltaliam
831 2547 881 2581 l‘y-

85 2586 222 2621 thagoram
234 2587 368 2622 attigisse:
388 2594 474 2620 neque
488 2585 536 2611 lioc
550 2585 617 2611 inter
627 2594 686 2615 eos,
703 2585 750 2618 qui
763 2583 881 2618 diligen·
903 2606 904 2613 ,

85 2623 188 2649 tissime
201 2625 333 2658 persecuti
345 2628 409 2650 sunt
419 2622 694 2657 temporumauuales,
704 2621 756 2646 ulla
769 2626 807 2646 est
821 2629 881 2646 um-
910 2646 911 2649 ,

85 2668 166 2695 quam
179 2661 206 2687 in
221 2660 388 2688 dubitatione
406 2665 550 2687 versatum.
591 2660 631 2686 Dii
646 2657 821 2689 immortales,
841 2659 881 2684 iu—

1067 123 1158 149 CAP.
1189 123 1320 149 7—19.
1664 125 1726 150 1185

909 193 911 210 5
931 194 992 230 quit
1002 193 1142 224 Manilius,
1165 199 1282 228 quantus
1294 194 1343 220 iste
1354 199 1394 220 est
1405 193 1546 220 hominum
1556 198 1581 219 et
1592 203 1673 228 quam
1686 195 1727 221 in-

909 249 910 256 .
932 236 1066 257 veteratus
1077 232 1161 257 error!
1184 232 1221 257 Ac
1233 237 1320 258 tamen
1333 231 1409 257 facile
1420 231 1518 265 patior,
1536 239 1588 257 non
1604 239 1662 257 esse
1679 241 1726 258 nos

909 276 910 280 ¹
932 269 1118 294 transmarinis
1133 277 1181 294 nec
1192 269 1340 303 importatis
1352 268 1455 294 artibus
1466 268 1598 299 eruditos,
1616 268 1663 295 sed
1678 278 1727 304 ge-

933 307 1024 331 nuinis
1036 305 1244 340 domesticisque
1258 306 1413 332 virtutibus.

988 343 1056 369 XVI.
1070 345 1112 370 30.
1127 344 1208 377 Atqui
1219 343 1303 369 multo
1315 343 1341 369 id
1354 342 1458 369 facilius
1470 351 1623 378 cognosces,
1639 344 1726 378 inquit

931 379 1086 410 Africanus,
1109 381 1132 406 si
1148 380 1363 416 progredientem
1379 389 1434 406 rem
1451 380 1588 414 publicam
1604 385 1683 415 atque
1699 381 1726 406 in

909 438 910 443 .
931 418 1063 451 optimum
1077 422 1175 443 statum
1188 417 1301 444 naturali
1313 417 1428 452 quodam
1442 418 1535 444 itinere
1546 422 1571 444 et
1586 426 1667 444 cursu
1680 426 1727 444 ve-

908 485 910 492 ⁴
932 455 1049 481 nientem
1066 455 1180 486 videris,
1199 455 1266 489 quin
1284 455 1332 481 hoc
1348 455 1407 489 ipso
1422 456 1582 489 sapientiam
1595 456 1725 481 maiorum

931 496 994 517 natu
1015 500 1074 517 esse
1095 491 1269 522 laudandam,
1294 492 1366 527 quod
1387 492 1469 518 multa
1490 492 1625 527 intelliges
1645 493 1726 519 etiam

931 528 1039 555 aliunde
1059 534 1166 564 sumpta
1187 529 1296 555 meliora
1317 529 1388 563 apud
1405 538 1451 555 nos
1468 529 1551 555 multo
1569 538 1627 555 esse
1647 529 1722 559 facta,

931 575 1012 600 quam
1024 566 1062 592 ibi
1074 566 1201 597 fuissent,
1217 566 1289 593 unde
1302 566 1354 592 huc
1366 566 1456 592 tralata
1468 571 1569 597 essent,
1588 572 1666 602 atque
1679 568 1725 593 ubi

908 603 910 616 ⁵
931 604 1049 637 primum
1059 605 1238 630 exstitissent:
1256 603 1444 639 intelligesque
1457 612 1507 630 non
1520 604 1626 630 fortuito
1638 613 1725 638 popu-

931 640 987 666 lum
1004 642 1167 671 Romanum,
1190 641 1237 667 sed
1253 641 1364 667 consilio
1381 646 1406 667 et
1421 640 1564 676 disciplina
1585 642 1726 668 conlirma-

931 682 987 704 tum
999 687 1066 709 esse,
1081 687 1129 704 nec
1142 684 1228 705 tamen
1240 679 1397 704 adversante
1409 677 1522 704 fortuna.

988 716 1069 742 xv11.
1092 718 1132 742 31.
1155 717 1257 742 Mortuo
1273 724 1334 750 rege
1350 716 1495 750 Pompilio,
1513 715 1621 741 Tullum
1636 716 1725 742 Ilosti—

932 752 998 778 lium
1009 753 1126 787 populus
1139 750 1243 788 regem,
1262 754 1393 788 interrege
1409 758 1530 787 rogante,
1548 753 1664 779 comitiis
1678 762 1726 778 cu-

931 791 1005 816 riatis
1015 791 1128 816 creavit:
1147 791 1224 825 isque
1236 790 1268 816 de
1281 791 1393 824 imperio
1404 799 1466 820 suo,
1482 789 1606 824 exemplo
1617 790 1725 824 Pompi-

932 827 970 858 lii,
987 827 1118 862 populum
1130 827 1266 854 consuluit
1276 828 1410 853 curiatim.
1456 828 1540 853 Cuius
1551 826 1686 853 excellens
1698 828 1724 853 in

931 873 958 891 re
971 864 1080 891 militari
1091 865 1185 900 gloria,
1200 872 1366 899 magnaeque
1378 864 1538 890 exstiterunt
1549 872 1590 889 res
1602 864 1723 890 bellicae.

931 902 1059 937 Fecitque
1075 902 1146 928 idem
1163 907 1187 928 et
1201 903 1285 936 sepsit
1299 901 1331 927 de
1344 901 1480 927 manubiis
1492 902 1631 927 comitium
1643 906 1667 927 et
1679 910 1726 927 cu—

931 941 1013 966 riam:
1027 940 1220 974 constituitque
1233 940 1284 969 ius,
1299 947 1352 973 quo
1364 938 1433 964 bella
1446 938 1639 970 indicerentur,
1654 938 1726 973 quod

930 986 978 1012 per
993 985 1021 1003 se
1032 977 1182 1003 iustissime
1194 977 1331 1002 inventum
1344 977 1433 1002 sanxit
1445 975 1526 1001 fetiali
1539 975 1680 1011 religione,
1700 981 1727 1001 ut

930 1023 1009 1042 omne
1020 1014 1131 1045 bellum,
1141 1014 1213 1049 quod
1224 1013 1410 1040 denuntiatum
1424 1013 1609 1047 indictumque
1621 1022 1672 1039 non
1685 1022 1727 1038 es-

930 1057 983 1083 set,
1001 1052 1029 1078 id
1045 1052 1178 1078 iniustum
1193 1060 1252 1077 esse
1264 1056 1342 1086 atque
1355 1051 1469 1084 impium
1483 1050 1654 1076 iudicaretur.
1696 1050 1727 1076 Et

931 1095 960 1117 ut
971 1090 1115 1116 advertatis
1127 1090 1262 1119 animum,
1280 1097 1362 1123 quam
1379 1088 1513 1122 sapienter
1528 1088 1579 1113 iam
1592 1096 1667 1121 reges
1679 1087 1727 1113 lioc

932 1128 1015 1154 nostri
1027 1127 1153 1157 viderint,
1162 1126 1305 1153 tribuenda
1316 1125 1449 1160 quaedam
1460 1133 1518 1151 esse
1531 1124 1641 1159 populo,
1657 1124 1728 1150 mul-

932 1170 955 1192 ta
968 1166 1040 1191 enim
1053 1164 1130 1190 nobis
1142 1163 1174 1190 de
1187 1172 1218 1190 eo
1229 1172 1326 1198 genere
1338 1162 1452 1188 dicenda
1463 1167 1539 1193 sunt;
1564 1171 1595 1188 ne
1613 1162 1728 1197 insigni-

932 1203 983 1229 bus
994 1202 1106 1237 quidem
1119 1200 1312 1236 regiisTullus,
1327 1200 1379 1225 uisi
1391 1200 1465 1225 iussu
1479 1199 1581 1233 populi.
1595 1204 1635 1225 est
1646 1207 1728 1225 ausus

932 1240 980 1266 uti.
1022 1240 1088 1265 Nam
1101 1244 1129 1265 ut
1140 1239 1194 1265 sibi
1205 1237 1348 1264 duodecim
1360 1237 1465 1264 lictores
1476 1245 1538 1263 cum
1551 1235 1669 1262 fascibus
1681 1245 1728 1262 an-

932 1278 996 1304 teire
1008 1276 1099 1303 liceret
1109 1276 1120 1289 *
1134 1277 1144 1288 *
1156 1277 1167 1288 *

1120 1315 1318 1346 (Desideratum
1326 1315 1437 1345 payitiue
1447 1313 1522 1337 (que.
1530 1313 1535 1336 J

987 1353 1029 1378 32.
1051 1352 1069 1385 ἦ·
1079 1351 1220 1385 Propterea
1236 1356 1261 1377 et
1276 1351 1358 1376 istum
1374 1358 1425 1375 non
1440 1348 1572 1374 creditum
1585 1348 1653 1374 inter
1663 1347 1727 1373 deos

932 1394 1069 1423 receptum
1086 1388 1132 1415 tali
1144 1393 1241 1419 morte,
1259 1388 1322 1422 quia
1339 1386 1463 1416 fortasse,
1481 1385 1553 1420 quod
1569 1390 1623 1411 erat
1638 1386 1664 1411 in
1678 1385 1728 1410 Ilo·

932 1427 1006 1453 mulo
1017 1426 1172 1461 probatum,
1186 1426 1297 1452 Romani
1310 1424 1419 1459 vulgare
1432 1422 1587 1453 noluerunt,
1606 1423 1630 1448 si
1642 1422 1691 1448 hoc
1703 1427 1728 1448 et

932 1464 1007 1490 alteri
1020 1463 1097 1490 facile
1109 1464 1281 1490 tribueretur.
1322 1466 1570 1491 (Augus111=.c.1›.111.,
1583 1467 1612 1485 ιε.
1627 1466 1686 1485 rom.
1702 1466 1726 1484 v.

932 1507 952 1524 p.
964 1502 1015 1523 179.)

988 1535 1080 1561 XVIII.
1104 1537 1145 1561 33.
1168 1534 1179 1547 *
1192 1534 1202 1547 *
1218 1534 1228 1547 ’
1241 1544 1319 1568 neque
1339 1535 1410 1561 enim
1431 1534 1527 1568 serpit,
1550 1532 1597 1558 sed
1616 1531 1684 1558 volat
1701 1533 1727 1558 in

932 1574 1064 1607 optimum
1076 1577 1174 1599 statum
1188 1573 1309 1598 instituto
1321 1577 1365 1598 tuo
1377 1580 1498 1597 sermone
1511 1579 1551 1596 res
1563 1570 1680 1604 publica.
1706 1580 1726 1595 s.

933 1611 993 1637 Post
1008 1619 1070 1636 eum
1087 1611 1188 1636 Numae
1201 1609 1326 1644 l'ompilii
1344 1618 1426 1643 nepos
1442 1617 1476 1634 ex
1492 1608 1544 1633 lilia
1558 1616 1604 1633 rex
1616 1616 1628 1632 a
1641 1616 1728 1641 popu-

934 1647 957 1673 lo
969 1652 1008 1674 est
1021 1648 1109 1673 Ancus
1122 1647 1236 1673 Marcius
1247 1647 1421 1673 constitutus:
1441 1646 1558 1679 itemque
1570 1644 1602 1669 de
1616 1645 1728 1678 imperio

932 1694 981 1711 suo
1003 1684 1088 1720 legem
1108 1686 1236 1711 curiatam
1254 1684 1324 1710 tulit.
1365 1684 1416 1715 Qui
1432 1691 1516 1717 qumn
1537 1682 1643 1708 Latinos
1659 1681 1728 1707 bello

932 1722 1086 1753 devicisset,
1096 1723 1243 1748 asciviteos
1256 1722 1281 1747 in
1294 1722 1440 1747 civitatem.
1458 1721 1542 1754 Atque
1556 1719 1626 1745 idem
1639 1720 1729 1745 Aven-

933 1760 1019 1786 tinum
1040 1765 1066 1786 et
1086 1759 1206 1786 Caelium
1229 1763 1344 1785 montem
1366 1758 1490 1784 adiunxit
1508 1756 1582 1782 urbi:
1606 1765 1728 1790 quosque

933 1806 1009 1831 agros
1021 1803 1139 1832 ceperat,
1157 1797 1265 1822 divisit:
1284 1801 1308 1822 ct
1321 1795 1403 1821 silvas
1416 1795 1562 1821 maritimas
1573 1802 1666 1819 omues
1678 1802 1729 1827 pu-

933 1835 1057 1865 blicavit,
1081 1844 1148 1869 quas
1164 1838 1282 1868 ceperat:
1306 1838 1330 1859 et
1346 1833 1378 1858 ad
1394 1833 1493 1858 ostium
1509 1831 1614 1857 Tiberis
1635 1831 1727 1856 urbem

932 1872 1053 1898 condidit
1063 1872 1219 1906 colonisque
1233 1871 1358 1896 [ii-mavit.
1399 1871 1484 1902 Atque
1498 1870 1531 1895 ita
1542 1877 1627 1902 quum
1641 1873 1692 1894 tres
1703 1873 1729 1894 et

934 1910 1030 1945 viginti
1042 1910 1208 1947 regnavisset
1219 1917 1311 1941 anuos,
1324 1913 1363 1935 est
1375 1913 1504 1935 mortuus
1527 1907 1596 1933 Tum
1606 1905 1727 1933 Laelius.-

935 1947 1097 1975 Laudandus
1117 1949 1198 1975 etiam
1221 1949 1268 1974 iste
1286 1956 1344 1978 rex;
1367 1946 1414 1972 sed
1434 1946 1547 1972 obscura
1564 1950 1603 1971 est
1620 1944 1729 1970 historia

934 1987 1064 2014 Romana:
1093 1986 1229 2021 siquidem
1256 1986 1334 2011 istius
1356 1985 1426 2018 regis
1451 1988 1561 2009 matrem
1588 1981 1727 2008 babemus.

935 2025 1089 2057 ignoramus
1102 2029 1214 2058 patrem.
1244 2033 1264 2049 s.
1282 2024 1317 2049 Ita
1329 2027 1381 2051 est,
1401 2021 1501 2055 iuquit:
1520 2019 1567 2046 sed
1580 2025 1728 2053 temporum

934 2061 1040 2087 illorum
1055 2066 1156 2087 tantum
1170 2060 1222 2086 sere
1235 2068 1328 2095 regum
1341 2059 1471 2085 illustrata
1483 2062 1545 2083 sunt
1558 2057 1674 2083 nomina.

990 2098 1062 2124 xlx.
1085 2099 1126 2124 3¹5.
1149 2097 1201 2123 Sed
1220 2098 1268 2123 hoc
1285 2097 1341 2123 loco
1357 2097 1475 2130 primum
1494 2094 1599 2120 videtur
1622 2094 1728 2119 insitiva

933 2135 1050 2169 quadam
1062 2135 1206 2169 disciplina
1219 2134 1320 2160 doctior
1333 2133 1397 2159 sucta
1410 2141 1467 2158 esse
1481 2132 1587 2157 civit-is.
1623 2129 1729 2156 Iulluxit

933 2173 1004 2198 euim
1018 2181 1068 2198 non
1082 2173 1170 2198 tenuis
1181 2171 1291 2205 quidam
1304 2170 1434 2196 euram-ia
1448 2169 1552 2194 rivulus
1567 2169 1591 2194 in
1605 2167 1671 2192 lianc
1685 2175 1729 2192 ur-

934 2210 1008 2238 bem,
1026 2209 1073 2235 sed
1090 2208 1341 2235 almmluutissimus
1353 2207 1440 2232 amuis
1454 2206 1558 2231 illarum
1571 2203 1728 2237 disciplina-

934 2255 992 2272 rum
1004 2252 1028 2272 cl
1041 2247 1147 2272 artium.
1191 2246 1284 2271 Fuisse
1295 2245 1367 2270 enim
1379 2243 1524 2278 ‹pieuulam
1538 2242 1622 2268 leruut
1636 2242 1728 2266 lli-uia-

934 2289 1018 2310 rutum
1032 2283 1200 2309 Corinthium
1217 2287 1241 2308 et
1258 2282 1355 2307 lionore
1372 2286 1397 2306 et
1411 2282 1565 2306 auctoritate
1579 2284 1602 2304 et
1616 2278 1729 2303 fortunis

935 2321 1011 2347 [ιιι-Νι·
1023 2321 1140 2347 civitatis
1154 2329 1217 2345 suae
1235 2320 1398 2353 priucipem;
1417 2318 1464 2352 qui
1480 2326 1564 2351 (pium
1577 2315 1729 2341 Corinthio-

934 2368 991 2385 rum
1005 2363 1146 2393 tyrnuuum
1159 2357 1303 2392 Cypselum
1317 2355 1383 2381 l'erre
1397 2364 1447 2381 nou
1464 2355 1606 2388 potuisset,
1626 2352 1727 2385 fugisse

82 2399 246 2435 Pvthagoras
258 2400 365 2426 venisse
377 2400 519 2434 reperitur.
544 2398 685 2434 Olympias
699 2399 770 2424 cuim
783 2407 881 2424 secuu-
903 2398 912 2429 ,ἶ
932 2405 994 2421 cum
1007 2404 1102 2430 inagna
1115 2395 1227 2429 pecunia
1239 2394 1351 2421 «licitur,
1369 2402 1398 2417 ue
1414 2401 1442 2417 se
1457 2390 1602 2416 eontulisse
1615 2390 1727 2423 'l'urqui-

934 2434 991 2459 uios
1017 2434 1041 2458 iu
1068 2432 1161 2458 urliem
1180 2432 1298 2457 litruriue
1320 2429 1544 2455 Ilm-eutissiumm.
1584 2429 1729 2460 Qimmque

910 2486 911 2493 ι
933 2470 1037 2496 audiret
1049 2469 1257 2495 ‹louiinutimwm
1269 2467 1377 2503 Cypseli
1390 2466 1550 2494 roulirmari,
1567 2463 1670 2497 defugit
1682 2472 1728 2497 pn—

910 2507 911 2511 ’
933 2509 1010 2533 trium
1024 2508 1064 2532 vir
1077 2507 1143 2532 liber
1155 2516 1183 2532 ac
1197 2506 1284 2533 sortis,
1302 2510 1325 2530 et
1342 2504 1441 2529 ascitus
1457 2508 1496 2527 est
1509 2503 1578 2527 civis
1591 2511 1603 2527 ιι
1615 2501 1728 2535 Tarqui-

903 2552 911 2560 ⁴¹
933 2544 1086 2570 nieusibus.
1110 2550 1189 2578 atque
1205 2545 1230 2569 iu
1248 2552 1277 2567 ea
1293 2542 1400 2567 civitate
1416 2539 1584 2565 dumieilium
1605 2544 1629 2564 el
1650 2538 1728 2563 sedesv

932 2582 1081 2607 collocavit.
1123 2581 1172 2607 Ubi
1184 2589 1268 2615 quum
1281 2579 1313 2604 «le
1327 2576 1526 2604 inatrel'auuilms
1539 2576 1727 2610 'I‘nrquiuieusi

932 2619 986 2644 «luo
998 2618 1066 2644 lilios
1079 2619 1279 2652 proci-movisset,
1293 2615 1420 2642 omnibus
1431 2624 1476 2641 eos
1487 2613 1590 2640 artibus
1602 2613 1634 2638 ud
1645 2614 1727 2639 (irac-

933 2665 1025 2683 corum
1037 2655 1210 2690 disciplinam
1222 2656 1318 2680 erudiit
1331 2654 1339 2664 ⁹
1354 2653 1363 2664 ⁹
1377 2653 1386 2664 ’

1479 2700 1524 2724 ΝΕ)
