1941 3052
433 154 479 180 IN
512 153 710 180 VERREM
744 152 892 180 ACTIO
927 152 1088 178 PRIMA.
1123 152 1219 178 CAP.

91 225 220 252 iudicium
235 224 459 258 corrumpendum
474 228 592 258 spectare
606 223 809 249 arbitrabantur.
837 224 879 249 20.

90 263 195 289 Etenim
209 263 248 288 sic
262 262 493 292 ratiocinabantur,
509 262 548 287 sic
562 261 744 287 honestissimi
759 260 881 286 homines

91 301 159 326 inter
176 307 205 325 se
223 303 248 325 et
265 307 370 324 mecum
390 298 579 332 loquebantur:
599 302 687 332 aperte
705 298 757 323 iam
775 306 804 323 ac
822 305 882 331 per-

92 337 184 372 spicue
202 336 275 362 nulla
294 344 352 362 esse
370 335 477 361 iudicia.
518 334 569 367 Qui
584 344 645 361 reus
660 335 744 369 pridie
758 334 810 360 iam
824 335 882 368 ipse

92 383 121 401 se
137 373 342 400 condemnatum
361 373 482 406 putabat,
507 373 543 403 is,
569 376 741 407 posteaquam
760 371 883 397 defensor

92 412 150 438 eius
164 410 256 437 consul
271 414 310 436 est
324 409 417 440 sactus,
434 409 589 435 absolvitur.
616 409 685 441 Quid
699 408 798 444 igitnr‘?
811 408 883 442 quod

91 452 144 475 tota
159 447 262 478 Sicilia,
283 447 355 482 quod
369 455 461 473 omnes
474 446 571 477 Siculi,
590 455 683 472 omnes
698 446 881 481 negotiatores,

92 493 184 512 omnes
199 484 321 519 publicae
336 485 507 519 privataeque
522 484 621 509 litterae
635 484 732 509 Romae
746 487 820 512 sunt,
844 483 884 508 ni-

93 522 166 549 hilne
177 522 204 548 id
215 521 332 548 valebit?
343 521 418 552 nibil,
431 521 515 547 invito
524 520 632 547 consule
643 520 790 555 designato.
814 518 883 551 Quid

92 558 212 586 iudices‘?
226 568 278 585 non
291 559 411 589 crimina,
428 567 479 584 non
494 562 582 589 testes,
599 566 650 583 non
662 557 884 583 existimationem

93 596 185 631 populi
199 597 310 622 Romani
324 595 487 630 sequentur?
505 604 566 621 non.
592 594 686 620 Omnia
701 594 727 619 in
743 594 823 619 unius
839 602 886 627 po-

92 638 184 660 testate
199 642 227 660 ac
241 633 418 659 moderatione
438 637 580 658 vertentur.
620 632 686 658 Vlll.
701 631 767 658 Vere
782 630 883 664 loquar,

93 671 210 697 iudices:
226 670 397 697 vehementer
411 678 453 695 me
467 669 530 695 haec
544 677 586 695 res
597 668 790 695 commovebat.
810 667 886 701 Opti-

94 717 154 734 mus
173 708 243 734 enim
262 708 378 742 quisque
395 707 430 732 ita
450 706 621 741 loquebatur:
644 706 695 731 Iste
713 705 822 740 quidem
838 705 886 730 tibi

93 745 233 779 eripietur:
261 744 308 770 sed
334 753 381 770 nos
404 752 456 769 non
478 743 629 770 tenebimus
651 742 749 769 iudicia
772 742 884 768 diutius.

94 783 198 808 Etenim
212 782 274 816 quis
288 781 392 816 poterit,
408 781 487 807 Verre
501 781 631 811 absoluto,
648 779 681 806 de
695 779 885 806 transferendis

94 819 200 845 iudiciis
211 817 350 845 recusare?
369 819 409 845 2⁴.
422 818 485 844 Erat
494 818 619 844 omnibns
631 817 787 844 molestum:
800 825 885 851 neque

95 864 138 882 eos
152 860 205 882 tam
219 856 298 882 istius
316 855 432 881 hominis
450 855 547 890 perditi
565 855 653 881 subita
673 854 783 885 laetitia,
803 862 885 888 quarn

94 893 210 919 hominis
221 892 381 927 amplissimi
393 901 459 918 nova
470 892 610 927 gratulatio
620 891 812 918 commovebat.
834 890 887 917 Cu-

94 930 199 965 piebam
218 929 389 956 dissimulare
407 938 449 955 me
466 929 493 955 id
512 929 622 956 moleste
636 929 716 955 ferre:
744 928 886 963 cupiebam

95 968 177 994 animi
199 967 316 993 dolorem
340 966 418 993 vultu
441 971 528 1002 tegere
550 971 575 993 et
596 967 773 993 taciturnitate
791 965 884 992 celare.

94 1005 161 1031 Ecce
180 1009 268 1031 autem
286 1004 340 1031 illis
358 1004 425 1039 ipsis
440 1004 549 1035 diebus,
570 1013 654 1039 quum
670 1005 802 1038 praetores
816 1003 887 1029 desi-

95 1042 167 1078 gnati
181 1041 338 1068 sortirentur
351 1046 376 1067 et
390 1042 424 1067 M.
441 1041 546 1067 Metello
560 1041 708 1076 obtigisset,
724 1045 754 1067 ut
763 1041 786 1066 is
796 1040 829 1066 de
840 1048 887 1074 pe-

95 1080 182 1105 cuniis
196 1079 351 1114 repetundis
365 1083 515 1114 quaereret;
537 1079 673 1105 nuntiatur
687 1078 767 1109 mihi,
788 1082 886 1103 tantam

95 1117 139 1143 isti
154 1116 358 1152 gratulationem
373 1124 430 1142 esse
445 1115 552 1147 factam,
576 1120 605 1142 ut
619 1116 641 1141 is
656 1124 763 1150 quoque
777 1115 886 1141 domum

96 1154 219 1185 mitteret,
235 1154 282 1188 qui
297 1153 373 1180 uxori
387 1162 451 1179 suae
462 1153 623 1179 nuntiarent.
646 1155 687 1179 22.
700 1153 768 1179 Sane
780 1161 811 1178 ne
824 1153 887 1178 haec.

95 1191 205 1226 quidem
220 1199 261 1217 res
275 1191 342 1216 mihi
356 1190 489 1225 placebat:
514 1199 600 1225 neque
615 1195 715 1221 tamen,
736 1189 802 1224 quid
817 1194 887 1215 tanto

95 1237 174 1263 opere
187 1229 214 1254 in
230 1228 278 1254 hac
292 1232 361 1254 sorte
375 1227 549 1254 metuendum
568 1227 634 1253 mibi
653 1232 735 1257 esset,
755 1227 888 1261 intellige-

97 1265 167 1291 bam.
207 1265 296 1292 Unum
315 1265 383 1291 illud
401 1274 434 1291 ex
454 1265 610 1291 hominibus
628 1265 719 1295 certis,
740 1273 773 1290 ex
787 1264 887 1298 quibus

96 1303 183 1329 omnia
193 1302 319 1337 comperi,
331 1302 508 1337 reperiebam:
523 1302 599 1328 fiscos
609 1302 760 1336 complures
770 1310 830 1327 cum
842 1309 889 1336 pe·-

96 1340 174 1366 cunia
186 1339 317 1366 Siciliensi
331 1348 346 1365 a
359 1339 475 1374 quodam
489 1343 608 1365 senatore
622 1339 654 1365 ad
666 1339 783 1373 equitem
792 1339 889 1364 Roma-

97 1386 161 1403 num
180 1385 239 1403 esse
256 1376 376 1403 tralatos:
404 1385 437 1403 ex
455 1377 497 1402 his
515 1377 591 1411 quasi
611 1376 636 1402 X
651 1376 727 1402 fiscos
742 1376 773 1402 ad
785 1380 889 1402 senato-

97 1423 152 1440 rem
166 1414 243 1440 illum
259 1413 363 1440 relictos
373 1422 440 1444 esse,
456 1414 623 1439 comitiorum
634 1422 753 1439 meorum
766 1413 886 1439 nomine:

96 1452 226 1478 divisores
245 1451 365 1477 omnium
384 1451 503 1477 tribuum
523 1455 601 1477 noctu
620 1451 652 1477 ad
670 1451 751 1476 istum
772 1455 886 1476 vocatos

96 1491 137 1515 23.
154 1489 193 1515 Ex
207 1489 307 1523 quibus
321 1488 440 1523 quidam,
457 1488 503 1522 qui
518 1497 546 1513 se
560 1489 648 1514 omnia
662 1496 721 1514 mea
734 1496 827 1513 caussa
842 1487 889 1513 de-

97 1526 159 1552 bere
173 1525 361 1556 arbitrabatur,
378 1525 470 1551 eadem
484 1525 528 1551 illa
544 1530 618 1551 nocte
632 1525 665 1551 ad
679 1533 721 1551 me
736 1526 821 1550 venit:
842 1525 889 1550 de-

97 1567 233 1594 monstrat,
250 1571 302 1597 qua
316 1563 367 1589 iste
381 1563 496 1588 oratione
506 1571 573 1588 usus
584 1567 667 1588 esset:
683 1571 889 1588 commemoras-

97 1609 125 1627 se
140 1601 231 1630 istum,
247 1608 327 1634 quam
344 1600 488 1626 liberaliter
501 1608 545 1625 eos
560 1603 695 1625 tractasset
709 1600 787 1625 etiam
803 1604 886 1629 antea,

97 1646 181 1673 qnum
196 1637 253 1672 ipse
268 1641 416 1671 praeturam
432 1637 549 1671 petisset,
567 1641 591 1662 et
603 1637 732 1671 proximis
742 1636 889 1663 consulari-

97 1675 148 1702 bus
162 1675 354 1710 praetoriisque
368 1675 496 1700 comitiis:
513 1674 608 1700 deinde
621 1674 747 1700 continuo
760 1682 818 1700 esse
833 1673 890 1708 pol—

99 1712 215 1743 licitum,
235 1716 360 1746 quantam
376 1711 474 1737 vellent
489 1712 642 1746 pecuniam,
664 1711 685 1737 si
702 1720 743 1737 me
757 1711 890 1737 aedilitate

98 1749 264 1776 deiecissent.
305 1749 352 1775 llic
365 1749 430 1775 alios
445 1757 555 1783 negasse
570 1749 679 1780 andere,
700 1748 766 1774 alios
781 1757 891 1782 respon-

98 1787 182 1817 disse,
203 1795 254 1813 non
269 1790 361 1821 putare
375 1786 401 1812 id
421 1787 509 1821 portici
529 1794 620 1820 posse:
644 1786 783 1812 inventum
802 1790 889 1811 tamen

98 1832 156 1850 esse
175 1823 266 1850 sortem
286 1824 414 1853 amicum,
440 1832 473 1849 ex
490 1824 581 1849 eadem
602 1823 700 1849 familia
719 1823 750 1855 Q.
770 1823 888 1854 Verrem,

98 1861 219 1892 Romilia,
236 1869 269 1887 ex
282 1861 381 1896 optima
391 1861 538 1887 divisorum
551 1860 701 1895 disciplina,
718 1861 800 1894 patris
810 1861 889 1886 istius

98 1898 263 1933 discipulum
278 1902 357 1932 atque
370 1898 495 1928 amicum,
511 1898 567 1932 qui,
584 1898 648 1923 H-S
662 1898 817 1933 quingentis
829 1897 890 1923 rnil-

99 1935 170 1962 libus
193 1935 334 1970 depositis,
359 1935 385 1961 id
409 1943 436 1961 se
455 1934 634 1970 perfecturum
655 1934 836 1969 polliceretur:
865 1939 890 1960 et

98 1972 182 1999 fuisse
196 1977 283 1999 tamen
298 1972 453 2003 nonnullos,
478 1972 525 2007 qui
539 1980 568 1998 se
582 1980 634 1998 una
650 1971 763 1998 facturos
777 1981 835 1997 esse
849 1972 890 1998 di-

97 2014 195 2037 cerent.
236 2009 308 2042 Quae
322 2018 406 2044 quum
421 2009 455 2035 ita
470 2013 567 2040 essent,
583 2017 646 2035 sane
661 2008 789 2035 benevolo
802 2009 890 2035 animo

98 2055 150 2078 me,
166 2051 196 2073 nt
211 2055 306 2082 magno
320 2055 398 2080 opere
411 2054 540 2077 caverem,
558 2046 753 2081 praemonebat.

155 2084 201 2110 lX.
216 2085 258 2111 24.
283 2083 449 2110 Sollicitabar
466 2083 547 2109 rebus
562 2083 687 2109 maximis
701 2091 754 2109 uno
767 2087 847 2117 atque
860 2091 890 2109 eo

99 2121 244 2157 perexiguo
257 2124 384 2155 tempore.
407 2121 540 2155 Urgebant
553 2121 671 2147 comitia:
688 2124 713 2146 et
726 2122 753 2146 in
768 2120 809 2145 bis
824 2120 890 2155 ipsis

98 2158 273 2194 oppugnabar
286 2157 379 2193 grandi
399 2158 520 2192 pecnnia.
561 2157 676 2184 Instabat
694 2157 839 2183 iudicium:
867 2158 889 2183 ei

99 2204 207 2231 quoque
221 2195 327 2230 negotio
342 2195 398 2221 fisci
413 2194 567 2221 Sicilienses
582 2195 760 2221 minabantur.
794 2194 887 2230 Agere,

99 2241 167 2268 quae
181 2233 213 2259 ad
228 2233 357 2259 iudicium
373 2232 547 2266 pertinebant.
565 2231 646 2258 libere
656 2232 822 2258 comitiorum
835 2240 891 2257 me-

99 2275 127 2297 tu
142 2270 305 2296 deterrebar:
322 2269 441 2304 petitioni
457 2273 509 2295 toto
522 2270 610 2295 animo
624 2269 723 2295 servire
734 2269 891 2303 propteriu-

99 2307 200 2334 dicium
216 2316 266 2333 non
283 2306 385 2332 licebat.
408 2307 502 2332 Minari
517 2306 633 2341 denique
647 2306 812 2332 divisoribus
827 2306 891 2331 ratio

100 2353 151 2371 non
165 2348 228 2375 erat,
245 2348 382 2379 propterea
396 2343 467 2378 quod
482 2351 526 2369 eos
541 2343 688 2378 intelligere
700 2343 832 2373 videbam,
850 2352 891 2368 me

100 2381 150 2408 hoc
162 2381 262 2408 iudicio
275 2381 425 2407 districtum
440 2385 519 2415 atque
532 2380 678 2415 obligatum
694 2379 823 2406 futurum.
847 2381 889 2406 25.

100 2418 186 2454 Atque
200 2418 249 2445 hoc
262 2419 321 2453 ipso
335 2422 452 2452 tempore
464 2417 562 2443 Siculis
575 2417 760 2443 denuntiatum
775 2425 833 2442 esse
844 2426 892 2443 nu-

100 2455 152 2487 dio,
169 2456 286 2491 primum
301 2455 334 2481 ab
348 2455 494 2485 Hortensio,
511 2454 621 2480 domum
636 2453 668 2479 ad
683 2453 759 2480 illum
775 2458 803 2480 nt
818 2454 892 2480 veni-

101 2496 171 2519 rent:
194 2492 299 2519 Siculos
317 2500 380 2519 sane
398 2492 426 2518 in
444 2500 475 2518 eo
494 2491 589 2518 liberos
609 2490 705 2521 fuisse,
730 2491 777 2525 qni
796 2499 891 2525 quam-

100 2530 189 2556 obrem
204 2533 400 2556 arcesserentur
413 2537 497 2564 quum
509 2528 695 2563 intelligerent.
712 2536 762 2553 non
775 2528 889 2553 venisse.

100 2567 199 2593 Interea
212 2567 318 2593 comitia
332 2570 432 2597 nostra,
448 2574 563 2601 quornm
578 2565 627 2591 iste
640 2573 681 2595 se,
702 2569 731 2591 ut
743 2569 890 2591 ceterorum

101 2603 150 2630 hoc
161 2612 229 2630 anno
239 2603 415 2635 comitiorum,
427 2603 566 2629 dominum
578 2610 636 2628 esse
646 2601 830 2632 arbitrabatur,
845 2602 891 2627 ha-

101 2640 157 2667 beri
170 2645 261 2675 coepta
275 2645 347 2667 sunt.
374 2640 486 2667 Cursare
499 2640 549 2666 iste
564 2639 642 2665 homo
656 2643 748 2674 potens
761 2647 822 2665 cum
838 2638 892 2665 tilio

101 2677 198 2704 blando
216 2682 241 2704 et
257 2678 372 2714 gratioso
389 2678 490 2704 circum
508 2677 607 2704 tribus:
635 2680 758 2711 paternos
780 2676 888 2706 amicos.

1255 153 1268 178 4
1289 168 1325 171 -
1347 154 1386 178 10.
1673 155 1720 180 343

933 223 982 249 hoc
1008 227 1048 248 est
1073 223 1216 253 divisores,
1246 222 1379 257 appellare
1405 231 1498 248 omnes
1524 226 1549 248 et
1570 224 1720 248 convenire.

932 259 1009 291 Quod
1022 268 1107 294 quum
1121 263 1192 286 esset
1204 260 1368 285 intellectum
1381 264 1406 285 et
1416 259 1645 285 animadversum:
1663 259 1723 285 feeit

934 297 1022 323 animo
1036 297 1214 323 libentissimo
1224 296 1341 331 populns
1352 297 1494 326 Romanus,
1512 301 1549 326 ut,
1565 297 1643 322 cuius
1654 296 1724 322 dix-i-

936 334 985 359 tiae
1000 343 1042 360 me
1056 334 1088 359 de
1104 334 1154 359 lide
1168 333 1299 359 deducere
1314 342 1364 359 non
1380 334 1540 368 potuissent,
1558 342 1589 359 ne
1604 333 1723 359 eiusdem

934 372 1061 405 pecuniae
1075 371 1108 396 de
1123 371 1220 397 bonore
1234 371 1385 396 deiicerent.
1426 372 1467 396 ⁶26.
1492 371 1665 404 Posteaquam
1681 370 1725 395 illa

937 409 1070 442 petitionis
1089 416 1184 443 magna
1203 416 1265 434 cura
1285 408 1411 433 liberatus
1434 416 1508 438 sum,
1537 408 1625 433 animo
1651 409 1725 442 coepi

937 445 1020 471 multo
1035 445 1119 480 magis
1134 453 1217 470 vacuo
1231 454 1260 471 ac
1274 445 1361 471 soluto
1375 444 1441 470 nihil
1457 444 1543 475 aliud,
1564 445 1616 470 nisi
1634 444 1666 470 de
1684 445 1726 469 iu-

935 482 1005 507 dicio
1019 490 1094 517 agere
1105 486 1129 507 et
1139 482 1262 516 cogitare.
1284 483 1404 516 Reperio,
1421 481 1532 512 indices,
1549 482 1613 507 haec
1624 482 1656 507 ab
1667 482 1726 507 istis

936 518 1046 544 consilia
1061 519 1124 544 inita
1139 523 1164 544 et
1177 520 1332 549 constituta,
1354 524 1395 549 ut,
1418 527 1588 553 quacumque
1602 527 1670 553 opus
1684 528 1726 544 es-

936 560 975 581 set
990 556 1101 586 ratione,
1123 564 1164 581 res
1178 556 1213 581 ita
1232 556 1385 585 duceretur,
1407 561 1434 581 ut
1454 556 1525 590 apud
1539 557 1574 582 M.
1590 555 1725 582 Metellum

937 597 1082 627 praetorem
1096 601 1189 618 caussa
1204 593 1344 619 diceretur.
1375 594 1403 619 ln
1418 602 1448 618 eo
1462 602 1519 618 esse
1534 594 1597 619 haec
1610 602 1727 619 commo—

937 630 982 655 da:
1011 630 1129 664 primum
1155 630 1190 655 M.
1218 630 1366 660 Metellum,
1396 630 1603 656 amicissimum.-
1631 630 1727 655 deinde

937 667 1105 692 Hortensium
1120 667 1256 693 consulem
1276 676 1327 693 non
1345 667 1446 697 solnm,
1467 667 1515 693 sed
1533 668 1610 693 etiam
1625 667 1656 699 Q.
1672 667 1727 692 Me-

937 704 1044 735 tellum;
1065 704 1112 738 qni
1131 712 1212 738 quam
1231 705 1275 729 isti
1294 705 1328 729 sit
1342 705 1456 733 amicus,
1477 704 1611 730 attendite.
1652 704 1726 730 Dedit

937 742 1008 766 enim
1023 742 1233 776 praerogativam
1248 750 1311 766 snae
1326 740 1468 767 voluntatis
1483 742 1623 767 eiusmodi.
1640 746 1669 767 ut
1682 742 1725 767 isti

937 787 984 813 pro
998 779 1186 813 praerogativis
1201 786 1257 804 eam
1270 778 1418 804 reddidisse
1429 778 1559 804 videatur.
1582 780 1612 804 ΕΠ
1635 779 1675 804 An
1686 787 1727 804 me

938 816 1079 842 taciturum
1095 816 1173 841 tantis
1187 815 1220 841 de
1234 815 1314 841 rebus
1328 815 1548 841 existimavistis?
1566 820 1598 846 et,
1615 816 1642 841 in
1657 820 1728 841 tanto

938 852 1099 887 reipublicae
1110 853 1368 887 existimationisque
1379 861 1452 878 meae
1464 852 1589 887 periculo,
1602 854 1726 886 cuiquam

937 890 1122 916 consulturum
1138 891 1239 924 potius,
1260 899 1341 925 quam
1360 889 1446 916 officio
1465 894 1489 915 et
1503 889 1623 925 dignitati
1639 889 1729 915 meae&7

937 928 1053 953 Arcessit
1063 927 1127 953 alter
1139 927 1231 954 consul
1243 927 1397 963 designatus
1409 927 1526 953 Siculos:
1543 928 1653 952 veniunt
1664 936 1727 952 non-

939 965 1015 996 nulli,
1032 969 1168 999 propterea
1183 964 1255 999 qnod
1270 965 1298 990 L.
1312 964 1434 990 Metellus
1449 968 1518 990 esset
1532 968 1634 998 praetor
1649 964 1675 989 in
1687 963 1729 989 Si—

938 1002 1007 1028 cilia.
1049 1002 1114 1028 Cum
1130 1002 1162 1028 iis
1177 1003 1212 1028 ita
1228 1002 1357 1036 loquitur:
1382 1010 1410 1027 se
1428 1001 1565 1028 consulem
1584 1010 1657 1027 esse:
1679 1001 1729 1026 fra-

939 1044 1005 1065 trem
1020 1048 1100 1065 suum
1115 1039 1227 1065 alterum
1240 1039 1357 1065 Siciliam
1373 1039 1537 1073 provinciam
1548 1039 1674 1068 obtinere,
1692 1038 1730 1064 al-

938 1081 1024 1103 terum
1039 1085 1097 1103 esse
1110 1077 1294 1111 quaesiturum
1309 1077 1341 1102 (le
1353 1077 1473 1111 pecuniis
1485 1076 1653 1110 repetundis:
1669 1076 1731 1101 Ver-

939 1115 959 1140 ri
975 1123 1007 1140 ne
1022 1114 1108 1140 noceri
1124 1114 1220 1148 possit,
1241 1113 1333 1139 multis
1348 1114 1494 1139 rationibus
1508 1122 1566 1139 esse
1580 1114 1728 1148 provisum.

939 1152 974 1177 X.
990 1153 1031 1178 28.
1053 1151 1123 1183 Quid
1138 1155 1190 1182 est,
1207 1160 1319 1186 quaeso,
1337 1151 1452 1181 Metelle,
1469 1150 1599 1176 indicium
1611 1159 1730 1177 corrum-

940 1198 1009 1224 pere,
1026 1189 1048 1214 si
1064 1189 1112 1214 hoc
1127 1197 1178 1214 non
1189 1188 1246 1214 est‘?
1260 1193 1348 1219 testes,
1366 1188 1520 1223 praesertim
1532 1188 1646 1218 Siculos,
1659 1189 1731 1214 timi-

939 1227 986 1252 dos
1002 1226 1123 1252 homines
1138 1230 1162 1252 et
1176 1225 1294 1257 afflictos,
1312 1234 1362 1252 non
1377 1225 1464 1252 solum
1480 1226 1631 1251 auctoritate
1645 1225 1731 1251 deter-

940 1272 1008 1294 rere,
1025 1263 1072 1289 sed
1086 1264 1165 1289 etiam
1179 1263 1311 1289 consulari
1326 1267 1397 1289 metu
1412 1268 1437 1288 et
1451 1263 1566 1289 duorum
1581 1267 1729 1297 praetorum

939 1300 1085 1335 potestate?
1098 1300 1167 1332 Quid
1183 1300 1282 1326 faceres
1296 1309 1343 1335 pro
1358 1300 1465 1326 homine
1479 1301 1617 1326 innocente
1632 1304 1656 1326 et
1671 1308 1731 1334 pro—

940 1339 1049 1372 pinquo,
1066 1346 1150 1372 quum
1164 1342 1270 1372 propter
1282 1338 1416 1363 bominem
1429 1338 1640 1372 perditissimum
1653 1342 1731 1371 atque

940 1375 1134 1401 alienissimum
1154 1375 1186 1400 de
1200 1375 1287 1401 officio
1301 1384 1330 1401 ac
1344 1375 1471 1409 dignitate
1485 1374 1600 1404 decedis,
1621 1379 1646 1400 et
1659 1383 1731 1400 com-

940 1413 1037 1443 mittis,
1059 1417 1100 1442 ut,
1121 1412 1192 1447 quod
1209 1412 1252 1438 ille
1267 1412 1382 1442 dictitat,
1403 1412 1495 1442 alicui,
1517 1413 1563 1446 qni
1579 1416 1602 1438 te
1618 1412 1728 1447 ignorat,

941 1458 1033 1475 verum
1053 1458 1111 1475 esse
1131 1449 1269 1475 videatur‘?
1301 1452 1342 1476 29.
1368 1450 1432 1475 Nam
1453 1449 1500 1475 boe
1519 1450 1626 1475 Verrem
1645 1449 1731 1474 (licere

939 1487 1053 1518 aiebant,
1071 1491 1094 1512 te
1109 1496 1160 1513 non
1176 1486 1240 1516 sato,
1257 1491 1285 1512 nt
1299 1491 1398 1512 ceteros
1412 1495 1444 1512 ex
1459 1491 1544 1512 vestra
1560 1486 1668 1515 familia,
1685 1486 1730 1511 sed

939 1532 1017 1558 opera
1031 1532 1088 1555 sna,
1105 1524 1241 1550 consulem
1256 1523 1365 1550 factum.
1406 1524 1462 1549 Duo
1476 1524 1556 1556 igitur
1570 1523 1693 1549 consules
1707 1528 1731 1548 et

940 1562 1074 1596 quaesitor
1088 1566 1165 1587 erunt
1179 1570 1212 1587 ex
1226 1561 1299 1586 illins
1314 1561 1457 1587 voluntate.
1493 1562 1549 1586 Non
1564 1560 1651 1586 solum
1667 1560 1731 1586 etlu-

940 1599 1055 1634 giemus,
1072 1599 1167 1633 inquit,
1185 1598 1319 1624 bominem
1334 1599 1361 1624 in
1375 1598 1527 1632 quaerendo
1543 1598 1655 1623 nimium
1671 1597 1732 1623 dili·

940 1641 1060 1671 gentem,
1090 1636 1203 1661 nimium
1231 1636 1389 1661 servientem
1418 1635 1508 1669 populi
1532 1635 1730 1663 existimationi,

942 1674 984 1699 Μ’.
997 1673 1182 1699 Glabrionem:
1199 1673 1303 1698 accedet
1319 1673 1394 1698 nobis
1404 1673 1481 1698 etiam
1496 1672 1571 1698 illud.
1601 1672 1682 1698 ludex
1694 1677 1732 1697 est

941 1710 976 1736 M.
993 1710 1146 1739 Caesonius,
1163 1710 1262 1745 collega
1278 1710 1357 1735 nostri
1373 1710 1541 1739 acmsatoris,
1559 1709 1637 1735 bomo
1653 1710 1677 1735 in
1693 1718 1733 1734 re—

942 1748 992 1773 bus
1012 1747 1162 1773 indicandis
1182 1751 1315 1781 spectatus
1330 1751 1355 1773 et
1368 1747 1504 1781 cognitus:
1529 1755 1608 1781 quem
1625 1747 1733 1772 minime

942 1785 1064 1819 expedint
1078 1793 1135 1810 esse
1151 1785 1176 1810 in
1191 1793 1221 1810 eo
1235 1784 1354 1814 consilio,
1367 1784 1439 1819 quod
1453 1792 1580 1810 conemur
1593 1784 1681 1818 aliqua
1693 1792 1733 1809 ra-

941 1823 1011 1848 tione
1025 1830 1208 1856 corrumpere:
1235 1826 1370 1856 propterea
1384 1821 1455 1856 quod
1471 1822 1522 1847 iam
1541 1826 1628 1850 antea,
1649 1830 1731 1855 quum

942 1860 1023 1885 iudex
1037 1860 1063 1885 in
1079 1860 1188 1885 luniano
1202 1859 1313 1885 consilio
1332 1859 1438 1888 fnisset,
1460 1859 1647 1892 turpissimum
1667 1858 1732 1883 illud

943 1896 1044 1923 facinus
1064 1906 1114 1922 non
1135 1896 1221 1922 solum
1240 1896 1355 1931 graviter
1374 1895 1446 1925 tulit.
1471 1896 1517 1921 sed
1537 1896 1615 1921 etiam
1635 1896 1659 1921 in
1680 1904 1734 1920 nie-

942 1934 1017 1960 dium
1042 1934 1160 1968 protulit.
1202 1934 1276 1959 llnnr
1295 1933 1409 1959 indicem
1430 1942 1462 1959 ex
1481 1932 1538 1958 Kal.
1559 1933 1661 1958 Ianuar.
1683 1941 1732 1957 non

943 1971 1111 1997 babebimus.
1138 1973 1178 1996 130.
1195 1970 1225 2002 Q.
1243 1971 1370 1996 Manlium
1386 1975 1410 1996 et
1423 1970 1454 2002 Q.
1471 1970 1650 2000 Cornificium,
1667 1969 1733 1995 dnos

941 2009 1125 2034 severissimos
1140 2013 1218 2043 atque
1233 2008 1416 2043 integerrimos
1427 2007 1538 2037 iudices,
1550 2007 1622 2042 qnod
1635 2007 1732 2033 tribuni

943 2045 1029 2080 plebis
1044 2050 1100 2071 tnin
1115 2050 1204 2075 erunt.
1227 2045 1328 2071 iudices
1349 2054 1398 2070 non
1418 2045 1586 2070 babebimus.
1628 2045 1656 2070 P.
1672 2044 1733 2069 Snl-

942 2083 1042 2117 picins,
1068 2082 1149 2109 iudex
1169 2083 1251 2108 tristis
1269 2087 1293 2108 et
1318 2083 1431 2117 integer,
1457 2083 1640 2116 magistratum
1665 2082 1733 2107 ineat

943 2128 1049 2146 neeesse
1064 2124 1103 2146 est
1118 2120 1199 2146 Nonis
1215 2120 1350 2145 Deeernbr.
1384 2120 1418 2144 M.
1435 2119 1599 2153 Crepereius,
1616 2127 1648 2144 ex
1663 2128 1733 2145 acer-

942 2158 1007 2183 rima
1027 2157 1071 2183 illa
1091 2158 1207 2191 equestri
1229 2156 1327 2182 familia
1347 2161 1371 2182 et
1394 2156 1548 2190 disciplina:
1570 2157 1597 2181 L.
1614 2156 1731 2183 Cassius.

942 2203 974 2220 ex
994 2193 1092 2220 familia
1112 2199 1168 2220 tum
1188 2194 1219 2219 ad
1238 2199 1337 2219 ceteras
1355 2202 1409 2223 res,
1434 2198 1490 2219 tuni
1509 2193 1541 2218 ad
1561 2193 1732 2219 indicandum

941 2232 1124 2263 severissima:
1145 2232 1192 2257 Cn.
1209 2230 1380 2260 Tremellius,
1398 2231 1475 2256 homo
1489 2239 1593 2256 sununn
1609 2230 1733 2264 religione

942 2273 966 2294 et
980 2268 1131 2303 diligentia:
1157 2273 1209 2294 tres
1225 2268 1250 2293 lii
1267 2268 1386 2294 homines
1401 2272 1503 2293 veteres
1518 2267 1616 2292 tribuni
1637 2267 1734 2292 militn-

943 2314 983 2331 res
1002 2310 1065 2331 sunt
1082 2305 1228 2340 designati:
1252 2314 1284 2331 ex
1304 2305 1361 2331 Kal.
1378 2306 1479 2330 lannnr.
1497 2313 1547 2330 non
1566 2304 1732 2330 indicabunt.

942 2342 1142 2368 Snbsortiemnr
1156 2343 1233 2367 etiam
1249 2342 1275 2367 in
1292 2342 1325 2368 M.
1343 2341 1438 2367 Metelli
1456 2341 1555 2370 locuni,
1571 2342 1696 2375 quoniam
1712 2342 1734 2367 is

943 2380 1005 2405 huie,
1023 2380 1074 2413 ipsi
1092 2380 1241 2413 quaestioni
1261 2378 1430 2413 praefuturus
1445 2383 1493 2403 est.
1535 2379 1569 2404 lta
1584 2378 1733 2404 secundnm

943 2416 1074 2442 Kalendas
1094 2417 1212 2446 lnnuar.,
1233 2421 1257 2441 et
1276 2421 1392 2450 praetore
1411 2420 1435 2441 et
1454 2423 1534 2449 prope
1554 2420 1606 2441 toto
1623 2415 1734 2442 consilio

941 2457 1114 2483 commutato,
1140 2462 1248 2487 magnas
1270 2453 1428 2479 accusatoris
1453 2453 1538 2478 minas
1558 2461 1734 2487 inagnnmqno

942 2490 1034 2516 indicii
1053 2491 1276 2524 exspectationem
1295 2490 1326 2515 nd
1347 2494 1466 2515 nostrum
1485 2489 1623 2515 arbitrium
1645 2490 1733 2516 libidi-

944 2536 1057 2562 nemque
1076 2527 1226 2553 elndemns.
1267 2529 1307 2553 at.
1331 2527 1418 2552 Nonne
1436 2531 1499 2552 sunt
1513 2526 1589 2553 bodie
1604 2526 1730 2553 Sextiles:

944 2564 1005 2590 hora
1024 2573 1090 2590 nona
1109 2565 1249 2590 convenire
1267 2564 1401 2598 coepistis.
1443 2564 1517 2590 llune
1534 2563 1604 2589 diem
1626 2565 1676 2590 inni
1701 2573 1732 2590 ne

943 2605 1083 2627 nnmernnt
1100 2601 1219 2636 quidem.
1261 2602 1353 2627 Decem
1373 2601 1430 2627 dies
1444 2606 1506 2627 sunt
1521 2606 1580 2627 nnte
1596 2601 1671 2627 ludos
1687 2610 1732 2627 vo—

943 2639 1010 2665 tivos
1028 2647 1096 2674 qnos
1115 2639 1162 2664 Cn.
1180 2639 1321 2672 Pompeius
1341 2637 1458 2665 facturus
1477 2643 1528 2664 est:
1554 2638 1580 2664 hi
1601 2638 1656 2664 ludi
1674 2638 1732 2664 dies

941 2675 1094 2711 quindecim
1109 2675 1240 2702 auferent:
1269 2675 1364 2701 deinde
1377 2676 1502 2701 continno
1516 2675 1625 2702 Romani
1641 2684 1733 2702 conse-

1470 2722 1525 2747 31·
