1941 3052
249 118 1217 147 TUSCULANARUMDISPUTAT10NUML113.1V.

69 201 99 218 ea
120 191 271 218 communis
290 199 374 225 poena
394 190 523 217 stultitiae
539 195 588 216 est.
629 190 762 216 Omnibus
780 190 862 220 enim,

69 237 184 264 quorum
196 237 272 254 mens
283 228 407 254 abhorret
421 236 434 253 a
450 228 563 258 ratione,
582 236 688 262 semper
703 226 788 262 aliqui
804 226 864 252 talis

69 271 152 293 terror
166 265 313 300 impendet.
355 267 396 291 36.
416 265 503 300 Atque
520 270 548 291 ut
564 265 613 290 hae
629 264 750 291 tabificae
767 264 865 290 mentis

69 303 284 338 perturbationes
295 307 366 333 sunt,
381 302 577 337 aegritudinem
588 301 648 328 dico
660 306 685 327 et
697 306 812 327 metum:
826 301 865 327 sie

69 382 141 408 tens,
158 381 183 403 et
198 377 287 403 inanis
298 376 435 407 alacritas,
454 376 481 402 id
497 381 536 403 est
553 376 651 402 laetitia
662 377 794 411 gestiens,
813 384 865 401 non

70 414 186 440 multum
203 414 330 440 differunt
345 414 378 440 ab
394 414 520 440 amentia.
561 414 601 439 Ex
620 422 673 448 quo
695 413 863 448 intelligitur,

68 451 158 486 qualis
170 451 215 477 ille
225 453 268 482 sit,
284 460 365 486 quem
377 456 434 477 tum
446 450 622 481 moderatum,
636 450 702 475 alias
715 449 865 476 modestum

69 494 95 515 et
105 493 307 523 temperantem,
323 488 389 514 alias
400 491 564 515 constant'em
576 488 812 521 continentemque
823 486 867 512 di—

69 526 167 552 cimus.
209 527 417 560 Nonnumquam
433 525 498 551 haec
513 525 607 551 eadem
623 524 753 550 vocabula
765 524 797 549 ad
810 523 867 549 fru—

68 563 186 599 galitatis
199 572 305 594 nomen,
318 568 455 598 tamquam
467 562 500 588 ad
511 567 604 597 caput,
618 561 715 587 referre
728 561 865 587 volumus.

68 598 147 633 Quod
159 601 212 627 nisi
224 610 254 627 eo
266 601 373 627 nomine
381 600 707 629 virtutescontinerentur,
717 606 866 632 numquam

69 638 105 665 ita
122 638 312 674 pervulgatum
329 637 397 664 illud
412 642 495 668 esset,
513 642 543 663 ut
557 637 610 662 iam
624 635 761 670 proverbii
778 635 866 704 lgmrg
895 659 896 668 ,

814 680 846 698 uo
888 690 889 697 1

69 675 214 706 obtineret,
237 678 359 701 hominem
378 678 449 709 [πυρὶ
469 677 554 700 onmia
573 678 640 700 recle
658 676 749 707 fucere.

70 713 143 739 idem
157 721 242 747 quum
254 712 334 738 Stoici
346 712 378 738 de
390 713 510 746 sapiente
525 711 632 741 dicunt,
651 711 733 736 nimis
749 709 867 735 admira-

68 749 160 776 biliter
172 750 308 784 nimisque
320 749 461 785 magnifice
473 748 562 774 dicere
574 748 710 774 videntur.

125 787 207 814 XVII.
230 788 271 813 37.
293 787 363 822 Ergo
376 787 407 817 is,
421 786 548 820 quisquis
560 789 609 816 est,
625 785 672 820 qui
685 783 866 810 moderatione
895 814 896 819 1

69 828 96 851 et
110 825 256 851 constantia
272 825 380 859 quietus
395 824 483 849 animo
495 828 535 849 est
545 822 653 857 sibique
665 822 722 856 ipse
733 821 863 856 placatus,
895 850 896 855 ¹

69 866 99 888 ut
113 870 161 888 nec
177 861 294 888 tabescat
309 860 452 891 molestiis,
475 869 523 886 nee
539 859 676 895 frangatur
691 859 800 889 timore,
818 866 866 883 nec

69 899 190 925 sitienter
201 898 268 933 quid
279 903 406 932 expetens
418 897 508 924 ardeat
518 897 662 927 desiderio,
671 904 719 922 nec
731 895 865 921 alacritate

69 935 141 962 sutili
151 936 268 971 gestiens
279 935 459 970 deliquescat,
474 935 496 961 is
508 939 547 961 est
558 935 675 969 sapiens,
689 942 771 968 quem
783 941 867 967 quae-

68 974 163 1004 rimus,
180 975 203 999 is
214 978 253 999 est
265 973 372 999 beatus:
391 973 434 999 cui
447 972 515 998 nihil
529 972 708 998 humanarum
720 979 809 997 rerum
821 974 867 996 aut

68 1010 236 1037 intolerabile
248 1010 281 1036 ad
292 1009 489 1036 demittendum
501 1010 621 1036 animum
634 1013 679 1035 aut
690 1009 772 1034 nimis
786 1007 867 1034 laeta—

67 1047 123 1074 bile
138 1047 172 1074 ad
187 1047 352 1074 efferendum
368 1047 454 1074 videri
466 1052 561 1082 potest.
602 1046 674 1079 Quid
685 1046 757 1072 enim
773 1045 867 1071 videa-

68 1089 112 1112 tur
133 1086 158 1111 ei
179 1094 308 1120 magnum
330 1086 356 1111 in
378 1085 459 1111 rebus
481 1085 620 1115 humanis,
654 1084 698 1110 cui
724 1083 866 1109 aeternitas

67 1123 157 1149 omnis
182 1123 317 1157 totiusque
338 1122 434 1148 mundi
456 1127 515 1148 nota
535 1122 571 1148 sit
591 1120 766 1157 magnitudo‘.l
799 1121 866 1146 Nam

67 1159 135 1194 quid
147 1160 229 1186 autin
239 1160 338 1186 studiis
350 1159 477 1186 humanis
493 1164 538 1185 aut
552 1160 578 1185 in
596 1164 648 1185 tam
664 1159 762 1194 exigua
776 1158 866 1183 brevi-

69 1201 120 1223 tate
132 1198 202 1224 vitae
214 1206 342 1233 magnum
354 1197 468 1232 sapienti
482 1197 568 1222 videri
584 1201 682 1231 potest,
700 1196 748 1230 qui
760 1204 867 1229 semper
888 1222 889 1234 ἶ

69 1235 159 1260 animo
175 1235 214 1260 sie
230 1234 358 1266 excubat,
376 1239 406 1261 ut
421 1235 446 1260 ei
463 1234 530 1260 nibil
546 1234 726 1268 improvisum
745 1232 865 1259 accidere
888 1251 889 1254 ,

69 1272 166 1306 possit,
185 1272 253 1298 nihil
270 1272 453 1306 inopinatum,
472 1271 539 1297 nibil
555 1271 665 1297 omnino
681 1270 800 1297 novum?
823 1272 864 1296 38.

68 1310 155 1344 Atque
171 1309 241 1335 idem
255 1310 288 1335 ita
300 1318 386 1335 acrem
400 1310 426 1335 in
437 1318 530 1335 omnes
543 1314 630 1343 partes
642 1309 726 1334 aciem
740 1308 863 1338 intendit,

68 1351 98 1372 ut
113 1355 219 1381 semper
234 1346 324 1373 videat
338 1346 431 1372 sedem
450 1347 503 1372 sibi
520 1355 549 1372 ac
566 1346 654 1372 locum
669 1346 728 1372 sine
745 1345 865 1371 molestia

68 1388 148 1418 atque
160 1392 257 1419 angore
268 1384 388 1414 vivendi,
398 1389 435 1414 ut,
444 1392 644 1418 quemcumque
656 1392 748 1409 casum
762 1382 865 1409 fortuna

68 1422 214 1452 invexerit,
234 1421 305 1447 hunc
319 1426 379 1456 apte
393 1426 419 1448 et
429 1422 519 1456 quiete
532 1420 609 1447 ferat:
632 1420 704 1456 quod
716 1421 764 1455 qui
776 1419 863 1451 saciet,

68 1467 119 1485 non
135 1459 303 1494 aegritudine
314 1458 402 1485 solum
415 1459 527 1489 vacabit,
536 1458 583 1484 sed
595 1459 674 1485 etiam
686 1457 866 1492 perturbatio-

67 1496 149 1522 nibus
165 1495 278 1531 reliquis
293 1496 430 1522 omnibus.
472 1497 517 1522 llis
531 1501 621 1522 autem
633 1504 734 1521 vacuus
746 1495 863 1526 animus,

67 1532 183 1568 perfecte
195 1538 274 1568 atque
285 1533 405 1560 absolute
417 1533 508 1560 beatos
519 1533 613 1559 eflicit:
630 1533 766 1567 idemque,
775 1533 866 1558 conci-

68 1575 151 1601 tatus,
171 1575 196 1597 et
211 1570 360 1597 abstractus
376 1571 409 1597 ab
426 1571 528 1606 integra
543 1575 668 1605 certaque
680 1571 793 1601 ratione,
813 1578 865 1596 non

67 1608 243 1634 constantiam
255 1607 343 1635 solum
355 1609 461 1639 amittit,
476 1617 569 1634 verum
581 1609 661 1634 etiam
674 1608 826 1634 sanitatem.

122 1645 252 1677 Quocirca
269 1645 357 1672 mollis
372 1650 398 1672 et
413 1651 537 1672 enervata
550 1645 666 1680 putanda
679 1651 719 1672 est
731 1645 865 1679 Peripate—

67 1683 180 1709 ticorum
193 1683 258 1709 ratio
269 1687 294 1709 et
305 1683 400 1713 oratio,
418 1684 466 1718 qui
477 1683 628 1718 perturbari
640 1684 744 1709 animos
756 1690 865 1708 necesse

66 1728 125 1746 esse
140 1719 246 1751 dicunt,
265 1720 313 1746 sed
328 1720 458 1747 adhibent
474 1720 584 1747 modum
600 1721 760 1755 quemdam,
782 1728 864 1754 quem

67 1756 135 1783 ultra
151 1757 276 1793 progredi
291 1766 344 1784 non
355 1762 482 1792 oporteat.
523 1759 564 1784 39.
590 1759 698 1785 Modum
712 1763 739 1784 tu
751 1757 865 1783 adhibes

66 1794 150 1821 vitio‘?
164 1803 196 1821 an
215 1795 311 1821 vitium
329 1795 436 1821 nullum
452 1800 505 1826 est,
524 1804 575 1821 uon
592 1804 683 1830 parere
699 1794 812 1821 rationi?
832 1803 864 1821 an

66 1832 132 1858 ratio
143 1840 238 1866 parum
250 1833 388 1867 praecipit,
403 1841 451 1859 nec
462 1833 562 1859 bonum
575 1833 642 1859 illud
654 1842 722 1864 esse,
735 1832 808 1868 quod
819 1836 865 1858 aut

65 1869 160 1904 cupias
171 1869 307 1901 ardenter,
321 1875 366 1896 aut
377 1870 490 1904 adeptus
502 1870 594 1896 efferas
607 1875 630 1897 te
643 1869 805 1897 insolenter?
817 1878 865 1896 nee

65 1914 144 1940 porro
155 1906 256 1933 malum
265 1927 271 1938 ,
289 1915 343 1942 quo
354 1911 399 1933 aut
409 1916 556 1942 oppressus
569 1908 654 1934 iaceas
669 1913 761 1939 aut‚ne
772 1907 865 1942 oppri-

67 1951 148 1974 mare,
167 1948 255 1970 mente
271 1944 318 1970 vix
328 1944 452 1970 constes‘.>
466 1953 551 1979 eaque
562 1946 651 1972 onmia
666 1950 712 1971 aut
723 1945 804 1971 nimis
817 1945 865 1971 tri-

66 1981 130 2011 stia,
147 1985 192 2007 aut
208 1981 290 2007 nimis
305 1980 371 2007 laeta
387 1990 474 2007 errore
491 1981 566 2008 tieri‘?
583 1983 635 2014 Qui
651 1983 674 2008 si
690 1991 762 2008 error
773 1982 864 2009 stultis

66 2023 225 2044 extenuetur
235 2018 288 2049 die,
302 2023 340 2049 ut,
353 2027 439 2053 quum
451 2028 493 2044 res
504 2019 597 2045 eadem
610 2024 723 2050 mancat,
737 2019 814 2045 aliter
825 2019 864 2045 se-

67 2060 124 2081 rant
141 2056 299 2086 invetcrata,
317 2055 394 2082 aliter
408 2056 537 2082 recentia:
554 2057 689 2091 sapientes
705 2065 738 2082 ne
752 2057 865 2092 attingat

66 2091 178 2127 quidem
192 2093 312 2119 omnino.
353 2094 394 2119 [ιθ.
415 2093 521 2119 Etenim
539 2094 601 2128 quis
615 2095 666 2120 erit
681 2093 787 2120 tandem
807 2103 865 2120 mo-

66 2130 117 2155 dus
135 2129 202 2156 iste‘?
220 2130 387 2162 Quaeramus
406 2131 479 2156 enim
496 2131 606 2157 modum
623 2131 816 2166 aegritudinis,
838 2132 864 2158 in

65 2176 119 2202 quo
129 2175 224 2201 operae
236 2166 386 2202 plurimum
398 2168 516 2202 ponitur.
557 2169 642 2204 Aegre
659 2168 753 2194 tulisse
768 2169 796 2194 P.
811 2169 865 2194 au-

66 2204 155 2230 tilium
177 2203 264 2231 fratris
285 2204 421 2239 repulsam
441 2204 610 2236 consulatus,
637 2206 768 2240 scriptum
792 2206 864 2240 apud

66 2241 198 2268 Fannium
209 2246 258 2268 est.
300 2241 352 2267 Sed
369 2247 457 2268 tamen
474 2243 601 2268 transisse
618 2243 725 2269 videtur
741 2243 861 2274 modum,

64 2279 167 2314 quippe
178 2280 225 2314 qui
237 2279 271 2305 ob
281 2287 340 2305 eam
351 2288 474 2305 caussam
487 2289 500 2305 a
514 2280 567 2306 vita
575 2281 727 2306 recesserit:
742 2280 864 2307 modera-

65 2316 118 2342 tius
131 2316 214 2352 igitur
226 2315 292 2342 serre
304 2316 408 2342 debuit.
431 2316 519 2348 Quid?
531 2317 564 2347 si,
578 2326 663 2352 quum
677 2317 702 2343 id
715 2316 794 2344 ferret
807 2327 863 2344 mo-

64 2352 133 2384 dice,
143 2362 213 2380 mors
226 2353 372 2380 liberorum
383 2354 558 2380 accessisset‘.l
571 2355 633 2380 Nata
646 2355 863 2390 essetaegritudo

65 2398 147 2422 nova,
165 2390 212 2417 sed
224 2399 253 2417 ea
267 2391 384 2417 modica:
405 2400 500 2426 magna
514 2396 600 2418 tumen
614 2391 680 2418 laeta
691 2397 762 2418 esset
773 2401 864 2418 acces-

64 2428 115 2454 sio,
137 2427 227 2460 Quid?
237 2429 260 2454 si
272 2428 369 2454 deinde
381 2428 486 2454 dolores
497 2437 594 2463 graves
605 2429 734 2463 corporis,
743 2430 766 2455 si
780 2430 864 2456 bono-

65 2473 124 2490 rum
135 2465 259 2496 amissio,
277 2466 300 2492 si
312 2466 440 2496 caecitas,
458 2466 480 2491 si
493 2465 634 2496 exsilium,
652 2467 675 2492 si
687 2475 734 2500 pro
745 2466 862 2502 singulis

64 2501 142 2528 malis
154 2502 337 2538 aegritudines
349 2502 514 2534 accederent,
528 2512 634 2528 summa
645 2512 674 2529 ea
687 2503 861 2536 tie1·‹·t‘.’Quue

64 2548 114 2565 non
127 2540 314 2566 sustineretur.
356 2540 448 2566 xvut.
472 2541 512 2566 Η.
535 2540 586 2572 Qui
604 2540 713 2566 modum
728 2541 862 2575 igitur-vi-

63 2576 99 2602 tio
112 2577 231 2611 quaerit,
248 2577 374 2604 similiter
386 2576 460 2607 facit.
475 2582 503 2603 ut
514 2578 537 2603 si
550 2586 627 2611 posse
639 2582 714 2612 putet
724 2587 799 2607 emn,
813 2579 861 2613 qui

62 2622 91 2639 se
102 2622 116 2639 e
129 2613 241 2640 Leucata
253 2615 478 2649 praecipitaverit,
492 2615 625 2640 sustinere
636 2624 675 2645 se,
687 2623 772 2649 quum
787 2615 860 2642 velit.

63 2650 95 2677 Ut
106 2651 177 2676 enim
188 2650 214 2676 id
227 2660 278 2678 non
292 2657 391 2687 potest:
405 2652 444 2678 sic
456 2653 562 2678 animus
573 2652 746 2687 perturbatus
756 2658 781 2679 et
794 2653 861 2679 inci-

888 1754 896 1785 '1
919 1761 1033 1795 tropaeis
1050 1769 1077 1785 se
1093 1769 1107 1785 e
1123 1768 1218 1785 somno
1233 1760 1368 1785 suscitari.

1250 118 1341 145 CAP.
1368 120 1395 144 ⁴2
1418 134 1453 137 ἡ
1476 120 1515 143 ΞΟ.
1648 120 1707 143 4081

885 189 894 230 ,l
917 193 986 215 tatus
998 198 1045 215 nec
1057 189 1182 215 cohibere
1193 198 1222 215 se
1233 193 1332 224 potest,
1346 198 1407 219 nec,
1421 198 1475 223 quo
1487 188 1543 215 loco
1556 188 1626 218 vult.
1646 188 1713 214 insi—

892 224 894 244 l
916 231 998 252 stere:
1021 227 1199 261 omninoque,
1222 235 1290 261 quae
1306 227 1452 252 crescentia
1474 226 1622 260 perniciosa
1639 230 1710 255 sunt,

893 260 895 309 ’Ῐ
916 263 1009 289 eadem
1021 269 1084 289 sunt
1097 264 1191 289 vitiosa
1209 264 1354 290 nascentia.

69 339 209 366 hilariores
225 339 300 371 illae,
316 339 450 374 cupiditas
461 339 539 365 avide
550 347 657 373 semper
667 338 772 373 aliquid
783 347 866 372 expe-
887 337 895 365 ’ὲ

894 381 895 397 1
937 376 1001 401 estis
1035 380 1088 400 arte
1107 380 1256 401 versantur.

894 420 896 439 τ
917 384 966 438 ΞΜ
978 384 1060 437 seiiiel
1073 421 1086 437 a
1099 413 1198 438 ratione
1211 412 1361 438 discessum
1374 417 1426 438 est:
1442 413 1554 447 ipsaque
1567 412 1715 438 sibiimbe-

887 450 896 479 l,
918 449 1015 475 cillitas
1032 449 1167 484 indulget,
1187 450 1213 476 in
1225 450 1364 484 altumque
1375 450 1533 485 provehitur
1545 449 1711 484 imprudens.

1396 265 1436 290 42.
1461 262 1608 299 Aegritudo
1624 267 1712 288 autem

916 305 1073 335 ceteraeque
1090 301 1303 334 perturbationes
1324 301 1501 335 amplificatae
1515 305 1584 326 certe
1602 299 1714 334 pestife—

918 346 960 363 rae
971 343 1043 364 sunt.
1084 339 1169 373 Igitur
1180 339 1259 364 etiam
1276 344 1415 372 susceptae
1431 338 1558 364 continuo
1574 338 1599 363 in
1617 345 1712 372 magna

1299 376 1403 401 Etenim
1420 377 1493 410 ipsae
1509 384 1537 401 se
1558 374 1711 409 impellunt,

918 495 966 512 nec
977 487 1075 521 reperit
1087 486 1174 512 locum
1186 487 1360 513 consistendi.
1401 487 1580 519 Quamobrem
1593 486 1660 512 nihil
1675 487 1716 512 in-

918 528 1006 554 terest,
1021 528 1111 550 utrum
1124 524 1272 550 moderatas
1282 525 1496 559 perturbationes
1508 524 1665 559 approbent,
1682 532 1715 549 an

918 561 1081 586 moderatam
1094 562 1269 592 iniustitiam,
1283 562 1446 588 moderatam
1458 563 1608 597 ignaviam,
1623 560 1715 587 mode-

919 603 1001 624 ratam
1018 599 1261 632 intemperantiam.
1301 598 1353 630 Qui
1368 600 1440 625 enim
1457 600 1530 625 vitiis
1543 599 1652 625 modum
1668 606 1715 632 ap-

918 636 1001 670 ponit,
1012 636 1034 661 is
1046 641 1147 669 partem
1160 637 1274 670 suscipit
1285 637 1423 662 vitiorum.
1438 636 1514 668 Quod
1526 646 1611 672 quum
1624 637 1713 670 ipsum

918 682 965 707 per
979 682 1006 698 se
1017 672 1141 698 odiosum
1153 678 1201 703 est,
1215 678 1271 699 tum
1283 682 1313 699 eo
1325 674 1473 704 molestius,
1486 675 1548 709 quia
1560 679 1622 700 sunt
1634 674 1661 699 in
1675 672 1716 698 lu-

918 710 1005 740 brico,
1030 711 1192 745 incitataque
1208 710 1290 736 semel
1305 711 1423 745 proclive
1436 711 1562 737 labuntur
1573 710 1716 737 sustineri-

918 756 970 781 que
984 747 1057 773 nullo
1069 747 1147 773 modo
1158 753 1281 782 possunt.
1308 748 1538 780 X1x.43.Quid‘.'
1548 748 1620 783 quod
1633 747 1714 774 iidem

919 785 1086 818 Peripatetici
1097 785 1311 819 perturbationes
1324 786 1401 816 istas,
1419 794 1486 820 quas
1503 794 1549 811 nos
1564 786 1716 819 exstirpan-

918 821 965 847 das
981 826 1122 856 putamus,
1147 831 1198 848 non
1219 822 1297 848 modo
1313 823 1447 848 naturales
1463 832 1522 849 esse
1538 823 1645 853 dieunt,
1668 822 1714 847 sed

918 860 998 885 etiam
1011 859 1112 885 utiliter
1123 868 1136 884 a
1149 865 1240 885 natura
1253 859 1345 885 datas‘?
1365 859 1484 891 Quorum
1500 865 1539 886 est
1551 860 1611 886 talis
1621 860 1714 885 oratio.

895 928 896 934 ἵ
918 897 1038 922 Primum
1050 896 1142 922 multis
1154 897 1244 922 verbis
1257 897 1423 923 iracundiam
1432 897 1552 924 laudant:
1566 902 1651 923 cotem
1664 896 1717 922 sor-

895 948 896 951 =
918 933 1042 960 titudinis
1055 942 1112 959 esse
1124 933 1231 966 dicunt3
1247 934 1384 969 multoque
1396 940 1421 961 et
1433 936 1458 961 in
1472 935 1574 961 bostem
1586 940 1611 960 et
1626 935 1652 960 in
1666 935 1717 960 im-

918 971 1033 1006 probum
1045 972 1132 997 civem
1146 971 1360 997 vehementiores
1373 973 1498 998 iratorum
1512 973 1628 1006 impetus
1641 980 1713 997 essee

918 1008 991 1034 leves
1012 1013 1101 1034 autem
1123 1009 1288 1035 ratiunculas
1308 1018 1414 1041 eorum,
1437 1011 1484 1044 qui
1504 1011 1538 1036 ita
1554 1010 1712 1044 cogitarent:

919 1046 1050 1080 praelium
1066 1051 1168 1072 rectum
1182 1051 1223 1072 est
1237 1046 1286 1073 hoc
1298 1046 1368 1079 fieri,
1392 1049 1518 1074 convenit
1529 1047 1657 1073 dimicare
1670 1055 1717 1081 pro

919 1084 1039 1119 legibus,
1058 1092 1105 1118 pro
1122 1083 1256 1115 libertate,
1274 1092 1322 1118 pro
1338 1086 1432 1119 patria.
1475 1086 1541 1111 llaec
1554 1084 1655 1110 nullam
1670 1084 1716 1109 lia-

918 1121 982 1148 bent
994 1121 1063 1152 vim,
1082 1122 1135 1147 nisi
1150 1122 1188 1147 ira
1203 1121 1349 1149 excanduit
1360 1122 1499 1149 fortitudo.
1544 1123 1597 1148 Nec
1610 1131 1672 1147 vero
1684 1121 1716 1147 dv

918 1158 1094 1185 bellatoribus
1124 1158 1212 1185 solum
1243 1159 1391 1193 disputant.
1440 1160 1554 1195 Imperia
1583 1160 1716 1185 severiora

919 1196 992 1223 nulla
1013 1204 1072 1221 esse
1091 1201 1186 1231 putant
1206 1197 1263 1223 sine
1281 1196 1370 1232 aliqua
1387 1198 1529 1224 acerbitate
1547 1196 1714 1223 iracundiae:

918 1239 1048 1260 oratorem
1064 1233 1182 1268 denique
1199 1243 1250 1260 non
1267 1235 1346 1261 modo
1361 1240 1546 1266 accusantem,
1563 1234 1611 1261 sed
1627 1244 1658 1260 ne
1669 1234 1717 1260 de-

919 1271 1072 1297 fendentem
1093 1271 1204 1306 quidem
1227 1272 1339 1306 probant
1359 1273 1417 1298 sine
1433 1273 1534 1298 aculeis
1551 1271 1715 1298 iracundiae.

895 1304 896 1311 ¹
918 1310 991 1341 Quae
1003 1309 1083 1335 etiam
1095 1310 1118 1335 si
1132 1318 1183 1335 non
1195 1309 1279 1340 adsit¹
1296 1314 1384 1336 tamen
1400 1310 1490 1336 verbis
1505 1315 1584 1345 atque
1594 1314 1667 1335 motu
1679 1309 1717 1334 si-

919 1346 1074 1373 mulandam
1091 1347 1266 1377 arbitrantur,
1284 1352 1313 1374 ut
1328 1347 1459 1373 auditoris
1475 1348 1540 1373 iram
1552 1347 1663 1373 oratoris
1676 1347 1716 1372 in-

917 1384 1013 1411 cendat
1024 1384 1102 1410 actio.
1144 1384 1237 1410 Virum
1248 1383 1366 1419 denique
1379 1385 1463 1410 videri
1477 1389 1586 1420 negant,
1605 1384 1652 1419 qui
1664 1384 1717 1410 ira—

895 1442 897 1454 ,
918 1423 956 1448 sei
969 1422 1082 1448 nesciat:
1097 1430 1220 1456 eamque,
1233 1430 1314 1456 quam
1328 1422 1462 1448 lenitatem
1475 1432 1522 1448 nos
1534 1422 1661 1452 dicimus,
1676 1422 1718 1447 vi-

895 1455 897 1487 s
918 1461 985 1486 tioso
998 1459 1166 1485 lentitudinis
1179 1460 1286 1485 nomine
1298 1459 1443 1494 appellant.
1480 1461 1516 1486 tt.
1536 1460 1588 1485 Nec
1601 1468 1662 1485 vero
1673 1467 1717 1484 so-

894 1490 896 1535 l
919 1497 974 1523 lum
989 1496 1055 1522 bane
1069 1496 1209 1522 libidinem
1223 1496 1398 1531 laudant,<est
1408 1498 1479 1523 enim
1489 1498 1535 1527 ira,
1546 1497 1658 1523 utmodo
1669 1496 1717 1521 de-

919 1534 1008 1565 linivi,
1031 1534 1179 1560 ulciscendi
1196 1533 1301 1569 libido.)
1316 1535 1363 1561 sed
1381 1535 1470 1569 ipsum
1489 1534 1556 1560 illud
1572 1543 1658 1570 genus
1674 1533 1715 1559 vel

895 1563 896 1584 l
919 1572 1042 1599 libidinis
1065 1571 1105 1597 vel
1123 1571 1279 1606 cupiditatis
1297 1572 1329 1598 ad
1346 1581 1481 1598 summam
1499 1572 1639 1598 utilitatem
1657 1579 1716 1596 esse

917 1610 1011 1636 dieunt
1027 1618 1040 1635 a
1057 1615 1149 1635 natura
1165 1609 1270 1635 datum:
1291 1610 1358 1635 nibil
1376 1611 1448 1636 enim
1465 1618 1645 1645 quemquam,
1662 1609 1714 1635 nisi

917 1647 988 1682 quod
1003 1647 1095 1677 libeat,
1115 1646 1248 1681 praeclare
1264 1646 1350 1673 faeere
1365 1656 1453 1682 posse.
1496 1648 1578 1673 Noctu
1591 1645 1716 1673 ambula-

894 1674 896 1717 l,
918 1686 962 1711 bat
979 1685 1005 1711 in
1025 1684 1135 1719 publico
1151 1684 1358 1714 Themistocles,
1382 1684 1453 1719 quod
1475 1694 1600 1711 somnum
1622 1691 1716 1718 capere

894 1748 895 1754 ,
918 1732 969 1749 non
986 1727 1088 1756 posset,
1112 1722 1361 1757 quaerentibusque
1378 1722 1568 1756 respondebat,
1588 1720 1716 1747 Miltiadis

1410 1760 1458 1786 Cui
1471 1769 1521 1786 non
1534 1764 1597 1785 sunt
1609 1758 1716 1785 auditae

894 1788 896 1837 i
917 1798 1104 1824 Demosthenis
1117 1797 1244 1832 vigiliae?
1258 1797 1305 1831 qui
1317 1796 1407 1823 dolere
1419 1806 1446 1822 se
1458 1797 1558 1826 aiebat,
1573 1795 1716 1831 siquando

916 1836 1044 1870 opiticum
1060 1834 1217 1861 antelucana
1231 1835 1318 1860 victus
1329 1839 1399 1860 esset
1411 1834 1553 1860 industria.
1594 1833 1715 1859 Philoso-

894 1854 896 1896 l
917 1874 997 1907 pliiae
1009 1873 1126 1907 denique
1140 1872 1226 1906 ipsius
1239 1872 1375 1906 principes
1388 1880 1536 1906 numquam
1550 1873 1575 1897 in
1588 1872 1646 1897 suis
1659 1876 1716 1897 stu-

894 1898 896 1964 ἱ
916 1910 970 1936 diis
983 1915 1068 1936 tantos
1085 1918 1243 1944 progressus
1258 1910 1316 1935 sine
1332 1909 1452 1945 flagranti
1468 1909 1615 1943 cupiditate
1631 1908 1716 1934 facere

917 1948 1077 1982 potuissent.
1107 1947 1219 1973 Ultimas
1232 1952 1314 1973 terras
1327 1947 1453 1973 lustrasse
1466 1947 1653 1982 Pythagoram,
1667 1946 1717 1971 De-

893 1973 895 1994 l
917 1985 1073 2015 mocritum,
1092 1984 1228 2010 Platonem
1240 1985 1404 2019 accepimus.
1447 1984 1496 2011 Ubi
1509 1985 1581 2010 enim
1593 1983 1659 2018 quid
1673 1992 1715 2008 es—

893 2005 896 2062 l,
916 2027 969 2053 set,
987 2022 1059 2057 quod
1076 2022 1145 2048 disci
1162 2027 1264 2056 posset,
1283 2031 1314 2048 eo
1331 2021 1495 2048 veniendum
1516 2022 1714 2047 iudicaverunt.

894 2064 896 2090 ζ
917 2060 986 2086 Νιιιιι
999 2064 1126 2094 putamus
1139 2059 1202 2085 baec
1215 2059 1271 2085 lieri
1283 2060 1341 2085 sine
1353 2068 1460 2085 summo
1470 2059 1627 2093 cupiditatis
1639 2057 1716 2083 ardo-

894 2109 896 2125 η
917 2106 944 2122 re
956 2096 1093 2131 potuisse?
1115 2096 1175 2122 XX.
1190 2097 1230 2122 55.
1245 2097 1331 2130 lpsam
1344 2096 1551 2132 aegritudinem,
1565 2104 1646 2130 quam
1659 2103 1715 2123 nos,

918 2139 946 2160 ut
959 2139 1067 2159 tat-trinu
1079 2138 1103 2159 et
1117 2134 1262 2159 immanem
1275 2133 1403 2163 belluam.
1414 2133 1569 2168 fugiendam
1582 2133 1712 2158 diximus.

917 2180 968 2197 non
986 2171 1044 2196 sine
1062 2179 1157 2205 magna
1170 2170 1284 2196 utilitate
1295 2180 1309 2196 a
1322 2176 1414 2197 natura
1426 2171 1520 2196 dieunt
1531 2171 1713 2195 constitutam.

894 2214 896 2239 ζ
917 2207 1329 2241 uthominescastigationibus,
1349 2208 1619 2242 repreliensionibus.
1640 2207 1714 2241 igno-

894 2273 895 2281 ,
917 2246 1009 2271 miniis
1025 2244 1095 2270 allici
1112 2253 1140 2270 se
1158 2245 1184 2270 in
1201 2244 1299 2270 delicto
1310 2244 1440 2271 dolerent.
1482 2245 1630 2279 liupunitas
1642 2244 1713 2269 enim

917 2287 1085 2316 peccaturum
1097 2281 1157 2307 data
1170 2281 1277 2307 videtur
1288 2282 1341 2311 eis,
1359 2282 1406 2316 qui
1420 2282 1594 2315 ignominiam
1608 2287 1633 2306 et
1647 2279 1714 2306 insa-

893 2348 894 2355 ,
917 2320 997 2345 mimn
1012 2318 1099 2345 serunt
1110 2320 1168 2344 sine
1180 2318 1283 2344 dolore:
1299 2319 1413 2344 morderi
1425 2318 1714 2344 estmeliuseonscien-

917 2357 961 2382 tia.
990 2357 1028 2382 Ex
1039 2365 1094 2390 quo
1105 2361 1144 2381 est
1157 2355 1223 2381 illud
1235 2364 1248 2381 e
1262 2357 1315 2382 vita
1326 2355 1438 2382 ductum
1451 2356 1484 2381 ab
1498 2355 1614 2381 Afranio.
1648 2355 1713 2380 Nam

915 2402 1000 2428 quum
1013 2393 1161 2419 dissolutus
1175 2392 1256 2423 lilius,

991 2431 1043 2456 lli-ni
1057 2440 1093 2455 rm·
1106 2431 1239 2456 mim-um!

915 2473 972 2494 tum
984 2476 1095 2493 severus
1107 2472 1189 2502 pater,

892 2506 894 2547 ,l
1110 2505 1248 2530 lhimmodo
1258 2506 1341 2529 doleat
1353 2506 1462 2537 siliquam.
1477 2505 1560 2529 dolen!
1571 2505 1710 2537 «μιιίΙΙιιὺι-Ι.

973 2542 1012 2567 Mi.
1031 2541 1157 2576 Reliquas
1169 2550 1277 2576 quoquc
1290 2547 1377 2576 partes
1389 2541 1567 2575 aegritudinis
1579 2541 1658 2567 utiles
1669 2550 1712 2567 es-

914 2587 942 2605 se
959 2578 1065 2607 dicunt:
1086 2579 1298 2605 miserit-ordiam
1315 2578 1346 2604 ad
1363 2588 1439 2613 opem
1459 2578 1594 2604 l‘eremlam
1606 2578 1713 2605 etcala-

915 2617 1020 2642 mitates
1042 2616 1182 2642 bominum
1206 2616 1378 2650 indignorum
1400 2616 1595 2642 sublevandas:
1623 2617 1711 2651 ipsum

915 2653 982 2679 illud
995 2653 1138 2683 aemulari,
1152 2653 1298 2680 obtrectare
1311 2663 1362 2679 non
1374 2663 1433 2679 esse
1446 2653 1554 2684 inutile,
1571 2662 1655 2690 quum
1668 2659 1713 2679 aut

1462 2702 1506 2726 130
