1941 3052
255 78 462 105 EPISTOL.
494 78 547 104 AD
576 78 756 104 DIVERS.
790 79 912 104 LIB.I.
944 79 1005 105 ΕΡ.
1028 80 1099 105 9-
1122 80 1544 108 ⁴0.—L113.11.EP.l—4.
1674 84 1718 109 67¹

76 151 115 178 tui
130 158 183 177 non
201 149 322 185 probare.
368 149 503 176 Facilitate
517 148 637 184 quidem,
656 149 762 180 vellem,
780 158 874 176 conse-

74 188 123 223 qui
143 188 286 223 potuisses,
305 195 337 213 ne
352 187 411 213 eius
426 187 537 218 ordinis,
555 195 637 222 quem
647 195 753 222 semper
763 188 871 218 ornasti,

75 234 131 252 rem
147 229 192 251 aut
210 224 374 251 voluntatem
390 223 547 250 offenderes.
587 224 720 259 Equidem
738 233 791 251 non
802 225 874 251 desi-

76 271 137 289 nam
153 267 198 289 tua
209 262 314 289 decreta
324 261 480 288 defendere:
513 261 561 288 sed
571 262 640 288 nosti
651 262 874 289 consuetudinem

75 300 226 326 hominum.
267 299 334 330 Scis,
357 308 440 335 quam
463 300 579 336 graviter
596 300 699 326 inimici
714 300 767 334 ipsi
783 300 823 326 illi
840 300 871 331 Q.

76 337 219 364 Scaevolae
241 336 352 363 fuerint.
393 337 454 363 Tibi
474 341 562 363 tamen
583 345 644 363 sum
669 341 767 368 auctor,
791 342 828 367 ut,
851 337 874 363 si

75 375 177 410 quibus
193 374 274 401 rebus
285 375 383 409 possis,
397 383 459 401 eum
471 375 519 401 tibi
531 374 651 401 ordinem
663 378 709 401 aut
719 374 874 401 reconcilies

75 416 121 438 aut
136 412 254 448 mitiges.
294 412 324 438 Id
339 412 390 438 etsi
405 412 513 439 difficile
528 416 578 443 est,
591 416 679 439 tamen
690 412 758 438 mibi
769 412 876 438 videtur

76 458 135 476 esse
145 449 314 484 prudentiae.
357 448 452 486 [Vale]

122 519 153 539 X.
165 519 233 539 ARG.
246 518 367 542 Valerium,
379 519 442 539 cuins
454 526 477 538 se
484 518 571 538 nomine
578 520 603 539 P.
611 519 705 539 Lentulo
713 518 795 544 gratias
803 519 876 544 egisse

76 553 162 579 scribit,
170 554 195 574 ad
203 553 365 581 postliminium
373 553 479 573 hortatur.
499 554 687 579 (Romae-‚Dumium
693 556 757 579 Appio
764 562 809 573 coss.
821 558 876 577 700.)

193 596 227 621 M.
244 596 273 621 T.
291 596 317 621 C.
334 595 362 621 S.
379 595 408 620 D.
426 595 455 620 L.
478 594 653 621 VALERIO
674 595 757 621 ICro.

131 631 191 662 Cur
202 637 273 662 enim
290 636 337 662 tibi
353 636 403 662 hoc
414 643 465 662 non
476 636 616 671 gratificer,
629 637 733 663 nescio:
756 644 877 671 praeser-

76 674 124 699 tim
135 682 221 708 quum
239 673 282 699 his
298 673 464 708 temporibus
475 673 586 699 audacia
596 682 644 708 pro
657 674 787 708 sapientia
800 674 877 700 liceat

77 711 126 737 uti.
167 710 280 737 Lentulo
295 715 385 737 nostro
399 711 442 746 egi
460 719 508 744 per
524 710 624 737 litteras
640 715 686 738 tuo
697 712 804 738 nomine
815 720 877 747 gra-

77 749 127 774 tias
143 748 295 784 diligenter.
336 747 389 774 Sed
405 752 433 774 tu
445 747 527 773 velim
539 747 646 774 desinas
657 749 710 775 iam
722 749 820 775 nostris
833 749 877 775 lit-

76 785 140 811 teris
155 786 204 816 uti,
222 789 247 811 et
265 793 311 811 nos
328 784 472 820 aliquando
483 785 598 816 revisas,
630 790 656 812 et
666 786 704 812 ibi
716 786 794 812 malis
805 795 873 817 esse,

76 822 124 849 nbi
145 822 236 857 aliquo
257 831 368 849 numero
388 822 436 854 sis,
454 830 536 857 quam
552 823 621 854 istic,
638 823 685 849 ubi
697 823 771 850 solus
783 832 875 858 sapere

77 859 194 886 videare.
242 859 425 895 Quamquam,
442 860 490 894 qui
508 861 588 886 istinc
603 861 724 891 veniunt,
738 862 834 896 partim
851 866 875 887 te

76 897 224 931 superbum
246 906 305 923 esse
320 897 422 928 dicunt,
436 897 510 932 quod
525 897 593 924 nihil
609 898 786 933 respondeas:
814 907 876 933 par-

75 935 124 961 tim
136 934 370 966 contumeliosum,
383 934 456 970 quod
467 934 536 961 male
547 936 717 970 respondeas.
758 935 811 962 Sed
824 937 875 962 iam

75 973 155 1007 cupio
169 976 256 998 tecum
268 981 355 998 coram
366 972 456 999 iocari.
479 971 565 1004 Quare
577 972 625 1004 sac,
634 978 750 1009 utquam
757 974 875 1009 primum

75 1010 178 1041 venias,
197 1018 284 1044 neque
300 1010 327 1036 in
343 1009 469 1045 Apuliam
482 1014 554 1036 tuam
566 1011 684 1042 accedas,
699 1016 728 1038 ut
739 1012 875 1046 possimus

76 1046 182 1073 salvum
204 1047 311 1073 venisse
331 1047 458 1083 gaudere.
490 1047 557 1073 Nam
572 1047 619 1075 illo
633 1049 657 1074 si
675 1049 789 1080 veneris,
808 1053 876 1076 tam-

76 1093 157 1120 quam
168 1084 269 1117 Ulixes,
282 1093 426 1121 cognosces
437 1089 545 1111 tuorum
556 1086 702 1113 neminem.
727 1085 819 1123 [Vale]

374 1186 467 1197 —aea
472 1183 577 1198 30——

454 1335 495 1360 72.

252 1397 393 1427 LIBER
424 1398 693 1429 SECUNDUS.

120 1516 136 1537 1.
161 1516 178 1536 A
187 1517 238 1537 RG.
264 1517 357 1538 Curioni
380 1518 504 1539 litterarum
528 1519 715 1547 intercapedinem
735 1524 827 1540 excusat
846 1523 875 1543 et.

76 1551 133 1578 quod
148 1552 228 1572 absens
243 1559 346 1573 summam
361 1552 448 1574 laudem
463 1558 594 1575 consecutus
606 1555 642 1580 sit,
655 1555 786 1580 gratulatus.
798 1563 875 1576 curan-

77 1586 125 1607 tium
138 1586 283 1613 significatae
291 1588 480 1615 exspectationem
493 1590 527 1610 sui
537 1590 669 1611 concitatam
681 1594 776 1611 tueatur.

316 1625 403 1647 (Romae,
412 1626 446 1643 sub
457 1626 562 1650 interregno
573 1627 628 1649 501.)

247 1676 282 1703 M.
298 1677 328 1703 T.
344 1676 373 1704 C.
388 1677 415 1704 S.
431 1679 460 1704 D.
477 1678 506 1706 C.
529 1679 700 1707 CURIONl.

90 1757 95 1762 ι
134 1722 157 1747 ⁴.
170 1714 348 1757 Quamquam
364 1731 406 1750 me
418 1724 875 1762 nominenegligentiaesuspectum

77 1757 126 1784 tibi
142 1766 201 1786 esse
218 1758 308 1786 doleo:
341 1765 429 1788 tamen
445 1770 498 1789 non
514 1766 568 1789 tam
579 1763 647 1790 mihi
658 1763 801 1791 molestum
813 1765 873 1797 fuit,

76 1796 196 1823 accusari
210 1796 258 1823 abs
273 1801 298 1824 te
312 1797 430 1825 officium
447 1807 547 1831 meum,
564 1809 645 1835 quam
661 1802 820 1834 iucundum,
834 1812 876 1829 re-

75 1833 163 1867 quiri,
194 1835 350 1868 praesertim
361 1844 457 1871 quum,
470 1837 498 1863 in
508 1845 563 1872 quo
573 1839 725 1871 accusabar,
738 1840 818 1875 culpa
830 1849 876 1867 va-

75 1877 178 1911 carem3
200 1871 228 1897 in
243 1880 298 1907 quo
312 1877 401 1900 autem
418 1874 570 1902 desiderare
580 1880 606 1902 te
616 1877 788 1912 significabas
802 1886 875 1904 meas

77 1906 187 1939 litteras,
211 1916 273 1943 prae
294 1913 319 1936 te
337 1909 419 1937 ferres
434 1917 603 1947 perspectum
616 1914 682 1941 mihi
694 1914 814 1949 quidem,
828 1915 876 1942 sed

76 1948 165 1971 tamen
176 1945 282 1972 dulcem
295 1951 445 1982 etoptatum
452 1958 568 1976 amorem
576 1955 663 1977 tuum.
684 1952 817 1987 Equidem
830 1961 876 1980 ne-

76 1982 177 2008 minem
194 1984 368 2018 praetermisi,
387 1994 469 2020 quem
480 1987 590 2021 quidem
603 1988 636 2014 ad
646 1993 670 2015 te
683 1994 874 2024 perventurum

76 2024 208 2054 putarem,
222 2021 265 2047 cui
279 2020 379 2049 litteras
387 2032 438 2050 non
445 2023 573 2051 dederim.
595 2025 700 2052 Etenim
707 2027 769 2061 quis
776 2032 874 2054 esttam

77 2057 104 2083 in
116 2057 258 2085 scribendo
272 2059 395 2095 impiger,
409 2069 490 2096 quam
503 2062 569 2097 ego‘?
607 2063 628 2090 Α
641 2067 665 2090 te
677 2072 739 2090 vero
750 2064 792 2091 bis
804 2069 875 2091 terve

76 2102 225 2127 summum,
238 2100 264 2122 et
274 2104 319 2122 eas
331 2098 474 2131 perbreves
486 2100 585 2134 accepi.
617 2100 713 2133 Quare,
729 2102 752 2128 si
764 2103 875 2137 iniquus

77 2139 106 2158 es
125 2132 154 2158 in
174 2141 217 2159 me
238 2133 328 2164 iudex,
347 2135 531 2163 condemnabo
546 2137 640 2164 eodem
651 2147 700 2174 ego
712 2143 736 2165 te
747 2139 872 2167 crimine:

76 2169 119 2195 sin
130 2177 173 2196 me
184 2170 211 2197 id
224 2169 309 2197 facere
319 2171 403 2204 noles,
417 2177 441 2200 te
453 2173 519 2200 mihi
532 2182 649 2209 aequum
660 2176 786 2211 praebere
793 2177 875 2204 debe-

76 2205 129 2233 bis.
160 2206 213 2234 Sed
234 2207 267 2235 de
288 2208 383 2236 litteris
399 2210 538 2238 hactenus
570 2213 626 2239 Non
643 2214 714 2240 enim
727 2222 828 2246 vereor,
842 2223 875 2241 ne

77 2251 129 2270 non
143 2245 287 2286 scribendo
302 2250 327 2272 te
345 2247 478 2282 expleam.
497 2250 653 2283 praesertim
665 2251 687 2277 si
700 2251 726 2277 in
738 2260 768 2278 eo
778 2260 875 2287 genere

76 2280 198 2309 studium
214 2291 305 2309 meum
321 2293 372 2311 non
389 2286 574 2320 aspernabere.
614 2289 639 2314 2.
651 2287 708 2323 Ego
720 2293 744 2315 te
755 2289 875 2315 abfuisse

77 2318 179 2346 tamdiu
190 2328 204 2346 a
214 2321 301 2352 nobis,
314 2326 341 2348 et
351 2322 434 2354 dolui,
448 2323 520 2358 quod
531 2325 604 2351 carui
616 2324 876 2353 fruetuiucundissi-

77 2363 136 2382 mae
145 2358 347 2386 consuetudinis
355 2380 361 2391 ,
386 2365 411 2386 et
422 2360 510 2391 laetor.
524 2361 596 2396 quod
608 2362 704 2389 absens
713 2364 802 2390 onmia
813 2373 874 2390 cnm

77 2394 193 2436 maxima
208 2394 338 2431 dignitate
349 2405 378 2423 es
387 2402 558 2430 consecutus,
571 2399 698 2435 qnodque
709 2401 736 2427 in
747 2401 875 2428 omnibus

77 2433 132 2457 tuis
147 2431 227 2459 rebus
243 2434 310 2460 meis
325 2435 422 2470 optatis
435 2435 538 2462 fortuna
551 2438 695 2472 respondit.
727 2438 809 2465 Breve
823 2443 872 2470 est,

77 2467 150 2511 quod
169 2477 212 2496 me
227 2470 275 2497 tibi
291 2473 443 2507 praecipere
460 2482 537 2500 meus
548 2474 714 2501 incredibilis
728 2475 755 2502 in
768 2480 791 2502 te
802 2484 876 2502 amor

77 2509 157 2541 cogit.
187 2507 269 2534 Tanta
280 2513 321 2536 est
331 2511 495 2545 exspectatio
506 2511 548 2537 vel
560 2512 641 2538 animi
657 2512 698 2539 vel
710 2513 811 2548 ingenii
823 2514 871 2544 tui.

78 2545 109 2568 ut
122 2550 171 2579 ego
185 2547 210 2571 te
228 2544 367 2573 obsecrare
382 2548 563 2584 obtestarique
581 2558 631 2576 non
647 2549 778 2581 dubitem,
792 2551 831 2577 sic
841 2551 874 2577 ad

79 2587 126 2622 nos
143 2580 323 2624 conformatus
338 2590 478 2617 revertare,
496 2591 534 2618 ut,
552 2595 633 2622 quam
649 2588 873 2622 exspectationem

79 2619 118 2643 tui
131 2620 276 2652 concitasti,
293 2621 362 2650 hano
375 2623 509 2651 sustinere
524 2632 554 2651 ac
564 2624 631 2652 tueri
643 2625 740 2660 possis.
762 2626 795 2653 Et
807 2634 875 2662 quo-

926 151 997 176 niam
1017 158 1105 176 meam
1126 155 1231 177 tuorum
1247 160 1307 187 erga
1328 161 1370 178 me
1391 153 1545 179 meritorum
1567 156 1722 180 memoriam

927 187 999 213 nulla
1015 196 1144 222 umquam
1160 188 1261 215 delebit
1276 189 1384 220 oblivio,
1398 194 1422 216 te
1432 199 1504 225 rogo,
1516 195 1545 216 ut
1557 192 1721 222 memineris,

925 229 1159 260 quantaecumque
1170 226 1219 252 tibi
1230 228 1394 253 accessiones
1406 227 1470 253 [ient
1480 232 1506 254 et
1519 227 1640 254 fortunae
1652 229 1724 254 etdi-

925 263 1044 297 gnitatis,
1062 272 1107 289 eas
1123 268 1148 289 te
1163 272 1215 290 non
1231 265 1351 298 potuisse
1362 265 1500 299 consequi,
1514 266 1566 291 nisi
1578 266 1646 291 meis
1657 274 1723 300 puer

926 299 991 326 olim
1007 300 1173 327 fidelissimis
1188 305 1268 335 atque
1283 303 1475 328 amantissimis
1487 302 1606 328 consiliis
1618 304 1724 337 paruis-

927 345 980 363 seS.
1020 337 1107 369 Quare
1123 338 1172 364 hoc
1188 339 1277 364 animo
1293 339 1320 365 in
1336 348 1384 366 nos
1400 348 1458 366 esse
1469 340 1595 371 debebis,
1613 346 1642 366 ut
1654 346 1724 367 aetas

927 378 1015 400 nostra
1031 375 1084 401 iam
1100 376 1288 410 ingravescens
1304 377 1331 403 in
1342 386 1429 403 amore
1441 382 1519 412 atque
1532 378 1559 403 in
1570 378 1724 404 adolescen-

927 412 962 438 tia
975 416 1019 438 tua
1030 414 1210 448 conquiescat.
1252 414 1321 440 Vale.

980 493 1009 513 11.
1028 493 1072 513 AR
1080 493 1106 513 G.
1123 493 1214 514 Curioni
1222 509 1228 519 ,
1239 499 1301 521 patre
1311 498 1395 514 mortun
1403 511 1408 518 ,
1421 499 1491 515 tutum
1501 494 1548 515 vult
1559 495 1723 523 patrimonium.

1168 531 1254 552 (Itomae,
1265 531 1298 548 sub
1309 530 1414 554 interregno
1426 534 1480 552 701.)

1096 569 1131 594 M.
1147 569 1177 594 T.
1193 568 1222 595 C.
1240 568 1267 594 S.
1283 569 1313 594 D.
1329 569 1357 595 C.
1379 569 1549 596 CURIONI.

985 609 1069 639 Gravi
1091 618 1157 640 teste
1180 615 1300 648 privatus
1316 624 1376 640 sum
1394 616 1491 641 amoris
1508 616 1606 641 summi
1623 624 1685 651 erga
1701 621 1726 642 to

928 650 990 681 mei,
1008 655 1082 685 patre
1097 656 1151 682 tuo,
1164 651 1314 678 clarissimo
1325 653 1395 678 viro:
1412 653 1459 687 qui
1470 661 1554 687 quum
1567 654 1624 678 suis
1637 653 1725 680 laudi-

928 687 992 718 bus,
1010 692 1066 714 tum
1084 697 1146 715 vero
1157 693 1182 714 te
1194 688 1262 719 filio,
1285 694 1438 724 superasset
1447 691 1568 716 omnium
1581 689 1723 720 soi-tunam,

928 726 951 751 si
962 725 985 751 ei
997 726 1165 761 contigisset,
1179 730 1208 752 ut
1219 730 1244 752 te
1255 731 1315 752 ante
1326 726 1441 757 videret,
1455 736 1535 761 quam
1548 736 1560 753 a
1574 728 1625 753 vita
1638 728 1726 754 disce-

928 762 1010 788 deret.
1051 762 1104 789 Sed
1119 771 1198 798 spero
1213 768 1329 789 nostram
1347 764 1489 790 amicitiam
1501 773 1552 790 non
1564 773 1640 799 egere
1652 766 1726 791 testi-

927 799 989 826 bus.
1030 800 1090 827 Tibi
1104 801 1295 835 patrimonium
1309 801 1347 827 dii
1359 800 1502 827 fortunent.
1544 802 1584 827 Me
1596 807 1665 828 certe
1679 803 1727 828 ha-

928 837 1017 868 bebis,
1037 838 1081 864 cui
1103 842 1128 865 et
1147 846 1224 865 carus
1240 847 1325 874 aeque
1340 839 1378 865 sis
1394 843 1419 865 et
1434 839 1583 869 iucundus,
1605 848 1634 866 ac.
1650 839 1725 866 fuisti

927 875 1005 910 patri.

980 953 1021 973 ΙΙΙ,
1037 953 1113 973 ARG.
1129 953 1223 974 Curioni
1234 955 1317 980 Rupam
1328 953 1430 973 libertum
1443 957 1542 977 excusat,
1554 954 1610 980 quod
1621 953 1643 973 in
1656 954 1727 981 patri·

928 988 1006 1008 funere
1020 987 1084 1008 ludos
1099 988 1182 1016 populo
1196 996 1240 1009 non
1254 989 1394 1016 promiserit,
1410 991 1431 1009 et
1445 988 1476 1009 iis
1491 989 1516 1009 de
1531 988 1659 1009 muneribus
1674 989 1726 1015 quid

928 1023 1011 1044 sentiat
1021 1023 1101 1051 aperit.

1077 1069 1113 1095 M.
1136 1070 1166 1096 T.
1189 1070 1217 1096 C.
1240 1069 1268 1096 S.
1291 1070 1320 1095 D.
1343 1070 1371 1096 C.
1395 1069 1566 1096 CURIONl.

985 1117 1006 1141 l.
1026 1110 1122 1150 Rupae
1133 1115 1255 1141 studium
1269 1124 1321 1142 non
1335 1115 1421 1142 defuit
1434 1114 1653 1141 declarandorum
1666 1123 1726 1142 mu-

928 1161 1022 1179 nerum
1038 1157 1083 1179 tuo
1104 1153 1224 1180 nomine:
1247 1153 1294 1179 sed
1310 1161 1358 1179 nec
1378 1153 1444 1179 mihi
1466 1152 1579 1188 placuit,
1602 1161 1650 1179 nec
1669 1153 1727 1179 cui-

927 1199 1010 1225 quam
1031 1195 1147 1222 tuorum,
1169 1190 1318 1226 quidquam
1335 1195 1359 1217 te
1374 1191 1484 1217 absente
1499 1190 1564 1221 fieri,
1583 1190 1654 1224 qnod
1667 1190 1725 1221 tibi,

928 1237 1014 1263 quum
1025 1229 1160 1259 venisses,
1183 1237 1235 1254 non
1251 1233 1319 1255 esset
1330 1229 1474 1263 integrum.
1516 1227 1648 1262 Equidem
1660 1228 1727 1263 quid

928 1266 1051 1296 seutiam,
1065 1270 1110 1292 aut
1121 1265 1235 1292 scribam
1248 1266 1281 1292 ad
1292 1270 1316 1292 te
1328 1271 1418 1300 postea
1430 1265 1554 1300 pluribus
1563 1286 1569 1296 ,
1583 1270 1636 1295 aut,
1651 1274 1683 1291 ne
1694 1265 1727 1292 ad

928 1312 957 1329 ea
970 1303 1106 1335 meditere,
1120 1304 1280 1338 imparatum
1293 1307 1318 1329 te
1329 1303 1469 1333 offendam,
1483 1311 1626 1337 coramque
1637 1307 1727 1329 contra

928 1341 1007 1366 istam
1019 1342 1160 1371 rationem,
1175 1349 1260 1367 meam
1271 1341 1372 1367 dicam:
1395 1344 1425 1367 ut
1436 1345 1481 1366 aut
1492 1345 1516 1366 te
1528 1341 1554 1366 in
1567 1348 1653 1366 meam
1665 1349 1725 1366 sen-

929 1378 1038 1404 tentiam
1059 1378 1203 1409 adducam,
1226 1383 1271 1404 aut
1289 1382 1359 1404 certe
1374 1383 1499 1404 testatum
1515 1377 1587 1412 apud
1606 1378 1727 1404 animum

929 1420 1006 1442 tuum
1018 1415 1181 1450 relinquam,
1194 1416 1260 1450 qnid
1271 1416 1414 1445 senserinn
1437 1420 1478 1446 ut,
1492 1416 1514 1441 si
1526 1414 1634 1450 qnando
1645 1414 1727 1450 (quod

929 1453 1022 1488 nolim)
1032 1453 1175 1488 displicere
1187 1453 1235 1479 tibi
1248 1453 1391 1479 consilium
1404 1457 1480 1479 tuum
1492 1453 1619 1487 coeperit,
1639 1453 1727 1487 possis

928 1499 1020 1517 meum
1033 1490 1173 1517 recordari.
1205 1491 1281 1517 Brevi
1294 1495 1381 1517 tamen
1393 1491 1432 1516 sic
1443 1490 1547 1521 habeto,
1561 1490 1588 1516 in
1600 1498 1662 1516 eum
1673 1494 1728 1516 sta-

928 1533 986 1554 tum
1002 1532 1153 1563 temporum
1169 1533 1245 1555 tuum
1261 1528 1377 1554 reditum
1394 1527 1523 1559 incidere,
1545 1532 1575 1553 ut
1590 1528 1623 1553 iis
1638 1527 1725 1558 bonis,

928 1574 997 1601 quae
1015 1565 1065 1592 tibi
1080 1570 1186 1597 natura,
1204 1565 1306 1596 studio,
1325 1565 1428 1592 sortnna
1444 1565 1503 1591 data
1521 1569 1597 1595 sunt,
1622 1564 1728 1591 facilins

928 1603 1016 1630 omnia
1026 1624 1032 1634 ,
1048 1612 1117 1638 quae
1132 1608 1196 1630 sunt
1209 1603 1375 1638 amplissima
1392 1604 1418 1629 in
1429 1602 1580 1637 republica,
1598 1603 1727 1637 consequi

928 1641 1029 1675 possis,
1046 1649 1127 1676 quam
1144 1641 1317 1668 muneribus:
1340 1649 1455 1676 quorum
1472 1648 1559 1675 neque
1574 1639 1728 1666 facultatem

927 1679 1073 1714 quisquam
1084 1679 1244 1705 admiratur:
1267 1678 1317 1714 (est
1328 1679 1399 1704 enim
1410 1678 1561 1712 copiarum,
1578 1686 1630 1704 non
1642 1678 1728 1703 virtu-

927 1716 962 1742 tis
971 1715 989 1752 :)
1009 1724 1096 1751 neque
1107 1717 1252 1751 quisquam
1264 1720 1318 1746 est,
1333 1716 1399 1751 quin
1410 1716 1529 1742 satietate
1541 1715 1592 1741 iam
1604 1714 1727 1741 defessus

927 1754 972 1780 sit.
1012 1755 1038 1781 2.
1061 1753 1114 1780 Sed
1126 1753 1213 1785 aliter,
1232 1758 1311 1789 atque
1325 1753 1505 1783 ostenderam,
1525 1752 1604 1782 facie.
1622 1753 1670 1788 qui
1685 1754 1728 1779 in-

926 1791 1033 1826 grediar
1054 1791 1087 1817 ad
1111 1791 1297 1826 explicandam
1323 1791 1450 1817 rationem
1474 1791 1620 1816 sententiae
1642 1798 1726 1816 meae.

927 1829 1014 1861 Quare
1029 1836 1136 1855 omnem
1153 1829 1220 1855 hanc
1232 1829 1440 1863 disputationem
1453 1828 1480 1854 in
1492 1827 1637 1854 adventum
1650 1832 1726 1854 tunm

927 1866 1029 1893 differo.
1070 1865 1211 1893 Summam
1227 1867 1294 1893 scito
1309 1867 1347 1893 tui
1359 1865 1584 1901 exspectationem
1596 1873 1668 1895 esse,
1682 1874 1727 1891 ea—

927 1912 980 1938 que
991 1912 1005 1930 a
1017 1908 1041 1930 te
1052 1904 1209 1939 exspectari,
1223 1912 1291 1939 quae
1303 1912 1315 1929 a
1327 1912 1433 1930 summa
1446 1904 1543 1929 virtute
1564 1911 1728 1937 summoque

928 1941 1035 1977 ingenio
1047 1941 1225 1976 exspectanda
1237 1946 1313 1968 sunt:
1329 1941 1362 1967 ad
1374 1949 1443 1976 quae
1454 1941 1476 1966 si
1489 1949 1526 1971 es,
1540 1944 1568 1967 nt
1580 1940 1670 1971 debes,
1681 1948 1726 1974 pa-

928 1983 1014 2009 ratus,
1036 1978 1119 2014 (quod
1138 1980 1174 2005 ita
1194 1987 1253 2006 esse
1269 1978 1394 2013 conli‹lo,)
1406 1978 1531 2013 plurimis
1547 1978 1726 2012 maximisque

927 2016 1086 2043 muneribus
1094 2021 1119 2043 et
1125 2025 1172 2043 nos
1178 2017 1277 2043 amicos
1284 2021 1310 2042 et
1319 2017 1391 2042 cives
1399 2021 1458 2042 tuos
1470 2015 1610 2042 universos
1622 2020 1646 2041 et
1657 2024 1727 2041 rem-

928 2053 1064 2088 publicam
1081 2053 1190 2080 afficies.
1231 2053 1301 2080 Illud
1315 2062 1459 2089 cognosces
1476 2052 1606 2088 profecto.
1624 2052 1689 2078 milii
1703 2057 1727 2078 te

927 2099 1014 2126 neque
1025 2091 1152 2118 cariorem
1164 2099 1251 2127 neque
1263 2091 1449 2118 iucundiorem
1461 2099 1520 2117 esse
1531 2098 1706 2126 quemquam.

1152 1026 1240 1049 (Romae,
1249 1026 1283 1043 snb
1293 1026 1398 1049 interregno
1409 1028 1460 1049 701-)

980 2168 1018 2189 lv.
1038 2169 1055 2188 A
1063 2168 1114 2189 Ra.
1131 2168 1208 2189 Cir-eru
1219 2168 1338 2189 Curionem
1348 2170 1374 2188 mi
1386 2168 1458 2188 lau-liu
1469 2167 1565 2188 studium
1577 2167 1658 2187 excitat

1170 2206 1260 2227 (Hom-e.
1270 2205 1304 2222 snb
1315 2205 1368 2222 inter·
1374 2211 1419 2228 esne
1431 2206 1485 2225 701.)

1095 2249 1130 2275 M.
1146 2248 1176 2274 T.
1193 2248 1222 2274 C.
1238 2248 1266 2274 S.
1283 2249 1312 2274 D.
1326 2247 1355 2274 C.
1378 2246 1551 2274 CURIONI.

984 2291 1008 2316 t.
1031 2285 1216 2324 Epistularum
1232 2297 1329 2324 genera
1347 2289 1431 2315 multa
1450 2297 1508 2315 esse
1530 2296 1582 2314 non
1604 2287 1724 2322 ignoras:

926 2326 973 2353 sed
985 2335 1069 2353 unum
1081 2326 1149 2353 illud
1160 2327 1355 2357 certissimum,
1368 2327 1447 2352 cuius
1458 2334 1552 2352 caussa
1565 2326 1672 2351 inventa
1683 2333 1726 2351 res

927 2365 984 2399 ipsa
996 2369 1045 2395 est,
1059 2369 1088 2391 ut
1098 2365 1222 2390 certiores
1234 2363 1381 2390 faceremus
1391 2364 1524 2393 absentes,
1533 2363 1555 2389 si
1567 2362 1633 2397 quid
1644 2367 1724 2393 esset,

926 2401 998 2435 quod
1018 2410 1063 2428 eos
1083 2402 1164 2433 seire,
1191 2406 1236 2428 ant
1260 2406 1346 2428 nostra
1368 2406 1413 2428 aut
1434 2402 1553 2436 ipsorum
1575 2401 1723 2426 interesset.

927 2439 1014 2465 llnius
1033 2439 1140 2474 generis
1162 2439 1262 2465 litteras
1282 2447 1296 2465 a
1312 2447 1354 2465 mo
1370 2437 1486 2473 profecto
1501 2446 1553 2464 non
1574 2441 1724 2472 exspectas.

927 2477 1044 2503 Tuarum
1060 2477 1132 2503 enim
1148 2485 1236 2503 rerum
1248 2476 1407 2502 domesticos
1419 2475 1500 2502 habes
1511 2480 1536 2501 et
1547 2475 1689 2509 scriptores
1701 2479 1726 2501 et

928 2515 1045 2540 nuntios.
1087 2515 1114 2541 ln
1136 2515 1203 2540 meis
1224 2518 1312 2540 autem
1333 2513 1413 2540 rebus
1434 2513 1500 2540 niliil
1517 2517 1555 2539 est
1571 2521 1634 2539 sane
1650 2512 1723 2539 novi.

928 2551 1039 2587 Reliqua
1054 2556 1118 2578 sunt
1131 2550 1304 2586 epistolarum
1320 2559 1416 2587 genera
1431 2550 1498 2580 duo,
1520 2558 1589 2585 quae
1605 2558 1647 2576 me
1668 2557 1726 2575 ma-

926 2598 979 2625 gno
989 2598 1067 2624 opere
1077 2589 1218 2619 delectant,
1232 2597 1317 2616 unum
1333 2588 1462 2615 familiare
1474 2593 1499 2615 et
1510 2588 1627 2614 iocosum
1636 2607 1642 2617 .
1659 2586 1725 2613 alte-

927 2635 987 2654 rum
1006 2635 1131 2654 severum
1151 2631 1177 2654 et
1189 2635 1280 2663 grave.
1321 2626 1383 2653 Utro
1398 2635 1441 2653 me
1456 2626 1546 2653 minus
1567 2625 1658 2652 deceat
1674 2624 1723 2655 nti.
