1941 3052
270 121 645 150 TUSCULANARUM
674 120 1055 148 DISPUTATIONUM
1085 121 1166 147 LIB.
1195 121 1228 148 V.
1254 120 1346 148 CAP.
1368 122 1518 148 28—35.

76 199 219 230 sequatur;
239 194 318 220 cuius
333 192 549 228 magnitudinem
565 192 695 219 brevitate
709 191 870 223 consolatur,

78 231 301 267 longinquitatem
317 230 434 257 levitate.
475 232 516 256 89.
539 230 590 262 Qui
609 229 716 256 tandem
733 230 777 256 isti
791 238 873 265 gran-

77 269 182 304 diloqui
197 273 288 294 contra
303 267 368 294 haec
383 267 451 298 duo,
468 276 537 302 quae
553 268 671 293 maxime
683 272 798 302 angunt,
816 275 874 292 me-

78 306 132 332 lius
146 314 174 332 se
190 305 302 336 habent,
318 314 400 340 quam
416 304 569 339 Epicurus‘.>
587 313 619 331 an
635 304 668 330 ad
683 310 782 334 cetera,
805 312 873 339 quae

77 343 147 370 mala
158 347 299 378 putantur,
322 351 373 369 non
391 347 415 369 et
426 343 560 377 Epicurus
571 347 597 368 et
608 342 706 376 reliqui
719 341 874 376 philosophi

77 381 142 407 satis
158 381 243 415 parati
260 379 404 406 videntur?
422 379 489 412 Quis
502 388 552 406 non
565 384 748 414 paupertatem
760 379 875 405 extime-

78 417 146 444 scit‘?
166 418 259 452 Neque
270 422 359 444 tamen
371 417 516 452 quisquam
529 416 763 451 philosophorum.

132 492 244 518 XXXIl.
266 492 315 518 Hic
330 500 392 518 vero
408 492 466 526 ipse
482 500 563 526 quam
576 499 658 525 parvo
669 495 709 517 est
719 490 872 516 contentus!

78 530 162 556 Nemo
183 529 215 556 de
232 530 305 555 tenui
324 529 396 555 victu
411 528 489 563 plura
507 528 585 554 dixit.

78 568 209 602 pecuniae
220 566 396 601 cupiditatem
408 566 530 596 afferunt,
540 571 568 592 ut
579 566 672 595 amori,
682 570 710 591 ut
722 565 873 595 ambitioni,

78 609 109 631 ut
128 604 294 639 quotidianis
316 603 472 638 sumptibus
492 604 583 638 copiae
604 607 762 637 suppetant:
788 610 874 637 quum

78 641 170 677 procul
183 641 216 667 ab
229 641 271 667 his
281 641 410 668 omnibus
421 641 502 666 rebus
513 641 592 669 absit.
605 649 652 665 cur
662 640 805 674 pecuniam
818 647 875 664 ma-

78 688 131 714 gno
142 687 221 713 opere
233 678 375 709 desideret,
389 678 430 704 vel
443 679 531 712 potius
543 682 617 703 curet
627 676 754 703 omnino‘?
780 678 821 702 90.
834 676 874 702 An
897 680 898 687 ¹

79 716 194 752 Scythes
206 716 367 742 Anacharsis
379 716 465 750 potuit
476 723 523 750 pro
535 715 619 740 nihilo
633 715 777 749 pecuniam
793 713 875 739 duce—

79 762 120 780 re:
144 758 273 779 nostrates
288 753 443 788 philosophi
462 752 545 778 facere
565 761 616 778 non
639 751 780 786 poterunt?
800 750 875 777 Illius

78 790 190 825 epistola
203 790 286 817 fertur
297 790 339 816 his
350 790 454 816 verbis:
467 791 624 815 Anacharsis
631 790 873 814 Hannouisalutem.

78 828 144 855 Mihi
154 830 260 854 amictui
270 833 305 854 est
315 828 460 859 Scythicum
472 832 581 860 tegmen:
605 828 799 852 calciamentum
809 827 877 851 solo·—

77 874 137 891 rum
152 867 258 891 callum:
283 866 364 890 cubile
378 869 463 890 terra:
485 866 675 897 pulpamentum
692 866 786 896 sames:
803 864 875 893 lacte,

79 911 164 933 caseo,
182 911 259 928 carne
272 910 368 928 vescor.

79 942 146 965 nias.
187 940 295 965 Munera
307 941 464 968 ‹mtemista.
481 940 572 972 quibus
582 947 608 964 es
618 940 769 965 delectatus.
787 939 825 963 vel
840 940 878 963 ci—

78 978 150 1002 vibus
160 979 211 1002 tuis
221 978 260 1002 vel
271 979 320 1002 diis
331 978 517 1002 immortalibus
528 979 604 1001 dorna.
636 975 736 1002 Omnes
749 975 802 1001 fere
814 974 877 1009 phi·
899 983 901 996 1

78 1012 184 1048 losophi
199 1014 320 1040 omnium
337 1013 557 1048 disciplinarum.
576 1013 629 1039 nisi
645 1021 713 1047 quos
728 1021 741 1038 a
754 1017 823 1038 recta
835 1020 878 1038 ra-
899 1034 900 1042 ,

78 1051 149 1077 tione
161 1056 253 1077 natura
266 1051 361 1077 vitiosa
373 1051 537 1081 detorsisset,
546 1050 641 1076 eodem
656 1050 705 1076 hoc
717 1051 806 1076 animo
818 1058 877 1076 esse

78 1093 233 1123 potuerunt.

78 1126 137 1152 auri
147 1126 305 1161 argentique
319 1125 439 1156 ferretur,
449 1126 532 1157 Quam
543 1127 622 1151 multu
635 1134 684 1151 non
695 1126 823 1151 desidero!
835 1125 877 1150 in-

78 1163 147 1198 quit.
188 1163 364 1193 Xenocrates,
382 1171 467 1198 quum
485 1162 563 1198 legati
580 1162 613 1189 ab
629 1162 780 1189 Alexandro
795 1162 878 1197 quin-

77 1201 207 1236 quaginta
218 1201 241 1226 ei
254 1200 350 1227 talenta
363 1200 524 1231 attulissent,
537 1209 606 1235 quae
617 1205 672 1226 erat
684 1201 796 1234 pecunia
810 1205 878 1226 tem-

79 1238 191 1272 poribus
207 1237 275 1267 illis,
293 1238 406 1264 Athenis
422 1238 593 1272 praesertim,
612 1239 744 1264 maxima:
763 1237 878 1263 abduxit
906 1237 907 1241 ’

79 1275 180 1310 legatos
195 1275 227 1301 ad
243 1283 351 1301 caenam
370 1276 397 1302 in
412 1275 598 1303 Academiam:
623 1276 657 1301 iis
673 1276 799 1310 apposnit
819 1280 878 1300 tan-

79 1317 146 1343 tum,
160 1313 231 1347 quod
244 1313 308 1338 satis
320 1317 398 1343 esset,
413 1313 487 1339 nullo
498 1318 637 1347 apparatu.
678 1314 766 1345 Quum
780 1312 878 1347 postri-

79 1349 123 1375 die
138 1355 261 1385 rogarent
275 1359 351 1380 eum,
369 1351 413 1376 cui
430 1351 566 1376 numerari
582 1350 701 1376 iuberet:
729 1350 815 1382 Quid?
834 1358 878 1375 ros

79 1388 208 1418 hesterna,
227 1388 328 1422 inquit,
348 1390 454 1413 cnennln
466 1397 513 1413 non
527 1390 701 1417 intel!e.ris11's,
718 1396 756 1413 me
767 1389 877 1420 pecunia

79 1433 129 1450 non
140 1424 231 1458 eya-re?
250 1424 322 1456 Quos
334 1434 419 1459 quum
431 1425 562 1451 tristiores
575 1425 701 1455 vidisset,
721 1433 778 1450 xxx
790 1425 877 1450 minas

79 1462 190 1496 accepit,
200 1463 376 1496 neaspernari
388 1463 459 1497 regis
473 1462 660 1488 liberalitatem
672 1462 818 1488 videretur.
834 1463 876 1487 92.

80 1500 112 1525 At
125 1507 186 1524 vero
198 1500 329 1534 Diogenes
342 1499 468 1530 liberius,
487 1504 516 1526 ut
527 1500 658 1535 Cynicus,
673 1499 824 1526 Alexandro
836 1508 878 1525 ro-

79 1537 162 1571 ganti,
172 1541 200 1562 ut
212 1536 320 1567 diceret,
330 1537 352 1562 si
364 1536 431 1572 quid
442 1545 511 1571 opus
521 1542 600 1567 esset,
611 1538 684 1563 Νιιιιο
691 1540 791 1570 quidem
801 1538 878 1570 panl-

81 1575 169 1603 lulum,
183 1574 280 1608 inquit,
293 1583 308 1599 u
320 1576 385 1600 sole:
398 1574 522 1600 offecerat
536 1574 662 1600 videlicet
674 1575 814 1609 apricanti.
847 1574 878 1600 Et

81 1610 123 1636 hic
136 1611 245 1645 quidem
257 1610 396 1646 disputare
408 1611 518 1642 solebat,
527 1617 627 1646 quanto
639 1620 728 1647 regem
737 1613 877 1638 Persarum

80 1649 133 1674 vita
147 1648 305 1683 fortunaque
316 1654 467 1683 superaret:
489 1649 543 1675 sibi
556 1649 623 1675 nihil
635 1649 743 1675 deesse:
759 1649 798 1675 illi
810 1648 877 1675 nihil

79 1686 144 1712 satis
155 1694 284 1721 umquam
299 1685 366 1712 fore:
382 1695 411 1712 se
422 1687 481 1712 eius
494 1686 643 1721 voluptates
655 1686 876 1717 nondesiderare,

79 1722 181 1757 quibus
193 1732 341 1758 numquam
353 1724 444 1750 satiari
458 1723 502 1749 ille
519 1729 621 1758 posset;
635 1733 698 1750 suas
710 1733 772 1750 eum
784 1732 879 1750 conse-

79 1761 126 1794 qui
144 1759 219 1786 nullo
234 1760 313 1787 modo
328 1769 417 1795 posse.
458 1761 582 1788 XXXIII.
605 1764 646 1788 93.
669 1762 764 1792 Vides,
787 1761 876 1792 credo,

80 1802 109 1823 ιιι
120 1797 253 1832 Epicurus
264 1798 443 1832 cupiditatum
457 1807 554 1834 genera
570 1799 708 1830 diviserit,
727 1808 778 1825 non
797 1799 878 1825 nimis

81 1834 191 1861 fortasse
201 1835 346 1866 subtiliter,
361 1836 463 1862 utiliter
475 1841 576 1862 tamen:
591 1838 686 1871 partim
699 1845 758 1863 esse
771 1842 879 1863 natura-

82 1871 119 1897 les
139 1876 166 1898 et
181 1873 359 1903 necessarias,
382 1874 477 1907 partim
495 1874 629 1900 naturales
645 1880 670 1900 et
686 1883 736 1900 non
755 1883 879 1900 necessa-

81 1909 148 1939 rias,
161 1910 258 1943 partim
271 1915 410 1936 neutrum:
425 1912 590 1937 necessarias
601 1912 692 1938 satiari
705 1920 782 1946 posse
795 1920 878 1946 paene

82 1945 180 1975 nihilo:
204 1946 314 1972 divitias
326 1947 397 1973 enim
410 1952 519 1974 naturae
535 1956 593 1974 esse
610 1949 757 1983 parabiles:
780 1958 879 1975 sccun-

80 1982 146 2009 dum
158 1988 247 2009 autem
262 1992 348 2019 genus
359 1984 539 2018 cupiditatum
552 1994 600 2011 nec
612 1986 644 2011 ad
656 1986 813 2020 potiendum
825 1986 879 2012 ‹lif-

81 2020 151 2046 ficile
161 2029 220 2046 esse
231 2026 330 2051 censet,
345 2030 393 2047 nec
405 2030 468 2047 vero
479 2022 511 2048 ad
523 2023 683 2049 carendum:
698 2025 797 2054 tertias.
806 2023 878 2058 quod

80 2062 171 2084 essent
181 2057 259 2092 plane
271 2059 373 2089 inanes,
388 2067 475 2093 neque
488 2060 672 2086 necessitatem
686 2061 773 2089 modo,
786 2061 834 2086 sed
847 2070 879 2086 ne

80 2100 202 2121 naturam
214 2095 326 2130 quidem
338 2097 510 2131 attingerent,
530 2096 652 2123 funditus
667 2098 813 2123 eiiciendas
829 2106 879 2132 pu-
908 2101 909 2110 ¹

81 2133 156 2159 tavit.
197 2134 238 2159 94.
262 2133 314 2159 Hoc
332 2132 388 2159 loco
402 2133 485 2160 multa
497 2134 530 2160 ab
542 2135 684 2169 Epicureis
695 2135 876 2170 disputantur,

80 2177 181 2204 eaeque
197 2169 347 2204 voluptates
362 2170 522 2206 singillatim
543 2177 735 2198 extenuantur:
763 2181 878 2207 quarum

79 2215 178 2242 genera
200 2216 250 2233 non
276 2212 464 2238 contemnunt.
491 2214 626 2243 quaerunt
651 2215 737 2236 tamen
761 2211 877 2244 copiam.

80 2244 147 2270 Nam
159 2249 185 2270 et
195 2244 326 2271 obscenas
339 2244 502 2280 voluptates,
520 2246 553 2272 de
569 2247 671 2281 quihus
683 2246 812 2273 multaab
825 2247 878 2273 illis

81 2281 196 2308 habetur
206 2283 298 2312 oratio,
314 2282 414 2313 faciles,
427 2291 595 2314 communes,
606 2285 631 2310 in
643 2284 732 2310 medio
743 2285 808 2311 sitas
819 2293 878 2310 esse

80 2318 187 2345 dicunt:
201 2327 301 2354 easque
313 2320 335 2345 si
348 2325 440 2346 natura
454 2321 580 2355 requirat,
594 2330 645 2347 non
657 2330 754 2357 genere
765 2327 811 2348 ant
824 2322 879 2347 loco

81 2360 127 2382 aut
141 2355 248 2387 ordine,
266 2357 313 2382 sed
331 2356 428 2387 forma,
445 2362 542 2387 aetate.
562 2358 646 2393 ligura
663 2359 811 2386 in'etiendas
827 2368 879 2394 pn-

81 2397 149 2420 tant:
166 2393 199 2419 ab
211 2394 299 2428 iisqne
314 2394 448 2420 abstinere
460 2395 572 2421 minime
584 2404 642 2421 esse
654 2395 778 2426 difficile,
796 2397 818 2422 si
833 2401 879 2422 aut

81 2430 206 2457 valetudo
220 2436 265 2457 aut
280 2431 399 2458 officium
415 2437 460 2458 aut
477 2431 545 2458 tunna
561 2432 690 2466 postulet:
713 2434 878 2468 omninoque

80 2476 167 2503 genus
186 2468 236 2494 hoc
256 2468 425 2504 voluptatum
446 2469 564 2503 optabile
585 2478 657 2500 esse,
679 2471 702 2496 si
723 2480 774 2496 non
791 2471 875 2502 obsit,

80 2504 208 2539 prodesse
220 2514 379 2540 numquam.
410 2508 451 2532 95.
475 2507 624 2541 Totumque
638 2507 686 2532 hoe
697 2507 730 2533 de
743 2507 878 2542 voluptate

80 2542 120 2568 sic
132 2541 176 2567 ille
189 2543 327 2578 praecipit,
340 2549 369 2570 ut
380 2543 543 2578 voluptatem
558 2544 642 2578 ipsam
656 2553 702 2578 per
713 2553 751 2574 se,
760 2545 823 2579 quia
832 2554 879 2571 vo-

81 2578 170 2614 luptas
185 2580 232 2610 sit,
255 2589 362 2615 semper
377 2581 520 2615 optandam
538 2581 770 2616 expetendunupie
787 2587 875 2616 putet:

81 2616 229 2651 eademque
241 2618 341 2644 ratione
353 2618 470 2644 dolorem
481 2618 515 2644 ob
528 2618 554 2643 id
567 2619 666 2652 ipsum,
675 2620 738 2653 quin
746 2619 821 2645 dolor
832 2620 875 2650 sit,

80 2662 188 2689 semper
198 2663 257 2680 esse
269 2654 443 2691 fugiendum:
462 2656 552 2690 itaque
565 2655 613 2681 hae
625 2665 737 2682 usurum
749 2665 877 2691 compen-

627 529 732 554 Etenim
749 536 817 562 quae
833 536 875 553 res
896 540 897 573 ἢ

412 902 498 933 Quare
508 906 535 927 ut
545 904 580 927 ad
590 903 702 934 quietum
716 910 753 926 me
767 902 824 925 licet
835 909 878 925 ve-
899 924 900 928 ,

273 1089 315 1114 94.
337 1088 467 1118 Socrates,
481 1088 508 1114 in
520 1096 617 1123 pompa
629 1096 714 1122 quum
727 1096 823 1123 magna
835 1087 877 1112 vis
899 1090 901 1101 ³

1652 123 1716 148 ⁴095

924 192 1025 218 satione
1036 192 1195 226 sapientem,
1204 191 1403 226 utvoluptatem
1414 191 1507 228 fugiat,
1516 193 1540 219 si
1551 201 1581 219 ea
1591 193 1719 219 maiorem

924 228 1043 255 dolorem
1055 229 1178 255 effectura
1191 230 1239 259 sit.
1257 234 1282 255 et
1297 229 1415 256 dolorem
1431 230 1574 265 suscipiat,
1592 231 1720 256 maiorem

924 266 1086 292 efficientem
1104 266 1282 301 voluptatem:
1305 268 1450 302 omniaque
1468 267 1600 297 iucunda,
1623 276 1721 302 quam-

924 312 1006 338 quam
1022 312 1103 330 sensu
1119 304 1238 338 corporis
1255 304 1420 335 iudicentur,
1444 304 1477 330 ad
1491 306 1612 331 animum
1628 305 1721 331 referri

925 346 1027 373 tamem
1060 342 1102 367 96.
1124 342 1248 376 quocirca
1265 350 1362 376 corpus
1375 341 1492 377 gaudere
1507 347 1559 368 tam
1576 342 1638 373 diu,
1655 342 1721 368 dum

926 383 1093 413 praesentem
1109 379 1206 405 sentiat
1222 378 1399 413 voluptatem,
1418 380 1539 405 animum
1555 385 1581 406 et
1596 388 1723 414 praesen-

926 420 979 442 tem
991 416 1127 450 percipere
1142 417 1241 450 pariter
1251 425 1312 442 eum
1324 424 1432 451 corpore
1441 437 1446 447 ,
1467 422 1491 443 et
1507 417 1660 451 prospicere
1675 425 1723 443 ve-

903 480 905 482 ,
926 453 1053 483 nientem,
1063 461 1111 478 nec
1122 453 1291 487 praeteritam
1303 453 1489 488 praeterfluere
1500 455 1597 480 sinere.
1613 455 1649 480 lta
1661 463 1723 488 per-

896 483 904 532 l,
926 495 1020 524 petuas
1031 495 1057 516 et
1068 496 1204 516 contextas
1215 490 1365 525 voluptates
1378 492 1404 517 in
1417 492 1536 526 sapiente
1544 491 1598 517 fore
1605 500 1720 526 semper,

903 524 905 529 ‘
926 536 1012 562 quum
1034 529 1197 561 exspectatio
1217 533 1383 562 speratarum
1399 528 1567 563 voluptatum
1584 534 1725 563 percepta-

897 570 905 601 μ
927 573 986 590 rum
1006 566 1134 591 memoria
1152 566 1318 600 iungeretur.
1358 566 1444 600 Atque
1461 566 1504 592 his
1519 566 1619 592 similia
1636 566 1668 592 ad
1680 567 1723 592 vi-

896 614 905 627 r.
926 607 999 628 ctum
1020 603 1100 628 etiam
1121 602 1327 633 transferuntur,
1352 608 1585 638 extenuanturque
1598 603 1723 639 magnifi-

897 626 905 675 l,
928 640 1014 665 centia
1026 644 1051 665 et
1062 645 1187 674 sumptus
1199 640 1351 674 epularum,
1365 640 1437 674 quod
1448 649 1530 675 parvo
1544 641 1617 667 cultu
1631 645 1724 667 natura

897 693 898 711 ι
927 682 1049 703 contenta
1060 678 1105 703 sit.
1146 677 1271 703 XXXIV.
1293 678 1335 703 97.
1358 678 1463 704 Etenim
1477 679 1540 712 quis
1557 678 1606 704 hoc
1618 687 1669 704 non
1682 678 1724 704 vi-

897 712 906 747 {1
927 713 984 744 det,
1007 714 1151 740 desideriis
1167 715 1216 740 ista
1232 714 1336 740 condiri
1355 714 1462 741 omnia‘?
1482 716 1577 741 Darius
1598 716 1625 741 in
1647 715 1720 750 fuga,

897 748 906 781 ll
927 760 1012 785 quum
1024 760 1120 785 aquam
1134 751 1269 777 turbidam
1281 757 1306 777 et
1317 752 1670 787 cadaveribusinquinatam
1682 752 1725 778 bi-

898 788 906 809 l*
928 788 1021 819 bisset,
1035 789 1143 823 negavit
1154 798 1283 823 umquam
1296 798 1324 814 se
1337 789 1438 815 bibisse
1452 790 1607 816 iucundius.
1639 791 1725 815 Num-

928 834 1009 860 quam
1029 826 1156 851 videlicet
1171 827 1266 852 sitiens
1282 826 1396 852 biberat.
1437 828 1491 852 Nec
1501 828 1623 853 esuriens
1639 826 1725 852 Ptole-

928 872 1021 888 maeus
1032 863 1134 889 ederat:
1148 864 1192 888 cui
1204 872 1289 898 quum
1300 865 1451 899 peragranti
1463 865 1624 899 Aegyptum,
1641 864 1725 889 eomi-

928 900 1001 926 tibus
1013 909 1065 926 non
1079 901 1244 931 consecutis,
1261 901 1380 927 cibarius
1392 902 1419 927 in
1430 910 1488 927 casa
1506 902 1582 935 panis
1593 901 1672 927 datus
1683 909 1726 926 es-

928 942 980 968 set,
1000 937 1067 963 nihil
1085 938 1175 963 visum
1190 943 1231 964 est
1246 938 1292 964 illo
1308 947 1376 972 pane
1392 938 1549 964 iucundius.
1591 939 1726 965 Socratem

929 975 1031 1006 ferunt,
1044 983 1129 1009 quum
1141 984 1228 1010 usque
1241 975 1273 1001 ad
1286 984 1428 1010 vesperum
1441 977 1591 1002 contentius
1603 975 1726 1002 ambula-

929 1018 981 1042 ret,
997 1013 1206 1048 quaesitumque
1221 1018 1291 1039 esset
1306 1022 1339 1039 ex
1355 1022 1399 1044 eo,
1417 1022 1499 1048 quare
1517 1013 1543 1039 id
1557 1013 1666 1044 faceret,
1685 1022 1727 1039 re-

899 1074 900 1084 ,
928 1050 1085 1084 spondisse,
1102 1059 1144 1080 se,
1162 1059 1215 1085 quo
1226 1050 1324 1076 melius
1335 1056 1470 1081 caenaret,
1488 1059 1618 1085 opsonare
1630 1050 1727 1077 ambu-

930 1087 1008 1113 lando
1020 1087 1128 1114 famem.
1169 1089 1211 1114 98.
1233 1087 1322 1119 Quid‘?
1337 1089 1438 1114 victum
1455 1088 1726 1114 Lacedaemoniorum

929 1126 955 1151 in
969 1125 1084 1160 philitiis
1102 1133 1188 1151 nonne
1204 1125 1348 1152 videmus?
1362 1126 1413 1152 Ubi
1428 1135 1513 1161 quum
1525 1131 1655 1161 tyrannus
1667 1134 1727 1151 cae-

929 1164 1048 1188 navisset
1063 1163 1221 1198 Dionysius,
1238 1163 1346 1198 negavit
1361 1172 1389 1189 se
1406 1164 1462 1189 iure
1479 1163 1525 1189 illo
1542 1164 1631 1198 nigro.
1654 1162 1727 1198 quod

906 1215 907 1228 ι
929 1208 1026 1226 caenae
1038 1204 1197 1234 caputerat.
1214 1200 1385 1227 delectatum.
1426 1202 1493 1227 Tum
1507 1202 1542 1231 is,
1561 1202 1608 1236 qui
1627 1200 1670 1226 illa
1682 1209 1727 1226 co—

929 1242 1016 1264 xerat:
1038 1238 1150 1263 minime
1165 1238 1278 1268 mirum,
1299 1238 1468 1264 condimenta
1484 1239 1556 1264 enim
1571 1238 1725 1264 defuerunt.

899 1299 900 1304 ,
928 1275 1002 1307 Quae
1019 1274 1139 1306 tandem,
1163 1276 1251 1310 inquit
1269 1275 1330 1301 ille‘?
1350 1276 1436 1302 Labor
1451 1276 1478 1302 in
1499 1280 1611 1305 venatu,
1633 1275 1724 1305 sudor.

906 1319 907 1322 ’
929 1321 1026 1338 cursus
1038 1312 1069 1338 ad
1083 1313 1218 1343 Eurotam,
1233 1312 1326 1343 fames,
1341 1314 1410 1340 sitis.
1442 1313 1489 1339 llis
1500 1314 1571 1339 enim
1584 1313 1664 1339 rebus
1677 1313 1727 1338 La-

899 1351 907 1376 i}
929 1350 1163 1376 cedaemoniorum
1174 1350 1269 1384 epulae
1281 1350 1458 1377 condiuntur:
1478 1356 1558 1385 atque
1570 1350 1618 1376 hoc
1630 1359 1681 1376 non
1694 1358 1727 1376 ex

930 1388 1071 1413 hominum
1088 1396 1160 1413 more
1176 1387 1278 1419 solum,
1301 1387 1347 1413 sed
1364 1388 1444 1414 etiam
1460 1397 1493 1414 ex
1505 1388 1599 1414 bestiis
1612 1386 1728 1422 intelligi

929 1430 1028 1460 potest,
1041 1433 1124 1459 quac.
1139 1429 1167 1451 ut
1178 1425 1313 1460 quidquid
1326 1425 1460 1452 obiectum
1473 1430 1526 1456 est,
1539 1425 1611 1460 quod
1625 1424 1702 1450 niodo
1713 1433 1726 1450 a

930 1467 1023 1489 natura
1034 1470 1086 1488 non
1098 1463 1133 1488 sit
1144 1462 1272 1493 alienum,
1281 1471 1311 1489 eo
1318 1468 1513 1489 contentacnon
1526 1467 1658 1497 quaerunt
1669 1470 1728 1487 am-

929 1500 1012 1535 plius.
1053 1500 1096 1525 99.
1118 1499 1246 1526 Civitates
1261 1500 1394 1535 quaedam
1411 1501 1568 1530 universae,
1593 1508 1664 1525 more
1679 1499 1728 1525 do-

929 1543 999 1567 ctae,
1022 1537 1186 1571 parsimonia
1205 1537 1385 1569 delectantur,
1408 1543 1437 1564 ut
1457 1537 1489 1564 de
1509 1537 1728 1564 Lacedaemoniis

929 1575 1020 1610 paullo
1031 1579 1091 1600 ante
1102 1574 1234 1601 diximus.
1274 1576 1413 1601 Persarum
1426 1584 1439 1601 a
1451 1575 1628 1610 Xenophonte
1640 1575 1728 1600 victus

929 1613 1087 1647 exponitur:
1101 1621 1170 1647 quos
1182 1617 1261 1648 negat
1272 1612 1304 1638 ad
1317 1620 1412 1647 panem
1425 1612 1553 1639 adhibere
1565 1611 1725 1647 quidquam,

930 1655 1034 1685 praeter
1048 1651 1220 1676 nasturtium.
1261 1650 1444 1685 Quamquam.
1461 1651 1484 1676 si
1500 1650 1633 1685 quaedam
1647 1649 1727 1675 etiam

900 1694 908 1713 *z
930 1689 1053 1714 suaviora
1067 1692 1159 1713 natura
1171 1687 1318 1719 desideret:
1336 1697 1418 1723 qnam
1432 1687 1515 1714 multa
1526 1696 1559 1714 ex
1571 1693 1638 1713 terra
1650 1686 1729 1712 arbo-

907 1741 908 1750 ι
930 1725 1061 1759 rihusque
1071 1726 1230 1760 gignuntur,
1244 1734 1329 1760 quum
1341 1726 1417 1760 copia
1431 1725 1512 1754 facili,
1528 1730 1585 1751 tum
1595 1725 1728 1751 suavitate

907 1756 908 1797 l
930 1763 1104 1797 praestantia!
1128 1762 1202 1789 Adde
1214 1763 1376 1793 siceitatem,
1393 1771 1462 1798 quae
1473 1763 1648 1797 consequitur
1659 1761 1729 1787 hanc

907 1816 908 1830 ι
929 1801 1121 1826 continentiam
1134 1801 1160 1826 in
1174 1801 1261 1831 victu,
1279 1800 1348 1826 adde
1360 1801 1538 1836 integritatem
1553 1799 1726 1826 valetudinis.

907 1831 909 1852 l
932 1839 987 1863 l00.
1010 1837 1106 1864 Confer
1117 1837 1254 1869 sudantes,
1269 1842 1412 1868 ructantes,
1427 1837 1537 1863 refertos
1549 1837 1646 1871 epulis,
1661 1841 1729 1862 tani-

930 1884 1011 1910 quam
1023 1876 1128 1909 opimos
1140 1875 1236 1901 boves:
1261 1880 1316 1902 tum
1335 1875 1482 1910 intelliges,
1500 1876 1547 1910 qui
1565 1874 1727 1908 voluptatem

931 1913 1048 1939 maxime
1061 1918 1218 1947 sequantur.
1232 1921 1277 1939 eos
1293 1913 1404 1939 minime
1415 1913 1559 1947 consequi:
1575 1911 1728 1937 iucundita-

931 1956 1038 1985 temque
1060 1951 1148 1976 victus
1168 1958 1227 1976 esse
1249 1951 1276 1976 in
1298 1950 1446 1980 desiderio,
1474 1959 1525 1975 non
1549 1950 1574 1975 in
1596 1950 1727 1975 satietate.

931 1987 1043 2014 XXXV.
1059 1987 1240 2017 Timotheum,
1249 1987 1351 2013 clarum
1360 1987 1729 2020 hominemAthenisotprin-

908 2053 909 2059 ¹
930 2025 1018 2060 cipem
1033 2025 1150 2051 civitatis
1166 2025 1267 2055 ferunt,
1283 2034 1368 2059 quum
1380 2026 1547 2051 caenavisset
1559 2024 1630 2059 apud
1642 2023 1729 2050 Plato-

931 2071 1006 2093 nem,
1029 2071 1114 2096 eoque
1129 2063 1256 2088 convivio
1270 2062 1415 2089 admodum
1428 2062 1575 2088 delectatus
1586 2066 1669 2088 esset.
1688 2061 1728 2086 vi-

930 2099 1069 2134 dissetque
1084 2108 1146 2125 eum
1163 2099 1306 2133 postridie,
1331 2099 1448 2126 dixisse:
1471 2100 1596 2125 ”Vestrae
1616 2097 1727 2133 quidem

930 2145 1026 2162 eueiuie
1040 2145 1091 2162 non
1103 2136 1190 2162 solum
1205 2137 1230 2162 in
1243 2137 1402 2170 praesentia,
1418 2136 1465 2162 sed
1477 2137 1556 2162 etiam
1570 2141 1673 2170 postero
1684 2134 1728 2160 die

932 2173 1065 2199 iucundae
1077 2179 1148 2199 sunt.
1157 2186 1167 2197 ιι
1207 2173 1291 2205 Quid,
1308 2173 1380 2208 quod
1393 2182 1425 2200 ne
1438 2179 1525 2199 mento
1537 2173 1646 2208 quidem
1660 2176 1728 2197 recto

932 2211 968 2236 uti
987 2219 1145 2245 possumus,
1170 2210 1254 2236 multo
1268 2210 1329 2236 cibo
1348 2216 1371 2236 et
1391 2211 1496 2244 potione
1515 2209 1659 2244 completi?
1683 2209 1729 2234 Est

932 2248 1064 2282 praeclara
1081 2247 1193 2282 epistola
1210 2247 1327 2273 Platonis
1342 2247 1373 2273 ad
1391 2248 1482 2273 lliimis
1498 2249 1676 2282 propinquos,
1701 2247 1727 2272 in

930 2294 982 2320 qua
996 2285 1126 2319 scriptum
1138 2289 1177 2310 est
1190 2284 1232 2310 his
1245 2284 1298 2310 fere
1311 2284 1415 2310 verbis:
1437 2286 1493 2316 Quo
1503 2294 1579 2317 quun·
1596 2286 1726 2313 venissem,

931 2326 983 2348 vilei
1000 2324 1045 2347 illu
1063 2325 1148 2349 beuta.
1164 2331 1229 2354 qum·
1240 2323 1381 2354 serebatur,
1396 2323 1472 2354 plena
1485 2322 1634 2347 Initii-urum
1647 2322 1728 2353 Syru-

907 2366 909 2386 i
931 2362 1110 2392 cristarumque
1122 2368 1274 2387 mensurum.
1291 2361 1360 2384 nullo
1371 2361 1443 2384 modo
1453 2360 1514 2383 milti
1523 2360 1635 2391 placuit:
1652 2359 1689 2383 tn‘s
1702 2360 1728 2383 ιίι

908 2413 909 2428 ι
930 2399 970 2423 tlic-
980 2402 1096 2422 salurum
1108 2398 1224 2429 si‹‘1·i,m¹c
1237 2405 1354 2429 ninqmnn
1366 2400 1516 2428 pernoctat-r
1525 2397 1617 2422 solum,⁴
1631 2399 1727 2420 celera-

906 2434 909 2462 ζ
930 2443 985 2467 quw.
999 2443 1062 2467 qnae
1075 2437 1230 2459 couniuntur
1240 2435 1298 2459 hnic
1310 2437 1387 2460 ritae,
1401 2436 1425 2458 in
1436 2442 1487 2465 quo
1497 2435 1599 2465 ,carpitus
1610 2441 1680 2457 tucino
1690 2434 1718 2465 rs·

907 2466 909 2507 ἐ
929 2474 1030 2504 sicil-lut·
1051 2479 1182 2504 utinquam.
1204 2473 1349 2496 intuleratus
1369 2479 1428 2495 vero
1444 2471 1521 2495 'titillo
1536 2473 1625 2494 mnms.
1669 2471 1724 2495 lOi.

907 2521 909 2532 ι
932 2510 1002 2539 Quae
1023 2511 1087 2533 enlm
1109 2512 1203 2533 nalum
1223 2512 1274 2533 lom
1296 2509 1449 2533 mirabiliter
1469 2509 1605 2539 tempe-rori
1628 2506 1727 2539 potest?

907 2539 909 2576 ‚³
929 2546 988 2577 Quo
1000 2545 1078 2571 modo
1089 2545 1171 2580 igitur
1183 2544 1299 2570 incunda
1314 2546 1365 2570 vita
1379 2549 1463 2578 potest
1475 2552 1534 2569 esse
1543 2565 1548 2572 .
1565 2553 1578 2569 ιι
1590 2552 1643 2578 qua
1655 2543 1726 2569 absit

906 2578 909 2618 l
931 2582 1082 2617 prudentia.
1096 2583 1165 2608 absit
1178 2581 1341 2608 moderatio?
1353 2582 1390 2607 iix
1402 2590 1456 2616 qno
1466 2581 1726 2616 Sar1lana1nili.‹›pu-

931 2619 1074 2646 lentissimi
1090 2620 1182 2654 Syriae
1199 2620 1283 2654 regis.
1300 2628 1372 2645 error
1387 2619 1554 2654 agnoscitur,
1577 2619 1624 2654 qui
1642 2617 1724 2644 incidi

931 2657 1011 2684 iussit
1023 2657 1048 2683 in
1061 2656 1152 2683 busto:
