<?xml version="1.0" encoding="UTF-8"?>
<!DOCTYPE html PUBLIC "-//W3C//DTD XHTML 1.0 Transitional//EN"
    "http://www.w3.org/TR/xhtml1/DTD/xhtml1-transitional.dtd">
<html xmlns="http://www.w3.org/1999/xhtml" xml:lang="en" lang="en">
 <head>
  <title>
</title>
<meta http-equiv="Content-Type" content="text/html;charset=utf-8" />
  <meta name='ocr-system' content='tesseract 3.04.00' />
  <meta name='ocr-capabilities' content='ocr_page ocr_carea ocr_par ocr_line ocrx_word'/>
</head>
<body>
  <div class='ocr_page' id='page_1' title='image "./operaomniaunovol00ciceuoft_1280.png"; bbox 0 0 1941 3052; ppageno 0'>
   <div class='ocr_carea' id='block_1_1' title="bbox 266 128 327 153">
    <p class='ocr_par' dir='ltr' id='par_1_1' title="bbox 266 128 327 153">
     <span class='ocr_line' id='line_1_1' title="bbox 266 128 327 153; baseline -0.016 0"><span class='ocrx_word' id='word_1_1' title='bbox 266 129 274 153; x_wconf 76' lang='lat' dir='ltr'>i</span> <span class='ocrx_word' id='word_1_2' title='bbox 284 128 327 153; x_wconf 70' lang='lat'>3:55</span> 
     </span>
    </p>
   </div>
   <div class='ocr_carea' id='block_1_2' title="bbox 259 188 1054 934">
    <p class='ocr_par' dir='ltr' id='par_1_2' title="bbox 259 188 1054 934">
     <span class='ocr_line' id='line_1_2' title="bbox 259 188 1052 231; baseline -0.015 -8"><span class='ocrx_word' id='word_1_3' title='bbox 259 207 335 231; x_wconf 75' lang='lat' dir='ltr'>pare,</span> <span class='ocrx_word' id='word_1_4' title='bbox 357 199 379 221; x_wconf 75' lang='lat' dir='ltr'>ai</span> <span class='ocrx_word' id='word_1_5' title='bbox 398 200 510 228; x_wconf 74' lang='lat' dir='ltr'>pmriam</span> <span class='ocrx_word' id='word_1_6' title='bbox 534 194 640 225; x_wconf 66' lang='lat' dir='ltr'>prode-rc</span> <span class='ocrx_word' id='word_1_7' title='bbox 660 191 793 216; x_wconf 73' lang='lat' dir='ltr'><em>conabitur</em></span> <span class='ocrx_word' id='word_1_8' title='bbox 814 188 908 222; x_wconf 66' lang='lat' dir='ltr'>miter?</span> <span class='ocrx_word' id='word_1_9' title='bbox 938 190 1052 214; x_wconf 66' lang='lat' dir='ltr'>nitebam-</span> 
     </span>
     <span class='ocr_line' id='line_1_3' title="bbox 261 226 1052 268; baseline -0.01 -10"><span class='ocrx_word' id='word_1_10' title='bbox 261 233 349 268; x_wconf 62' lang='lat' dir='ltr'>lt&#39;li‘ua?</span> <span class='ocrx_word' id='word_1_11' title='bbox 375 234 452 258; x_wconf 79' lang='lat' dir='ltr'>laima</span> <span class='ocrx_word' id='word_1_12' title='bbox 470 239 527 256; x_wconf 77' lang='lat' dir='ltr'>rrra</span> <span class='ocrx_word' id='word_1_13' title='bbox 542 230 680 255; x_wconf 70' lang='lat' dir='ltr'>obsecrabit</span> <span class='ocrx_word' id='word_1_14' title='bbox 692 232 804 260; x_wconf 60' lang='lat' dir='ltr'>ymeri-m,</span> <span class='ocrx_word' id='word_1_15' title='bbox 817 236 846 251; x_wconf 85' lang='lat' dir='ltr'>ne</span> <span class='ocrx_word' id='word_1_16' title='bbox 857 229 882 252; x_wconf 75' lang='lat' dir='ltr'>id</span> <span class='ocrx_word' id='word_1_17' title='bbox 895 228 983 259; x_wconf 72' lang='lat' dir='ltr'>saciat.</span> <span class='ocrx_word' id='word_1_18' title='bbox 1022 226 1052 250; x_wconf 77' lang='lat' dir='ltr'>St</span> 
     </span>
     <span class='ocr_line' id='line_1_4' title="bbox 262 264 1052 303; baseline -0.014 -6"><span class='ocrx_word' id='word_1_19' title='bbox 262 272 467 303; x_wconf 67' lang='lat' dir='ltr'>nihilprnsim1‚</span> <span class='ocrx_word' id='word_1_20' title='bbox 495 268 638 292; x_wconf 67' lang='lat' dir='ltr'>acciuntur:</span> <span class='ocrx_word' id='word_1_21' title='bbox 672 266 810 289; x_wconf 77' lang='lat' dir='ltr'>mirmbilur</span> <span class='ocrx_word' id='word_1_22' title='bbox 833 266 922 288; x_wconf 77' lang='lat' dir='ltr'>etiarn:</span> <span class='ocrx_word' id='word_1_23' title='bbox 953 264 988 287; x_wconf 79' lang='lat' dir='ltr'>ad</span> <span class='ocrx_word' id='word_1_24' title='bbox 1005 270 1052 287; x_wconf 74' lang='lat' dir='ltr'>ex·</span> 
     </span>
     <span class='ocr_line' id='line_1_5' title="bbox 263 301 1052 336; baseline -0.014 -2"><span class='ocrx_word' id='word_1_25' title='bbox 263 314 368 335; x_wconf 70' lang='lat' dir='ltr'>tre-mum</span> <span class='ocrx_word' id='word_1_26' title='bbox 386 310 407 331; x_wconf 76' lang='lat' dir='ltr'>ai</span> <span class='ocrx_word' id='word_1_27' title='bbox 425 308 458 330; x_wconf 84' lang='lat' dir='ltr'>ml</span> <span class='ocrx_word' id='word_1_28' title='bbox 475 306 611 336; x_wconf 68' lang='lat' dir='ltr'>pt&#39;rrit&#39;cttvn</span> <span class='ocrx_word' id='word_1_29' title='bbox 625 305 727 335; x_wconf 74' lang='lat' dir='ltr'>patriae</span> <span class='ocrx_word' id='word_1_30' title='bbox 746 310 785 326; x_wconf 74' lang='lat' dir='ltr'>rea</span> <span class='ocrx_word' id='word_1_31' title='bbox 798 301 932 333; x_wconf 67' lang='lat' dir='ltr'>spectabit,</span> <span class='ocrx_word' id='word_1_32' title='bbox 951 301 1052 332; x_wconf 72' lang='lat' dir='ltr'>patriae</span> 
     </span>
     <span class='ocr_line' id='line_1_6' title="bbox 262 336 1050 374; baseline -0.011 -4"><span class='ocrx_word' id='word_1_33' title='bbox 262 347 368 371; x_wconf 70' lang='lat' dir='ltr'>salah-in</span> <span class='ocrx_word' id='word_1_34' title='bbox 388 346 519 374; x_wconf 71' lang='lat' dir='ltr'>aim-pom!</span> <span class='ocrx_word' id='word_1_35' title='bbox 542 342 620 365; x_wconf 79' lang='lat' dir='ltr'>aaluli&#39;</span> <span class='ocrx_word' id='word_1_36' title='bbox 638 341 730 372; x_wconf 73' lang='lat' dir='ltr'>patris.</span> <span class='ocrx_word' id='word_1_37' title='bbox 769 338 810 363; x_wconf 68' lang='lat'>⁹⁴.</span> <span class='ocrx_word' id='word_1_38' title='bbox 833 337 941 369; x_wconf 76' lang='lat' dir='ltr'>Quaerit</span> <span class='ocrx_word' id='word_1_39' title='bbox 960 336 1050 365; x_wconf 86' lang='lat' dir='ltr'>etiam,</span> 
     </span>
     <span class='ocr_line' id='line_1_7' title="bbox 262 376 1053 413; baseline -0.01 -7"><span class='ocrx_word' id='word_1_40' title='bbox 262 385 286 408; x_wconf 67' lang='lat' dir='ltr'>st</span> <span class='ocrx_word' id='word_1_41' title='bbox 301 384 400 413; x_wconf 59' lang='lat' dir='ltr'>salariis</span> <span class='ocrx_word' id='word_1_42' title='bbox 417 380 574 404; x_wconf 71' lang='lat' dir='ltr'>adulti-rinos</span> <span class='ocrx_word' id='word_1_43' title='bbox 590 384 702 401; x_wconf 68' lang='lat' dir='ltr'>nummos</span> <span class='ocrx_word' id='word_1_44' title='bbox 712 377 837 407; x_wconf 76' lang='lat' dir='ltr'>acceperit</span> <span class='ocrx_word' id='word_1_45' title='bbox 852 376 997 407; x_wconf 66' lang='lat' dir='ltr'>imprudens</span> <span class='ocrx_word' id='word_1_46' title='bbox 1005 382 1053 406; x_wconf 78' lang='lat' dir='ltr'>pro</span> 
     </span>
     <span class='ocr_line' id='line_1_8' title="bbox 263 412 1052 450; baseline -0.011 -6"><span class='ocrx_word' id='word_1_47' title='bbox 263 421 345 446; x_wconf 67' lang='lat' dir='ltr'>buius,</span> <span class='ocrx_word' id='word_1_48' title='bbox 363 426 438 450; x_wconf 82' lang='lat' dir='ltr'>qaimi</span> <span class='ocrx_word' id='word_1_49' title='bbox 451 417 476 441; x_wconf 74' lang='grc' dir='ltr'><strong><em>Μ</em></strong></span> <span class='ocrx_word' id='word_1_50' title='bbox 490 416 616 443; x_wconf 67' lang='lat' dir='ltr'>reaci‘eru,</span> <span class='ocrx_word' id='word_1_51' title='bbox 635 414 798 438; x_wconf 71' lang='lat' dir='ltr'>soluturusne</span> <span class='ocrx_word' id='word_1_52' title='bbox 807 414 840 437; x_wconf 69' lang='lat' dir='ltr'>ait</span> <span class='ocrx_word' id='word_1_53' title='bbox 853 420 906 440; x_wconf 74' lang='lat' dir='ltr'>eoa.</span> <span class='ocrx_word' id='word_1_54' title='bbox 921 414 944 437; x_wconf 66' lang='grc' dir='ltr'>σι’</span> <span class='ocrx_word' id='word_1_55' title='bbox 959 413 999 437; x_wconf 78' lang='lat' dir='ltr'>cui</span> <span class='ocrx_word' id='word_1_56' title='bbox 1009 412 1052 435; x_wconf 79' lang='lat' dir='ltr'>de-</span> 
     </span>
     <span class='ocr_line' id='line_1_9' title="bbox 263 447 1052 487; baseline -0.009 -7"><span class='ocrx_word' id='word_1_57' title='bbox 263 458 332 484; x_wconf 73' lang='lat' dir='ltr'>bant,</span> <span class='ocrx_word' id='word_1_58' title='bbox 353 463 400 487; x_wconf 76' lang='lat' dir='ltr'>pra</span> <span class='ocrx_word' id='word_1_59' title='bbox 419 454 496 478; x_wconf 74' lang='lat' dir='ltr'>bonis.</span> <span class='ocrx_word' id='word_1_60' title='bbox 537 451 666 485; x_wconf 76' lang='lat' dir='ltr'>Diogenes</span> <span class='ocrx_word' id='word_1_61' title='bbox 682 450 730 475; x_wconf 87' lang='lat' dir='ltr'>ait:</span> <span class='ocrx_word' id='word_1_62' title='bbox 758 449 897 483; x_wconf 72' lang='lat' dir='ltr'>Antipater</span> <span class='ocrx_word' id='word_1_63' title='bbox 908 453 994 483; x_wconf 80' lang='lat' dir='ltr'>negat,</span> <span class='ocrx_word' id='word_1_64' title='bbox 1008 447 1052 473; x_wconf 85' lang='lat' dir='ltr'>cui</span> 
     </span>
     <span class='ocr_line' id='line_1_10' title="bbox 263 487 1051 527; baseline -0.011 -10"><span class='ocrx_word' id='word_1_65' title='bbox 263 492 350 527; x_wconf 78' lang='lat' dir='ltr'>potius</span> <span class='ocrx_word' id='word_1_66' title='bbox 371 489 510 516; x_wconf 77' lang='lat' dir='ltr'>assentior.</span> <span class='ocrx_word' id='word_1_67' title='bbox 553 489 602 519; x_wconf 75' lang='lat' dir='ltr'>Qm‘</span> <span class='ocrx_word' id='word_1_68' title='bbox 620 490 706 513; x_wconf 74' lang='lat' dir='ltr'>vinum</span> <span class='ocrx_word' id='word_1_69' title='bbox 726 489 824 519; x_wconf 62' lang='lat' dir='ltr'>suadens</span> <span class='ocrx_word' id='word_1_70' title='bbox 848 488 938 511; x_wconf 76' lang='lat' dir='ltr'>vendut</span> <span class='ocrx_word' id='word_1_71' title='bbox 960 487 1051 515; x_wconf 76' lang='lat' dir='ltr'>aciem,</span> 
     </span>
     <span class='ocr_line' id='line_1_11' title="bbox 261 521 1054 558; baseline -0.009 -4"><span class='ocrx_word' id='word_1_72' title='bbox 261 531 380 554; x_wconf 67' lang='lat' dir='ltr'>debeatne</span> <span class='ocrx_word' id='word_1_73' title='bbox 394 526 498 552; x_wconf 74' lang='lat' dir='ltr'>dict-rc?</span> <span class='ocrx_word' id='word_1_74' title='bbox 528 525 584 551; x_wconf 74' lang='lat' dir='ltr'>Non</span> <span class='ocrx_word' id='word_1_75' title='bbox 600 533 697 550; x_wconf 67' lang='lat' dir='ltr'>necesse</span> <span class='ocrx_word' id='word_1_76' title='bbox 715 528 789 558; x_wconf 87' lang='lat' dir='ltr'>putat</span> <span class='ocrx_word' id='word_1_77' title='bbox 805 523 947 558; x_wconf 80' lang='lat' dir='ltr'>Diogenes;</span> <span class='ocrx_word' id='word_1_78' title='bbox 976 521 1054 548; x_wconf 71' lang='lat' dir='ltr'>Anti-</span> 
     </span>
     <span class='ocr_line' id='line_1_12' title="bbox 262 560 1054 601; baseline -0.009 -10"><span class='ocrx_word' id='word_1_79' title='bbox 262 570 336 601; x_wconf 77' lang='lat' dir='ltr'>pater</span> <span class='ocrx_word' id='word_1_80' title='bbox 358 567 409 590; x_wconf 59' lang='lat' dir='ltr'>virt*</span> <span class='ocrx_word' id='word_1_81' title='bbox 429 566 486 589; x_wconf 76' lang='lat' dir='ltr'>boni</span> <span class='ocrx_word' id='word_1_82' title='bbox 505 562 650 588; x_wconf 86' lang='lat' dir='ltr'>existimat.</span> <span class='ocrx_word' id='word_1_83' title='bbox 690 561 759 587; x_wconf 77' lang='lat' dir='ltr'>llaec</span> <span class='ocrx_word' id='word_1_84' title='bbox 778 565 841 586; x_wconf 80' lang='lat' dir='ltr'>sunt</span> <span class='ocrx_word' id='word_1_85' title='bbox 855 560 933 595; x_wconf 83' lang='lat' dir='ltr'>quasi</span> <span class='ocrx_word' id='word_1_86' title='bbox 949 563 1054 585; x_wconf 88' lang='lat' dir='ltr'>contro-</span> 
     </span>
     <span class='ocr_line' id='line_1_13' title="bbox 262 599 1053 630; baseline -0.009 -2"><span class='ocrx_word' id='word_1_87' title='bbox 262 610 337 629; x_wconf 72' lang='lat' dir='ltr'>versa</span> <span class='ocrx_word' id='word_1_88' title='bbox 355 603 412 628; x_wconf 80' lang='lat' dir='ltr'>iura</span> <span class='ocrx_word' id='word_1_89' title='bbox 427 601 587 626; x_wconf 87' lang='lat' dir='ltr'>Stoicorum.</span> <span class='ocrx_word' id='word_1_90' title='bbox 629 599 658 624; x_wconf 87' lang='lat' dir='ltr'>In</span> <span class='ocrx_word' id='word_1_91' title='bbox 671 600 798 630; x_wconf 81' lang='lat' dir='ltr'>nmncipio</span> <span class='ocrx_word' id='word_1_92' title='bbox 812 599 939 623; x_wconf 78' lang='lat' dir='ltr'>vendendo</span> <span class='ocrx_word' id='word_1_93' title='bbox 967 599 1053 622; x_wconf 74' lang='lat' dir='ltr'>‹licen-</span> 
     </span>
     <span class='ocr_line' id='line_1_14' title="bbox 261 637 1054 670; baseline -0.01 -4"><span class='ocrx_word' id='word_1_94' title='bbox 261 642 326 667; x_wconf 73' lang='lat' dir='ltr'>‹lctne</span> <span class='ocrx_word' id='word_1_95' title='bbox 339 641 415 668; x_wconf 71' lang='lat' dir='ltr'>vilia,</span> <span class='ocrx_word' id='word_1_96' title='bbox 430 647 479 664; x_wconf 84' lang='lat' dir='ltr'>non</span> <span class='ocrx_word' id='word_1_97' title='bbox 490 646 531 666; x_wconf 82' lang='lat' dir='ltr'>ea,</span> <span class='ocrx_word' id='word_1_98' title='bbox 545 646 608 670; x_wconf 79' lang='lat' dir='ltr'>quae</span> <span class='ocrx_word' id='word_1_99' title='bbox 622 639 672 662; x_wconf 71' lang='lat' dir='ltr'>nisi</span> <span class='ocrx_word' id='word_1_100' title='bbox 685 638 793 665; x_wconf 60' lang='lat' dir='ltr'>(liseria,</span> <span class='ocrx_word' id='word_1_101' title='bbox 809 637 970 660; x_wconf 75' lang='lat' dir='ltr'>redhibeatur</span> <span class='ocrx_word' id='word_1_102' title='bbox 982 642 1054 659; x_wconf 87' lang='lat' dir='ltr'>man-</span> 
     </span>
     <span class='ocr_line' id='line_1_15' title="bbox 261 673 1051 710; baseline -0.009 -7"><span class='ocrx_word' id='word_1_103' title='bbox 261 679 355 710; x_wconf 77' lang='lat' dir='ltr'>cipium</span> <span class='ocrx_word' id='word_1_104' title='bbox 366 678 422 702; x_wconf 82' lang='lat' dir='ltr'>iure</span> <span class='ocrx_word' id='word_1_105' title='bbox 433 677 515 705; x_wconf 71' lang='lat' dir='ltr'>civili,</span> <span class='ocrx_word' id='word_1_106' title='bbox 532 676 574 700; x_wconf 74' lang='lat' dir='ltr'>sed</span> <span class='ocrx_word' id='word_1_107' title='bbox 585 675 657 703; x_wconf 82' lang='lat' dir='ltr'>haec,</span> <span class='ocrx_word' id='word_1_108' title='bbox 674 675 816 698; x_wconf 79' lang='lat' dir='ltr'>mendacem</span> <span class='ocrx_word' id='word_1_109' title='bbox 827 681 890 701; x_wconf 75' lang='lat' dir='ltr'>esse,</span> <span class='ocrx_word' id='word_1_110' title='bbox 905 673 1051 700; x_wconf 83' lang='lat' dir='ltr'>aleatorem,</span> 
     </span>
     <span class='ocr_line' id='line_1_16' title="bbox 260 707 1053 748; baseline -0.009 -8"><span class='ocrx_word' id='word_1_111' title='bbox 260 717 387 748; x_wconf 75' lang='lat' dir='ltr'>furacem,</span> <span class='ocrx_word' id='word_1_112' title='bbox 409 715 540 739; x_wconf 71' lang='lat' dir='ltr'>ebriosum.</span> <span class='ocrx_word' id='word_1_113' title='bbox 580 710 662 737; x_wconf 78' lang='lat' dir='ltr'>Alteri</span> <span class='ocrx_word' id='word_1_114' title='bbox 683 709 796 736; x_wconf 91' lang='lat' dir='ltr'>dicenda</span> <span class='ocrx_word' id='word_1_115' title='bbox 819 709 957 740; x_wconf 89' lang='lat' dir='ltr'>videntur,</span> <span class='ocrx_word' id='word_1_116' title='bbox 978 707 1053 734; x_wconf 88' lang='lat' dir='ltr'>alteri</span> 
     </span>
     <span class='ocr_line' id='line_1_17' title="bbox 261 747 1053 781; baseline -0.009 -4"><span class='ocrx_word' id='word_1_117' title='bbox 261 759 313 778; x_wconf 91' lang='lat' dir='ltr'>non</span> <span class='ocrx_word' id='word_1_118' title='bbox 327 750 461 777; x_wconf 87' lang='lat' dir='ltr'>videntur.</span> <span class='ocrx_word' id='word_1_119' title='bbox 502 750 544 774; x_wconf 74' lang='lat'>92.</span> <span class='ocrx_word' id='word_1_120' title='bbox 566 748 595 775; x_wconf 69' lang='lat' dir='ltr'>Sa·</span> <span class='ocrx_word' id='word_1_121' title='bbox 610 750 667 781; x_wconf 76' lang='lat' dir='ltr'>quis</span> <span class='ocrx_word' id='word_1_122' title='bbox 677 756 770 773; x_wconf 83' lang='lat' dir='ltr'>aarum</span> <span class='ocrx_word' id='word_1_123' title='bbox 781 749 887 772; x_wconf 66' lang='lat' dir='ltr'>vendens</span> <span class='ocrx_word' id='word_1_124' title='bbox 898 747 1053 772; x_wconf 70' lang='lat' dir='ltr'><em>orichalcum</em></span> 
     </span>
     <span class='ocr_line' id='line_1_18' title="bbox 260 785 1052 821; baseline -0.009 -7"><span class='ocrx_word' id='word_1_125' title='bbox 260 797 286 815; x_wconf 73' lang='lat' dir='ltr'>se</span> <span class='ocrx_word' id='word_1_126' title='bbox 296 793 365 821; x_wconf 75' lang='lat' dir='ltr'>putet</span> <span class='ocrx_word' id='word_1_127' title='bbox 376 789 488 816; x_wconf 75' lang='lat' dir='ltr'>retulere,</span> <span class='ocrx_word' id='word_1_128' title='bbox 497 788 620 812; x_wconf 75' lang='lat' dir='ltr'>indicetne</span> <span class='ocrx_word' id='word_1_129' title='bbox 631 787 654 810; x_wconf 79' lang='grc' dir='ltr'>εί</span> <span class='ocrx_word' id='word_1_130' title='bbox 666 788 706 811; x_wconf 75' lang='lat' dir='ltr'>vir</span> <span class='ocrx_word' id='word_1_131' title='bbox 717 786 802 813; x_wconf 73' lang='lat' dir='ltr'>bonus,</span> <span class='ocrx_word' id='word_1_132' title='bbox 814 792 907 810; x_wconf 84' lang='lat' dir='ltr'>aurum</span> <span class='ocrx_word' id='word_1_133' title='bbox 918 785 982 808; x_wconf 77' lang='lat' dir='ltr'>illud</span> <span class='ocrx_word' id='word_1_134' title='bbox 993 791 1052 812; x_wconf 61' lang='lat' dir='ltr'>esse,</span> 
     </span>
     <span class='ocr_line' id='line_1_19' title="bbox 260 820 1053 856; baseline -0.008 -5"><span class='ocrx_word' id='word_1_135' title='bbox 260 834 295 851; x_wconf 83' lang='lat' dir='ltr'>an</span> <span class='ocrx_word' id='word_1_136' title='bbox 306 830 371 851; x_wconf 83' lang='lat' dir='ltr'>emat</span> <span class='ocrx_word' id='word_1_137' title='bbox 382 826 496 852; x_wconf 79' lang='lat' dir='ltr'>denario,</span> <span class='ocrx_word' id='word_1_138' title='bbox 512 825 578 856; x_wconf 83' lang='lat' dir='ltr'>quod</span> <span class='ocrx_word' id='word_1_139' title='bbox 588 825 620 848; x_wconf 77' lang='lat' dir='ltr'>sit</span> <span class='ocrx_word' id='word_1_140' title='bbox 632 823 700 848; x_wconf 77' lang='lat' dir='ltr'>mille</span> <span class='ocrx_word' id='word_1_141' title='bbox 711 820 864 848; x_wconf 64' lang='lat' dir='ltr'>denariam?</span> <span class='ocrx_word' id='word_1_142' title='bbox 879 821 1053 854; x_wconf 81' lang='lat' dir='ltr'>Perspicuum</span> 
     </span>
     <span class='ocr_line' id='line_1_20' title="bbox 262 858 1054 896; baseline -0.009 -7"><span class='ocrx_word' id='word_1_143' title='bbox 262 863 316 889; x_wconf 85' lang='lat' dir='ltr'>iam</span> <span class='ocrx_word' id='word_1_144' title='bbox 332 866 385 892; x_wconf 76' lang='lat' dir='ltr'>est,</span> <span class='ocrx_word' id='word_1_145' title='bbox 402 866 428 888; x_wconf 88' lang='lat' dir='ltr'>et</span> <span class='ocrx_word' id='word_1_146' title='bbox 443 860 509 896; x_wconf 91' lang='lat' dir='ltr'>quid</span> <span class='ocrx_word' id='word_1_147' title='bbox 525 860 592 886; x_wconf 88' lang='lat' dir='ltr'>mihi</span> <span class='ocrx_word' id='word_1_148' title='bbox 609 859 744 889; x_wconf 88' lang='lat' dir='ltr'>videatur,</span> <span class='ocrx_word' id='word_1_149' title='bbox 761 862 787 884; x_wconf 89' lang='lat' dir='ltr'>et</span> <span class='ocrx_word' id='word_1_150' title='bbox 801 866 869 893; x_wconf 85' lang='lat' dir='ltr'>quae</span> <span class='ocrx_word' id='word_1_151' title='bbox 885 859 920 884; x_wconf 91' lang='lat' dir='ltr'>sit</span> <span class='ocrx_word' id='word_1_152' title='bbox 931 858 999 883; x_wconf 89' lang='lat' dir='ltr'>inter</span> <span class='ocrx_word' id='word_1_153' title='bbox 1009 865 1054 883; x_wconf 85' lang='lat' dir='ltr'>eos</span> 
     </span>
     <span class='ocr_line' id='line_1_21' title="bbox 263 894 1054 934; baseline -0.008 -8"><span class='ocrx_word' id='word_1_154' title='bbox 263 898 523 934; x_wconf 82' lang='lat' dir='ltr'>philosophos,quos</span> <span class='ocrx_word' id='word_1_155' title='bbox 536 896 879 927; x_wconf 82' lang='lat' dir='ltr'>nominavi,controversia.</span> <span class='ocrx_word' id='word_1_156' title='bbox 895 894 991 921; x_wconf 78' lang='lat' dir='ltr'>XXIV.</span> <span class='ocrx_word' id='word_1_157' title='bbox 1005 894 1054 920; x_wconf 85' lang='lat' dir='ltr'>Pa-</span> 
     </span>
    </p>
   </div>
   <div class='ocr_carea' id='block_1_3' title="bbox 231 932 1083 1046">
    <p class='ocr_par' dir='ltr' id='par_1_3' title="bbox 231 932 1083 1046">
     <span class='ocr_line' id='line_1_22' title="bbox 262 932 1083 971; baseline -0.009 -8"><span class='ocrx_word' id='word_1_158' title='bbox 262 942 302 963; x_wconf 88' lang='lat' dir='ltr'>cta</span> <span class='ocrx_word' id='word_1_159' title='bbox 319 941 344 963; x_wconf 87' lang='lat' dir='ltr'>et</span> <span class='ocrx_word' id='word_1_160' title='bbox 359 936 490 971; x_wconf 82' lang='lat' dir='ltr'>promissa</span> <span class='ocrx_word' id='word_1_161' title='bbox 506 942 646 969; x_wconf 82' lang='lat' dir='ltr'>semperne</span> <span class='ocrx_word' id='word_1_162' title='bbox 661 932 791 960; x_wconf 84' lang='lat' dir='ltr'>servanda</span> <span class='ocrx_word' id='word_1_163' title='bbox 812 933 879 963; x_wconf 89' lang='lat' dir='ltr'>sint,</span> <span class='ocrx_word' id='word_1_164' title='bbox 899 941 975 962; x_wconf 59' lang='lat' dir='ltr'>onae</span> <span class='ocrx_word' id='word_1_165' title='bbox 1000 940 1053 957; x_wconf 67' lang='lat' dir='ltr'>sse</span> <span class='ocrx_word' id='word_1_166' title='bbox 1081 956 1083 966; x_wconf 39' lang='lat'><em>7</em></span> 
     </span>
     <span class='ocr_line' id='line_1_23' title="bbox 231 967 1054 1006; baseline -0.007 -6"><span class='ocrx_word' id='word_1_167' title='bbox 231 979 236 986; x_wconf 84' lang='lat'><strong>¹</strong></span> <span class='ocrx_word' id='word_1_168' title='bbox 263 982 305 1005; x_wconf 78' lang='lat' dir='ltr'>vi,</span> <span class='ocrx_word' id='word_1_169' title='bbox 322 982 376 999; x_wconf 67' lang='lat' dir='ltr'>sec</span> <span class='ocrx_word' id='word_1_170' title='bbox 390 982 463 999; x_wconf 72' lang='lat' dir='ltr'>noto</span> <span class='ocrx_word' id='word_1_171' title='bbox 479 981 567 1003; x_wconf 64' lang='lat' dir='ltr'>unco,</span> <span class='ocrx_word' id='word_1_172' title='bbox 581 976 610 998; x_wconf 91' lang='lat' dir='ltr'>ut</span> <span class='ocrx_word' id='word_1_173' title='bbox 621 976 753 1006; x_wconf 86' lang='lat' dir='ltr'>praetores</span> <span class='ocrx_word' id='word_1_174' title='bbox 764 969 962 1000; x_wconf 74' lang='lat' dir='ltr'>solent,r1tcn</span> <span class='ocrx_word' id='word_1_175' title='bbox 974 967 1054 995; x_wconf 63' lang='lat' dir='ltr'>sisr‘?</span> 
     </span>
     <span class='ocr_line' id='line_1_24' title="bbox 262 1006 1076 1046; baseline -0.007 -9"><span class='ocrx_word' id='word_1_176' title='bbox 262 1010 291 1038; x_wconf 90' lang='lat' dir='ltr'>Si</span> <span class='ocrx_word' id='word_1_177' title='bbox 302 1011 365 1046; x_wconf 85' lang='lat' dir='ltr'>quis</span> <span class='ocrx_word' id='word_1_178' title='bbox 379 1010 604 1036; x_wconf 82' lang='lat' dir='ltr'>medicamentum</span> <span class='ocrx_word' id='word_1_179' title='bbox 615 1009 733 1043; x_wconf 85' lang='lat' dir='ltr'>cuipiam</span> <span class='ocrx_word' id='word_1_180' title='bbox 745 1007 849 1034; x_wconf 78' lang='lat' dir='ltr'>dederit</span> <span class='ocrx_word' id='word_1_181' title='bbox 859 1006 892 1033; x_wconf 91' lang='lat' dir='ltr'>ad</span> <span class='ocrx_word' id='word_1_182' title='bbox 903 1015 1000 1041; x_wconf 87' lang='lat' dir='ltr'>aquam</span> <span class='ocrx_word' id='word_1_183' title='bbox 1013 1006 1055 1032; x_wconf 89' lang='lat' dir='ltr'>in-</span> <span class='ocrx_word' id='word_1_184' title='bbox 1074 1006 1076 1027; x_wconf 73' lang='grc' dir='ltr'>ἶ</span> 
     </span>
    </p>
   </div>
   <div class='ocr_carea' id='block_1_4' title="bbox 260 1047 1054 1231">
    <p class='ocr_par' dir='ltr' id='par_1_4' title="bbox 260 1047 1054 1231">
     <span class='ocr_line' id='line_1_25' title="bbox 263 1047 1053 1082; baseline -0.009 -7"><span class='ocrx_word' id='word_1_185' title='bbox 263 1052 404 1078; x_wconf 83' lang='lat' dir='ltr'>tercutem,</span> <span class='ocrx_word' id='word_1_186' title='bbox 424 1047 623 1082; x_wconf 86' lang='lat' dir='ltr'>pepigeritque,</span> <span class='ocrx_word' id='word_1_187' title='bbox 640 1055 670 1071; x_wconf 81' lang='lat' dir='ltr'>ne</span> <span class='ocrx_word' id='word_1_188' title='bbox 686 1047 730 1071; x_wconf 75' lang='lat' dir='ltr'>illo</span> <span class='ocrx_word' id='word_1_189' title='bbox 745 1047 924 1070; x_wconf 78' lang='lat' dir='ltr'>medicamento</span> <span class='ocrx_word' id='word_1_190' title='bbox 935 1052 1053 1077; x_wconf 82' lang='lat' dir='ltr'>umquam</span> 
     </span>
     <span class='ocr_line' id='line_1_26' title="bbox 260 1080 1054 1119; baseline -0.006 -8"><span class='ocrx_word' id='word_1_191' title='bbox 260 1090 347 1119; x_wconf 78' lang='lat' dir='ltr'>postea</span> <span class='ocrx_word' id='word_1_192' title='bbox 359 1089 484 1112; x_wconf 77' lang='lat' dir='ltr'>uteretur:</span> <span class='ocrx_word' id='word_1_193' title='bbox 499 1084 522 1109; x_wconf 91' lang='lat' dir='ltr'>si</span> <span class='ocrx_word' id='word_1_194' title='bbox 533 1092 564 1109; x_wconf 90' lang='lat' dir='ltr'>eo</span> <span class='ocrx_word' id='word_1_195' title='bbox 575 1083 768 1109; x_wconf 88' lang='lat' dir='ltr'>medicamento</span> <span class='ocrx_word' id='word_1_196' title='bbox 779 1090 860 1108; x_wconf 86' lang='lat' dir='ltr'>sanus</span> <span class='ocrx_word' id='word_1_197' title='bbox 873 1080 957 1107; x_wconf 83' lang='lat' dir='ltr'>factus</span> <span class='ocrx_word' id='word_1_198' title='bbox 968 1081 1016 1111; x_wconf 88' lang='lat' dir='ltr'>sit,</span> <span class='ocrx_word' id='word_1_199' title='bbox 1029 1085 1054 1106; x_wconf 91' lang='lat' dir='ltr'>et</span> 
     </span>
     <span class='ocr_line' id='line_1_27' title="bbox 262 1118 1054 1156; baseline -0.008 -7"><span class='ocrx_word' id='word_1_200' title='bbox 262 1123 340 1149; x_wconf 88' lang='lat' dir='ltr'>annis</span> <span class='ocrx_word' id='word_1_201' title='bbox 356 1122 457 1156; x_wconf 83' lang='lat' dir='ltr'>aliquot</span> <span class='ocrx_word' id='word_1_202' title='bbox 472 1126 529 1155; x_wconf 88' lang='lat' dir='ltr'>post</span> <span class='ocrx_word' id='word_1_203' title='bbox 542 1120 665 1146; x_wconf 89' lang='lat' dir='ltr'>inciderit</span> <span class='ocrx_word' id='word_1_204' title='bbox 678 1120 703 1145; x_wconf 92' lang='lat' dir='ltr'>in</span> <span class='ocrx_word' id='word_1_205' title='bbox 714 1119 839 1145; x_wconf 87' lang='lat' dir='ltr'>eumdem</span> <span class='ocrx_word' id='word_1_206' title='bbox 852 1118 974 1145; x_wconf 84' lang='lat' dir='ltr'>morbum</span> <span class='ocrx_word' id='word_1_207' title='bbox 983 1138 989 1147; x_wconf 89' lang='lat'>,</span> <span class='ocrx_word' id='word_1_208' title='bbox 1006 1126 1054 1143; x_wconf 90' lang='lat' dir='ltr'>nec</span> 
     </span>
     <span class='ocr_line' id='line_1_28' title="bbox 262 1154 1054 1194; baseline -0.006 -9"><span class='ocrx_word' id='word_1_209' title='bbox 262 1159 296 1186; x_wconf 85' lang='lat' dir='ltr'>ab</span> <span class='ocrx_word' id='word_1_210' title='bbox 309 1168 348 1189; x_wconf 85' lang='lat' dir='ltr'>eo,</span> <span class='ocrx_word' id='word_1_211' title='bbox 363 1160 474 1194; x_wconf 90' lang='lat' dir='ltr'>quicum</span> <span class='ocrx_word' id='word_1_212' title='bbox 487 1158 633 1192; x_wconf 67' lang='lat' dir='ltr'>pepigerat,</span> <span class='ocrx_word' id='word_1_213' title='bbox 647 1158 778 1191; x_wconf 87' lang='lat' dir='ltr'>impetret,</span> <span class='ocrx_word' id='word_1_214' title='bbox 788 1161 816 1182; x_wconf 90' lang='lat' dir='ltr'>ut</span> <span class='ocrx_word' id='word_1_215' title='bbox 827 1156 922 1182; x_wconf 86' lang='lat' dir='ltr'>iterum</span> <span class='ocrx_word' id='word_1_216' title='bbox 935 1163 965 1181; x_wconf 86' lang='lat' dir='ltr'>eo</span> <span class='ocrx_word' id='word_1_217' title='bbox 978 1154 1054 1181; x_wconf 89' lang='lat' dir='ltr'>liceat</span> 
     </span>
     <span class='ocr_line' id='line_1_29' title="bbox 263 1193 1051 1231; baseline -0.005 -9"><span class='ocrx_word' id='word_1_218' title='bbox 263 1197 316 1223; x_wconf 92' lang='lat' dir='ltr'>uti:</span> <span class='ocrx_word' id='word_1_219' title='bbox 339 1196 405 1231; x_wconf 87' lang='lat' dir='ltr'>quid</span> <span class='ocrx_word' id='word_1_220' title='bbox 428 1195 579 1221; x_wconf 76' lang='lat' dir='ltr'>faciendum</span> <span class='ocrx_word' id='word_1_221' title='bbox 600 1195 644 1220; x_wconf 85' lang='lat' dir='ltr'>sit.</span> <span class='ocrx_word' id='word_1_222' title='bbox 684 1194 773 1226; x_wconf 91' lang='lat' dir='ltr'>Quum</span> <span class='ocrx_word' id='word_1_223' title='bbox 788 1194 823 1219; x_wconf 89' lang='lat' dir='ltr'>sit</span> <span class='ocrx_word' id='word_1_224' title='bbox 838 1194 861 1219; x_wconf 90' lang='lat' dir='ltr'>is</span> <span class='ocrx_word' id='word_1_225' title='bbox 878 1193 1051 1222; x_wconf 90' lang='lat' dir='ltr'>inhumanus,</span> 
     </span>
    </p>
   </div>
   <div class='ocr_carea' id='block_1_5' title="bbox 262 1230 1075 1269">
    <p class='ocr_par' dir='ltr' id='par_1_5' title="bbox 262 1230 1075 1269">
     <span class='ocr_line' id='line_1_30' title="bbox 262 1230 1075 1269; baseline -0.006 -9"><span class='ocrx_word' id='word_1_226' title='bbox 262 1234 309 1269; x_wconf 88' lang='lat' dir='ltr'>qui</span> <span class='ocrx_word' id='word_1_227' title='bbox 322 1242 373 1259; x_wconf 91' lang='lat' dir='ltr'>non</span> <span class='ocrx_word' id='word_1_228' title='bbox 384 1232 523 1262; x_wconf 88' lang='lat' dir='ltr'>concedat,</span> <span class='ocrx_word' id='word_1_229' title='bbox 546 1240 594 1258; x_wconf 86' lang='lat' dir='ltr'>nec</span> <span class='ocrx_word' id='word_1_230' title='bbox 605 1232 630 1258; x_wconf 91' lang='lat' dir='ltr'>ei</span> <span class='ocrx_word' id='word_1_231' title='bbox 641 1231 790 1266; x_wconf 83' lang='lat' dir='ltr'>quidquam</span> <span class='ocrx_word' id='word_1_232' title='bbox 803 1230 847 1257; x_wconf 88' lang='lat' dir='ltr'>Iiat</span> <span class='ocrx_word' id='word_1_233' title='bbox 858 1230 985 1261; x_wconf 69' lang='lat' dir='ltr'>iniuriae,</span> <span class='ocrx_word' id='word_1_234' title='bbox 1013 1231 1054 1255; x_wconf 86' lang='lat' dir='ltr'>vi-</span> <span class='ocrx_word' id='word_1_235' title='bbox 1074 1239 1075 1245; x_wconf 62' lang='lat'>¹</span> 
     </span>
    </p>
   </div>
   <div class='ocr_carea' id='block_1_6' title="bbox 259 1267 1057 2642">
    <p class='ocr_par' dir='ltr' id='par_1_6' title="bbox 259 1267 1057 2642">
     <span class='ocr_line' id='line_1_31' title="bbox 263 1267 1054 1302; baseline -0.006 -5"><span class='ocrx_word' id='word_1_236' title='bbox 263 1276 302 1297; x_wconf 83' lang='lat' dir='ltr'>tae</span> <span class='ocrx_word' id='word_1_237' title='bbox 314 1276 338 1297; x_wconf 86' lang='lat' dir='ltr'>et</span> <span class='ocrx_word' id='word_1_238' title='bbox 350 1270 429 1296; x_wconf 89' lang='lat' dir='ltr'>saluti</span> <span class='ocrx_word' id='word_1_239' title='bbox 440 1269 646 1296; x_wconf 88' lang='lat' dir='ltr'>consulendum.</span> <span class='ocrx_word' id='word_1_240' title='bbox 686 1270 727 1294; x_wconf 85' lang='lat'>93.</span> <span class='ocrx_word' id='word_1_241' title='bbox 749 1267 839 1300; x_wconf 72' lang='lat' dir='ltr'>Quid?</span> <span class='ocrx_word' id='word_1_242' title='bbox 853 1268 876 1294; x_wconf 91' lang='lat' dir='ltr'>si</span> <span class='ocrx_word' id='word_1_243' title='bbox 888 1268 935 1302; x_wconf 91' lang='lat' dir='ltr'>qui</span> <span class='ocrx_word' id='word_1_244' title='bbox 946 1267 1054 1301; x_wconf 83' lang='lat' dir='ltr'>sapiens</span> 
     </span>
     <span class='ocr_line' id='line_1_32' title="bbox 262 1305 1055 1343; baseline -0.006 -9"><span class='ocrx_word' id='word_1_245' title='bbox 262 1312 369 1343; x_wconf 80' lang='lat' dir='ltr'>rogatus</span> <span class='ocrx_word' id='word_1_246' title='bbox 381 1307 414 1333; x_wconf 89' lang='lat' dir='ltr'>ab</span> <span class='ocrx_word' id='word_1_247' title='bbox 426 1315 464 1337; x_wconf 84' lang='lat' dir='ltr'>eo,</span> <span class='ocrx_word' id='word_1_248' title='bbox 478 1307 526 1341; x_wconf 89' lang='lat' dir='ltr'>qui</span> <span class='ocrx_word' id='word_1_249' title='bbox 537 1315 599 1332; x_wconf 89' lang='lat' dir='ltr'>eum</span> <span class='ocrx_word' id='word_1_250' title='bbox 612 1305 737 1332; x_wconf 84' lang='lat' dir='ltr'>heredem</span> <span class='ocrx_word' id='word_1_251' title='bbox 750 1305 839 1335; x_wconf 83' lang='lat' dir='ltr'>saciat,</span> <span class='ocrx_word' id='word_1_252' title='bbox 857 1314 933 1338; x_wconf 83' lang='lat' dir='ltr'>quum</span> <span class='ocrx_word' id='word_1_253' title='bbox 944 1307 967 1330; x_wconf 74' lang='lat' dir='ltr'>ei</span> <span class='ocrx_word' id='word_1_254' title='bbox 978 1309 1055 1330; x_wconf 81' lang='lat' dir='ltr'>testa-</span> 
     </span>
     <span class='ocr_line' id='line_1_33' title="bbox 261 1343 1055 1376; baseline -0.004 -6"><span class='ocrx_word' id='word_1_255' title='bbox 261 1350 342 1370; x_wconf 71' lang='lat' dir='ltr'>mento</span> <span class='ocrx_word' id='word_1_256' title='bbox 351 1347 493 1371; x_wconf 76' lang='lat' dir='ltr'>sesterlium</span> <span class='ocrx_word' id='word_1_257' title='bbox 504 1346 595 1370; x_wconf 71' lang='lat' dir='ltr'>millies</span> <span class='ocrx_word' id='word_1_258' title='bbox 605 1345 774 1376; x_wconf 75' lang='lat' dir='ltr'>relinquatur,</span> <span class='ocrx_word' id='word_1_259' title='bbox 782 1347 809 1368; x_wconf 85' lang='lat' dir='ltr'>ul</span> <span class='ocrx_word' id='word_1_260' title='bbox 820 1347 886 1369; x_wconf 79' lang='lat' dir='ltr'>ante.</span> <span class='ocrx_word' id='word_1_261' title='bbox 894 1351 970 1375; x_wconf 84' lang='lat' dir='ltr'>quam</span> <span class='ocrx_word' id='word_1_262' title='bbox 984 1343 1055 1367; x_wconf 83' lang='lat' dir='ltr'>here-</span> 
     </span>
     <span class='ocr_line' id='line_1_34' title="bbox 261 1379 1054 1414; baseline -0.005 -6"><span class='ocrx_word' id='word_1_263' title='bbox 261 1385 364 1408; x_wconf 72' lang='lat' dir='ltr'>ditatem</span> <span class='ocrx_word' id='word_1_264' title='bbox 375 1384 458 1411; x_wconf 76' lang='lat' dir='ltr'>adeat,</span> <span class='ocrx_word' id='word_1_265' title='bbox 475 1383 530 1407; x_wconf 79' lang='lat' dir='ltr'>Ince</span> <span class='ocrx_word' id='word_1_266' title='bbox 538 1382 626 1414; x_wconf 81' lang='lat' dir='ltr'>palam</span> <span class='ocrx_word' id='word_1_267' title='bbox 637 1383 661 1406; x_wconf 82' lang='lat' dir='ltr'>in</span> <span class='ocrx_word' id='word_1_268' title='bbox 672 1384 728 1414; x_wconf 82' lang='lat' dir='ltr'>soro</span> <span class='ocrx_word' id='word_1_269' title='bbox 737 1381 825 1410; x_wconf 76' lang='lat' dir='ltr'>saltet,</span> <span class='ocrx_word' id='word_1_270' title='bbox 843 1379 870 1405; x_wconf 91' lang='lat' dir='ltr'>id</span> <span class='ocrx_word' id='word_1_271' title='bbox 881 1387 909 1405; x_wconf 85' lang='lat' dir='ltr'>se</span> <span class='ocrx_word' id='word_1_272' title='bbox 922 1379 1054 1405; x_wconf 79' lang='lat' dir='ltr'>facturum</span> 
     </span>
     <span class='ocr_line' id='line_1_35' title="bbox 262 1415 1054 1454; baseline -0.005 -9"><span class='ocrx_word' id='word_1_273' title='bbox 262 1419 423 1454; x_wconf 81' lang='lat' dir='ltr'>promiserit,</span> <span class='ocrx_word' id='word_1_274' title='bbox 432 1418 504 1453; x_wconf 91' lang='lat' dir='ltr'>quod</span> <span class='ocrx_word' id='word_1_275' title='bbox 510 1418 654 1444; x_wconf 90' lang='lat' dir='ltr'>alitereum</span> <span class='ocrx_word' id='word_1_276' title='bbox 662 1417 787 1444; x_wconf 87' lang='lat' dir='ltr'>heredem</span> <span class='ocrx_word' id='word_1_277' title='bbox 793 1415 995 1451; x_wconf 88' lang='lat' dir='ltr'>scripturusille</span> <span class='ocrx_word' id='word_1_278' title='bbox 1002 1425 1054 1442; x_wconf 90' lang='lat' dir='ltr'>non</span> 
     </span>
     <span class='ocr_line' id='line_1_36' title="bbox 262 1453 1055 1490; baseline -0.004 -8"><span class='ocrx_word' id='word_1_279' title='bbox 262 1461 344 1482; x_wconf 84' lang='lat' dir='ltr'>esset:</span> <span class='ocrx_word' id='word_1_280' title='bbox 358 1455 446 1486; x_wconf 82' lang='lat' dir='ltr'>faciat,</span> <span class='ocrx_word' id='word_1_281' title='bbox 459 1455 531 1490; x_wconf 91' lang='lat' dir='ltr'>quod</span> <span class='ocrx_word' id='word_1_282' title='bbox 543 1456 703 1490; x_wconf 70' lang='lat' dir='ltr'>promiserit,</span> <span class='ocrx_word' id='word_1_283' title='bbox 717 1453 817 1481; x_wconf 69' lang='lat' dir='ltr'>necne?</span> <span class='ocrx_word' id='word_1_284' title='bbox 827 1455 985 1480; x_wconf 85' lang='lat' dir='ltr'>Promisisse</span> <span class='ocrx_word' id='word_1_285' title='bbox 997 1453 1055 1480; x_wconf 91' lang='lat' dir='ltr'>nol-</span> 
     </span>
     <span class='ocr_line' id='line_1_37' title="bbox 263 1491 1052 1527; baseline -0.003 -8"><span class='ocrx_word' id='word_1_286' title='bbox 263 1493 324 1523; x_wconf 86' lang='lat' dir='ltr'>lem,</span> <span class='ocrx_word' id='word_1_287' title='bbox 333 1493 511 1519; x_wconf 74' lang='lat' dir='ltr'>etitlarbitror</span> <span class='ocrx_word' id='word_1_288' title='bbox 518 1492 601 1519; x_wconf 85' lang='lat' dir='ltr'>fuisse</span> <span class='ocrx_word' id='word_1_289' title='bbox 613 1493 761 1527; x_wconf 74' lang='lat' dir='ltr'>gravitatis.</span> <span class='ocrx_word' id='word_1_290' title='bbox 783 1491 913 1524; x_wconf 83' lang='lat' dir='ltr'>Quoniam</span> <span class='ocrx_word' id='word_1_291' title='bbox 921 1491 1052 1526; x_wconf 83' lang='lat' dir='ltr'>promisit,</span> 
     </span>
     <span class='ocr_line' id='line_1_38' title="bbox 261 1529 1055 1565; baseline -0.004 -8"><span class='ocrx_word' id='word_1_292' title='bbox 261 1531 284 1557; x_wconf 78' lang='lat' dir='ltr'>si</span> <span class='ocrx_word' id='word_1_293' title='bbox 292 1530 386 1557; x_wconf 84' lang='lat' dir='ltr'>saltare</span> <span class='ocrx_word' id='word_1_294' title='bbox 394 1532 420 1557; x_wconf 90' lang='lat' dir='ltr'>in</span> <span class='ocrx_word' id='word_1_295' title='bbox 428 1530 483 1557; x_wconf 88' lang='lat' dir='ltr'>l&#39;oro</span> <span class='ocrx_word' id='word_1_296' title='bbox 493 1535 570 1565; x_wconf 82' lang='lat' dir='ltr'>turpe</span> <span class='ocrx_word' id='word_1_297' title='bbox 580 1529 668 1560; x_wconf 85' lang='lat' dir='ltr'>ducet,</span> <span class='ocrx_word' id='word_1_298' title='bbox 678 1529 816 1556; x_wconf 84' lang='lat' dir='ltr'>honestius</span> <span class='ocrx_word' id='word_1_299' title='bbox 827 1529 979 1559; x_wconf 85' lang='lat' dir='ltr'>mentietur,</span> <span class='ocrx_word' id='word_1_300' title='bbox 987 1529 1011 1554; x_wconf 92' lang='lat' dir='ltr'>si</span> <span class='ocrx_word' id='word_1_301' title='bbox 1022 1536 1055 1554; x_wconf 83' lang='lat' dir='ltr'>ex</span> 
     </span>
     <span class='ocr_line' id='line_1_39' title="bbox 262 1566 1056 1602; baseline -0.004 -8"><span class='ocrx_word' id='word_1_302' title='bbox 262 1567 407 1594; x_wconf 89' lang='lat' dir='ltr'>hereditate</span> <span class='ocrx_word' id='word_1_303' title='bbox 415 1567 481 1594; x_wconf 92' lang='lat' dir='ltr'>nihil</span> <span class='ocrx_word' id='word_1_304' title='bbox 489 1568 598 1602; x_wconf 81' lang='lat' dir='ltr'>ceperit,</span> <span class='ocrx_word' id='word_1_305' title='bbox 606 1568 659 1593; x_wconf 89' lang='lat' dir='ltr'>nisi</span> <span class='ocrx_word' id='word_1_306' title='bbox 671 1566 736 1593; x_wconf 80' lang='lat' dir='ltr'>forte</span> <span class='ocrx_word' id='word_1_307' title='bbox 746 1575 805 1592; x_wconf 90' lang='lat' dir='ltr'>eam</span> <span class='ocrx_word' id='word_1_308' title='bbox 816 1567 958 1601; x_wconf 90' lang='lat' dir='ltr'>pecuniam</span> <span class='ocrx_word' id='word_1_309' title='bbox 970 1566 997 1592; x_wconf 87' lang='lat' dir='ltr'>in</span> <span class='ocrx_word' id='word_1_310' title='bbox 1003 1566 1056 1591; x_wconf 93' lang='lat' dir='ltr'>rei—</span> 
     </span>
     <span class='ocr_line' id='line_1_40' title="bbox 261 1601 1056 1640; baseline -0.004 -9"><span class='ocrx_word' id='word_1_311' title='bbox 261 1605 386 1640; x_wconf 83' lang='lat' dir='ltr'>publicae</span> <span class='ocrx_word' id='word_1_312' title='bbox 394 1613 522 1640; x_wconf 83' lang='lat' dir='ltr'>magnum</span> <span class='ocrx_word' id='word_1_313' title='bbox 529 1604 637 1639; x_wconf 84' lang='lat' dir='ltr'>aliquod</span> <span class='ocrx_word' id='word_1_314' title='bbox 645 1609 750 1638; x_wconf 85' lang='lat' dir='ltr'>tempus</span> <span class='ocrx_word' id='word_1_315' title='bbox 756 1603 910 1630; x_wconf 87' lang='lat' dir='ltr'>contulerit:</span> <span class='ocrx_word' id='word_1_316' title='bbox 919 1608 948 1630; x_wconf 91' lang='lat' dir='ltr'>ut</span> <span class='ocrx_word' id='word_1_317' title='bbox 954 1601 1056 1629; x_wconf 86' lang='lat' dir='ltr'>velsal-</span> 
     </span>
     <span class='ocr_line' id='line_1_41' title="bbox 262 1640 1053 1677; baseline -0.003 -9"><span class='ocrx_word' id='word_1_318' title='bbox 262 1647 316 1669; x_wconf 90' lang='lat' dir='ltr'>tare</span> <span class='ocrx_word' id='word_1_319' title='bbox 327 1651 398 1672; x_wconf 85' lang='lat' dir='ltr'>euni,</span> <span class='ocrx_word' id='word_1_320' title='bbox 409 1651 494 1677; x_wconf 92' lang='lat' dir='ltr'>quum</span> <span class='ocrx_word' id='word_1_321' title='bbox 506 1643 606 1677; x_wconf 84' lang='lat' dir='ltr'>patriae</span> <span class='ocrx_word' id='word_1_322' title='bbox 616 1641 789 1668; x_wconf 88' lang='lat' dir='ltr'>consulturus</span> <span class='ocrx_word' id='word_1_323' title='bbox 801 1641 844 1671; x_wconf 87' lang='lat' dir='ltr'>sit,</span> <span class='ocrx_word' id='word_1_324' title='bbox 857 1646 934 1675; x_wconf 84' lang='lat' dir='ltr'>turpe</span> <span class='ocrx_word' id='word_1_325' title='bbox 946 1649 998 1667; x_wconf 90' lang='lat' dir='ltr'>non</span> <span class='ocrx_word' id='word_1_326' title='bbox 1008 1640 1053 1666; x_wconf 83' lang='lat' dir='ltr'>sit.</span> 
     </span>
     <span class='ocr_line' id='line_1_42' title="bbox 261 1677 1053 1714; baseline -0.004 -8"><span class='ocrx_word' id='word_1_327' title='bbox 261 1679 347 1706; x_wconf 78' lang='lat' dir='ltr'>XXV.</span> <span class='ocrx_word' id='word_1_328' title='bbox 363 1681 404 1706; x_wconf 78' lang='lat' dir='ltr'>9-i.</span> <span class='ocrx_word' id='word_1_329' title='bbox 425 1680 462 1706; x_wconf 85' lang='lat' dir='ltr'>Ac</span> <span class='ocrx_word' id='word_1_330' title='bbox 475 1688 506 1706; x_wconf 93' lang='lat' dir='ltr'>ne</span> <span class='ocrx_word' id='word_1_331' title='bbox 518 1679 563 1705; x_wconf 90' lang='lat' dir='ltr'>illa</span> <span class='ocrx_word' id='word_1_332' title='bbox 574 1679 685 1714; x_wconf 91' lang='lat' dir='ltr'>quidem</span> <span class='ocrx_word' id='word_1_333' title='bbox 697 1679 828 1714; x_wconf 86' lang='lat' dir='ltr'>promissa</span> <span class='ocrx_word' id='word_1_334' title='bbox 839 1677 970 1704; x_wconf 87' lang='lat' dir='ltr'>servanda</span> <span class='ocrx_word' id='word_1_335' title='bbox 981 1682 1053 1707; x_wconf 83' lang='lat' dir='ltr'>sunt.</span> 
     </span>
     <span class='ocr_line' id='line_1_43' title="bbox 261 1715 1053 1751; baseline -0.004 -8"><span class='ocrx_word' id='word_1_336' title='bbox 261 1724 331 1751; x_wconf 87' lang='lat' dir='ltr'>quae</span> <span class='ocrx_word' id='word_1_337' title='bbox 343 1725 394 1743; x_wconf 91' lang='lat' dir='ltr'>non</span> <span class='ocrx_word' id='word_1_338' title='bbox 406 1722 468 1743; x_wconf 89' lang='lat' dir='ltr'>sunt</span> <span class='ocrx_word' id='word_1_339' title='bbox 480 1717 513 1742; x_wconf 86' lang='lat' dir='ltr'>iis</span> <span class='ocrx_word' id='word_1_340' title='bbox 525 1717 592 1751; x_wconf 90' lang='lat' dir='ltr'>ipsis</span> <span class='ocrx_word' id='word_1_341' title='bbox 603 1716 693 1747; x_wconf 84' lang='lat' dir='ltr'>utilia,</span> <span class='ocrx_word' id='word_1_342' title='bbox 715 1715 816 1751; x_wconf 87' lang='lat' dir='ltr'>quibus</span> <span class='ocrx_word' id='word_1_343' title='bbox 831 1715 876 1742; x_wconf 91' lang='lat' dir='ltr'>illa</span> <span class='ocrx_word' id='word_1_344' title='bbox 887 1715 1053 1750; x_wconf 85' lang='lat' dir='ltr'>promiseris.</span> 
     </span>
     <span class='ocr_line' id='line_1_44' title="bbox 261 1752 1055 1786; baseline -0.003 -6"><span class='ocrx_word' id='word_1_345' title='bbox 261 1753 305 1780; x_wconf 88' lang='lat' dir='ltr'>Sol</span> <span class='ocrx_word' id='word_1_346' title='bbox 317 1754 474 1780; x_wconf 73' lang='lat' dir='ltr'>Phaethonti</span> <span class='ocrx_word' id='word_1_347' title='bbox 486 1753 550 1784; x_wconf 80' lang='lat' dir='ltr'>filio,</span> <span class='ocrx_word' id='word_1_348' title='bbox 564 1758 593 1780; x_wconf 92' lang='lat' dir='ltr'>ut</span> <span class='ocrx_word' id='word_1_349' title='bbox 604 1753 744 1780; x_wconf 85' lang='lat' dir='ltr'>redeamus</span> <span class='ocrx_word' id='word_1_350' title='bbox 756 1753 788 1779; x_wconf 95' lang='lat' dir='ltr'>ad</span> <span class='ocrx_word' id='word_1_351' title='bbox 800 1752 914 1783; x_wconf 82' lang='lat' dir='ltr'>fabulas,</span> <span class='ocrx_word' id='word_1_352' title='bbox 926 1755 1055 1786; x_wconf 78' lang='lat' dir='ltr'>factarum</span> 
     </span>
     <span class='ocr_line' id='line_1_45' title="bbox 261 1790 1055 1825; baseline -0.004 -8"><span class='ocrx_word' id='word_1_353' title='bbox 261 1800 287 1818; x_wconf 77' lang='lat' dir='ltr'>se</span> <span class='ocrx_word' id='word_1_354' title='bbox 297 1800 349 1817; x_wconf 77' lang='lat' dir='ltr'>esse</span> <span class='ocrx_word' id='word_1_355' title='bbox 359 1791 438 1822; x_wconf 82' lang='lat' dir='ltr'>dixit,</span> <span class='ocrx_word' id='word_1_356' title='bbox 451 1793 576 1825; x_wconf 75' lang='lat' dir='ltr'>quidquid</span> <span class='ocrx_word' id='word_1_357' title='bbox 586 1795 704 1824; x_wconf 79' lang='lat' dir='ltr'>optasset.</span> <span class='ocrx_word' id='word_1_358' title='bbox 745 1790 862 1824; x_wconf 87' lang='lat' dir='ltr'>Optavit,</span> <span class='ocrx_word' id='word_1_359' title='bbox 875 1794 902 1815; x_wconf 86' lang='lat' dir='ltr'>ut</span> <span class='ocrx_word' id='word_1_360' title='bbox 914 1792 940 1815; x_wconf 78' lang='lat' dir='ltr'>in</span> <span class='ocrx_word' id='word_1_361' title='bbox 951 1797 1055 1816; x_wconf 87' lang='lat' dir='ltr'>currum</span> 
     </span>
     <span class='ocr_line' id='line_1_46' title="bbox 259 1827 1054 1862; baseline -0.003 -8"><span class='ocrx_word' id='word_1_362' title='bbox 259 1832 345 1862; x_wconf 75' lang='lat' dir='ltr'>pali-is</span> <span class='ocrx_word' id='word_1_363' title='bbox 355 1830 493 1854; x_wconf 77' lang='lat' dir='ltr'>tolleretur.</span> <span class='ocrx_word' id='word_1_364' title='bbox 533 1827 662 1854; x_wconf 89' lang='lat' dir='ltr'>Sublatus</span> <span class='ocrx_word' id='word_1_365' title='bbox 671 1832 721 1854; x_wconf 88' lang='lat' dir='ltr'>est.</span> <span class='ocrx_word' id='word_1_366' title='bbox 760 1828 848 1862; x_wconf 82' lang='lat' dir='ltr'>Atque</span> <span class='ocrx_word' id='word_1_367' title='bbox 859 1828 895 1857; x_wconf 84' lang='lat' dir='ltr'>is,</span> <span class='ocrx_word' id='word_1_368' title='bbox 911 1831 1054 1861; x_wconf 88' lang='lat' dir='ltr'>antequam</span> 
     </span>
     <span class='ocr_line' id='line_1_47' title="bbox 262 1862 1054 1900; baseline -0.005 -8"><span class='ocrx_word' id='word_1_369' title='bbox 262 1866 393 1896; x_wconf 87' lang='lat' dir='ltr'>constitit,</span> <span class='ocrx_word' id='word_1_370' title='bbox 418 1866 472 1892; x_wconf 85' lang='lat' dir='ltr'>ictu</span> <span class='ocrx_word' id='word_1_371' title='bbox 489 1864 612 1891; x_wconf 78' lang='lat' dir='ltr'>fulminis</span> <span class='ocrx_word' id='word_1_372' title='bbox 629 1863 796 1900; x_wconf 85' lang='lat' dir='ltr'>deflagravit.</span> <span class='ocrx_word' id='word_1_373' title='bbox 836 1863 939 1896; x_wconf 89' lang='lat' dir='ltr'>Quanto</span> <span class='ocrx_word' id='word_1_374' title='bbox 956 1862 1054 1889; x_wconf 89' lang='lat' dir='ltr'>melius</span> 
     </span>
     <span class='ocr_line' id='line_1_48' title="bbox 263 1900 1052 1936; baseline -0.003 -8"><span class='ocrx_word' id='word_1_375' title='bbox 263 1902 361 1933; x_wconf 77' lang='lat' dir='ltr'>iuerat,</span> <span class='ocrx_word' id='word_1_376' title='bbox 379 1904 406 1929; x_wconf 89' lang='lat' dir='ltr'>in</span> <span class='ocrx_word' id='word_1_377' title='bbox 423 1902 472 1929; x_wconf 86' lang='lat' dir='ltr'>hoc</span> <span class='ocrx_word' id='word_1_378' title='bbox 503 1903 665 1936; x_wconf 90' lang='lat' dir='ltr'>promissum</span> <span class='ocrx_word' id='word_1_379' title='bbox 677 1902 760 1936; x_wconf 88' lang='lat' dir='ltr'>patris</span> <span class='ocrx_word' id='word_1_380' title='bbox 771 1909 823 1927; x_wconf 92' lang='lat' dir='ltr'>non</span> <span class='ocrx_word' id='word_1_381' title='bbox 834 1909 892 1927; x_wconf 88' lang='lat' dir='ltr'>esse</span> <span class='ocrx_word' id='word_1_382' title='bbox 903 1900 1052 1927; x_wconf 83' lang='lat' dir='ltr'>servatum!</span> 
     </span>
     <span class='ocr_line' id='line_1_49' title="bbox 262 1936 1056 1974; baseline -0.003 -9"><span class='ocrx_word' id='word_1_383' title='bbox 262 1938 352 1971; x_wconf 79' lang='lat' dir='ltr'>Quid‘?</span> <span class='ocrx_word' id='word_1_384' title='bbox 371 1939 443 1974; x_wconf 92' lang='lat' dir='ltr'>quod</span> <span class='ocrx_word' id='word_1_385' title='bbox 460 1939 580 1965; x_wconf 87' lang='lat' dir='ltr'>Theseus</span> <span class='ocrx_word' id='word_1_386' title='bbox 595 1939 685 1973; x_wconf 74' lang='lat' dir='ltr'>exegit</span> <span class='ocrx_word' id='word_1_387' title='bbox 705 1939 868 1973; x_wconf 89' lang='lat' dir='ltr'>promissum</span> <span class='ocrx_word' id='word_1_388' title='bbox 886 1946 900 1963; x_wconf 91' lang='lat' dir='ltr'>a</span> <span class='ocrx_word' id='word_1_389' title='bbox 916 1936 1056 1972; x_wconf 66' lang='lat' dir='ltr'>Neptuno?</span> 
     </span>
     <span class='ocr_line' id='line_1_50' title="bbox 262 1975 1056 2011; baseline -0.003 -9"><span class='ocrx_word' id='word_1_390' title='bbox 262 1976 312 2003; x_wconf 90' lang='lat' dir='ltr'>Cui</span> <span class='ocrx_word' id='word_1_391' title='bbox 323 1985 408 2011; x_wconf 89' lang='lat' dir='ltr'>quum</span> <span class='ocrx_word' id='word_1_392' title='bbox 425 1981 477 2002; x_wconf 90' lang='lat' dir='ltr'>tres</span> <span class='ocrx_word' id='word_1_393' title='bbox 491 1976 640 2010; x_wconf 86' lang='lat' dir='ltr'>optationes</span> <span class='ocrx_word' id='word_1_394' title='bbox 651 1976 791 2010; x_wconf 86' lang='lat' dir='ltr'>Neptunus</span> <span class='ocrx_word' id='word_1_395' title='bbox 805 1975 937 2005; x_wconf 80' lang='lat' dir='ltr'>dedisset,</span> <span class='ocrx_word' id='word_1_396' title='bbox 955 1975 1056 2009; x_wconf 80' lang='lat' dir='ltr'>optavit</span> 
     </span>
     <span class='ocr_line' id='line_1_51' title="bbox 262 2012 1056 2048; baseline -0.003 -9"><span class='ocrx_word' id='word_1_397' title='bbox 262 2014 400 2039; x_wconf 88' lang='lat' dir='ltr'>interitum</span> <span class='ocrx_word' id='word_1_398' title='bbox 409 2012 546 2048; x_wconf 76' lang='lat' dir='ltr'>Hippolyti</span> <span class='ocrx_word' id='word_1_399' title='bbox 558 2012 615 2043; x_wconf 82' lang='lat' dir='ltr'>lilii,</span> <span class='ocrx_word' id='word_1_400' title='bbox 623 2021 709 2047; x_wconf 90' lang='lat' dir='ltr'>quum</span> <span class='ocrx_word' id='word_1_401' title='bbox 721 2013 743 2038; x_wconf 91' lang='lat' dir='ltr'>is</span> <span class='ocrx_word' id='word_1_402' title='bbox 755 2012 823 2046; x_wconf 89' lang='lat' dir='ltr'>patri</span> <span class='ocrx_word' id='word_1_403' title='bbox 833 2017 975 2046; x_wconf 87' lang='lat' dir='ltr'>suspectus</span> <span class='ocrx_word' id='word_1_404' title='bbox 986 2016 1056 2037; x_wconf 90' lang='lat' dir='ltr'>esset</span> 
     </span>
     <span class='ocr_line' id='line_1_52' title="bbox 263 2049 1055 2084; baseline -0.001 -8"><span class='ocrx_word' id='word_1_405' title='bbox 263 2050 296 2077; x_wconf 91' lang='lat' dir='ltr'>de</span> <span class='ocrx_word' id='word_1_406' title='bbox 308 2058 434 2076; x_wconf 84' lang='lat' dir='ltr'>noverca:</span> <span class='ocrx_word' id='word_1_407' title='bbox 457 2058 510 2084; x_wconf 89' lang='lat' dir='ltr'>quo</span> <span class='ocrx_word' id='word_1_408' title='bbox 525 2054 613 2084; x_wconf 87' lang='lat' dir='ltr'>optato</span> <span class='ocrx_word' id='word_1_409' title='bbox 627 2050 779 2084; x_wconf 87' lang='lat' dir='ltr'>impetrato,</span> <span class='ocrx_word' id='word_1_410' title='bbox 797 2049 917 2075; x_wconf 85' lang='lat' dir='ltr'>Theseus</span> <span class='ocrx_word' id='word_1_411' title='bbox 929 2050 956 2075; x_wconf 94' lang='lat' dir='ltr'>in</span> <span class='ocrx_word' id='word_1_412' title='bbox 968 2049 1055 2075; x_wconf 79' lang='lat' dir='ltr'>maxi-</span> 
     </span>
     <span class='ocr_line' id='line_1_53' title="bbox 263 2086 1055 2122; baseline -0.003 -8"><span class='ocrx_word' id='word_1_413' title='bbox 263 2088 315 2114; x_wconf 88' lang='lat' dir='ltr'>mis</span> <span class='ocrx_word' id='word_1_414' title='bbox 328 2087 378 2114; x_wconf 83' lang='lat' dir='ltr'>suit</span> <span class='ocrx_word' id='word_1_415' title='bbox 391 2086 518 2114; x_wconf 79' lang='lat' dir='ltr'>luctibus.</span> <span class='ocrx_word' id='word_1_416' title='bbox 550 2088 591 2113; x_wconf 76' lang='lat'>95.</span> <span class='ocrx_word' id='word_1_417' title='bbox 608 2086 697 2119; x_wconf 76' lang='lat' dir='ltr'>Quid&#39;?</span> <span class='ocrx_word' id='word_1_418' title='bbox 706 2087 898 2122; x_wconf 78' lang='lat' dir='ltr'>Agamemnon,</span> <span class='ocrx_word' id='word_1_419' title='bbox 910 2095 995 2121; x_wconf 91' lang='lat' dir='ltr'>quum</span> <span class='ocrx_word' id='word_1_420' title='bbox 1007 2086 1055 2112; x_wconf 89' lang='lat' dir='ltr'>de-</span> 
     </span>
     <span class='ocr_line' id='line_1_54' title="bbox 262 2125 1056 2157; baseline -0.001 -7"><span class='ocrx_word' id='word_1_421' title='bbox 262 2125 382 2152; x_wconf 80' lang='lat' dir='ltr'>vovisset</span> <span class='ocrx_word' id='word_1_422' title='bbox 388 2125 494 2155; x_wconf 85' lang='lat' dir='ltr'>Dianae,</span> <span class='ocrx_word' id='word_1_423' title='bbox 503 2126 569 2157; x_wconf 81' lang='lat' dir='ltr'>quod</span> <span class='ocrx_word' id='word_1_424' title='bbox 581 2126 607 2150; x_wconf 83' lang='lat' dir='ltr'>in</span> <span class='ocrx_word' id='word_1_425' title='bbox 617 2133 662 2150; x_wconf 85' lang='lat' dir='ltr'>suo</span> <span class='ocrx_word' id='word_1_426' title='bbox 673 2133 750 2157; x_wconf 67' lang='lat' dir='ltr'>regno</span> <span class='ocrx_word' id='word_1_427' title='bbox 759 2126 957 2156; x_wconf 77' lang='lat' dir='ltr'>pulcherrimum</span> <span class='ocrx_word' id='word_1_428' title='bbox 968 2128 1056 2149; x_wconf 82' lang='lat' dir='ltr'>nalum</span> 
     </span>
     <span class='ocr_line' id='line_1_55' title="bbox 263 2160 1056 2196; baseline -0.003 -8"><span class='ocrx_word' id='word_1_429' title='bbox 263 2166 324 2188; x_wconf 78' lang='lat' dir='ltr'>esset</span> <span class='ocrx_word' id='word_1_430' title='bbox 336 2163 380 2188; x_wconf 72' lang='lat' dir='ltr'>illo</span> <span class='ocrx_word' id='word_1_431' title='bbox 391 2170 470 2191; x_wconf 84' lang='lat' dir='ltr'>anno,</span> <span class='ocrx_word' id='word_1_432' title='bbox 488 2160 637 2187; x_wconf 88' lang='lat' dir='ltr'>immolavit</span> <span class='ocrx_word' id='word_1_433' title='bbox 647 2161 815 2196; x_wconf 79' lang='lat' dir='ltr'>Iphigeniam</span> <span class='ocrx_word' id='word_1_434' title='bbox 824 2181 830 2192; x_wconf 85' lang='lat'>‚</span> <span class='ocrx_word' id='word_1_435' title='bbox 852 2169 905 2196; x_wconf 89' lang='lat' dir='ltr'>qua</span> <span class='ocrx_word' id='word_1_436' title='bbox 918 2160 987 2186; x_wconf 87' lang='lat' dir='ltr'>nihil</span> <span class='ocrx_word' id='word_1_437' title='bbox 1001 2165 1056 2187; x_wconf 89' lang='lat' dir='ltr'>erat</span> 
     </span>
     <span class='ocr_line' id='line_1_56' title="bbox 261 2198 1055 2234; baseline -0.001 -9"><span class='ocrx_word' id='word_1_438' title='bbox 261 2207 293 2225; x_wconf 91' lang='lat' dir='ltr'>eo</span> <span class='ocrx_word' id='word_1_439' title='bbox 303 2198 414 2234; x_wconf 90' lang='lat' dir='ltr'>quidem</span> <span class='ocrx_word' id='word_1_440' title='bbox 426 2207 494 2225; x_wconf 88' lang='lat' dir='ltr'>anno</span> <span class='ocrx_word' id='word_1_441' title='bbox 505 2203 597 2225; x_wconf 91' lang='lat' dir='ltr'>natum</span> <span class='ocrx_word' id='word_1_442' title='bbox 609 2198 760 2233; x_wconf 87' lang='lat' dir='ltr'>pulchrius.</span> <span class='ocrx_word' id='word_1_443' title='bbox 791 2199 955 2224; x_wconf 82' lang='lat' dir='ltr'>Promissum</span> <span class='ocrx_word' id='word_1_444' title='bbox 966 2199 1055 2232; x_wconf 90' lang='lat' dir='ltr'>potius</span> 
     </span>
     <span class='ocr_line' id='line_1_57' title="bbox 262 2235 1057 2270; baseline -0.001 -8"><span class='ocrx_word' id='word_1_445' title='bbox 262 2244 314 2262; x_wconf 90' lang='lat' dir='ltr'>non</span> <span class='ocrx_word' id='word_1_446' title='bbox 330 2235 498 2267; x_wconf 84' lang='lat' dir='ltr'>faciendum,</span> <span class='ocrx_word' id='word_1_447' title='bbox 514 2244 595 2270; x_wconf 87' lang='lat' dir='ltr'>quam</span> <span class='ocrx_word' id='word_1_448' title='bbox 608 2240 660 2262; x_wconf 87' lang='lat' dir='ltr'>tam</span> <span class='ocrx_word' id='word_1_449' title='bbox 672 2240 786 2262; x_wconf 89' lang='lat' dir='ltr'>taetrum</span> <span class='ocrx_word' id='word_1_450' title='bbox 797 2235 901 2262; x_wconf 84' lang='lat' dir='ltr'>facinus</span> <span class='ocrx_word' id='word_1_451' title='bbox 912 2235 1057 2261; x_wconf 84' lang='lat' dir='ltr'>admitten—</span> 
     </span>
     <span class='ocr_line' id='line_1_58' title="bbox 261 2272 1055 2308; baseline -0.003 -8"><span class='ocrx_word' id='word_1_452' title='bbox 261 2272 327 2300; x_wconf 89' lang='lat' dir='ltr'>dum</span> <span class='ocrx_word' id='word_1_453' title='bbox 343 2273 402 2300; x_wconf 87' lang='lat' dir='ltr'>suit.</span> <span class='ocrx_word' id='word_1_454' title='bbox 443 2273 512 2308; x_wconf 83' lang='lat' dir='ltr'>Ergo</span> <span class='ocrx_word' id='word_1_455' title='bbox 527 2277 551 2299; x_wconf 91' lang='lat' dir='ltr'>et</span> <span class='ocrx_word' id='word_1_456' title='bbox 566 2273 698 2308; x_wconf 89' lang='lat' dir='ltr'>promissa</span> <span class='ocrx_word' id='word_1_457' title='bbox 713 2281 764 2299; x_wconf 90' lang='lat' dir='ltr'>non</span> <span class='ocrx_word' id='word_1_458' title='bbox 780 2272 901 2299; x_wconf 86' lang='lat' dir='ltr'>facienda</span> <span class='ocrx_word' id='word_1_459' title='bbox 921 2281 1055 2298; x_wconf 89' lang='lat' dir='ltr'>nonnum-</span> 
     </span>
     <span class='ocr_line' id='line_1_59' title="bbox 262 2309 1054 2345; baseline -0.001 -9"><span class='ocrx_word' id='word_1_460' title='bbox 262 2318 354 2345; x_wconf 85' lang='lat' dir='ltr'>quam,</span> <span class='ocrx_word' id='word_1_461' title='bbox 368 2318 455 2345; x_wconf 90' lang='lat' dir='ltr'>neque</span> <span class='ocrx_word' id='word_1_462' title='bbox 466 2318 572 2344; x_wconf 88' lang='lat' dir='ltr'>semper</span> <span class='ocrx_word' id='word_1_463' title='bbox 581 2309 702 2344; x_wconf 89' lang='lat' dir='ltr'>deposita</span> <span class='ocrx_word' id='word_1_464' title='bbox 714 2309 860 2336; x_wconf 90' lang='lat' dir='ltr'>reddenda.</span> <span class='ocrx_word' id='word_1_465' title='bbox 895 2309 922 2335; x_wconf 85' lang='lat' dir='ltr'>Si</span> <span class='ocrx_word' id='word_1_466' title='bbox 933 2309 1054 2344; x_wconf 82' lang='lat' dir='ltr'>gladium</span> 
     </span>
     <span class='ocr_line' id='line_1_60' title="bbox 262 2347 1055 2382; baseline -0.001 -9"><span class='ocrx_word' id='word_1_467' title='bbox 262 2349 324 2382; x_wconf 92' lang='lat' dir='ltr'>quis</span> <span class='ocrx_word' id='word_1_468' title='bbox 345 2347 417 2382; x_wconf 90' lang='lat' dir='ltr'>apud</span> <span class='ocrx_word' id='word_1_469' title='bbox 439 2352 463 2374; x_wconf 88' lang='lat' dir='ltr'>te</span> <span class='ocrx_word' id='word_1_470' title='bbox 483 2355 547 2374; x_wconf 92' lang='lat' dir='ltr'>sana</span> <span class='ocrx_word' id='word_1_471' title='bbox 569 2352 656 2374; x_wconf 88' lang='lat' dir='ltr'>mente</span> <span class='ocrx_word' id='word_1_472' title='bbox 675 2347 843 2381; x_wconf 87' lang='lat' dir='ltr'>deposuerit,</span> <span class='ocrx_word' id='word_1_473' title='bbox 866 2351 966 2381; x_wconf 86' lang='lat' dir='ltr'>repetat</span> <span class='ocrx_word' id='word_1_474' title='bbox 982 2347 1055 2373; x_wconf 88' lang='lat' dir='ltr'>insa-</span> 
     </span>
     <span class='ocr_line' id='line_1_61' title="bbox 263 2383 1052 2419; baseline -0.001 -8"><span class='ocrx_word' id='word_1_475' title='bbox 263 2386 353 2411; x_wconf 85' lang='lat' dir='ltr'>niens:</span> <span class='ocrx_word' id='word_1_476' title='bbox 376 2384 487 2411; x_wconf 87' lang='lat' dir='ltr'>reddere</span> <span class='ocrx_word' id='word_1_477' title='bbox 503 2389 642 2419; x_wconf 89' lang='lat' dir='ltr'>peccatum</span> <span class='ocrx_word' id='word_1_478' title='bbox 656 2385 704 2415; x_wconf 87' lang='lat' dir='ltr'>sit,</span> <span class='ocrx_word' id='word_1_479' title='bbox 727 2383 848 2410; x_wconf 76' lang='lat' dir='ltr'>officium</span> <span class='ocrx_word' id='word_1_480' title='bbox 863 2392 916 2410; x_wconf 92' lang='lat' dir='ltr'>non</span> <span class='ocrx_word' id='word_1_481' title='bbox 932 2383 1052 2410; x_wconf 88' lang='lat' dir='ltr'>reddere.</span> 
     </span>
     <span class='ocr_line' id='line_1_62' title="bbox 262 2421 1054 2457; baseline -0.001 -9"><span class='ocrx_word' id='word_1_482' title='bbox 262 2421 352 2453; x_wconf 70' lang='lat' dir='ltr'>Quid?</span> <span class='ocrx_word' id='word_1_483' title='bbox 361 2423 384 2448; x_wconf 92' lang='lat' dir='ltr'>si</span> <span class='ocrx_word' id='word_1_484' title='bbox 396 2423 427 2453; x_wconf 90' lang='lat' dir='ltr'>is,</span> <span class='ocrx_word' id='word_1_485' title='bbox 439 2423 488 2457; x_wconf 89' lang='lat' dir='ltr'>qui</span> <span class='ocrx_word' id='word_1_486' title='bbox 499 2422 571 2457; x_wconf 90' lang='lat' dir='ltr'>apud</span> <span class='ocrx_word' id='word_1_487' title='bbox 582 2426 606 2448; x_wconf 89' lang='lat' dir='ltr'>te</span> <span class='ocrx_word' id='word_1_488' title='bbox 617 2422 760 2456; x_wconf 89' lang='lat' dir='ltr'>pecuniam</span> <span class='ocrx_word' id='word_1_489' title='bbox 771 2421 937 2456; x_wconf 85' lang='lat' dir='ltr'>deposuerit,</span> <span class='ocrx_word' id='word_1_490' title='bbox 951 2421 1054 2448; x_wconf 90' lang='lat' dir='ltr'>bellum</span> 
     </span>
     <span class='ocr_line' id='line_1_63' title="bbox 263 2457 1055 2494; baseline 0 -10"><span class='ocrx_word' id='word_1_491' title='bbox 263 2458 358 2485; x_wconf 80' lang='lat' dir='ltr'>inferat</span> <span class='ocrx_word' id='word_1_492' title='bbox 368 2460 477 2494; x_wconf 81' lang='lat' dir='ltr'>patriae,</span> <span class='ocrx_word' id='word_1_493' title='bbox 491 2459 621 2485; x_wconf 88' lang='lat' dir='ltr'>reddasne</span> <span class='ocrx_word' id='word_1_494' title='bbox 632 2457 802 2493; x_wconf 68' lang='lat' dir='ltr'>depositum?</span> <span class='ocrx_word' id='word_1_495' title='bbox 822 2459 889 2489; x_wconf 87' lang='lat' dir='ltr'>Non,</span> <span class='ocrx_word' id='word_1_496' title='bbox 905 2458 997 2485; x_wconf 88' lang='lat' dir='ltr'>credo:</span> <span class='ocrx_word' id='word_1_497' title='bbox 1014 2457 1055 2484; x_wconf 80' lang='lat' dir='ltr'>fa-</span> 
     </span>
     <span class='ocr_line' id='line_1_64' title="bbox 263 2495 1055 2536; baseline 0.001 -16"><span class='ocrx_word' id='word_1_498' title='bbox 263 2495 318 2536; x_wconf 79' lang='lat' dir='ltr'>cias</span> <span class='ocrx_word' id='word_1_499' title='bbox 329 2497 401 2522; x_wconf 92' lang='lat' dir='ltr'>enim</span> <span class='ocrx_word' id='word_1_500' title='bbox 413 2501 502 2523; x_wconf 88' lang='lat' dir='ltr'>contra</span> <span class='ocrx_word' id='word_1_501' title='bbox 515 2495 720 2531; x_wconf 86' lang='lat' dir='ltr'>rempublicam,</span> <span class='ocrx_word' id='word_1_502' title='bbox 733 2503 802 2530; x_wconf 88' lang='lat' dir='ltr'>quae</span> <span class='ocrx_word' id='word_1_503' title='bbox 812 2495 892 2521; x_wconf 87' lang='lat' dir='ltr'>debet</span> <span class='ocrx_word' id='word_1_504' title='bbox 902 2503 960 2522; x_wconf 90' lang='lat' dir='ltr'>esse</span> <span class='ocrx_word' id='word_1_505' title='bbox 970 2496 1055 2522; x_wconf 84' lang='lat' dir='ltr'>caris-</span> 
     </span>
     <span class='ocr_line' id='line_1_65' title="bbox 263 2540 339 2557; baseline 0 0"><span class='ocrx_word' id='word_1_506' title='bbox 263 2540 339 2557; x_wconf 84' lang='lat' dir='ltr'>sima.</span> 
     </span>
     <span class='ocr_line' id='line_1_66' title="bbox 263 2569 1055 2604; baseline 0.003 -10"><span class='ocrx_word' id='word_1_507' title='bbox 263 2569 428 2603; x_wconf 84' lang='lat' dir='ltr'>temporibus</span> <span class='ocrx_word' id='word_1_508' title='bbox 441 2570 507 2597; x_wconf 82' lang='lat' dir='ltr'>fiunt</span> <span class='ocrx_word' id='word_1_509' title='bbox 521 2579 573 2598; x_wconf 90' lang='lat' dir='ltr'>non</span> <span class='ocrx_word' id='word_1_510' title='bbox 585 2570 705 2597; x_wconf 85' lang='lat' dir='ltr'>honesta.</span> <span class='ocrx_word' id='word_1_511' title='bbox 738 2569 835 2596; x_wconf 86' lang='lat' dir='ltr'>Facere</span> <span class='ocrx_word' id='word_1_512' title='bbox 846 2570 987 2604; x_wconf 85' lang='lat' dir='ltr'>promissa.</span> <span class='ocrx_word' id='word_1_513' title='bbox 1000 2574 1055 2596; x_wconf 80' lang='lat' dir='ltr'>sta-</span> 
     </span>
     <span class='ocr_line' id='line_1_67' title="bbox 265 2606 1052 2642; baseline 0.003 -11"><span class='ocrx_word' id='word_1_514' title='bbox 265 2613 292 2631; x_wconf 91' lang='lat' dir='ltr'>re</span> <span class='ocrx_word' id='word_1_515' title='bbox 307 2608 458 2637; x_wconf 90' lang='lat' dir='ltr'>conventis,</span> <span class='ocrx_word' id='word_1_516' title='bbox 477 2607 587 2634; x_wconf 87' lang='lat' dir='ltr'>reddere</span> <span class='ocrx_word' id='word_1_517' title='bbox 600 2607 735 2642; x_wconf 87' lang='lat' dir='ltr'>deposita,</span> <span class='ocrx_word' id='word_1_518' title='bbox 752 2611 914 2633; x_wconf 83' lang='lat' dir='ltr'>commutata</span> <span class='ocrx_word' id='word_1_519' title='bbox 928 2606 1052 2637; x_wconf 86' lang='lat' dir='ltr'>utilitate,</span> 
     </span>
    </p>
   </div>
   <div class='ocr_carea' id='block_1_7' title="bbox 265 2640 1055 2680">
    <p class='ocr_par' dir='ltr' id='par_1_7' title="bbox 265 2640 1055 2680">
     <span class='ocr_line' id='line_1_68' title="bbox 265 2640 1055 2680; baseline 0.001 -11"><span class='ocrx_word' id='word_1_520' title='bbox 265 2641 332 2670; x_wconf 79' lang='lat' dir='ltr'>liunt</span> <span class='ocrx_word' id='word_1_521' title='bbox 343 2651 395 2670; x_wconf 92' lang='lat' dir='ltr'>non</span> <span class='ocrx_word' id='word_1_522' title='bbox 404 2643 523 2671; x_wconf 87' lang='lat' dir='ltr'>honesta.</span> <span class='ocrx_word' id='word_1_523' title='bbox 563 2640 644 2672; x_wconf 76' lang='lat' dir='ltr'>Aede</span> <span class='ocrx_word' id='word_1_524' title='bbox 656 2645 689 2671; x_wconf 92' lang='lat' dir='ltr'>iis</span> <span class='ocrx_word' id='word_1_525' title='bbox 699 2643 824 2680; x_wconf 87' lang='lat' dir='ltr'>quidem,</span> <span class='ocrx_word' id='word_1_526' title='bbox 844 2652 913 2679; x_wconf 89' lang='lat' dir='ltr'>quae</span> <span class='ocrx_word' id='word_1_527' title='bbox 928 2643 1055 2671; x_wconf 79' lang='lat' dir='ltr'>videntur</span> 
     </span>
    </p>
   </div>
   <div class='ocr_carea' id='block_1_8' title="bbox 1078 187 1081 209">
    <p class='ocr_par' dir='ltr' id='par_1_8' title="bbox 1078 187 1081 209">
     <span class='ocr_line' id='line_1_69' title="bbox 1078 187 1081 209; baseline 0 0"><span class='ocrx_word' id='word_1_528' title='bbox 1078 187 1081 209; x_wconf 77' lang='lat' dir='ltr'>l</span> 
     </span>
    </p>
   </div>
   <div class='ocr_carea' id='block_1_9' title="bbox 1080 224 1084 755">
    <p class='ocr_par' dir='ltr' id='par_1_9' title="bbox 1080 224 1084 755">
     <span class='ocr_line' id='line_1_70' title="bbox 1080 224 1084 755; baseline 0 0"><span class='ocrx_word' id='word_1_529' title='bbox 1080 224 1084 755; x_wconf 95' lang='lat' dir='ltr'> </span> 
     </span>
    </p>
   </div>
   <div class='ocr_carea' id='block_1_10' title="bbox 1081 857 1246 884">
    <p class='ocr_par' dir='ltr' id='par_1_10' title="bbox 1081 857 1246 884">
     <span class='ocr_line' id='line_1_71' title="bbox 1081 857 1246 884; baseline -0.006 0"><span class='ocrx_word' id='word_1_530' title='bbox 1081 877 1082 884; x_wconf 42' lang='lat'>1</span> <span class='ocrx_word' id='word_1_531' title='bbox 1103 867 1164 884; x_wconf 88' lang='lat' dir='ltr'>cum</span> <span class='ocrx_word' id='word_1_532' title='bbox 1182 857 1246 883; x_wconf 81' lang='lat' dir='ltr'>lilio.</span> 
     </span>
    </p>
   </div>
   <div class='ocr_carea' id='block_1_11' title="bbox 1082 911 1085 2373">
    <p class='ocr_par' dir='ltr' id='par_1_11' title="bbox 1082 911 1085 2373">
     <span class='ocr_line' id='line_1_72' title="bbox 1082 911 1085 2373; baseline 0 0"><span class='ocrx_word' id='word_1_533' title='bbox 1082 911 1085 2373; x_wconf 95' lang='lat' dir='ltr'> </span> 
     </span>
    </p>
   </div>
   <div class='ocr_carea' id='block_1_12' title="bbox 1074 218 1079 2435">
    <p class='ocr_par' dir='ltr' id='par_1_12' title="bbox 1074 218 1079 2435">
     <span class='ocr_line' id='line_1_73' title="bbox 1074 218 1079 2435; baseline 0 0"><span class='ocrx_word' id='word_1_534' title='bbox 1074 218 1079 2435; x_wconf 95' lang='lat' dir='ltr'> </span> 
     </span>
    </p>
   </div>
   <div class='ocr_carea' id='block_1_13' title="bbox 379 2532 1077 2569">
    <p class='ocr_par' dir='ltr' id='par_1_13' title="bbox 379 2532 1077 2569">
     <span class='ocr_line' id='line_1_74' title="bbox 379 2532 1077 2569; baseline -0.001 -10"><span class='ocrx_word' id='word_1_535' title='bbox 379 2533 423 2559; x_wconf 90' lang='lat' dir='ltr'>Sic</span> <span class='ocrx_word' id='word_1_536' title='bbox 436 2534 528 2564; x_wconf 88' lang='lat' dir='ltr'>multa,</span> <span class='ocrx_word' id='word_1_537' title='bbox 540 2542 609 2569; x_wconf 86' lang='lat' dir='ltr'>quae</span> <span class='ocrx_word' id='word_1_538' title='bbox 621 2533 732 2560; x_wconf 86' lang='lat' dir='ltr'>honesta</span> <span class='ocrx_word' id='word_1_539' title='bbox 743 2538 836 2558; x_wconf 90' lang='lat' dir='ltr'>natura</span> <span class='ocrx_word' id='word_1_540' title='bbox 847 2532 974 2559; x_wconf 78' lang='lat' dir='ltr'>videntur</span> <span class='ocrx_word' id='word_1_541' title='bbox 984 2541 1052 2563; x_wconf 85' lang='lat' dir='ltr'>esse,</span> <span class='ocrx_word' id='word_1_542' title='bbox 1075 2553 1077 2563; x_wconf 74' lang='lat'>,</span> 
     </span>
    </p>
   </div>
   <div class='ocr_carea' id='block_1_14' title="bbox 827 116 1318 145">
    <p class='ocr_par' dir='ltr' id='par_1_14' title="bbox 827 116 1318 145">
     <span class='ocr_line' id='line_1_75' title="bbox 827 116 1318 145; baseline -0.006 0"><span class='ocrx_word' id='word_1_543' title='bbox 827 121 883 145; x_wconf 73' lang='lat'>⁴38.</span> <span class='ocrx_word' id='word_1_544' title='bbox 918 119 953 144; x_wconf 84' lang='grc' dir='ltr'>Μ.</span> <span class='ocrx_word' id='word_1_545' title='bbox 983 118 1014 144; x_wconf 87' lang='grc' dir='ltr'>Τ.</span> <span class='ocrx_word' id='word_1_546' title='bbox 1044 116 1318 143; x_wconf 69' lang='lat' dir='ltr'>CICERONIS</span> 
     </span>
    </p>
   </div>
   <div class='ocr_carea' id='block_1_15' title="bbox 1103 185 1896 1375">
    <p class='ocr_par' dir='ltr' id='par_1_15' title="bbox 1103 185 1890 250">
     <span class='ocr_line' id='line_1_76' title="bbox 1103 185 1890 221; baseline 0.001 -8"><span class='ocrx_word' id='word_1_547' title='bbox 1103 195 1161 213; x_wconf 67' lang='lat' dir='ltr'>esse</span> <span class='ocrx_word' id='word_1_548' title='bbox 1173 189 1295 213; x_wconf 74' lang='lat' dir='ltr'>utimum</span> <span class='ocrx_word' id='word_1_549' title='bbox 1305 191 1395 213; x_wconf 84' lang='lat' dir='ltr'>contra</span> <span class='ocrx_word' id='word_1_550' title='bbox 1407 188 1540 217; x_wconf 72' lang='lat' dir='ltr'>inutilium,</span> <span class='ocrx_word' id='word_1_551' title='bbox 1551 185 1722 214; x_wconf 78' lang='lat' dir='ltr'>simulatione</span> <span class='ocrx_word' id='word_1_552' title='bbox 1729 189 1890 221; x_wconf 72' lang='lat' dir='ltr'>pmdmuae,</span> 
     </span>
     <span class='ocr_line' id='line_1_77' title="bbox 1103 223 1413 250; baseline -0.003 0"><span class='ocrx_word' id='word_1_553' title='bbox 1103 225 1167 250; x_wconf 71' lang='lat' dir='ltr'>natis</span> <span class='ocrx_word' id='word_1_554' title='bbox 1178 223 1290 250; x_wconf 76' lang='lat' dir='ltr'>arbitror</span> <span class='ocrx_word' id='word_1_555' title='bbox 1300 223 1413 250; x_wconf 84' lang='lat' dir='ltr'>dictum.</span> 
     </span>
    </p>

    <p class='ocr_par' dir='ltr' id='par_1_16' title="bbox 1103 260 1895 591">
     <span class='ocr_line' id='line_1_78' title="bbox 1159 260 1894 296; baseline 0.003 -10"><span class='ocrx_word' id='word_1_556' title='bbox 1159 263 1200 287; x_wconf 73' lang='lat'>96.</span> <span class='ocrx_word' id='word_1_557' title='bbox 1213 260 1265 287; x_wconf 86' lang='lat' dir='ltr'>Sed</span> <span class='ocrx_word' id='word_1_558' title='bbox 1277 262 1404 296; x_wconf 81' lang='lat' dir='ltr'>quoniam</span> <span class='ocrx_word' id='word_1_559' title='bbox 1415 269 1428 286; x_wconf 83' lang='grc' dir='ltr'>ι</span> <span class='ocrx_word' id='word_1_560' title='bbox 1440 265 1560 294; x_wconf 79' lang='lat' dir='ltr'>quattuor</span> <span class='ocrx_word' id='word_1_561' title='bbox 1569 262 1680 293; x_wconf 73' lang='lat' dir='ltr'>soniam</span> <span class='ocrx_word' id='word_1_562' title='bbox 1689 262 1826 287; x_wconf 64' lang='lat' dir='ltr'>honustum</span> <span class='ocrx_word' id='word_1_563' title='bbox 1837 261 1894 296; x_wconf 84' lang='lat' dir='ltr'>pri-</span> 
     </span>
     <span class='ocr_line' id='line_1_79' title="bbox 1107 297 1892 333; baseline -0.001 -8"><span class='ocrx_word' id='word_1_564' title='bbox 1107 308 1148 325; x_wconf 84' lang='lat' dir='ltr'>mo</span> <span class='ocrx_word' id='word_1_565' title='bbox 1161 298 1228 324; x_wconf 82' lang='lat' dir='ltr'>libro</span> <span class='ocrx_word' id='word_1_566' title='bbox 1237 297 1324 324; x_wconf 76' lang='lat' dir='ltr'>oflicia</span> <span class='ocrx_word' id='word_1_567' title='bbox 1331 298 1470 326; x_wconf 70' lang='lat' dir='ltr'>duximus,</span> <span class='ocrx_word' id='word_1_568' title='bbox 1480 298 1506 323; x_wconf 90' lang='lat' dir='ltr'>in</span> <span class='ocrx_word' id='word_1_569' title='bbox 1513 297 1614 324; x_wconf 74' lang='lat' dir='ltr'>eisdem</span> <span class='ocrx_word' id='word_1_570' title='bbox 1623 298 1798 328; x_wconf 74' lang='lat' dir='ltr'>versabimur,</span> <span class='ocrx_word' id='word_1_571' title='bbox 1807 307 1892 333; x_wconf 80' lang='lat' dir='ltr'>quum</span> 
     </span>
     <span class='ocr_line' id='line_1_80' title="bbox 1103 334 1892 371; baseline 0 -9"><span class='ocrx_word' id='word_1_572' title='bbox 1103 335 1270 365; x_wconf 73' lang='lat' dir='ltr'>docebimus,</span> <span class='ocrx_word' id='word_1_573' title='bbox 1283 344 1322 365; x_wconf 78' lang='lat' dir='ltr'>ee.</span> <span class='ocrx_word' id='word_1_574' title='bbox 1336 344 1405 370; x_wconf 77' lang='lat' dir='ltr'>quae</span> <span class='ocrx_word' id='word_1_575' title='bbox 1418 334 1542 361; x_wconf 86' lang='lat' dir='ltr'>videntur</span> <span class='ocrx_word' id='word_1_576' title='bbox 1551 343 1610 361; x_wconf 70' lang='lat' dir='ltr'>esse</span> <span class='ocrx_word' id='word_1_577' title='bbox 1623 335 1708 366; x_wconf 77' lang='lat' dir='ltr'>utilia.</span> <span class='ocrx_word' id='word_1_578' title='bbox 1722 344 1807 371; x_wconf 82' lang='lat' dir='ltr'>neque</span> <span class='ocrx_word' id='word_1_579' title='bbox 1820 341 1892 366; x_wconf 75' lang='lat' dir='ltr'>sunt,</span> 
     </span>
     <span class='ocr_line' id='line_1_81' title="bbox 1103 371 1891 408; baseline 0.001 -10"><span class='ocrx_word' id='word_1_580' title='bbox 1103 382 1184 408; x_wconf 80' lang='lat' dir='ltr'>quani</span> <span class='ocrx_word' id='word_1_581' title='bbox 1196 374 1249 398; x_wconf 80' lang='lat' dir='ltr'>sint</span> <span class='ocrx_word' id='word_1_582' title='bbox 1262 373 1368 399; x_wconf 83' lang='lat' dir='ltr'>virtutis</span> <span class='ocrx_word' id='word_1_583' title='bbox 1380 372 1498 399; x_wconf 86' lang='lat' dir='ltr'>inimica.</span> <span class='ocrx_word' id='word_1_584' title='bbox 1533 373 1570 398; x_wconf 77' lang='lat' dir='ltr'>Ac</span> <span class='ocrx_word' id='word_1_585' title='bbox 1580 371 1613 398; x_wconf 87' lang='lat' dir='ltr'>de</span> <span class='ocrx_word' id='word_1_586' title='bbox 1622 375 1758 405; x_wconf 76' lang='lat' dir='ltr'>prudentia</span> <span class='ocrx_word' id='word_1_587' title='bbox 1769 372 1891 408; x_wconf 80' lang='lat' dir='ltr'>quidem,</span> 
     </span>
     <span class='ocr_line' id='line_1_82' title="bbox 1103 409 1894 445; baseline 0.001 -10"><span class='ocrx_word' id='word_1_588' title='bbox 1103 419 1184 445; x_wconf 85' lang='lat' dir='ltr'>quam</span> <span class='ocrx_word' id='word_1_589' title='bbox 1197 409 1254 436; x_wconf 86' lang='lat' dir='ltr'>vult</span> <span class='ocrx_word' id='word_1_590' title='bbox 1266 410 1364 436; x_wconf 79' lang='lat' dir='ltr'>imitari</span> <span class='ocrx_word' id='word_1_591' title='bbox 1381 411 1492 438; x_wconf 78' lang='lat' dir='ltr'>malitia,</span> <span class='ocrx_word' id='word_1_592' title='bbox 1510 409 1626 444; x_wconf 81' lang='lat' dir='ltr'>itemque</span> <span class='ocrx_word' id='word_1_593' title='bbox 1641 409 1674 435; x_wconf 88' lang='lat' dir='ltr'>de</span> <span class='ocrx_word' id='word_1_594' title='bbox 1691 413 1802 439; x_wconf 70' lang='lat' dir='ltr'>iustitia,</span> <span class='ocrx_word' id='word_1_595' title='bbox 1845 418 1894 436; x_wconf 83' lang='lat' dir='ltr'>uae</span> 
     </span>
     <span class='ocr_line' id='line_1_83' title="bbox 1103 419 1894 482; baseline 0 -8"><span class='ocrx_word' id='word_1_596' title='bbox 1103 456 1210 482; x_wconf 79' lang='lat' dir='ltr'>semper</span> <span class='ocrx_word' id='word_1_597' title='bbox 1219 452 1259 473; x_wconf 77' lang='lat' dir='ltr'>est</span> <span class='ocrx_word' id='word_1_598' title='bbox 1271 446 1353 477; x_wconf 77' lang='lat' dir='ltr'>utilis,</span> <span class='ocrx_word' id='word_1_599' title='bbox 1361 446 1527 481; x_wconf 70' lang='lat' dir='ltr'>disputatum</span> <span class='ocrx_word' id='word_1_600' title='bbox 1539 451 1588 472; x_wconf 80' lang='lat' dir='ltr'>est.</span> <span class='ocrx_word' id='word_1_601' title='bbox 1613 446 1740 481; x_wconf 75' lang='lat' dir='ltr'>Reliquae</span> <span class='ocrx_word' id='word_1_602' title='bbox 1751 451 1814 473; x_wconf 80' lang='lat' dir='ltr'>aunt</span> <span class='ocrx_word' id='word_1_603' title='bbox 1824 419 1894 474; x_wconf 57' lang='lat' dir='ltr'>:lune</span> 
     </span>
     <span class='ocr_line' id='line_1_84' title="bbox 1104 483 1895 520; baseline 0 -9"><span class='ocrx_word' id='word_1_604' title='bbox 1104 490 1190 520; x_wconf 77' lang='lat' dir='ltr'>partes</span> <span class='ocrx_word' id='word_1_605' title='bbox 1207 483 1365 515; x_wconf 75' lang='lat' dir='ltr'>honestatis,</span> <span class='ocrx_word' id='word_1_606' title='bbox 1387 492 1502 518; x_wconf 87' lang='lat' dir='ltr'>quarum</span> <span class='ocrx_word' id='word_1_607' title='bbox 1517 483 1597 510; x_wconf 84' lang='lat' dir='ltr'>altera</span> <span class='ocrx_word' id='word_1_608' title='bbox 1614 486 1639 509; x_wconf 80' lang='lat' dir='ltr'>in</span> <span class='ocrx_word' id='word_1_609' title='bbox 1652 486 1733 510; x_wconf 73' lang='lat' dir='ltr'>animi</span> <span class='ocrx_word' id='word_1_610' title='bbox 1747 486 1895 511; x_wconf 65' lang='lat' dir='ltr'>excellentia</span> 
     </span>
     <span class='ocr_line' id='line_1_85' title="bbox 1104 519 1895 555; baseline -0.001 -7"><span class='ocrx_word' id='word_1_611' title='bbox 1104 524 1277 555; x_wconf 73' lang='lat' dir='ltr'>rnayni&#39;tudi‘ae</span> <span class='ocrx_word' id='word_1_612' title='bbox 1287 527 1309 548; x_wconf 76' lang='lat' dir='ltr'>et</span> <span class='ocrx_word' id='word_1_613' title='bbox 1318 523 1478 555; x_wconf 67' lang='lat' dir='ltr'>praestantia</span> <span class='ocrx_word' id='word_1_614' title='bbox 1489 521 1614 551; x_wconf 90' lang='lat' dir='ltr'>cernitur,</span> <span class='ocrx_word' id='word_1_615' title='bbox 1623 519 1704 547; x_wconf 77' lang='lat' dir='ltr'>altera</span> <span class='ocrx_word' id='word_1_616' title='bbox 1716 521 1742 547; x_wconf 86' lang='lat' dir='ltr'>in</span> <span class='ocrx_word' id='word_1_617' title='bbox 1751 524 1895 555; x_wconf 68' lang='lat' dir='ltr'>conforma-</span> 
     </span>
     <span class='ocr_line' id='line_1_86' title="bbox 1104 558 1792 591; baseline -0.003 -6"><span class='ocrx_word' id='word_1_618' title='bbox 1104 563 1169 586; x_wconf 74' lang='lat' dir='ltr'>tione</span> <span class='ocrx_word' id='word_1_619' title='bbox 1179 564 1201 584; x_wconf 80' lang='lat' dir='ltr'>et</span> <span class='ocrx_word' id='word_1_620' title='bbox 1214 561 1382 585; x_wconf 73' lang='lat' dir='ltr'>moderatione</span> <span class='ocrx_word' id='word_1_621' title='bbox 1393 561 1561 584; x_wconf 74' lang='lat' dir='ltr'>continentiae</span> <span class='ocrx_word' id='word_1_622' title='bbox 1571 563 1593 583; x_wconf 82' lang='lat' dir='ltr'>et</span> <span class='ocrx_word' id='word_1_623' title='bbox 1604 558 1792 591; x_wconf 56' lang='lat' dir='ltr'>temperanfle.</span> 
     </span>
    </p>

    <p class='ocr_par' dir='ltr' id='par_1_17' title="bbox 1104 594 1896 1144">
     <span class='ocr_line' id='line_1_87' title="bbox 1159 594 1895 630; baseline 0 -8"><span class='ocrx_word' id='word_1_624' title='bbox 1159 595 1253 622; x_wconf 74' lang='lat' dir='ltr'>XXVI.</span> <span class='ocrx_word' id='word_1_625' title='bbox 1275 597 1316 622; x_wconf 86' lang='lat'>97.</span> <span class='ocrx_word' id='word_1_626' title='bbox 1338 595 1406 622; x_wconf 85' lang='lat' dir='ltr'>Utile</span> <span class='ocrx_word' id='word_1_627' title='bbox 1422 594 1563 621; x_wconf 84' lang='lat' dir='ltr'>videbatur</span> <span class='ocrx_word' id='word_1_628' title='bbox 1574 594 1655 625; x_wconf 85' lang='lat' dir='ltr'>Ulixi,</span> <span class='ocrx_word' id='word_1_629' title='bbox 1672 594 1819 630; x_wconf 86' lang='lat' dir='ltr'>utquidem</span> <span class='ocrx_word' id='word_1_630' title='bbox 1831 603 1895 630; x_wconf 84' lang='lat' dir='ltr'>poe-</span> 
     </span>
     <span class='ocr_line' id='line_1_88' title="bbox 1105 631 1895 668; baseline -0.003 -8"><span class='ocrx_word' id='word_1_631' title='bbox 1105 639 1144 660; x_wconf 83' lang='lat' dir='ltr'>tae</span> <span class='ocrx_word' id='word_1_632' title='bbox 1160 633 1253 668; x_wconf 81' lang='lat' dir='ltr'>tragici</span> <span class='ocrx_word' id='word_1_633' title='bbox 1270 632 1456 668; x_wconf 85' lang='lat' dir='ltr'>prodiderunt:</span> <span class='ocrx_word' id='word_1_634' title='bbox 1479 632 1550 662; x_wconf 87' lang='lat' dir='ltr'>(nam</span> <span class='ocrx_word' id='word_1_635' title='bbox 1566 631 1638 667; x_wconf 81' lang='lat' dir='ltr'>apud</span> <span class='ocrx_word' id='word_1_636' title='bbox 1650 632 1806 663; x_wconf 76' lang='lat' dir='ltr'>Homerum,</span> <span class='ocrx_word' id='word_1_637' title='bbox 1823 633 1895 667; x_wconf 87' lang='lat' dir='ltr'>opti-</span> 
     </span>
     <span class='ocr_line' id='line_1_89' title="bbox 1105 669 1894 704; baseline -0.003 -7"><span class='ocrx_word' id='word_1_638' title='bbox 1105 680 1178 697; x_wconf 90' lang='lat' dir='ltr'>mum</span> <span class='ocrx_word' id='word_1_639' title='bbox 1191 675 1338 701; x_wconf 85' lang='lat' dir='ltr'>auctorem,</span> <span class='ocrx_word' id='word_1_640' title='bbox 1353 669 1413 696; x_wconf 81' lang='lat' dir='ltr'>talis</span> <span class='ocrx_word' id='word_1_641' title='bbox 1424 669 1456 695; x_wconf 86' lang='lat' dir='ltr'>de</span> <span class='ocrx_word' id='word_1_642' title='bbox 1469 669 1544 696; x_wconf 83' lang='lat' dir='ltr'>Ulixe</span> <span class='ocrx_word' id='word_1_643' title='bbox 1556 669 1629 695; x_wconf 91' lang='lat' dir='ltr'>nulla</span> <span class='ocrx_word' id='word_1_644' title='bbox 1641 670 1760 704; x_wconf 88' lang='lat' dir='ltr'>suspicio</span> <span class='ocrx_word' id='word_1_645' title='bbox 1771 670 1836 703; x_wconf 75' lang='lat' dir='ltr'>estz)</span> <span class='ocrx_word' id='word_1_646' title='bbox 1846 669 1894 696; x_wconf 74' lang='lat' dir='ltr'>aed</span> 
     </span>
     <span class='ocr_line' id='line_1_90' title="bbox 1106 706 1895 743; baseline -0.001 -9"><span class='ocrx_word' id='word_1_647' title='bbox 1106 707 1262 735; x_wconf 83' lang='lat' dir='ltr'>insimulant</span> <span class='ocrx_word' id='word_1_648' title='bbox 1275 716 1336 734; x_wconf 89' lang='lat' dir='ltr'>eum</span> <span class='ocrx_word' id='word_1_649' title='bbox 1350 706 1513 743; x_wconf 81' lang='lat' dir='ltr'>tragoediae,</span> <span class='ocrx_word' id='word_1_650' title='bbox 1530 706 1701 733; x_wconf 85' lang='lat' dir='ltr'>simulatione</span> <span class='ocrx_word' id='word_1_651' title='bbox 1713 707 1831 733; x_wconf 82' lang='lat' dir='ltr'>insaniae</span> <span class='ocrx_word' id='word_1_652' title='bbox 1842 707 1895 733; x_wconf 87' lang='lat' dir='ltr'>mi-</span> 
     </span>
     <span class='ocr_line' id='line_1_91' title="bbox 1106 744 1895 780; baseline -0.003 -8"><span class='ocrx_word' id='word_1_653' title='bbox 1106 746 1188 772; x_wconf 88' lang='lat' dir='ltr'>litiam</span> <span class='ocrx_word' id='word_1_654' title='bbox 1205 744 1391 780; x_wconf 75' lang='lat' dir='ltr'>subterfugere</span> <span class='ocrx_word' id='word_1_655' title='bbox 1408 744 1535 770; x_wconf 82' lang='lat' dir='ltr'>voluisse.</span> <span class='ocrx_word' id='word_1_656' title='bbox 1575 744 1633 770; x_wconf 75' lang='lat' dir='ltr'>Non</span> <span class='ocrx_word' id='word_1_657' title='bbox 1649 744 1790 770; x_wconf 79' lang='lat' dir='ltr'>honestum</span> <span class='ocrx_word' id='word_1_658' title='bbox 1804 744 1895 770; x_wconf 75' lang='lat' dir='ltr'>consi·</span> 
     </span>
     <span class='ocr_line' id='line_1_92' title="bbox 1105 780 1894 817; baseline -0.001 -8"><span class='ocrx_word' id='word_1_659' title='bbox 1105 783 1182 809; x_wconf 89' lang='lat' dir='ltr'>lium.</span> <span class='ocrx_word' id='word_1_660' title='bbox 1223 784 1269 808; x_wconf 65' lang='lat' dir='ltr'>»At</span> <span class='ocrx_word' id='word_1_661' title='bbox 1281 782 1359 812; x_wconf 84' lang='lat' dir='ltr'>utile,</span> <span class='ocrx_word' id='word_1_662' title='bbox 1374 782 1412 815; x_wconf 91' lang='lat' dir='ltr'>(ut</span> <span class='ocrx_word' id='word_1_663' title='bbox 1422 781 1521 816; x_wconf 85' lang='lat' dir='ltr'>aliquis</span> <span class='ocrx_word' id='word_1_664' title='bbox 1534 780 1642 807; x_wconf 77' lang='lat' dir='ltr'>sortasse</span> <span class='ocrx_word' id='word_1_665' title='bbox 1653 780 1773 815; x_wconf 77' lang='lat' dir='ltr'>dixerit.)</span> <span class='ocrx_word' id='word_1_666' title='bbox 1784 789 1894 817; x_wconf 78' lang='lat' dir='ltr'>regnare</span> 
     </span>
     <span class='ocr_line' id='line_1_93' title="bbox 1104 818 1893 853; baseline -0.003 -7"><span class='ocrx_word' id='word_1_667' title='bbox 1104 825 1130 846; x_wconf 90' lang='lat' dir='ltr'>et</span> <span class='ocrx_word' id='word_1_668' title='bbox 1147 820 1248 846; x_wconf 87' lang='lat' dir='ltr'>ithacae</span> <span class='ocrx_word' id='word_1_669' title='bbox 1261 821 1351 845; x_wconf 87' lang='lat' dir='ltr'>vivere</span> <span class='ocrx_word' id='word_1_670' title='bbox 1365 820 1448 846; x_wconf 76' lang='lat' dir='ltr'>otiose</span> <span class='ocrx_word' id='word_1_671' title='bbox 1464 827 1525 844; x_wconf 87' lang='lat' dir='ltr'>cum</span> <span class='ocrx_word' id='word_1_672' title='bbox 1542 818 1706 853; x_wconf 87' lang='lat' dir='ltr'>parentibus,</span> <span class='ocrx_word' id='word_1_673' title='bbox 1722 826 1784 844; x_wconf 89' lang='lat' dir='ltr'>cum</span> <span class='ocrx_word' id='word_1_674' title='bbox 1800 827 1893 849; x_wconf 83' lang='lat' dir='ltr'>uxore.</span> 
     </span>
     <span class='ocr_line' id='line_1_94' title="bbox 1287 855 1895 890; baseline 0 -8"><span class='ocrx_word' id='word_1_675' title='bbox 1287 856 1376 883; x_wconf 83' lang='lat' dir='ltr'>Ullum</span> <span class='ocrx_word' id='word_1_676' title='bbox 1393 861 1420 882; x_wconf 91' lang='lat' dir='ltr'>tu</span> <span class='ocrx_word' id='word_1_677' title='bbox 1435 855 1518 881; x_wconf 89' lang='lat' dir='ltr'>decus</span> <span class='ocrx_word' id='word_1_678' title='bbox 1535 856 1560 881; x_wconf 93' lang='lat' dir='ltr'>in</span> <span class='ocrx_word' id='word_1_679' title='bbox 1576 855 1741 890; x_wconf 84' lang='lat' dir='ltr'>quotidianis</span> <span class='ocrx_word' id='word_1_680' title='bbox 1757 855 1895 882; x_wconf 76' lang='lat' dir='ltr'>laboribus</span> 
     </span>
     <span class='ocr_line' id='line_1_95' title="bbox 1104 891 1895 929; baseline -0.004 -8"><span class='ocrx_word' id='word_1_681' title='bbox 1104 900 1128 921; x_wconf 90' lang='lat' dir='ltr'>et</span> <span class='ocrx_word' id='word_1_682' title='bbox 1145 894 1271 929; x_wconf 85' lang='lat' dir='ltr'>periculis</span> <span class='ocrx_word' id='word_1_683' title='bbox 1286 903 1347 920; x_wconf 84' lang='lat' dir='ltr'>curn</span> <span class='ocrx_word' id='word_1_684' title='bbox 1365 893 1413 919; x_wconf 82' lang='lat' dir='ltr'>hac</span> <span class='ocrx_word' id='word_1_685' title='bbox 1429 892 1619 927; x_wconf 79' lang='lat' dir='ltr'>tranquillitate</span> <span class='ocrx_word' id='word_1_686' title='bbox 1636 891 1828 919; x_wconf 75' lang='lat' dir='ltr'>conterendum</span> <span class='ocrx_word' id='word_1_687' title='bbox 1844 901 1895 927; x_wconf 94' lang='lat' dir='ltr'>pu-</span> 
     </span>
     <span class='ocr_line' id='line_1_96' title="bbox 1105 929 1892 967; baseline -0.005 -8"><span class='ocrx_word' id='word_1_688' title='bbox 1105 932 1173 959; x_wconf 61' lang='lat' dir='ltr'>tas‘J«</span> <span class='ocrx_word' id='word_1_689' title='bbox 1195 932 1250 967; x_wconf 80' lang='lat' dir='ltr'>Ego</span> <span class='ocrx_word' id='word_1_690' title='bbox 1265 940 1327 957; x_wconf 82' lang='lat' dir='ltr'>vero</span> <span class='ocrx_word' id='word_1_691' title='bbox 1344 932 1419 957; x_wconf 84' lang='lat' dir='ltr'>istam</span> <span class='ocrx_word' id='word_1_692' title='bbox 1434 929 1655 956; x_wconf 83' lang='lat' dir='ltr'>contemnendam</span> <span class='ocrx_word' id='word_1_693' title='bbox 1667 934 1692 956; x_wconf 87' lang='lat' dir='ltr'>et</span> <span class='ocrx_word' id='word_1_694' title='bbox 1703 929 1892 959; x_wconf 83' lang='lat' dir='ltr'>abiiciendam,</span> 
     </span>
     <span class='ocr_line' id='line_1_97' title="bbox 1104 966 1895 1004; baseline -0.004 -9"><span class='ocrx_word' id='word_1_695' title='bbox 1104 969 1317 1004; x_wconf 83' lang='lat' dir='ltr'>quoniam,quae</span> <span class='ocrx_word' id='word_1_696' title='bbox 1330 968 1438 994; x_wconf 86' lang='lat' dir='ltr'>honesta</span> <span class='ocrx_word' id='word_1_697' title='bbox 1450 976 1501 993; x_wconf 88' lang='lat' dir='ltr'>non</span> <span class='ocrx_word' id='word_1_698' title='bbox 1513 967 1556 997; x_wconf 87' lang='lat' dir='ltr'>sit,</span> <span class='ocrx_word' id='word_1_699' title='bbox 1566 975 1597 993; x_wconf 88' lang='lat' dir='ltr'>ne</span> <span class='ocrx_word' id='word_1_700' title='bbox 1609 966 1701 993; x_wconf 83' lang='lat' dir='ltr'>utilem</span> <span class='ocrx_word' id='word_1_701' title='bbox 1713 966 1824 1001; x_wconf 87' lang='lat' dir='ltr'>quidem</span> <span class='ocrx_word' id='word_1_702' title='bbox 1835 975 1895 993; x_wconf 86' lang='lat' dir='ltr'>esse</span> 
     </span>
     <span class='ocr_line' id='line_1_98' title="bbox 1105 1003 1896 1038; baseline -0.003 -6"><span class='ocrx_word' id='word_1_703' title='bbox 1105 1007 1226 1032; x_wconf 89' lang='lat' dir='ltr'>arbitror.</span> <span class='ocrx_word' id='word_1_704' title='bbox 1260 1008 1301 1032; x_wconf 85' lang='lat'>98.</span> <span class='ocrx_word' id='word_1_705' title='bbox 1323 1005 1393 1038; x_wconf 87' lang='lat' dir='ltr'>Quid</span> <span class='ocrx_word' id='word_1_706' title='bbox 1405 1006 1476 1031; x_wconf 88' lang='lat' dir='ltr'>enim</span> <span class='ocrx_word' id='word_1_707' title='bbox 1488 1004 1643 1030; x_wconf 90' lang='lat' dir='ltr'>auditurum</span> <span class='ocrx_word' id='word_1_708' title='bbox 1655 1009 1732 1038; x_wconf 86' lang='lat' dir='ltr'>putas</span> <span class='ocrx_word' id='word_1_709' title='bbox 1744 1003 1827 1030; x_wconf 75' lang='lat' dir='ltr'>luisse</span> <span class='ocrx_word' id='word_1_710' title='bbox 1838 1003 1896 1030; x_wconf 80' lang='lat' dir='ltr'>Uli-</span> 
     </span>
     <span class='ocr_line' id='line_1_99' title="bbox 1105 1039 1895 1076; baseline -0.004 -6"><span class='ocrx_word' id='word_1_711' title='bbox 1105 1044 1207 1073; x_wconf 84' lang='lat' dir='ltr'>xem,si</span> <span class='ocrx_word' id='word_1_712' title='bbox 1220 1044 1245 1069; x_wconf 95' lang='lat' dir='ltr'>in</span> <span class='ocrx_word' id='word_1_713' title='bbox 1259 1042 1302 1069; x_wconf 92' lang='lat' dir='ltr'>illa</span> <span class='ocrx_word' id='word_1_714' title='bbox 1315 1042 1484 1068; x_wconf 79' lang='lat' dir='ltr'>simulatione</span> <span class='ocrx_word' id='word_1_715' title='bbox 1492 1039 1734 1076; x_wconf 72' lang='lat' dir='ltr'>perseveravisset?</span> <span class='ocrx_word' id='word_1_716' title='bbox 1744 1042 1895 1076; x_wconf 89' lang='lat' dir='ltr'>qui,quum</span> 
     </span>
     <span class='ocr_line' id='line_1_100' title="bbox 1106 1077 1895 1116; baseline -0.004 -9"><span class='ocrx_word' id='word_1_717' title='bbox 1106 1081 1236 1107; x_wconf 84' lang='lat' dir='ltr'>maximas</span> <span class='ocrx_word' id='word_1_718' title='bbox 1252 1088 1294 1106; x_wconf 88' lang='lat' dir='ltr'>res</span> <span class='ocrx_word' id='word_1_719' title='bbox 1308 1080 1422 1116; x_wconf 81' lang='lat' dir='ltr'>gesserit</span> <span class='ocrx_word' id='word_1_720' title='bbox 1437 1079 1463 1105; x_wconf 89' lang='lat' dir='ltr'>in</span> <span class='ocrx_word' id='word_1_721' title='bbox 1479 1078 1562 1110; x_wconf 84' lang='lat' dir='ltr'>bello,</span> <span class='ocrx_word' id='word_1_722' title='bbox 1580 1084 1668 1105; x_wconf 88' lang='lat' dir='ltr'>tamen</span> <span class='ocrx_word' id='word_1_723' title='bbox 1684 1077 1749 1105; x_wconf 89' lang='lat' dir='ltr'>baec</span> <span class='ocrx_word' id='word_1_724' title='bbox 1760 1077 1851 1105; x_wconf 84' lang='lat' dir='ltr'>audiat</span> <span class='ocrx_word' id='word_1_725' title='bbox 1861 1077 1895 1104; x_wconf 87' lang='lat' dir='ltr'>ab</span> 
     </span>
     <span class='ocr_line' id='line_1_101' title="bbox 1104 1118 1197 1144; baseline 0 0"><span class='ocrx_word' id='word_1_726' title='bbox 1104 1118 1197 1144; x_wconf 50' lang='lat' dir='ltr'>⁴aiace:</span> 
     </span>
    </p>

    <p class='ocr_par' dir='ltr' id='par_1_18' title="bbox 1141 1154 1700 1375">
     <span class='ocr_line' id='line_1_102' title="bbox 1144 1154 1672 1188; baseline -0.006 -7"><span class='ocrx_word' id='word_1_727' title='bbox 1144 1155 1222 1182; x_wconf 72' lang='lat' dir='ltr'>cutus</span> <span class='ocrx_word' id='word_1_728' title='bbox 1232 1157 1286 1188; x_wconf 73' lang='lat' dir='ltr'>ipse</span> <span class='ocrx_word' id='word_1_729' title='bbox 1293 1157 1412 1188; x_wconf 73' lang='lat' dir='ltr'>princeps</span> <span class='ocrx_word' id='word_1_730' title='bbox 1424 1155 1488 1180; x_wconf 73' lang='lat' dir='ltr'>iuris</span> <span class='ocrx_word' id='word_1_731' title='bbox 1499 1154 1606 1179; x_wconf 70' lang='lat' dir='ltr'>iurandi</span> <span class='ocrx_word' id='word_1_732' title='bbox 1614 1155 1672 1186; x_wconf 79' lang='lat' dir='ltr'>suit,</span> 
     </span>
     <span class='ocr_line' id='line_1_103' title="bbox 1141 1192 1684 1226; baseline -0.006 -8"><span class='ocrx_word' id='word_1_733' title='bbox 1141 1195 1208 1226; x_wconf 84' lang='lat' dir='ltr'>quod</span> <span class='ocrx_word' id='word_1_734' title='bbox 1218 1195 1302 1218; x_wconf 77' lang='lat' dir='ltr'>amnes</span> <span class='ocrx_word' id='word_1_735' title='bbox 1311 1193 1390 1221; x_wconf 71' lang='lat' dir='ltr'>scius,</span> <span class='ocrx_word' id='word_1_736' title='bbox 1404 1192 1473 1217; x_wconf 73' lang='lat' dir='ltr'>solus</span> <span class='ocrx_word' id='word_1_737' title='bbox 1484 1192 1593 1224; x_wconf 64' lang='lat' dir='ltr'>neglext!</span> <span class='ocrx_word' id='word_1_738' title='bbox 1603 1192 1684 1223; x_wconf 78' lang='lat' dir='ltr'>fidem.</span> 
     </span>
     <span class='ocr_line' id='line_1_104' title="bbox 1141 1229 1670 1261; baseline -0.006 -6"><span class='ocrx_word' id='word_1_739' title='bbox 1141 1230 1237 1256; x_wconf 83' lang='lat' dir='ltr'>Furere</span> <span class='ocrx_word' id='word_1_740' title='bbox 1247 1230 1408 1255; x_wconf 71' lang='lat' dir='ltr'>assimulavit</span> <span class='ocrx_word' id='word_1_741' title='bbox 1413 1238 1422 1261; x_wconf 62' lang='lat'>,⁴</span> <span class='ocrx_word' id='word_1_742' title='bbox 1432 1232 1463 1254; x_wconf 84' lang='lat' dir='ltr'>ne&#39;</span> <span class='ocrx_word' id='word_1_743' title='bbox 1472 1230 1558 1257; x_wconf 81' lang='lat' dir='ltr'>coiret,</span> <span class='ocrx_word' id='word_1_744' title='bbox 1569 1229 1670 1253; x_wconf 74' lang='lat' dir='ltr'>n‘mtitit.</span> 
     </span>
     <span class='ocr_line' id='line_1_105' title="bbox 1143 1266 1700 1299; baseline -0.004 -7"><span class='ocrx_word' id='word_1_745' title='bbox 1143 1267 1215 1299; x_wconf 84' lang='lat' dir='ltr'>Quod</span> <span class='ocrx_word' id='word_1_746' title='bbox 1226 1268 1254 1293; x_wconf 73' lang='lat' dir='ltr'>m‘</span> <span class='ocrx_word' id='word_1_747' title='bbox 1264 1267 1406 1292; x_wconf 77' lang='lat' dir='ltr'>Palamedis</span> <span class='ocrx_word' id='word_1_748' title='bbox 1414 1269 1553 1299; x_wconf 71' lang='lat' dir='ltr'>perspicax</span> <span class='ocrx_word' id='word_1_749' title='bbox 1562 1266 1700 1298; x_wconf 74' lang='lat' dir='ltr'>prudentia</span> 
     </span>
     <span class='ocr_line' id='line_1_106' title="bbox 1142 1304 1662 1337; baseline -0.006 -7"><span class='ocrx_word' id='word_1_750' title='bbox 1142 1306 1216 1330; x_wconf 77' lang='lat' dir='ltr'>istius</span> <span class='ocrx_word' id='word_1_751' title='bbox 1224 1308 1352 1337; x_wconf 75' lang='lat' dir='ltr'>percepset</span> <span class='ocrx_word' id='word_1_752' title='bbox 1363 1304 1517 1329; x_wconf 74' lang='lat' dir='ltr'>malitiosam</span> <span class='ocrx_word' id='word_1_753' title='bbox 1527 1304 1662 1328; x_wconf 74' lang='lat' dir='ltr'>astutiam:</span> 
     </span>
     <span class='ocr_line' id='line_1_107' title="bbox 1141 1341 1622 1375; baseline -0.006 -8"><span class='ocrx_word' id='word_1_754' title='bbox 1141 1343 1191 1375; x_wconf 77' lang='lat' dir='ltr'>lide</span> <span class='ocrx_word' id='word_1_755' title='bbox 1199 1346 1319 1368; x_wconf 78' lang='lat' dir='ltr'>sacratae</span> <span class='ocrx_word' id='word_1_756' title='bbox 1329 1343 1369 1367; x_wconf 82' lang='lat' dir='ltr'>ius</span> <span class='ocrx_word' id='word_1_757' title='bbox 1378 1344 1499 1373; x_wconf 82' lang='lat' dir='ltr'>perpetuo</span> <span class='ocrx_word' id='word_1_758' title='bbox 1510 1341 1622 1373; x_wconf 74' lang='lat' dir='ltr'>falleret.</span> 
     </span>
    </p>
   </div>
   <div class='ocr_carea' id='block_1_16' title="bbox 1075 1375 1896 1406">
    <p class='ocr_par' dir='ltr' id='par_1_19' title="bbox 1075 1375 1896 1406">
     <span class='ocr_line' id='line_1_108' title="bbox 1075 1375 1896 1406; baseline -0.005 -1"><span class='ocrx_word' id='word_1_759' title='bbox 1075 1385 1077 1395; x_wconf 76' lang='lat'><strong>⁴</strong></span> <span class='ocrx_word' id='word_1_760' title='bbox 1105 1380 1146 1405; x_wconf 86' lang='lat'>99.</span> <span class='ocrx_word' id='word_1_761' title='bbox 1172 1378 1212 1405; x_wconf 89' lang='lat' dir='ltr'>llli</span> <span class='ocrx_word' id='word_1_762' title='bbox 1228 1387 1291 1405; x_wconf 85' lang='lat' dir='ltr'>vero</span> <span class='ocrx_word' id='word_1_763' title='bbox 1305 1386 1357 1405; x_wconf 92' lang='lat' dir='ltr'>non</span> <span class='ocrx_word' id='word_1_764' title='bbox 1373 1377 1451 1404; x_wconf 89' lang='lat' dir='ltr'>modo</span> <span class='ocrx_word' id='word_1_765' title='bbox 1465 1385 1528 1403; x_wconf 89' lang='lat' dir='ltr'>cum</span> <span class='ocrx_word' id='word_1_766' title='bbox 1548 1375 1684 1406; x_wconf 88' lang='lat' dir='ltr'>hostibus,</span> <span class='ocrx_word' id='word_1_767' title='bbox 1709 1383 1800 1402; x_wconf 80' lang='lat' dir='ltr'>verum</span> <span class='ocrx_word' id='word_1_768' title='bbox 1816 1375 1896 1401; x_wconf 86' lang='lat' dir='ltr'>etiam</span> 
     </span>
    </p>
   </div>
   <div class='ocr_carea' id='block_1_17' title="bbox 1105 1411 1898 1601">
    <p class='ocr_par' dir='ltr' id='par_1_20' title="bbox 1105 1411 1898 1601">
     <span class='ocr_line' id='line_1_109' title="bbox 1105 1411 1894 1450; baseline -0.005 -8"><span class='ocrx_word' id='word_1_769' title='bbox 1105 1425 1167 1443; x_wconf 88' lang='lat' dir='ltr'>cum</span> <span class='ocrx_word' id='word_1_770' title='bbox 1183 1415 1324 1446; x_wconf 86' lang='lat' dir='ltr'>fluctibus,</span> <span class='ocrx_word' id='word_1_771' title='bbox 1347 1414 1374 1441; x_wconf 94' lang='lat' dir='ltr'>id</span> <span class='ocrx_word' id='word_1_772' title='bbox 1392 1414 1465 1450; x_wconf 91' lang='lat' dir='ltr'>quod</span> <span class='ocrx_word' id='word_1_773' title='bbox 1481 1413 1556 1444; x_wconf 80' lang='lat' dir='ltr'>fecit,</span> <span class='ocrx_word' id='word_1_774' title='bbox 1577 1413 1706 1439; x_wconf 79' lang='lat' dir='ltr'>dimicare</span> <span class='ocrx_word' id='word_1_775' title='bbox 1722 1411 1820 1439; x_wconf 89' lang='lat' dir='ltr'>melius</span> <span class='ocrx_word' id='word_1_776' title='bbox 1835 1411 1894 1441; x_wconf 83' lang='lat' dir='ltr'>t&#39;uit,</span> 
     </span>
     <span class='ocr_line' id='line_1_110' title="bbox 1105 1448 1896 1488; baseline -0.006 -8"><span class='ocrx_word' id='word_1_777' title='bbox 1105 1462 1186 1488; x_wconf 89' lang='lat' dir='ltr'>quam</span> <span class='ocrx_word' id='word_1_778' title='bbox 1205 1453 1327 1479; x_wconf 84' lang='lat' dir='ltr'>deserere</span> <span class='ocrx_word' id='word_1_779' title='bbox 1347 1452 1557 1479; x_wconf 87' lang='lat' dir='ltr'>consentientem</span> <span class='ocrx_word' id='word_1_780' title='bbox 1578 1450 1716 1478; x_wconf 88' lang='lat' dir='ltr'>Graeciam</span> <span class='ocrx_word' id='word_1_781' title='bbox 1736 1449 1769 1476; x_wconf 92' lang='lat' dir='ltr'>ad</span> <span class='ocrx_word' id='word_1_782' title='bbox 1795 1448 1896 1476; x_wconf 90' lang='lat' dir='ltr'>bellum</span> 
     </span>
     <span class='ocr_line' id='line_1_111' title="bbox 1107 1486 1898 1517; baseline -0.006 0"><span class='ocrx_word' id='word_1_783' title='bbox 1107 1491 1228 1517; x_wconf 83' lang='lat' dir='ltr'>barbaris</span> <span class='ocrx_word' id='word_1_784' title='bbox 1244 1489 1424 1516; x_wconf 77' lang='lat' dir='ltr'>inserendum.</span> <span class='ocrx_word' id='word_1_785' title='bbox 1464 1488 1517 1515; x_wconf 90' lang='lat' dir='ltr'>Sed</span> <span class='ocrx_word' id='word_1_786' title='bbox 1531 1488 1686 1515; x_wconf 84' lang='lat' dir='ltr'>omittamus</span> <span class='ocrx_word' id='word_1_787' title='bbox 1706 1492 1732 1514; x_wconf 86' lang='lat' dir='ltr'>et</span> <span class='ocrx_word' id='word_1_788' title='bbox 1751 1486 1856 1513; x_wconf 74' lang='lat' dir='ltr'>fabulas</span> <span class='ocrx_word' id='word_1_789' title='bbox 1871 1491 1898 1512; x_wconf 88' lang='lat' dir='ltr'>et</span> 
     </span>
     <span class='ocr_line' id='line_1_112' title="bbox 1106 1524 1898 1560; baseline -0.006 -6"><span class='ocrx_word' id='word_1_790' title='bbox 1106 1533 1227 1554; x_wconf 76' lang='lat' dir='ltr'>externa:</span> <span class='ocrx_word' id='word_1_791' title='bbox 1241 1527 1274 1554; x_wconf 93' lang='lat' dir='ltr'>ad</span> <span class='ocrx_word' id='word_1_792' title='bbox 1286 1535 1341 1554; x_wconf 91' lang='lat' dir='ltr'>rem</span> <span class='ocrx_word' id='word_1_793' title='bbox 1352 1527 1446 1553; x_wconf 81' lang='lat' dir='ltr'>factam</span> <span class='ocrx_word' id='word_1_794' title='bbox 1457 1531 1600 1560; x_wconf 86' lang='lat' dir='ltr'>nostraque</span> <span class='ocrx_word' id='word_1_795' title='bbox 1612 1525 1762 1551; x_wconf 86' lang='lat' dir='ltr'>veniamus.</span> <span class='ocrx_word' id='word_1_796' title='bbox 1802 1524 1838 1550; x_wconf 76' lang='lat' dir='ltr'>M.</span> <span class='ocrx_word' id='word_1_797' title='bbox 1850 1524 1898 1550; x_wconf 75' lang='lat' dir='ltr'>At-</span> 
     </span>
     <span class='ocr_line' id='line_1_113' title="bbox 1107 1561 1898 1601; baseline -0.006 -9"><span class='ocrx_word' id='word_1_798' title='bbox 1107 1566 1182 1592; x_wconf 91' lang='lat' dir='ltr'>tilius</span> <span class='ocrx_word' id='word_1_799' title='bbox 1193 1564 1325 1601; x_wconf 83' lang='lat' dir='ltr'>Regulus,</span> <span class='ocrx_word' id='word_1_800' title='bbox 1338 1573 1423 1599; x_wconf 91' lang='lat' dir='ltr'>quum</span> <span class='ocrx_word' id='word_1_801' title='bbox 1434 1563 1527 1590; x_wconf 88' lang='lat' dir='ltr'>consul</span> <span class='ocrx_word' id='word_1_802' title='bbox 1540 1564 1636 1589; x_wconf 91' lang='lat' dir='ltr'>iterum</span> <span class='ocrx_word' id='word_1_803' title='bbox 1649 1563 1675 1588; x_wconf 94' lang='lat' dir='ltr'>in</span> <span class='ocrx_word' id='word_1_804' title='bbox 1686 1561 1774 1588; x_wconf 80' lang='lat' dir='ltr'>Al&#39;rica</span> <span class='ocrx_word' id='word_1_805' title='bbox 1785 1569 1819 1588; x_wconf 86' lang='lat' dir='ltr'>ex</span> <span class='ocrx_word' id='word_1_806' title='bbox 1830 1561 1898 1588; x_wconf 89' lang='lat' dir='ltr'>insi-</span> 
     </span>
    </p>
   </div>
   <div class='ocr_carea' id='block_1_18' title="bbox 1082 1598 1898 1637">
    <p class='ocr_par' dir='ltr' id='par_1_21' title="bbox 1082 1598 1898 1637">
     <span class='ocr_line' id='line_1_114' title="bbox 1082 1598 1898 1637; baseline -0.006 -8"><span class='ocrx_word' id='word_1_807' title='bbox 1082 1607 1083 1616; x_wconf 66' lang='lat'><em>*</em></span> <span class='ocrx_word' id='word_1_808' title='bbox 1107 1603 1159 1629; x_wconf 87' lang='lat' dir='ltr'>diis</span> <span class='ocrx_word' id='word_1_809' title='bbox 1170 1607 1264 1637; x_wconf 89' lang='lat' dir='ltr'>captus</span> <span class='ocrx_word' id='word_1_810' title='bbox 1275 1607 1354 1633; x_wconf 90' lang='lat' dir='ltr'>esset,</span> <span class='ocrx_word' id='word_1_811' title='bbox 1367 1601 1435 1628; x_wconf 90' lang='lat' dir='ltr'>duce</span> <span class='ocrx_word' id='word_1_812' title='bbox 1445 1600 1602 1635; x_wconf 82' lang='lat' dir='ltr'>Xanthippo</span> <span class='ocrx_word' id='word_1_813' title='bbox 1613 1599 1831 1629; x_wconf 87' lang='lat' dir='ltr'>Lacedaemonio,</span> <span class='ocrx_word' id='word_1_814' title='bbox 1845 1598 1898 1624; x_wconf 88' lang='lat' dir='ltr'>im-</span> 
     </span>
    </p>
   </div>
   <div class='ocr_carea' id='block_1_19' title="bbox 1105 1636 1899 2677">
    <p class='ocr_par' dir='ltr' id='par_1_22' title="bbox 1105 1636 1899 2677">
     <span class='ocr_line' id='line_1_115' title="bbox 1106 1636 1898 1675; baseline -0.006 -9"><span class='ocrx_word' id='word_1_815' title='bbox 1106 1645 1225 1675; x_wconf 89' lang='lat' dir='ltr'>peratore</span> <span class='ocrx_word' id='word_1_816' title='bbox 1243 1644 1331 1666; x_wconf 89' lang='lat' dir='ltr'>autem</span> <span class='ocrx_word' id='word_1_817' title='bbox 1347 1644 1420 1674; x_wconf 82' lang='lat' dir='ltr'>patre</span> <span class='ocrx_word' id='word_1_818' title='bbox 1434 1637 1592 1665; x_wconf 80' lang='lat' dir='ltr'>Hannibalis</span> <span class='ocrx_word' id='word_1_819' title='bbox 1611 1636 1772 1663; x_wconf 71' lang='lat' dir='ltr'>Hamilcare:</span> <span class='ocrx_word' id='word_1_820' title='bbox 1795 1636 1898 1662; x_wconf 88' lang='lat' dir='ltr'>iuratus</span> 
     </span>
     <span class='ocr_line' id='line_1_116' title="bbox 1107 1672 1898 1706; baseline -0.008 -2"><span class='ocrx_word' id='word_1_821' title='bbox 1107 1678 1206 1704; x_wconf 89' lang='lat' dir='ltr'>missus</span> <span class='ocrx_word' id='word_1_822' title='bbox 1218 1682 1257 1703; x_wconf 88' lang='lat' dir='ltr'>est</span> <span class='ocrx_word' id='word_1_823' title='bbox 1267 1676 1300 1702; x_wconf 90' lang='lat' dir='ltr'>ad</span> <span class='ocrx_word' id='word_1_824' title='bbox 1311 1681 1448 1706; x_wconf 88' lang='lat' dir='ltr'>senatum,</span> <span class='ocrx_word' id='word_1_825' title='bbox 1465 1680 1507 1705; x_wconf 89' lang='lat' dir='ltr'>ut,</span> <span class='ocrx_word' id='word_1_826' title='bbox 1525 1675 1577 1701; x_wconf 88' lang='lat' dir='ltr'>nisi</span> <span class='ocrx_word' id='word_1_827' title='bbox 1592 1673 1688 1700; x_wconf 89' lang='lat' dir='ltr'>redditi</span> <span class='ocrx_word' id='word_1_828' title='bbox 1701 1678 1791 1700; x_wconf 85' lang='lat' dir='ltr'>essent</span> <span class='ocrx_word' id='word_1_829' title='bbox 1801 1672 1898 1702; x_wconf 81' lang='lat' dir='ltr'>Poenis</span> 
     </span>
     <span class='ocr_line' id='line_1_117' title="bbox 1105 1709 1897 1749; baseline -0.008 -8"><span class='ocrx_word' id='word_1_830' title='bbox 1105 1715 1204 1749; x_wconf 86' lang='lat' dir='ltr'>captivi</span> <span class='ocrx_word' id='word_1_831' title='bbox 1217 1713 1320 1740; x_wconf 90' lang='lat' dir='ltr'>nobiles</span> <span class='ocrx_word' id='word_1_832' title='bbox 1330 1713 1451 1748; x_wconf 89' lang='lat' dir='ltr'>quidam,</span> <span class='ocrx_word' id='word_1_833' title='bbox 1465 1711 1562 1738; x_wconf 85' lang='lat' dir='ltr'>rediret</span> <span class='ocrx_word' id='word_1_834' title='bbox 1574 1712 1631 1746; x_wconf 89' lang='lat' dir='ltr'>ipse</span> <span class='ocrx_word' id='word_1_835' title='bbox 1642 1710 1844 1746; x_wconf 81' lang='lat' dir='ltr'>Karthaginem.</span> <span class='ocrx_word' id='word_1_836' title='bbox 1872 1709 1897 1735; x_wconf 89' lang='lat' dir='ltr'>Is</span> 
     </span>
     <span class='ocr_line' id='line_1_118' title="bbox 1105 1746 1897 1786; baseline -0.008 -8"><span class='ocrx_word' id='word_1_837' title='bbox 1105 1760 1190 1786; x_wconf 89' lang='lat' dir='ltr'>quum</span> <span class='ocrx_word' id='word_1_838' title='bbox 1197 1752 1306 1778; x_wconf 80' lang='lat' dir='ltr'>Romam</span> <span class='ocrx_word' id='word_1_839' title='bbox 1314 1751 1441 1780; x_wconf 83' lang='lat' dir='ltr'>venisset,</span> <span class='ocrx_word' id='word_1_840' title='bbox 1450 1748 1572 1776; x_wconf 88' lang='lat' dir='ltr'>utilitatis</span> <span class='ocrx_word' id='word_1_841' title='bbox 1583 1749 1701 1783; x_wconf 89' lang='lat' dir='ltr'>speciem</span> <span class='ocrx_word' id='word_1_842' title='bbox 1714 1747 1834 1779; x_wconf 67' lang='lat' dir='ltr'>videbat,</span> <span class='ocrx_word' id='word_1_843' title='bbox 1849 1746 1897 1772; x_wconf 88' lang='lat' dir='ltr'>sed</span> 
     </span>
     <span class='ocr_line' id='line_1_119' title="bbox 1105 1784 1898 1820; baseline -0.006 -5"><span class='ocrx_word' id='word_1_844' title='bbox 1105 1797 1177 1819; x_wconf 88' lang='lat' dir='ltr'>eam,</span> <span class='ocrx_word' id='word_1_845' title='bbox 1191 1793 1220 1814; x_wconf 90' lang='lat' dir='ltr'>ut</span> <span class='ocrx_word' id='word_1_846' title='bbox 1231 1796 1272 1814; x_wconf 90' lang='lat' dir='ltr'>res</span> <span class='ocrx_word' id='word_1_847' title='bbox 1283 1787 1412 1817; x_wconf 86' lang='lat' dir='ltr'>declarat,</span> <span class='ocrx_word' id='word_1_848' title='bbox 1430 1786 1523 1812; x_wconf 78' lang='lat' dir='ltr'>falsam</span> <span class='ocrx_word' id='word_1_849' title='bbox 1539 1784 1683 1811; x_wconf 78' lang='lat' dir='ltr'>iudicavit:</span> <span class='ocrx_word' id='word_1_850' title='bbox 1705 1793 1774 1820; x_wconf 87' lang='lat' dir='ltr'>quae</span> <span class='ocrx_word' id='word_1_851' title='bbox 1789 1789 1844 1811; x_wconf 83' lang='lat' dir='ltr'>erat</span> <span class='ocrx_word' id='word_1_852' title='bbox 1859 1789 1898 1810; x_wconf 90' lang='lat' dir='ltr'>ta·</span> 
     </span>
     <span class='ocr_line' id='line_1_120' title="bbox 1107 1823 1896 1859; baseline -0.006 -7"><span class='ocrx_word' id='word_1_853' title='bbox 1107 1826 1153 1852; x_wconf 92' lang='lat' dir='ltr'>lis:</span> <span class='ocrx_word' id='word_1_854' title='bbox 1167 1833 1273 1851; x_wconf 86' lang='lat' dir='ltr'>manere</span> <span class='ocrx_word' id='word_1_855' title='bbox 1285 1825 1312 1851; x_wconf 84' lang='lat' dir='ltr'>in</span> <span class='ocrx_word' id='word_1_856' title='bbox 1323 1825 1420 1859; x_wconf 83' lang='lat' dir='ltr'>patria;</span> <span class='ocrx_word' id='word_1_857' title='bbox 1434 1831 1493 1850; x_wconf 87' lang='lat' dir='ltr'>esse</span> <span class='ocrx_word' id='word_1_858' title='bbox 1503 1823 1576 1849; x_wconf 91' lang='lat' dir='ltr'>domi</span> <span class='ocrx_word' id='word_1_859' title='bbox 1587 1831 1650 1848; x_wconf 90' lang='lat' dir='ltr'>suae</span> <span class='ocrx_word' id='word_1_860' title='bbox 1661 1830 1723 1848; x_wconf 93' lang='lat' dir='ltr'>cum</span> <span class='ocrx_word' id='word_1_861' title='bbox 1735 1829 1896 1851; x_wconf 82' lang='lat' dir='ltr'>uxore,cum</span> 
     </span>
     <span class='ocr_line' id='line_1_121' title="bbox 1108 1858 1899 1897; baseline -0.006 -8"><span class='ocrx_word' id='word_1_862' title='bbox 1108 1863 1212 1894; x_wconf 69' lang='lat' dir='ltr'>liberis,</span> <span class='ocrx_word' id='word_1_863' title='bbox 1235 1870 1316 1897; x_wconf 90' lang='lat' dir='ltr'>quam</span> <span class='ocrx_word' id='word_1_864' title='bbox 1331 1861 1507 1888; x_wconf 86' lang='lat' dir='ltr'>calamitatem</span> <span class='ocrx_word' id='word_1_865' title='bbox 1524 1861 1672 1894; x_wconf 83' lang='lat' dir='ltr'>accepisset</span> <span class='ocrx_word' id='word_1_866' title='bbox 1684 1860 1711 1885; x_wconf 92' lang='lat' dir='ltr'>in</span> <span class='ocrx_word' id='word_1_867' title='bbox 1722 1858 1806 1888; x_wconf 87' lang='lat' dir='ltr'>bello.</span> <span class='ocrx_word' id='word_1_868' title='bbox 1823 1866 1899 1884; x_wconf 82' lang='lat' dir='ltr'>oom-</span> 
     </span>
     <span class='ocr_line' id='line_1_122' title="bbox 1106 1894 1899 1927; baseline -0.006 -1"><span class='ocrx_word' id='word_1_869' title='bbox 1106 1908 1215 1926; x_wconf 90' lang='lat' dir='ltr'>munem</span> <span class='ocrx_word' id='word_1_870' title='bbox 1228 1899 1347 1926; x_wconf 74' lang='lat' dir='ltr'>fortunae</span> <span class='ocrx_word' id='word_1_871' title='bbox 1359 1898 1470 1925; x_wconf 87' lang='lat' dir='ltr'>bellicae</span> <span class='ocrx_word' id='word_1_872' title='bbox 1482 1897 1659 1927; x_wconf 81' lang='lat' dir='ltr'>iudicantem,</span> <span class='ocrx_word' id='word_1_873' title='bbox 1673 1901 1762 1923; x_wconf 88' lang='lat' dir='ltr'>tenere</span> <span class='ocrx_word' id='word_1_874' title='bbox 1773 1894 1899 1922; x_wconf 84' lang='lat' dir='ltr'>consula—</span> 
     </span>
     <span class='ocr_line' id='line_1_123' title="bbox 1106 1931 1899 1972; baseline -0.006 -9"><span class='ocrx_word' id='word_1_875' title='bbox 1106 1938 1143 1963; x_wconf 90' lang='lat' dir='ltr'>ris</span> <span class='ocrx_word' id='word_1_876' title='bbox 1157 1936 1297 1972; x_wconf 78' lang='lat' dir='ltr'>dignitatis</span> <span class='ocrx_word' id='word_1_877' title='bbox 1311 1935 1435 1972; x_wconf 88' lang='lat' dir='ltr'>gradum.</span> <span class='ocrx_word' id='word_1_878' title='bbox 1475 1934 1542 1967; x_wconf 91' lang='lat' dir='ltr'>Quis</span> <span class='ocrx_word' id='word_1_879' title='bbox 1558 1934 1623 1960; x_wconf 89' lang='lat' dir='ltr'>haec</span> <span class='ocrx_word' id='word_1_880' title='bbox 1638 1938 1717 1969; x_wconf 86' lang='lat' dir='ltr'>neget</span> <span class='ocrx_word' id='word_1_881' title='bbox 1731 1941 1790 1959; x_wconf 89' lang='lat' dir='ltr'>esse</span> <span class='ocrx_word' id='word_1_882' title='bbox 1804 1931 1899 1959; x_wconf 69' lang='lat' dir='ltr'>utilia?</span> 
     </span>
     <span class='ocr_line' id='line_1_124' title="bbox 1106 1970 1894 2008; baseline -0.006 -8"><span class='ocrx_word' id='word_1_883' title='bbox 1106 1974 1178 2006; x_wconf 89' lang='lat' dir='ltr'>Quae</span> <span class='ocrx_word' id='word_1_884' title='bbox 1198 1982 1305 2004; x_wconf 89' lang='lat' dir='ltr'>censes,</span> <span class='ocrx_word' id='word_1_885' title='bbox 1330 1971 1488 2008; x_wconf 82' lang='lat' dir='ltr'>magnitudo</span> <span class='ocrx_word' id='word_1_886' title='bbox 1507 1971 1592 1998; x_wconf 88' lang='lat' dir='ltr'>animi</span> <span class='ocrx_word' id='word_1_887' title='bbox 1615 1976 1641 1997; x_wconf 91' lang='lat' dir='ltr'>et</span> <span class='ocrx_word' id='word_1_888' title='bbox 1659 1970 1786 1997; x_wconf 82' lang='lat' dir='ltr'>fortitudo</span> <span class='ocrx_word' id='word_1_889' title='bbox 1807 1974 1894 2005; x_wconf 83' lang='lat' dir='ltr'>negat.</span> 
     </span>
     <span class='ocr_line' id='line_1_125' title="bbox 1106 2005 1899 2044; baseline -0.006 -7"><span class='ocrx_word' id='word_1_890' title='bbox 1106 2011 1214 2038; x_wconf 79' lang='lat' dir='ltr'>xxvu.</span> <span class='ocrx_word' id='word_1_891' title='bbox 1244 2012 1298 2037; x_wconf 72' lang='lat'>⁴00.</span> <span class='ocrx_word' id='word_1_892' title='bbox 1330 2011 1402 2037; x_wconf 89' lang='lat' dir='ltr'>Num</span> <span class='ocrx_word' id='word_1_893' title='bbox 1427 2008 1614 2044; x_wconf 87' lang='lat' dir='ltr'>locupletiores</span> <span class='ocrx_word' id='word_1_894' title='bbox 1633 2008 1742 2043; x_wconf 87' lang='lat' dir='ltr'>quaeris</span> <span class='ocrx_word' id='word_1_895' title='bbox 1761 2005 1899 2033; x_wconf 67' lang='lat' dir='ltr'>auctores?</span> 
     </span>
     <span class='ocr_line' id='line_1_126' title="bbox 1106 2044 1899 2081; baseline -0.008 -6"><span class='ocrx_word' id='word_1_896' title='bbox 1106 2049 1206 2075; x_wconf 79' lang='lat' dir='ltr'>Harum</span> <span class='ocrx_word' id='word_1_897' title='bbox 1221 2048 1293 2074; x_wconf 89' lang='lat' dir='ltr'>enim</span> <span class='ocrx_word' id='word_1_898' title='bbox 1309 2052 1349 2074; x_wconf 92' lang='lat' dir='ltr'>est</span> <span class='ocrx_word' id='word_1_899' title='bbox 1364 2048 1493 2073; x_wconf 84' lang='lat' dir='ltr'>virtutum</span> <span class='ocrx_word' id='word_1_900' title='bbox 1509 2047 1648 2081; x_wconf 90' lang='lat' dir='ltr'>proprium</span> <span class='ocrx_word' id='word_1_901' title='bbox 1659 2044 1727 2071; x_wconf 92' lang='lat' dir='ltr'>nihil</span> <span class='ocrx_word' id='word_1_902' title='bbox 1739 2044 1899 2071; x_wconf 77' lang='lat' dir='ltr'>extimesce-</span> 
     </span>
     <span class='ocr_line' id='line_1_127' title="bbox 1107 2081 1898 2119; baseline -0.006 -7"><span class='ocrx_word' id='word_1_903' title='bbox 1107 2095 1143 2117; x_wconf 89' lang='lat' dir='ltr'>re,</span> <span class='ocrx_word' id='word_1_904' title='bbox 1157 2086 1246 2112; x_wconf 90' lang='lat' dir='ltr'>omnia</span> <span class='ocrx_word' id='word_1_905' title='bbox 1257 2085 1373 2111; x_wconf 90' lang='lat' dir='ltr'>humana</span> <span class='ocrx_word' id='word_1_906' title='bbox 1387 2084 1538 2119; x_wconf 84' lang='lat' dir='ltr'>despicere:</span> <span class='ocrx_word' id='word_1_907' title='bbox 1561 2082 1628 2109; x_wconf 88' lang='lat' dir='ltr'>nihil</span> <span class='ocrx_word' id='word_1_908' title='bbox 1637 2103 1643 2113; x_wconf 91' lang='lat'>,</span> <span class='ocrx_word' id='word_1_909' title='bbox 1656 2081 1728 2117; x_wconf 89' lang='lat' dir='ltr'>quod</span> <span class='ocrx_word' id='word_1_910' title='bbox 1740 2081 1843 2108; x_wconf 89' lang='lat' dir='ltr'>homini</span> <span class='ocrx_word' id='word_1_911' title='bbox 1853 2088 1898 2107; x_wconf 88' lang='lat' dir='ltr'>ac-</span> 
     </span>
     <span class='ocr_line' id='line_1_128' title="bbox 1106 2117 1898 2157; baseline -0.008 -8"><span class='ocrx_word' id='word_1_912' title='bbox 1106 2123 1195 2149; x_wconf 89' lang='lat' dir='ltr'>cidere</span> <span class='ocrx_word' id='word_1_913' title='bbox 1205 2123 1302 2157; x_wconf 87' lang='lat' dir='ltr'>possit,</span> <span class='ocrx_word' id='word_1_914' title='bbox 1320 2120 1516 2148; x_wconf 88' lang='lat' dir='ltr'>intolerandum</span> <span class='ocrx_word' id='word_1_915' title='bbox 1531 2125 1635 2155; x_wconf 89' lang='lat' dir='ltr'>putare.</span> <span class='ocrx_word' id='word_1_916' title='bbox 1675 2119 1766 2154; x_wconf 86' lang='lat' dir='ltr'>Itaque</span> <span class='ocrx_word' id='word_1_917' title='bbox 1781 2117 1848 2153; x_wconf 90' lang='lat' dir='ltr'>quid</span> <span class='ocrx_word' id='word_1_918' title='bbox 1859 2117 1898 2144; x_wconf 79' lang='lat' dir='ltr'>fe-</span> 
     </span>
     <span class='ocr_line' id='line_1_129' title="bbox 1106 2155 1897 2191; baseline -0.008 -4"><span class='ocrx_word' id='word_1_919' title='bbox 1106 2160 1159 2187; x_wconf 64' lang='lat' dir='ltr'>cit?</span> <span class='ocrx_word' id='word_1_920' title='bbox 1172 2161 1200 2186; x_wconf 91' lang='lat' dir='ltr'>ln</span> <span class='ocrx_word' id='word_1_921' title='bbox 1211 2165 1333 2186; x_wconf 88' lang='lat' dir='ltr'>senatum</span> <span class='ocrx_word' id='word_1_922' title='bbox 1346 2159 1430 2191; x_wconf 75' lang='lat' dir='ltr'>venit3</span> <span class='ocrx_word' id='word_1_923' title='bbox 1450 2157 1573 2184; x_wconf 87' lang='lat' dir='ltr'>mandata</span> <span class='ocrx_word' id='word_1_924' title='bbox 1583 2157 1721 2191; x_wconf 81' lang='lat' dir='ltr'>exposuit3</span> <span class='ocrx_word' id='word_1_925' title='bbox 1738 2155 1897 2182; x_wconf 87' lang='lat' dir='ltr'>seutentiam</span> 
     </span>
     <span class='ocr_line' id='line_1_130' title="bbox 1107 2194 1898 2229; baseline -0.009 -5"><span class='ocrx_word' id='word_1_926' title='bbox 1107 2207 1138 2224; x_wconf 91' lang='lat' dir='ltr'>ne</span> <span class='ocrx_word' id='word_1_927' title='bbox 1149 2197 1258 2227; x_wconf 89' lang='lat' dir='ltr'>diceret,</span> <span class='ocrx_word' id='word_1_928' title='bbox 1272 2197 1417 2227; x_wconf 81' lang='lat' dir='ltr'>recusavit3</span> <span class='ocrx_word' id='word_1_929' title='bbox 1433 2197 1555 2229; x_wconf 71' lang='lat' dir='ltr'>quamdiu</span> <span class='ocrx_word' id='word_1_930' title='bbox 1566 2195 1734 2221; x_wconf 78' lang='lat' dir='ltr'>iureiurando</span> <span class='ocrx_word' id='word_1_931' title='bbox 1742 2194 1851 2219; x_wconf 73' lang='lat' dir='ltr'>hostium</span> <span class='ocrx_word' id='word_1_932' title='bbox 1861 2196 1898 2218; x_wconf 80' lang='lat' dir='ltr'>te-</span> 
     </span>
     <span class='ocr_line' id='line_1_131' title="bbox 1106 2229 1898 2266; baseline -0.009 -5"><span class='ocrx_word' id='word_1_933' title='bbox 1106 2240 1221 2265; x_wconf 83' lang='lat' dir='ltr'>neretur,</span> <span class='ocrx_word' id='word_1_934' title='bbox 1238 2243 1288 2260; x_wconf 83' lang='lat' dir='ltr'>non</span> <span class='ocrx_word' id='word_1_935' title='bbox 1301 2242 1353 2260; x_wconf 78' lang='lat' dir='ltr'>esse</span> <span class='ocrx_word' id='word_1_936' title='bbox 1367 2242 1394 2259; x_wconf 85' lang='lat' dir='ltr'>se</span> <span class='ocrx_word' id='word_1_937' title='bbox 1404 2238 1553 2259; x_wconf 83' lang='lat' dir='ltr'>senatorem.</span> <span class='ocrx_word' id='word_1_938' title='bbox 1589 2231 1677 2266; x_wconf 80' lang='lat' dir='ltr'>Atque</span> <span class='ocrx_word' id='word_1_939' title='bbox 1689 2229 1757 2256; x_wconf 91' lang='lat' dir='ltr'>illud</span> <span class='ocrx_word' id='word_1_940' title='bbox 1767 2230 1858 2260; x_wconf 87' lang='lat' dir='ltr'>etiam,</span> <span class='ocrx_word' id='word_1_941' title='bbox 1871 2229 1898 2261; x_wconf 84' lang='lat' dir='ltr'>(o</span> 
     </span>
     <span class='ocr_line' id='line_1_132' title="bbox 1105 2267 1897 2304; baseline -0.009 -6"><span class='ocrx_word' id='word_1_942' title='bbox 1105 2274 1209 2299; x_wconf 79' lang='lat' dir='ltr'>stultum</span> <span class='ocrx_word' id='word_1_943' title='bbox 1220 2273 1350 2300; x_wconf 78' lang='lat' dir='ltr'>hominem,</span> <span class='ocrx_word' id='word_1_944' title='bbox 1359 2269 1457 2297; x_wconf 82' lang='lat' dir='ltr'>dixerit</span> <span class='ocrx_word' id='word_1_945' title='bbox 1467 2269 1613 2304; x_wconf 88' lang='lat' dir='ltr'>quispiam,</span> <span class='ocrx_word' id='word_1_946' title='bbox 1621 2273 1643 2294; x_wconf 87' lang='lat' dir='ltr'>et</span> <span class='ocrx_word' id='word_1_947' title='bbox 1654 2271 1834 2301; x_wconf 77' lang='lat' dir='ltr'>repuqnamem</span> <span class='ocrx_word' id='word_1_948' title='bbox 1843 2267 1897 2291; x_wconf 80' lang='lat' dir='ltr'>utt&#39;-</span> 
     </span>
     <span class='ocr_line' id='line_1_133' title="bbox 1107 2302 1898 2342; baseline -0.009 -7"><span class='ocrx_word' id='word_1_949' title='bbox 1107 2311 1175 2336; x_wconf 76' lang='lat' dir='ltr'>litati</span> <span class='ocrx_word' id='word_1_950' title='bbox 1188 2309 1274 2342; x_wconf 78' lang='lat' dir='ltr'>suael)</span> <span class='ocrx_word' id='word_1_951' title='bbox 1295 2307 1372 2334; x_wconf 89' lang='lat' dir='ltr'>reddi</span> <span class='ocrx_word' id='word_1_952' title='bbox 1386 2307 1520 2342; x_wconf 88' lang='lat' dir='ltr'>captivos,</span> <span class='ocrx_word' id='word_1_953' title='bbox 1543 2305 1652 2341; x_wconf 83' lang='lat' dir='ltr'>negavit</span> <span class='ocrx_word' id='word_1_954' title='bbox 1665 2312 1724 2331; x_wconf 89' lang='lat' dir='ltr'>esse</span> <span class='ocrx_word' id='word_1_955' title='bbox 1739 2302 1819 2330; x_wconf 86' lang='lat' dir='ltr'>utile:</span> <span class='ocrx_word' id='word_1_956' title='bbox 1838 2304 1898 2329; x_wconf 72' lang='lat' dir='ltr'>illos</span> 
     </span>
     <span class='ocr_line' id='line_1_134' title="bbox 1105 2342 1897 2373; baseline -0.009 -1"><span class='ocrx_word' id='word_1_957' title='bbox 1105 2349 1171 2372; x_wconf 87' lang='lat' dir='ltr'>enim</span> <span class='ocrx_word' id='word_1_958' title='bbox 1181 2347 1349 2372; x_wconf 72' lang='lat' dir='ltr'>adolescentes</span> <span class='ocrx_word' id='word_1_959' title='bbox 1359 2353 1411 2371; x_wconf 77' lang='lat' dir='ltr'>esse</span> <span class='ocrx_word' id='word_1_960' title='bbox 1421 2349 1444 2370; x_wconf 79' lang='lat' dir='ltr'>et</span> <span class='ocrx_word' id='word_1_961' title='bbox 1455 2345 1530 2370; x_wconf 74' lang='lat' dir='ltr'>bonos</span> <span class='ocrx_word' id='word_1_962' title='bbox 1544 2345 1632 2373; x_wconf 77' lang='lat' dir='ltr'>duces,</span> <span class='ocrx_word' id='word_1_963' title='bbox 1652 2351 1679 2368; x_wconf 75' lang='lat' dir='ltr'>se</span> <span class='ocrx_word' id='word_1_964' title='bbox 1694 2344 1745 2367; x_wconf 82' lang='lat' dir='ltr'>iam</span> <span class='ocrx_word' id='word_1_965' title='bbox 1759 2342 1897 2373; x_wconf 78' lang='lat' dir='ltr'>consectum</span> 
     </span>
     <span class='ocr_line' id='line_1_135' title="bbox 1105 2376 1895 2416; baseline -0.009 -7"><span class='ocrx_word' id='word_1_966' title='bbox 1105 2387 1239 2410; x_wconf 81' lang='lat' dir='ltr'>senectute.</span> <span class='ocrx_word' id='word_1_967' title='bbox 1280 2382 1364 2409; x_wconf 90' lang='lat' dir='ltr'>Cuius</span> <span class='ocrx_word' id='word_1_968' title='bbox 1379 2390 1464 2416; x_wconf 91' lang='lat' dir='ltr'>quum</span> <span class='ocrx_word' id='word_1_969' title='bbox 1479 2380 1610 2407; x_wconf 79' lang='lat' dir='ltr'>valuisset</span> <span class='ocrx_word' id='word_1_970' title='bbox 1624 2378 1779 2408; x_wconf 82' lang='lat' dir='ltr'>auctoritas,</span> <span class='ocrx_word' id='word_1_971' title='bbox 1795 2376 1895 2411; x_wconf 83' lang='lat' dir='ltr'>captivi</span> 
     </span>
     <span class='ocr_line' id='line_1_136' title="bbox 1106 2416 1897 2454; baseline -0.01 -7"><span class='ocrx_word' id='word_1_972' title='bbox 1106 2421 1200 2447; x_wconf 87' lang='lat' dir='ltr'>retenti</span> <span class='ocrx_word' id='word_1_973' title='bbox 1211 2424 1287 2451; x_wconf 90' lang='lat' dir='ltr'>sunt;</span> <span class='ocrx_word' id='word_1_974' title='bbox 1301 2420 1359 2454; x_wconf 90' lang='lat' dir='ltr'>ipse</span> <span class='ocrx_word' id='word_1_975' title='bbox 1370 2418 1560 2453; x_wconf 85' lang='lat' dir='ltr'>Karthaginem</span> <span class='ocrx_word' id='word_1_976' title='bbox 1571 2416 1664 2443; x_wconf 87' lang='lat' dir='ltr'>rediit:</span> <span class='ocrx_word' id='word_1_977' title='bbox 1680 2423 1767 2450; x_wconf 88' lang='lat' dir='ltr'>neque</span> <span class='ocrx_word' id='word_1_978' title='bbox 1778 2422 1840 2440; x_wconf 90' lang='lat' dir='ltr'>eum</span> <span class='ocrx_word' id='word_1_979' title='bbox 1851 2422 1897 2440; x_wconf 87' lang='lat' dir='ltr'>ca-</span> 
     </span>
     <span class='ocr_line' id='line_1_137' title="bbox 1106 2452 1897 2492; baseline -0.01 -8"><span class='ocrx_word' id='word_1_980' title='bbox 1106 2459 1170 2484; x_wconf 90' lang='lat' dir='ltr'>ritas</span> <span class='ocrx_word' id='word_1_981' title='bbox 1181 2458 1280 2492; x_wconf 90' lang='lat' dir='ltr'>patriae</span> <span class='ocrx_word' id='word_1_982' title='bbox 1290 2457 1412 2486; x_wconf 89' lang='lat' dir='ltr'>retinuit,</span> <span class='ocrx_word' id='word_1_983' title='bbox 1435 2463 1483 2482; x_wconf 89' lang='lat' dir='ltr'>nec</span> <span class='ocrx_word' id='word_1_984' title='bbox 1494 2462 1614 2481; x_wconf 90' lang='lat' dir='ltr'>suorum.</span> <span class='ocrx_word' id='word_1_985' title='bbox 1660 2452 1753 2487; x_wconf 82' lang='lat' dir='ltr'>Neque</span> <span class='ocrx_word' id='word_1_986' title='bbox 1764 2459 1827 2478; x_wconf 85' lang='lat' dir='ltr'>vero</span> <span class='ocrx_word' id='word_1_987' title='bbox 1837 2455 1897 2477; x_wconf 90' lang='lat' dir='ltr'>tum</span> 
     </span>
     <span class='ocr_line' id='line_1_138' title="bbox 1105 2487 1896 2530; baseline -0.01 -9"><span class='ocrx_word' id='word_1_988' title='bbox 1105 2494 1253 2530; x_wconf 82' lang='lat' dir='ltr'>ignorabat,</span> <span class='ocrx_word' id='word_1_989' title='bbox 1266 2502 1294 2520; x_wconf 89' lang='lat' dir='ltr'>se</span> <span class='ocrx_word' id='word_1_990' title='bbox 1305 2493 1338 2519; x_wconf 89' lang='lat' dir='ltr'>ad</span> <span class='ocrx_word' id='word_1_991' title='bbox 1349 2492 1570 2519; x_wconf 87' lang='lat' dir='ltr'>crudelissimum</span> <span class='ocrx_word' id='word_1_992' title='bbox 1581 2491 1682 2517; x_wconf 87' lang='lat' dir='ltr'>hostem</span> <span class='ocrx_word' id='word_1_993' title='bbox 1693 2494 1719 2515; x_wconf 86' lang='lat' dir='ltr'>et</span> <span class='ocrx_word' id='word_1_994' title='bbox 1729 2488 1762 2515; x_wconf 87' lang='lat' dir='ltr'>ad</span> <span class='ocrx_word' id='word_1_995' title='bbox 1772 2487 1896 2523; x_wconf 82' lang='lat' dir='ltr'>exquisi-</span> 
     </span>
     <span class='ocr_line' id='line_1_139' title="bbox 1105 2526 1897 2566; baseline -0.01 -8"><span class='ocrx_word' id='word_1_996' title='bbox 1105 2537 1130 2558; x_wconf 88' lang='lat' dir='ltr'>ta</span> <span class='ocrx_word' id='word_1_997' title='bbox 1145 2531 1280 2566; x_wconf 89' lang='lat' dir='ltr'>supplicia</span> <span class='ocrx_word' id='word_1_998' title='bbox 1295 2530 1442 2565; x_wconf 83' lang='lat' dir='ltr'>proficisci:</span> <span class='ocrx_word' id='word_1_999' title='bbox 1464 2528 1512 2555; x_wconf 88' lang='lat' dir='ltr'>sed</span> <span class='ocrx_word' id='word_1_1000' title='bbox 1527 2526 1715 2555; x_wconf 88' lang='lat' dir='ltr'>iusiurandum</span> <span class='ocrx_word' id='word_1_1001' title='bbox 1734 2533 1897 2552; x_wconf 82' lang='lat' dir='ltr'>conservan-</span> 
     </span>
     <span class='ocr_line' id='line_1_140' title="bbox 1105 2561 1897 2603; baseline -0.01 -8"><span class='ocrx_word' id='word_1_1002' title='bbox 1105 2569 1170 2595; x_wconf 90' lang='lat' dir='ltr'>dum</span> <span class='ocrx_word' id='word_1_1003' title='bbox 1182 2568 1301 2603; x_wconf 82' lang='lat' dir='ltr'>putabat.</span> <span class='ocrx_word' id='word_1_1004' title='bbox 1338 2568 1430 2602; x_wconf 90' lang='lat' dir='ltr'>ltaque</span> <span class='ocrx_word' id='word_1_1005' title='bbox 1445 2571 1515 2596; x_wconf 78' lang='lat' dir='ltr'>tum,</span> <span class='ocrx_word' id='word_1_1006' title='bbox 1530 2573 1615 2600; x_wconf 89' lang='lat' dir='ltr'>quum</span> <span class='ocrx_word' id='word_1_1007' title='bbox 1630 2562 1768 2598; x_wconf 75' lang='lat' dir='ltr'>vigilando</span> <span class='ocrx_word' id='word_1_1008' title='bbox 1781 2561 1897 2589; x_wconf 87' lang='lat' dir='ltr'>necaba-</span> 
     </span>
     <span class='ocr_line' id='line_1_141' title="bbox 1105 2599 1897 2637; baseline -0.009 -5"><span class='ocrx_word' id='word_1_1009' title='bbox 1105 2612 1156 2637; x_wconf 89' lang='lat' dir='ltr'>tur,</span> <span class='ocrx_word' id='word_1_1010' title='bbox 1165 2610 1220 2632; x_wconf 92' lang='lat' dir='ltr'>erat</span> <span class='ocrx_word' id='word_1_1011' title='bbox 1231 2607 1258 2631; x_wconf 90' lang='lat' dir='ltr'>in</span> <span class='ocrx_word' id='word_1_1012' title='bbox 1270 2604 1378 2631; x_wconf 90' lang='lat' dir='ltr'>meliore</span> <span class='ocrx_word' id='word_1_1013' title='bbox 1388 2611 1492 2633; x_wconf 82' lang='lat' dir='ltr'>caussa,</span> <span class='ocrx_word' id='word_1_1014' title='bbox 1505 2610 1586 2636; x_wconf 86' lang='lat' dir='ltr'>quam</span> <span class='ocrx_word' id='word_1_1015' title='bbox 1596 2601 1620 2627; x_wconf 89' lang='lat' dir='ltr'>si</span> <span class='ocrx_word' id='word_1_1016' title='bbox 1633 2600 1706 2626; x_wconf 89' lang='lat' dir='ltr'>domi</span> <span class='ocrx_word' id='word_1_1017' title='bbox 1717 2608 1802 2626; x_wconf 80' lang='lat' dir='ltr'>senex</span> <span class='ocrx_word' id='word_1_1018' title='bbox 1810 2599 1897 2634; x_wconf 87' lang='lat' dir='ltr'>capti-</span> 
     </span>
     <span class='ocr_line' id='line_1_142' title="bbox 1105 2635 1894 2677; baseline -0.01 -7"><span class='ocrx_word' id='word_1_1019' title='bbox 1105 2652 1164 2672; x_wconf 84' lang='lat' dir='ltr'>vus.</span> <span class='ocrx_word' id='word_1_1020' title='bbox 1178 2643 1303 2677; x_wconf 90' lang='lat' dir='ltr'>periurus</span> <span class='ocrx_word' id='word_1_1021' title='bbox 1313 2640 1461 2668; x_wconf 88' lang='lat' dir='ltr'>consularis</span> <span class='ocrx_word' id='word_1_1022' title='bbox 1471 2639 1654 2666; x_wconf 85' lang='lat' dir='ltr'>remansisset.</span> <span class='ocrx_word' id='word_1_1023' title='bbox 1677 2639 1733 2663; x_wconf 73' lang='grc'>401.</span> <span class='ocrx_word' id='word_1_1024' title='bbox 1746 2637 1793 2664; x_wconf 72' lang='lat' dir='ltr'>»At</span> <span class='ocrx_word' id='word_1_1025' title='bbox 1803 2635 1894 2666; x_wconf 83' lang='lat' dir='ltr'>stulte.</span> 
     </span>
    </p>
   </div>
  </div>
 </body>
</html>
