1941 3052
407 126 525 154 CATO
554 126 698 154 MAIOR
727 127 779 154 DE
809 127 1090 155 SENECTUTE.
1125 128 1216 155 CAP.
1245 131 1330 156 ⁴4—
1353 132 1388 156 48.

74 197 220 224 vindicare.
249 197 321 232 Ergo
332 197 360 223 in
371 196 421 224 hac
432 198 486 224 vita
498 198 541 224 Μ’.
554 197 666 229 Curius,
679 207 764 233 quum
776 197 809 224 de
820 197 869 224 Sa-

73 235 219 266 mnitibus,
236 234 270 261 de
281 234 404 265 Sabinis,
422 235 455 261 de
466 234 568 270 Pyrrho
583 235 789 270 triumphasset,
805 244 869 262 con-

73 273 190 307 sumpsit
201 277 352 299 extremum
363 276 470 306 tempus
482 272 590 299 aetatis:
608 273 686 298 cuius
698 272 809 307 quidem
820 281 869 308 ego

73 309 166 336 villam
180 308 373 344 contemplans,
387 309 472 344 (abest
483 310 555 336 enim
567 318 619 336 non
632 309 709 345 longe
721 318 734 336 a
746 310 810 344 me,)
821 310 869 336 ad-

73 347 165 373 mirari
180 347 245 373 satis
260 355 311 373 non
324 355 434 381 possum
447 346 488 372 vel
501 346 620 372 hominis
631 347 718 381 ipsius
729 347 869 373 continen-

73 385 136 411 tiam
149 384 191 410 vel
204 389 354 419 temporum
366 383 549 418 disciplinam.
590 383 670 410 Curio
681 384 714 410 ad
727 384 815 411 focum
826 393 870 410 se-

72 421 146 448 denti
162 430 292 457 magnum
308 422 366 448 auri
381 421 488 456 pondus
503 421 637 447 Samnites
658 430 743 456 quum
764 421 870 448 attulis-

72 463 145 490 sent,
158 459 293 494 repudiati
304 463 377 485 sunt.
418 459 475 484 Non
487 459 559 484 enim
571 467 667 484 aurum
682 458 780 485 habere
792 467 869 493 prae-

72 496 175 523 clarum
186 496 240 523 sibi
252 496 339 522 videri
353 495 432 527 dixit,
445 495 493 522 sed
505 496 548 527 iis,
561 496 610 530 qui
621 495 750 523 haberent
761 505 867 526 aurum,

72 534 215 568 imperare.
256 535 298 560 56.
319 534 456 560 Poteratne
472 537 561 559 tantus
576 533 684 559 animus
700 542 751 559 non
763 532 869 559 efficere

72 571 220 597 iucundam
235 570 418 597 senectutem?
434 570 485 597 Sed
502 570 582 596 venio
597 569 630 596 ad
646 570 790 606 agricolas,
808 579 840 597 ne
856 579 870 597 a

72 617 115 634 me
128 609 187 643 ipso
198 608 331 634 recedam.
353 608 382 634 In
394 608 466 643 agris
477 612 552 634 erant
563 612 620 634 tum
632 612 775 639 senatores,
793 607 820 633 id
830 612 871 634 est

71 654 163 672 senes:
181 646 205 672 si
220 645 331 680 quidem
347 646 432 671 aranti
448 645 478 671 L.
491 645 616 677 Quinctio
628 645 786 671 Cincinnato
800 654 870 671 nun—

72 683 167 710 tiatum
178 687 231 714 est,
248 691 311 709 eum
321 682 477 709 dictatorem
488 691 547 708 esse
560 682 673 708 factum:
696 683 775 709 cuius
785 682 870 708 dicta-

71 721 136 747 toris
152 721 229 747 iussu
245 721 373 756 magister
387 720 509 755 equitum
524 719 553 747 C.
571 719 705 746 Servilius
722 719 804 746 Ahala
821 719 868 753 Sp.

71 757 199 784 Maelium
219 766 333 793 regnum
353 762 522 792 appetentem
542 762 702 792 occupatum
724 757 868 783 interemit.

71 795 93 821 A
109 794 174 821 villa
190 795 218 821 in
232 800 356 822 senatum
372 794 577 821 arcessebantur
592 799 617 821 et
632 794 730 821 Curius
748 799 774 821 et
789 795 870 821 ceteri

71 840 163 859 senes:
181 841 214 859 ex
225 841 287 867 quo,
304 833 353 867 qui
364 841 409 859 eos
421 832 600 864 arcessebant,
614 833 728 858 viatores
740 832 870 858 nominati

71 874 144 896 sunt.
184 870 256 896 Num
277 870 360 905 igitur
375 869 472 896 horum
487 874 612 896 senectus
627 868 792 895 miserabilis
808 868 867 900 fuit,

71 908 119 942 qui
129 915 158 933 se
170 907 227 943 agri
238 906 355 933 cultione
365 906 553 934 oblectabant?
569 907 627 933 Mea
638 906 750 942 quidem
762 911 871 933 senten-

71 945 107 971 tia
119 944 191 971 haud
202 945 258 971 scio
269 953 302 970 an
313 944 387 971 nulla
399 944 501 971 beatior
511 945 596 979 possit
602 953 674 971 esse:
689 952 776 979 neque
782 943 870 970 solum

70 981 159 1008 officio
167 1003 173 1012 ,
195 981 268 1017 quod
279 982 421 1008 hominum
431 983 525 1018 generi
538 983 667 1008 universo
677 981 781 1008 cultura
793 990 871 1017 agro-

71 1027 132 1045 rum
144 1023 185 1046 est
194 1019 333 1050 salutaris,
352 1019 400 1045 sed
416 1024 442 1046 et
452 1019 641 1051 delectatione,
659 1028 741 1054 quam
757 1019 829 1050 dixi,
846 1023 871 1045 et

70 1057 209 1083 saturitate
224 1057 356 1092 copiaque
371 1057 493 1083 omnium
510 1065 613 1087 rerum,
636 1065 705 1092 quae
720 1056 753 1082 ad
767 1056 870 1083 victum

70 1093 227 1126 hominum,
247 1094 281 1120 ad
301 1093 405 1120 cultum
426 1094 506 1120 etiam
527 1094 638 1120 deorum
660 1094 806 1128 pertinent,
830 1099 868 1125 ut,

70 1132 199 1166 quoniam
211 1131 277 1158 haec
288 1131 401 1166 quidam
411 1131 574 1163 desiderant,
584 1132 611 1158 in
622 1132 735 1167 gratiam
748 1131 801 1158 iam
808 1140 870 1157 cum

71 1168 208 1204 voluptate
223 1168 376 1195 redeamus.
416 1168 528 1204 Semper
542 1170 615 1195 enim
631 1169 695 1195 boni
711 1168 870 1203 assiduique

70 1206 175 1232 domini
187 1205 282 1232 referta
293 1206 360 1232 cella
372 1207 484 1236 vinaria,
498 1206 606 1237 olearia,
619 1207 699 1233 etiam
711 1206 820 1241 penaria
831 1210 872 1232 est

70 1243 190 1278 villaque
202 1248 255 1270 tota
267 1243 387 1278 locuples
394 1248 446 1275 est,
461 1243 676 1278 abundatporco,
685 1243 780 1275 haedo,
789 1252 868 1278 agno,

69 1280 180 1316 gallina,
196 1280 270 1311 lacte,
285 1290 370 1312 caseo,
385 1281 474 1307 melle.
516 1282 570 1307 Iam
582 1281 688 1308 hortum
702 1282 754 1315 ipsi
766 1282 871 1316 agrico-

71 1317 112 1344 lae
132 1318 282 1344 succidiam
308 1318 418 1345 alteram
443 1318 590 1353 appellant.
631 1318 785 1345 Conditiora
808 1317 871 1344 facit

71 1355 136 1382 haec
147 1356 342 1391 supervacanei
355 1354 454 1392 [etiam]
467 1357 557 1390 operis
569 1356 717 1390 aucupium
732 1360 812 1390 atque
824 1364 871 1382 ve-

70 1394 153 1420 natio.
193 1393 237 1420 57.
258 1393 329 1426 Quid
344 1393 377 1419 de
391 1398 528 1428 pratorum
541 1393 677 1420 viriditate
688 1397 733 1419 aut
744 1393 869 1419 arborum

69 1430 211 1457 ordinibus
226 1435 272 1457 aut
282 1431 423 1457 vinearum
434 1430 650 1466 olivetorumque
662 1431 752 1465 specie
764 1430 871 1456 dieam‘?

69 1468 149 1494 Brevi
163 1467 328 1503 praecidam.
368 1467 440 1504 Agro
455 1468 523 1494 bene
538 1468 610 1495 culto
625 1468 693 1494 nihil
710 1472 797 1503 potest
811 1476 870 1494 esse

70 1513 119 1531 nec
129 1513 181 1531 usu
193 1505 305 1532 uberius
317 1513 365 1532 nec
378 1506 468 1540 specie
480 1506 613 1538 ornatius,
632 1505 665 1532 ad
680 1513 762 1540 quem
778 1505 871 1532 fruen-

69 1542 136 1568 dum
148 1551 199 1569 non
214 1542 294 1569 modo
305 1552 357 1569 non
372 1542 500 1574 retardat,
517 1551 610 1569 verum
626 1543 706 1569 etiam
722 1543 817 1569 invitat
832 1547 870 1569 at-

69 1588 123 1614 que
135 1579 240 1606 allectat
250 1585 385 1607 senectus.
425 1580 477 1607 Ubi
493 1580 565 1606 enim
582 1585 669 1615 potest
685 1579 730 1606 illa
742 1585 814 1606 actas
824 1585 871 1606 aut

69 1616 202 1644 calescere
213 1617 256 1643 vel
268 1618 431 1653 apricatione
447 1617 545 1644 melius
557 1617 599 1643 vel
610 1617 677 1653 igni,
691 1622 736 1644 aut
748 1618 869 1643 vicissim

69 1654 176 1680 umbris
187 1655 300 1690 aquisve
312 1654 464 1691 refrigerari
475 1654 632 1681 salubrius?
655 1656 697 1681 58.
715 1654 773 1681 Sibi
787 1655 870 1689 igitur

70 1691 187 1718 habeant
197 1700 284 1723 arma,
303 1692 357 1719 sibi
374 1701 472 1727 equos,
491 1692 545 1718 sibi
561 1692 664 1723 hastas,
683 1692 736 1718 sibi
752 1691 867 1723 clavam,

69 1733 96 1756 et
114 1728 212 1764 pilam,
233 1729 287 1756 sibi
308 1730 456 1756 natationes
475 1734 555 1765 atque
571 1738 681 1756 cursus:
703 1729 782 1756 nobis
797 1730 871 1756 seni-

70 1766 122 1793 bus
134 1775 168 1793 ex
179 1766 332 1794 lusionibus
343 1766 436 1793 multis
451 1766 517 1794 talos
533 1766 686 1802 relinquant
699 1771 724 1794 et
738 1771 866 1794 tesseras:

70 1803 98 1830 id
110 1804 200 1839 ipsum
211 1809 302 1831 utrum
314 1804 434 1838 lubebit;
457 1805 585 1840 quoniam
598 1806 657 1831 sine
669 1805 712 1831 his
724 1804 799 1831 beata
811 1813 870 1831 esse

69 1846 194 1868 senectus
209 1846 305 1877 potest.
345 1841 428 1868 XVII.
449 1843 492 1868 59.
513 1841 611 1868 Multas
627 1842 660 1868 ad
680 1851 722 1868 res
740 1842 870 1877 perutiles

69 1878 258 1913 Xenophontis
271 1878 331 1905 libri
343 1883 420 1905 sunt:
432 1887 501 1914 quos
512 1878 601 1915 legite,
615 1888 725 1914 quaeso,
737 1879 868 1911 studiose,

69 1920 100 1942 ut
110 1915 208 1943 facitis.
248 1916 335 1948 Quam
350 1916 458 1951 copiose
473 1916 507 1942 ab
523 1925 554 1943 eo
570 1916 734 1952 agricultura
747 1916 871 1944 laudatur

70 1953 97 1980 in
109 1961 140 1980 eo
152 1952 229 1984 libro,
242 1953 291 1988 qui
301 1957 341 1979 est
351 1953 384 1979 de
396 1953 494 1980 tuenda
506 1962 533 1979 re
546 1953 683 1984 familiari,
696 1955 870 1988 quiOecono-

69 1991 157 2017 micus
169 1990 341 2017 inscribitur!
364 1991 451 2026 Atque
463 1995 492 2017 ut
503 1990 674 2026 intelligatis,
692 1991 760 2017 nibil
776 1992 801 2018 ei
817 1996 869 2018 tam

70 2027 158 2064 regale
171 2027 267 2059 videri,
281 2036 362 2063 quam
374 2027 495 2054 studium
508 2028 565 2063 agri
576 2027 692 2059 colendi,
709 2028 830 2055 Socrates
843 2029 869 2055 in

69 2073 100 2092 eo
112 2065 181 2092 libro
193 2065 313 2100 loquitur
323 2074 385 2092 cum
397 2064 544 2095 Critobulo,
561 2064 660 2101 Cyrum
674 2065 814 2097 minorem,
829 2074 871 2092 re-

69 2111 130 2139 gem
137 2102 278 2129 Persarum
290 2107 469 2138 praestantem
482 2103 590 2138 ingcnio
602 2107 681 2137 atque
693 2103 800 2137 imperii
812 2102 871 2138 glo-

70 2140 117 2171 ria,
131 2148 216 2175 quum
228 2139 610 2176 LysanderLacedaemonius,
628 2140 670 2166 vir
680 2148 802 2166 summae
815 2141 871 2166 vir-

69 2177 143 2208 tutis,
157 2178 277 2204 venisset
287 2177 320 2203 ad
332 2185 393 2204 eum
405 2177 496 2203 Sardis
507 2177 587 2212 eique
598 2176 666 2203 dona
681 2185 694 2203 a
706 2178 788 2204 sociis
799 2182 870 2204 attu-

70 2213 157 2245 lisset,
182 2219 207 2241 et
227 2215 323 2241 ceteris
347 2215 374 2241 in
394 2214 475 2241 rebus
494 2223 598 2241 comem
617 2223 679 2250 erga
700 2214 869 2250 Lysandrum

68 2256 148 2287 atque
170 2251 320 2278 humanum
341 2251 438 2282 fuisse,
460 2256 486 2278 et
505 2252 530 2278 ei
545 2251 692 2286 quemdam
711 2256 869 2287 conseptum

69 2297 164 2325 agrum
175 2288 321 2325 diligenter
330 2289 465 2316 consitum
476 2288 637 2315 ostendisse.
678 2289 768 2321 Quum
779 2294 868 2316 autem

68 2326 247 2353 admiraretur
257 2326 395 2362 Lysander
406 2331 431 2353 et
442 2327 613 2361 proceritates
627 2326 768 2358 arborum,
786 2331 812 2353 et
826 2326 870 2352 di-

68 2368 154 2390 rectos
174 2364 202 2390 in
217 2365 399 2399 quincuncem
415 2363 537 2394 ordines,
558 2368 584 2390 et
599 2363 713 2390 humum
729 2364 868 2390 subactam

69 2405 148 2436 atque
163 2409 258 2436 puram
270 2405 296 2428 et
307 2401 468 2427 suavitatem
479 2400 606 2431 odorum,
623 2401 672 2436 qui
687 2400 841 2427 afflarentur
854 2410 868 2427 e

68 2436 193 2471 floribus,
209 2443 265 2465 tum
277 2438 389 2469 dixisse,
399 2438 525 2464 mirarise
533 2446 584 2464 non
597 2438 675 2464 modo
686 2438 866 2474 diligentiam,

68 2474 116 2501 sed
132 2476 212 2502 etiam
228 2475 374 2502 sollertiam
389 2476 462 2505 cius,
481 2484 494 2501 a
510 2484 564 2510 quo
579 2480 669 2501 essent
685 2475 728 2501 illa
745 2475 867 2502 dimensa

69 2517 148 2547 atque
163 2511 310 2548 descripta3
328 2517 354 2539 et
368 2513 392 2538 ci
408 2512 508 2548 Cyrum
525 2511 710 2547 respondisse:
733 2514 810 2546 Atqui
824 2522 868 2546 eqo

68 2552 153 2576 omnia
164 2552 215 2576 isla
225 2559 281 2576 sum
292 2552 434 2583 dimensus;
451 2552 499 2575 nter*
509 2555 568 2576 sunt
579 2551 689 2579 ordines,
705 2558 759 2575 mea
770 2552 853 2576 deseri
857 2565 866 2569 -

66 2589 134 2620 ptio;
155 2588 249 2614 multae
260 2589 336 2614 eliam
348 2590 457 2614 istarum
467 2588 589 2613 arborum
600 2595 655 2613 moa
665 2595 742 2613 ηιαηυ
753 2592 812 2613 situl
822 2595 866 2613 sa—

69 2628 117 2650 !ae.
156 2623 225 2650 Tum
239 2624 420 2660 Lysandrum,
439 2625 586 2650 intuentem
602 2624 661 2650 eius
677 2632 825 2659 purpuram
841 2629 867 2651 et

68 2661 180 2688 nitorem
201 2662 320 2697 corporis
339 2667 517 2697 ornatumque
538 2662 675 2688 Persicum
697 2661 781 2688 multo
801 2670 866 2688 auro

1651 134 1714 159 ⁴265

921 198 1068 234 multisque
1079 200 1208 236 gemmis,
1222 200 1338 227 dixisse:
1357 201 1430 227 Recte
1439 210 1499 228 vero
1511 206 1546 233 te,
1563 202 1639 235 Cyre,
1656 206 1715 229 beo—

921 241 973 262 tum
985 240 1082 270 serunt,
1104 240 1223 271 quoniam
1236 241 1327 264 virtuti
1337 243 1395 264 tuae
1404 241 1507 272 fortuna
1520 242 1655 266 coniuncta
1666 242 1715 266 est!

920 276 961 300 60.
975 274 1027 300 Hac
1039 275 1121 309 igitur
1133 274 1235 301 fortuna
1248 274 1301 301 frui
1314 274 1374 301 licet
1384 276 1509 303 senibus:
1523 285 1572 303 nec
1584 282 1655 304 aetas
1663 286 1715 303 im-

921 311 1008 345 pedit,
1029 320 1083 346 quo
1099 313 1189 338 minus
1205 317 1231 338 et
1244 317 1393 339 ceterarum
1409 321 1512 345 rerum,
1535 318 1559 341 et
1576 315 1602 341 in
1619 316 1714 349 primis

921 349 978 383 agri
994 348 1098 375 colendi
1115 349 1203 375 studia
1218 354 1355 376 teneamus
1367 358 1453 384 usque
1465 350 1498 377 ad
1509 350 1634 378 ultimum
1648 357 1715 379 tem-

921 394 973 420 pus
989 387 1144 412 senectutis.
1185 387 1219 412 M.
1237 386 1347 421 quidem
1360 387 1496 414 Valerium
1508 388 1624 415 Corvum
1641 398 1716 416 acce-

921 423 1012 465 pimus
1026 422 1059 449 ad
1070 424 1246 450 centesimum
1259 432 1359 450 annum
1370 424 1539 459 perduxisse,
1548 435 1634 461 quum
1645 432 1716 453 esset

922 464 978 486 acta
989 460 1042 486 iam
1053 465 1135 487 aetate
1146 462 1173 486 in
1185 461 1269 496 agriS,
1287 470 1386 496 eosque
1401 462 1507 489 coleret.
1548 464 1633 490 Cuius
1648 465 1715 490 inter

921 497 1039 531 primum
1052 503 1077 524 et
1088 503 1193 524 sextum
1205 498 1374 525 consulatum
1386 508 1433 525 sex
1445 505 1469 526 et
1480 500 1657 537 quadraginta
1668 510 1716 527 an-

921 535 949 560 ni
961 534 1149 561 interfuerunt.
1182 536 1271 577 ltaque
1283 541 1413 570 quantum
1425 539 1542 571 spatium
1554 539 1646 565 aetatis
1659 547 1716 564 ma—

922 572 990 597 iores
1002 573 1085 598 nostri
1096 572 1129 598 ad
1139 573 1283 599 senectutis
1296 574 1403 599 initium
1416 582 1474 600 esse
1486 575 1641 606 voluerunt,
1658 581 1716 602 tan-

922 613 964 635 tus
976 609 1016 635 illi
1028 618 1124 636 cursus
1136 610 1266 636 honorum
1279 609 1342 636 fuit:
1355 616 1434 645 atque
1446 613 1504 638 eius
1516 618 1632 639 extrema
1644 618 1715 639 aetas

921 646 971 672 boc
983 646 1097 678 beatior,
1115 655 1197 681 quam
1213 647 1314 678 media,
1331 648 1404 682 quod
1420 650 1582 676 auctoritatis
1594 649 1656 684 plus
1668 650 1716 676 ha-

921 683 1014 715 bebat,
1033 684 1132 710 laboris
1146 693 1209 710 vero
1224 685 1325 710 minus.
1365 685 1441 727 Apex
1461 692 1549 712 autem
1570 688 1715 713 senectutis

921 726 961 747 est
972 722 1123 748 auctoritas.
1155 723 1196 747 61.
1212 721 1314 753 Quanta
1327 721 1395 748 fuit
1388 731 1415 748 in
1427 723 1456 749 L.
1469 723 1584 751 Caecilio
1595 724 1712 751 Metello!

921 763 1020 793 quanta
1032 759 1059 785 in
1070 758 1300 785 AttilioCalatino!
1313 760 1340 785 in
1352 768 1433 794 quem
1445 759 1512 786 illud
1525 761 1642 797 elogium
1655 763 1716 788 uni-

922 804 998 821 cum:
1016 805 1162 822 PLtJuntAE
1179 805 1379 823 cossssrinxr
1394 806 1518 828 neuras,
1541 808 1643 825 rernm
1658 808 1716 825 rai-

922 842 1036 859 MARIUM
1060 842 1165 860 rurssn
1189 843 1290 860 v1auu.
1322 834 1419 860 Notum
1431 839 1471 861 est
1481 843 1587 862 carmen
1600 837 1715 862 incisum

922 870 950 896 in
970 870 1104 905 sepulcro.
1145 871 1204 896 Iure
1220 871 1303 906 igitur
1317 871 1422 906 gravis,
1446 873 1524 898 cuius
1540 872 1573 899 de
1589 872 1716 899 laudibus

922 908 1044 934 omnium
1055 912 1127 934 esset
1138 907 1207 934 fama
1218 909 1400 934 consentiens!
1413 908 1498 941 Quem
1508 910 1630 936 virumI‘.
1639 910 1717 936 Cras-

922 953 993 976 sum,
1002 953 1088 980 nuper
1099 944 1252 979 pontificem
1264 946 1423 976 maximum,
1432 954 1512 981 quem
1525 952 1615 981 postea
1624 947 1658 973 M.
1668 948 1717 973 Le—

923 982 1032 1017 pidum,
1046 982 1140 1008 eodem
1151 982 1298 1009 sacerdotio
1309 982 1474 1017 praeditum,
1490 984 1622 1011 vidimus!
1647 984 1717 1016 Quid

922 1019 1054 1046 dePaullo
1066 1024 1111 1046 aut
1121 1019 1246 1046 Africano
1259 1019 1351 1054 loquar
1362 1025 1415 1051 aut,
1432 1022 1524 1047 utiam
1536 1027 1604 1052 ante,
1618 1021 1650 1048 de
1662 1022 1718 1047 Ma-

923 1057 1015 1084 ximo?
1034 1065 1150 1092 quorum
1162 1066 1214 1084 non
1226 1058 1254 1083 in
1266 1057 1396 1084 sententia
1412 1057 1513 1089 solum,
1535 1058 1582 1085 sed
1596 1060 1675 1085 etiam
1691 1060 1717 1085 in

923 1099 989 1121 nutu
1002 1094 1136 1121 residebat
1147 1095 1299 1121 auctoritas.
1340 1094 1424 1122 Habet
1437 1100 1574 1126 senectus,
1592 1096 1718 1122 honorata

922 1133 1089 1166 praesertim,
1099 1137 1197 1158 tantam
1210 1132 1403 1163 auctoritatem,
1412 1137 1476 1159 utea
1488 1132 1574 1167 pluris
1585 1134 1628 1164 sit,
1637 1142 1718 1167 quam

922 1178 1015 1196 omnes
1030 1168 1226 1196 adolescentiae
1242 1169 1401 1204 voluptates.
1442 1169 1536 1196 XVlll.
1558 1172 1601 1196 62.
1623 1170 1675 1196 Sed
1692 1171 1718 1196 in

922 1207 996 1233 omni
1009 1207 1141 1237 oratione,
1159 1211 1332 1237 mementote,
1351 1215 1409 1232 eam
1426 1215 1469 1233 me
1484 1212 1649 1234 senectutem
1662 1206 1719 1234 lau—

922 1244 998 1275 dare,
1019 1252 1088 1279 quae
1105 1243 1288 1270 fundamentis
1305 1243 1499 1271 adolescentiae
1514 1245 1657 1271 constituta
1673 1246 1716 1271 sit.

923 1282 963 1307 Ex
976 1290 1030 1316 quo
1045 1281 1161 1308 efficitur
1177 1281 1218 1312 id,
1239 1280 1311 1316 quod
1327 1289 1376 1316 ego
1393 1290 1489 1317 magno
1504 1282 1640 1316 quondam
1656 1291 1718 1307 cum

923 1327 1035 1345 assensu
1050 1319 1172 1345 omnium
1188 1318 1260 1345 dixi:
1283 1319 1405 1344 Miseram
1416 1328 1468 1345 esse
1478 1324 1640 1348 senectutem,
1654 1328 1720 1352 quae

921 1365 948 1382 se
958 1359 1073 1382 oratioue
1088 1358 1238 1389 defenderet.
1279 1356 1335 1382 Non
1351 1356 1425 1386 cani,
1444 1365 1496 1382 non
1512 1364 1594 1391 rugae
1610 1361 1719 1391 repente

922 1394 1105 1420 auctoritatem
1118 1394 1234 1428 arripere
1246 1398 1371 1428 possunt;
1390 1393 1437 1419 sed
1450 1393 1559 1419 honeste
1569 1398 1625 1420 acta
1638 1402 1719 1428 supe-

923 1431 976 1457 rior
987 1436 1058 1458 aetas
1071 1430 1173 1457 fructus
1184 1431 1256 1465 capit
1267 1431 1430 1457 auctoritatis
1437 1435 1580 1457 extremos
1596 1432 1638 1457 63.
1651 1431 1719 1456 llaec

922 1470 994 1494 enim
1007 1469 1064 1511 ipsa
1077 1473 1140 1495 sunt
1151 1467 1326 1498 honorabilia,
1340 1476 1409 1502 quac
1422 1468 1547 1494 xidentur
1560 1468 1627 1494 levia
1640 1473 1719 1502 atque

923 1506 1086 1536 communia,
1101 1505 1224 1533 salutari.
1238 1506 1341 1540 appeti.
1355 1504 1463 1536 decedi,
1477 1506 1596 1539 assurgi
1609 1505 1717 1534 deduci

924 1543 1029 1573 reduci,
1047 1527 1165 1569 coiisuli:
1183 1551 1251 1585 quae
1268 1547 1293 1568 et
1309 1542 1380 1577 apud
1397 1551 1444 1569 nos
1456 1543 1517 1569 etin
1530 1542 1591 1568 aliis
1602 1543 1719 1568 civitati-

923 1580 984 1611 bus,
1001 1585 1030 1607 ut
1041 1588 1164 1615 quaeque
1175 1580 1274 1614 optime
1287 1584 1395 1611 morata,
1406 1581 1438 1606 ita
1451 1579 1519 1616 dilig
1511 1581 1659 1606 entissime
1671 1579 1719 1606 ob-

922 1623 1073 1644 servantur.
1106 1617 1273 1653 Lysandrum
1288 1617 1538 1647 Lacedaemonium,
1551 1618 1630 1643 cuius
1642 1616 1720 1643 modo

923 1656 1085 1682 mentionem
1104 1654 1168 1685 feci,
1186 1654 1274 1681 dicere
1290 1655 1365 1680 aiunt
1380 1654 1503 1685 solitum,
1522 1654 1719 1681 Lacedaemone

923 1701 981 1719 esse
1008 1693 1229 1719 honestissimum
1257 1691 1426 1718 domicilium
1452 1693 1608 1718 senectutis.
1650 1692 1720 1718 Nus-

922 1739 1003 1765 quam
1016 1731 1088 1756 enim
1101 1734 1202 1756 tantum
1215 1729 1436 1759 tribuituraetati,
1446 1738 1580 1764 nusquam
1592 1734 1631 1755 est
1642 1738 1720 1755 sene-

922 1773 981 1794 ctus
993 1767 1154 1794 honoratior.
1189 1766 1260 1799 Quin
1272 1767 1351 1793 ctiam
1365 1767 1508 1792 memoriae
1521 1766 1657 1801 proditum
1669 1771 1717 1796 cst.

922 1814 1007 1840 quum
1020 1805 1141 1835 Athenis,
1153 1804 1233 1835 ludis,
1242 1804 1353 1838 quidam
1366 1805 1392 1830 in
1406 1804 1538 1830 theatrum
1550 1803 1661 1839 grandis
1673 1812 1719 1829 na-

923 1848 950 1869 tu
963 1843 1089 1873 venisset,
1103 1843 1129 1868 in
1143 1850 1240 1877 magno
1251 1850 1379 1867 consessu
1392 1841 1479 1867 locum
1491 1849 1625 1876 nusquam
1637 1841 1660 1866 ei
1673 1840 1720 1866 da-

923 1885 978 1906 tum
996 1889 1009 1906 a
1026 1881 1083 1906 suis
1098 1879 1221 1911 civibus3
1243 1887 1329 1914 quum
1344 1884 1432 1905 autem
1449 1879 1481 1905 ad
1497 1878 1720 1905 Lacedaemonios

922 1918 1089 1948 accessisset,
1103 1917 1159 1952 qui,
1174 1916 1252 1952 legati
1263 1925 1349 1950 quum
1361 1921 1538 1946 essent,certo
1551 1916 1576 1942 in
1590 1915 1646 1941 loco
1657 1924 1721 1941 con-

922 1954 1055 1986 sederant,
1064 1955 1265 1981 consurrexisse
1276 1962 1378 1983 omnes,
1387 1958 1510 1980 etseuem
1525 1953 1602 1979 illum
1614 1961 1719 1979 sessum

923 1993 1066 2027 recepisse.
1098 1993 1139 2018 et.
1156 1991 1262 2023 Quibus
1274 2000 1359 2026 quum
1372 1999 1384 2016 a
1396 1995 1492 2017 cuncto
1503 1999 1630 2017 consessu
1643 1990 1721 2025 plau-

922 2038 969 2055 sus
984 2034 1056 2055 esset
1071 2028 1214 2063 multiplex
1230 2028 1323 2058 datus,
1344 2028 1448 2054 dixisse
1464 2037 1498 2054 ex
1515 2029 1548 2054 iis
1563 2027 1718 2062 quemdam,

923 2068 1084 2093 :illic-aienses
1098 2069 1177 2095 scire,
1197 2075 1263 2099 quae
1278 2070 1349 2091 recta
1367 2070 1460 2095 essent,
1481 2067 1525 2091 scd
1543 2068 1628 2098 succi-v
1645 2067 1718 2091 nolle.

923 2103 1004 2130 Multa
1021 2104 1047 2129 in
1065 2108 1153 2129 nostro
1169 2102 1282 2137 collegio
1297 2102 1445 2137 praeclara:
1468 2102 1515 2128 sed
1533 2102 1595 2132 hoc,
1618 2101 1651 2128 de
1666 2110 1720 2136 quo

922 2141 1038 2176 agimuS,
1052 2141 1077 2166 in
1091 2140 1196 2174 primis.
1209 2139 1292 2174 quod,
1311 2144 1339 2166 ut
1350 2140 1467 2175 quisque
1479 2145 1562 2166 aetate
1577 2138 1717 2167 antecedit.

923 2178 957 2204 ita
968 2177 1116 2203 sententiae
1129 2177 1310 2211 principatum
1323 2181 1406 2203 tenet:
1424 2185 1511 2212 neque
1521 2176 1608 2203 solum
1622 2177 1719 2202 honore

922 2214 1158 2244 antecedentibus,
1176 2213 1223 2239 scd
1237 2215 1270 2239 iis
1280 2214 1374 2243 ctiam,
1388 2215 1436 2248 qui
1447 2222 1509 2240 cum
1523 2214 1634 2248 imperio
1645 2218 1717 2241 sunt.

923 2253 1036 2278 maiores
1048 2256 1110 2277 natu
1127 2259 1244 2286 augures
1260 2255 1468 2285 anteponuntur.
1509 2250 1581 2283 Qunc
1593 2256 1655 2276 suut
1668 2251 1714 2285 igi—

923 2294 965 2315 tur
977 2288 1127 2323 voluptates
1138 2288 1257 2323 corporis
1268 2296 1329 2313 cum
1341 2289 1505 2314 auctoritatis
1513 2289 1719 2322 praemiiscom—

922 2325 1074 2361 parandae?
1091 2326 1198 2357 Quibus
1209 2326 1256 2360 qui
1269 2324 1410 2359 splendide
1423 2327 1464 2351 usi
1476 2331 1552 2354 suut,
1567 2326 1585 2351 ii
1598 2324 1664 2350 mihi
1678 2325 1718 2350 vi-

921 2364 1019 2390 dentur
1031 2362 1149 2389 fabulam
1165 2363 1258 2389 aetatis
1275 2363 1425 2396 peregisse.
1443 2371 1504 2392 nec,
1523 2367 1658 2396 tamquam
1678 2362 1718 2387 in-

921 2401 1058 2427 exercitati
1075 2400 1231 2428 histriones.
1251 2401 1276 2425 in
1292 2404 1411 2425 extr-'mo
1425 2404 1484 2425 actu
1500 2400 1643 2425 corruisse.
1675 2400 1716 2425 65.

921 2438 953 2464 At
964 2442 1027 2464 sunt
1043 2438 1139 2464 morosi
1157 2442 1181 2463 ct
1197 2438 1270 2463 anxii
1285 2441 1310 2462 ot
1322 2436 1443 2462 iracundi
1456 2441 1480 2462 ct
1490 2435 1616 2462 difficiles
1628 2445 1716 2465 senes,

920 2476 943 2502 si
965 2475 1136 2510 quaerimus.
1163 2475 1243 2501 ctiam
1265 2474 1351 2499 avari!
1375 2473 1426 2499 Suu
1449 2473 1512 2499 hacc
1529 2482 1633 2499 morum
1654 2474 1717 2500 vitia

920 2518 992 2543 sunt,
1006 2521 1056 2538 non
1069 2513 1224 2538 senectutis.
1255 2512 1291 2537 Ac
1301 2511 1440 2536 nini-nsitns
1452 2516 1549 2540 tamen,
1563 2516 1587 2537 et
1599 2520 1628 2537 ca
1642 2511 1716 2540 vina,

920 2558 989 2584 quae
1003 2549 1071 2580 dixi.
1081 2549 1179 2576 habent
1190 2548 1292 2583 aliquid
1305 2549 1496 2576 excusationis.
1506 2556 1556 2574 non
1570 2547 1644 2574 illius
1655 2549 1717 2582 qui-

920 2587 981 2613 dem
999 2587 1097 2618 iustae,
1115 2586 1162 2612 sed
1177 2595 1245 2621 quac
1259 2585 1364 2620 probari
1381 2593 1459 2620 posse
1477 2585 1607 2612 videatur.
1648 2585 1717 2611 Con-

922 2624 1005 2650 temni
1020 2632 1048 2650 so
1065 2628 1172 2659 putant,
1190 2623 1307 2658 despici.
1328 2621 1419 2652 illudi·,
1438 2627 1572 2657 practerea
1590 2623 1615 2649 iu
1629 2622 1716 2658 fragili

921 2670 1031 2696 corpore
1041 2661 1132 2688 odiosa
1143 2662 1231 2688 omnis
1241 2660 1352 2687 offensio
1362 2665 1411 2687 est.
1445 2659 1518 2692 Quae
1530 2665 1617 2687 tamen
1628 2660 1716 2687 omnia

1464 2710 1508 2734 159
