1941 3052
735 141 1064 170 FRAGMENTA.

414 222 551 239 lutnsslu.

140 260 165 285 3.
187 257 228 284 Ab
243 257 338 284 eodem
354 257 434 283 etiam
450 258 508 293 lege
519 258 597 284 Varia
608 263 698 284 custos
712 257 757 284 ille
773 259 812 284 rei
828 267 879 293 pu-

83 295 171 323 blicae
182 295 342 330 proditionis
353 295 431 321 estin
442 296 544 321 crimen
556 300 681 321 vocatus:
697 300 810 322 vexatus
821 304 834 321 a
846 296 877 328 Q.

84 334 163 360 Vario
178 333 288 359 tribuno
302 331 340 366 pl.
353 336 393 358 est
404 341 457 358 non
468 332 552 358 multo
563 337 633 358 ante.
673 339 804 362 (Asconius.)

138 371 222 396 Huius
232 371 369 395 multorum
381 371 517 395 calumniis
531 372 620 395 vexati
634 371 685 396 viri
700 372 793 403 filium,
811 372 880 396 iudi-

86 416 207 437 ces,nunc
219 408 300 433 invidi
310 411 386 439 atque
398 409 496 432 inimici
506 409 672 439 iynomtnioso
683 410 881 440 repetundarum

84 447 181 472 iudicio
194 445 347 477 perfundere
358 445 453 469 volunt.
494 443 557 469 Eius
568 452 686 469 caussam
696 449 723 470 ut
734 447 879 477 reciperem,

85 484 130 509 hoc
142 483 282 509 clarissimi
290 483 376 514 patris
386 483 522 506 memoriae
531 482 619 506 debere
629 490 666 506 me
677 484 834 507 existimavi.

285 545 352 568 (Dicit
360 545 436 564 iterum
447 545 471 563 de
481 547 540 568 patre
549 545 578 563 M.
589 545 677 567 Scauri.)

141 581 166 607 4.
188 588 212 606 a.
229 580 287 606 Non
303 579 376 605 enim
390 583 493 605 tantum
507 579 655 605 admiratus
666 588 727 605 sum
743 587 792 614 ego
803 578 881 605 illum

85 618 184 648 virum,
198 617 268 643 sicut
278 624 381 647 omnes,
394 615 442 642 sed
453 616 533 642 etiam
545 617 688 651 praecipue
700 616 794 642 dilexi.
824 617 882 642 Pri-

85 663 147 681 mus
158 655 230 681 enim
242 662 284 680 me
295 653 450 689 flagrantem
462 653 552 680 studio
564 653 652 680 laudis
664 654 691 680 in
703 662 778 688 spem
790 654 883 688 impu-

85 691 130 723 lit,
147 700 225 727 posse
242 692 370 717 virtutem
382 691 441 717 sine
452 690 588 725 praesidio
599 691 731 722 fortunae,
754 699 808 725 quo
819 699 883 717 con-

85 729 224 760 tendisset,
239 728 329 755 labore
340 733 365 755 et
376 729 522 755 constantia
535 729 685 763 pervenire.
720 736 850 758 (Asconius.)

141 776 166 801 4.
178 774 206 801 b.
227 775 426 809 †thuoniam
441 779 567 810 congesta
583 773 634 800 fuit
649 775 783 800 accusatio
795 775 882 809 magis

86 820 181 839 acervo
192 811 310 847 quodam
321 812 477 843 criminum,
485 820 538 838 non
550 811 722 838 distinctione
734 811 824 846 aliqua
835 820 883 847 ge-

85 858 182 876 nerum
193 854 218 876 et
227 850 354 876 varietate
369 856 485 880 (Severian.
499 859 591 880 syntom.
604 857 659 875 rhet.
674 862 719 880 cap.
735 857 761 875 de
771 857 883 880 disponen-

86 895 118 914 dis
128 895 250 914 criminibus
259 900 280 918 p.
291 894 335 912 ³34.
346 894 380 913 ed.
391 893 553 918 Cnpperoner.):
569 888 609 912 his
618 889 642 912 δι’
651 886 670 920 †
681 887 807 913 universe
818 894 883 917 (Cha-

85 933 122 953 ris.
132 933 146 952 1.
157 933 184 952 11.
194 938 215 956 11.
226 933 270 951 198.
281 932 314 951 ed.
324 932 420 954 Putseh.)
434 927 520 957 potius
531 933 608 958 quam
618 927 775 957 argumentis
786 927 820 950 ad
830 927 885 950 sin-

85 964 149 997 qula
162 964 330 995 respondero;
343 964 434 988 videar
450 970 556 988 caussae
569 966 646 995 atque
661 964 744 995 officio
758 971 811 988 meo
821 964 885 988 satis

85 1003 185 1034 secisse.
224 1000 312 1026 Nihilo
325 1002 409 1025 minus
429 1004 512 1025 tamen
533 1003 611 1025 totam
630 1007 759 1029 caussam,
779 1002 883 1029 iudices,

86 1039 254 1070 explicemus,
271 1041 347 1070 atque
360 1041 420 1062 ante
433 1038 519 1062 oculos
530 1038 673 1069 expositam
689 1039 882 1063 consideremus.

86 1075 129 1102 Ita
142 1076 277 1108 sacilli-me,
294 1079 317 1100 et
334 1076 425 1107 quibus
439 1076 469 1099 de
485 1076 561 1100 rebus
575 1082 620 1099 nos
634 1075 718 1099 dicere
733 1079 847 1106 oporteat
862 1078 885 1100 et

86 1114 149 1146 quid
158 1120 203 1138 vos
212 1113 285 1145 sequi
296 1113 436 1140 conveniat.
453 1112 608 1145 intelligetis.

145 1150 168 1176 4.
180 1157 205 1175 c.
226 1149 245 1182 -l-
259 1149 394 1175 Bostarem
411 1148 494 1183 igitur
509 1147 654 1182 quemdam
674 1148 820 1174 Norensem
841 1147 885 1174 fu-

87 1187 206 1223 gientem
222 1195 237 1212 e
251 1185 374 1212 Sardinia
388 1185 482 1212 Scauri
494 1184 652 1216 adventum,
691 1192 807 1215 (Severum.
822 1198 840 1212 c.
858 1193 884 1212 de

86 1232 230 1256 propositione
248 1231 370 1250 adversarii.
389 1236 437 1255 pap.
460 1231 504 1250 3³7.
526 1231 560 1249 cd.
579 1231 612 1253 C.)
662 1223 780 1250 Triarius
797 1226 885 1250 crimi-

86 1267 167 1289 natur
177 1263 252 1288 huius
262 1262 399 1287 malitiosis
409 1262 540 1287 blanditiis
551 1263 636 1294 esaya
650 1266 797 1287 revocatum
810 1267 886 1295 atque

86 1301 208 1333 hospitali
222 1307 323 1325 mensae
339 1300 480 1324 adhibitum
497 1306 591 1324 veneno
608 1299 640 1324 ab
655 1299 750 1331 hospite
769 1304 886 1325 necatum

87 1345 139 1363 esse
150 1336 278 1371 etl-prius
290 1335 369 1362 illum
380 1335 526 1370 sepultum,
535 1344 617 1371 quam
625 1335 688 1362 huic
698 1344 807 1362 caenam
819 1336 886 1363 sub-

88 1372 178 1401 latam.
218 1381 286 1404 (Idem
296 1381 390 1404 ibidem.)

144 1421 169 1446 4.
182 1419 210 1446 d.
234 1420 305 1452 Quae
324 1421 413 1446 veneni
428 1421 483 1445 dati
498 1421 622 1452 suspicio,
644 1420 753 1449 iudices,
773 1422 886 1452 primum

87 1465 165 1491 quam
176 1459 237 1483 levis
247 1460 294 1488 sit,
309 1459 396 1483 statim
406 1459 553 1490 apparebit,
569 1459 592 1482 si
604 1458 765 1483 considerare
775 1458 886 1483 volueri-

88 1497 129 1525 tis,
142 1503 175 1522 ecc
186 1497 278 1529 quibus
289 1497 388 1521 caussis
398 1502 466 1520 mors
476 1502 551 1527 saepe
561 1496 659 1520 eveniat
670 1496 811 1527 repentina.

411 1530 423 1544 ›t‹
482 1531 494 1544 ια
553 1531 564 1544 οι

142 1570 167 1596 4.
181 1577 204 1596 e.
226 1570 258 1596 In
268 1578 297 1595 ea
309 1569 425 1596 Scaurus
435 1572 541 1603 fortuna
551 1573 607 1595 erat
619 1571 782 1599 constitutus,
798 1573 886 1595 utnon

87 1608 161 1632 modo
175 1615 236 1633 suas
249 1609 420 1640 possessiones
439 1607 562 1640 facillime
576 1606 595 1639 †
610 1606 748 1637 retineret,
771 1605 798 1632 id
813 1606 886 1641 quod

87 1644 233 1679 praecipue
246 1652 354 1678 semper
365 1643 479 1674 studuit,
508 1651 595 1673 (Fronto
614 1650 640 1669 da
658 1653 720 1669 orntt.
739 1656 760 1674 p.
774 1652 817 1670 240.
832 1654 853 1670 et
866 1651 887 1669 in

87 1688 189 1712 exemplis
200 1689 285 1708 elocuti.
296 1695 313 1708 s.
323 1694 344 1708 v.
351 1688 428 1708 studeo
439 1694 459 1712 p.
470 1688 514 1707 343.
525 1688 558 1707 ed.
569 1689 587 1707 l.
597 1688 691 1710 Mediol.)
709 1690 795 1706 verum
811 1683 887 1706 etiam

88 1726 155 1744 nova
163 1724 247 1751 posset
257 1721 394 1752 acquirere
400 1721 487 1752 potius
499 1721 564 1744 bona
570 1718 676 1752 -l-quam
687 1717 760 1752 quod
773 1717 889 1744 habebat

87 1756 195 1782 veniret.
235 1755 369 1791 Agedum,
386 1764 435 1792 ego
445 1755 555 1782 defendi
566 1756 709 1786 Scaurum,
724 1755 822 1787 Triari,
840 1755 888 1781 de-

88 1791 168 1819 fende
183 1797 211 1819 tu
226 1798 338 1820 matrem
355 1800 650 1823 (Ms.Amb1-osluntlncintn.)
665 1793 794 1822 Bostaris,
811 1801 888 1826 quam

87 1832 170 1863 ipsam
181 1839 263 1864 arque
273 1833 332 1857 huic
344 1833 434 1864 culpae
445 1840 497 1857 esse
507 1833 620 1864 affinem.
633 1830 644 1843 '
657 1830 667 1842 *
681 1830 692 1843 *

144 1867 262 1901 Refutavi
273 1871 349 1894 etiam
360 1870 438 1898 illud,
459 1871 527 1901 quod
540 1869 641 1895 dicebas
651 1867 670 1900 †
681 1871 706 1893 te
717 1871 842 1898 metuere,
856 1875 888 1893 nc

88 1912 141 1931 non
157 1904 288 1930 solvendo
304 1904 402 1936 fuisse;
425 1905 493 1931 bona
512 1904 624 1938 denique
644 1912 706 1930 reus
727 1913 758 1930 ue
777 1906 889 1931 retinere

87 1941 215 1972 voluisse,
232 1950 302 1976 quae
313 1942 461 1976 proscripta
473 1946 574 1972 essent,
592 1942 823 1971 nisi(i1s.Am1›roa.)
839 1942 889 1967 Bo-

87 1983 158 2006 stare
170 1981 288 2004 intestato
298 1983 398 2005 mortuo
408 1981 446 2005 sic
457 1982 546 2012 eyisset
556 1988 611 2004 eam
617 1988 678 2008 rem,
686 1981 761 2012 quasi
767 1981 801 2004 ad
808 1981 889 2012 ipsum

88 2017 216 2042 hereditas
228 2018 380 2049 pertineret,
401 2024 461 2042 neve
476 2018 538 2043 haec
553 2018 609 2049 ipsa
620 2017 643 2041 ei
655 2025 746 2042 caussa
759 2016 889 2042 Bostarem

88 2062 182 2079 veneno
192 2055 301 2080 necandi
311 2056 390 2087 [uisse
400 2055 537 2079 videretur.

146 2099 168 2125 t.
181 2097 200 2124 f.
222 2098 339 2125 Scaurus
354 2103 439 2125 autem
453 2098 472 2132 ·1-
487 2098 514 2124 in
532 2097 577 2124 illa
593 2097 661 2124 bonu
674 2097 801 2124 invadere
814 2097 889 2124 nullo

91 2135 170 2162 mOdO
181 2136 322 2171 potuisset.
352 2143 438 2166 (Fronto
449 2143 469 2161 iu
480 2143 570 2166 exempl.
580 2143 645 2162 cloec.
656 2149 675 2166 p.
686 2144 730 2162 5³0.
741 2143 774 2162 ml.
785 2143 880 2165 Metu-11.)

145 2183 170 2208 5.
183 2181 220 2212 Si,
234 2181 401 2208 mehercule!
417 2180 529 2211 iudices.
544 2189 591 2216 pro
604 2180 747 2207 L.Tubulo
759 2180 886 2212 dicerem,
916 2194 918 2198 Δ

89 2227 171 2254 quem
187 2227 272 2245 unum
285 2227 318 2245 ex
328 2219 402 2245 omni
414 2219 541 2245 memoria
553 2217 792 2244 sceleratissimum
805 2223 830 2244 et
840 2227 890 2244 „iu-
917 2225 918 2230 ¹

89 2256 267 2282 dacissimum
286 2255 371 2282 fuisse
387 2256 556 2290 occepimus,
582 2259 669 2281 tamen
687 2265 738 2282 nou
755 2256 886 2286 timerem,

89 2301 224 2320 venenum
242 2293 342 2328 hospiti
359 2298 404 2320 uut
418 2294 548 2319 convivae
568 2292 591 2318 si
611 2292 746 2319 diceretur
767 2293 888 2319 caenanti

91 2330 125 2357 nb
141 2330 188 2357 illo
203 2330 311 2362 datum,
335 2331 379 2357 cui
396 2339 483 2365 nequo
499 2330 576 2356 heres
591 2338 678 2365 neque
694 2330 777 2356 iratus
794 2329 889 2356 inisset

90 2375 220 2399 (Ancontus),
230 2376 261 2394 ne
271 2370 313 2394 cui
323 2369 369 2395 hoc
380 2369 500 2395 credibile
512 2369 647 2394 videretur.

145 2414 170 2440 6.
198 2414 273 2440 Venio
288 2416 341 2440 iarn
356 2415 389 2440 ad
405 2416 499 2440 crinnen
510 2415 707 2439 incontinentiae
717 2415 888 2446 intemperan-

90 2452 190 2485 tiaeque
202 2452 344 2481 libidinum,
354 2453 426 2477 cuius
437 2455 522 2476 notum
533 2451 776 2476 accusatorScauro
785 2452 888 2483 eiusque

89 2490 175 2522 [arnae
186 2490 288 2514 inurere
298 2490 388 2515 voluit.
400 2503 436 2507 —
453 2488 683 2520 Coniuqemsuam,
700 2489 795 2520 inquit.
811 2496 888 2520 quum

89 2527 143 2559 ipse
153 2527 266 2556 amabat,
280 2527 355 2552 istius
367 2527 483 2551 incensae
495 2526 596 2550 libidini
605 2528 682 2557 atque
692 2526 832 2557 effrenatae
843 2532 888 2549 cu-

87 2564 195 2596 piditati
204 2562 222 2596 †
233 2571 319 2597 quum
330 2561 392 2588 dure
406 2561 487 2588 nollet
498 2561 571 2592 Aris,
587 2560 656 2587 clam
668 2570 701 2587 ex
713 2560 836 2587 Sardinia
848 2565 888 2587 est.

91 2598 185 2635 fugere
196 2604 313 2626 coactus.
344 2607 455 2630 (Priscian.
465 2607 478 2625 i.
490 2606 526 2625 Vt.
536 2611 554 2625 c.
565 2607 583 2625 s.
594 2605 611 2629 5.
621 2606 662 2628 ρει.)
682 2599 708 2624 7.
731 2599 834 2624 Scilicet
846 2607 887 2624 re-

91 2638 151 2664 licta
164 2638 218 2664 illic
229 2645 311 2663 umore
324 2639 377 2670 ipse
387 2639 449 2670 fuya
459 2638 507 2663 sibi
518 2637 657 2666 consuluit,
678 2637 887 2669 quernadmodnm

91 2678 211 2705 castores,
222 2678 249 2701 ut
260 2677 342 2706 aiunt,
357 2683 374 2700 α
385 2675 547 2701 venatoribus
557 2673 575 2707 i·
586 2672 722 2700 redimunt
733 2681 761 2699 se
772 2681 802 2698 eu
814 2677 887 2707 purte

1658 149 1721 174 ⁴297

930 214 1060 268 {orpozilss
1084 219 1191 269 pfoplqelr
1205 224 1286 250 quam
1303 217 1419 242 maXinle
1434 218 1608 252 expetuntur!
1638 226 1721 245 (hini-21.

951 253 1001 273 tyni.
1012 264 1018 268 .
1054 265 1058 269 .
1069 256 1087 269 e.
1098 255 1116 269 ·..
1127 257 1147 270 u.
1159 265 1168 269 -
1185 254 1199 273 .)

986 286 1010 310 8.
1033 284 1082 310 Sed
1102 290 1128 311 ut
1147 286 1263 312 Scaurus
1282 289 1392 312 omnium
1409 289 1536 313 hominum
1556 290 1723 314 dissolutissi-

931 329 986 346 mus
997 323 1266 356 libidinosissimusque
1276 332 1372 356 semper
1382 327 1474 357 suerit:
1490 330 1571 350 tamen
1587 328 1724 351 incredibi-

933 359 954 383 le
968 361 1037 384 dictu
1053 364 1101 389 est,
1121 362 1229 389 iudices,
1249 363 1315 393 qaod
1334 361 1451 387 Triarius
1467 364 1578 391 addidit,
1600 363 1618 395 ᾖ
1634 363 1724 388 Arinis

932 403 1042 421 uxorem
1055 400 1184 428 praetoris
1194 399 1295 423 licentia
1307 400 1425 423 adactam
1437 407 1500 429 esse,
1522 404 1549 424 ut
1561 402 1673 424 iniuriae
1684 409 1725 424 re-

932 434 1041 458 medium
1056 438 1134 459 morte
1149 443 1180 459 ac
1195 437 1329 467 suspendio
1344 440 1486 468 quaereret.
1525 436 1574 462 Hic
1588 439 1652 462 enim
1667 439 1725 469 pri-

932 478 988 495 mus
1006 474 1029 495 et
1050 479 1105 496 cum
1126 473 1210 497 bestiis
1225 475 1362 497 communis
1377 474 1471 498 homini
1486 475 1519 499 ad
1535 482 1629 499 omnem
1646 477 1724 499 ritum

933 508 1051 532 tuendam
1061 511 1188 540 appetitus
1198 518 1213 533 a
1225 513 1318 534 natura
1330 511 1405 535 datus
1416 514 1464 539 est,
1480 519 1528 543 quo
1539 513 1591 543 ipse
1605 512 1653 536 sibi
1665 520 1725 537 con-

934 545 1039 569 cili'atur
1049 549 1071 570 et
1083 548 1271 571 commendatur
1281 548 1315 571 ad
1325 555 1351 572 se
1367 550 1565 572 conseri-andum
1573 569 1578 577 ,
1596 550 1725 573 alienatur

932 586 1015 607 (tutem
1025 583 1057 607 ab
1067 584 1170 608 interitu
1183 585 1262 616 iisque
1273 585 1359 613 retus.
1375 592 1440 617 quae
1451 587 1578 610 interitum
1592 587 1726 610 rideantur

932 620 1036 651 afferre.
1076 626 1151 648 (msc.
1161 627 1174 646 ι.
1185 627 1231 646 vu.
1242 633 1260 646 c.
1270 628 1288 646 s.
1299 628 1316 651 §—
1326 629 1366 650 36.)

1062 693 1153 711 clliCA
1175 694 1302 711 TERTIAM
1326 695 1437 712 PARTEM
1458 696 1471 712 A
1492 695 1590 712 ramo:

989 738 1020 764 11.
1044 739 1067 764 l.
1080 747 1103 764 a.
1117 739 1170 770 Sic,
1184 740 1303 774 inquam,
1317 749 1354 770 se.
1367 740 1479 771 iudices,
1494 749 1534 766 res
1546 741 1634 767 habet.
1673 742 1723 767 Ne-

933 783 986 809 que
1008 775 1056 801 hoc
1072 784 1085 801 a
1102 784 1143 802 me
1159 785 1259 803 novum
1274 777 1440 812 disputatur,
1461 778 1507 803 sed
1523 779 1674 812 quaesitum
1691 778 1724 804 ab

934 811 994 838 aliis
1005 817 1054 839 est.
1098 821 1228 843 (Asconius.)
1264 816 1287 840 l.
1301 814 1327 840 b.
1340 816 1389 840 Seii
1401 820 1482 840 tamen
1495 818 1520 840 id
1532 818 1567 840 ita
1579 824 1630 841 csse
1641 824 1726 841 erem—

932 851 983 882 plis
991 852 1098 882 probari
1108 856 1194 883 potest.
1234 850 1357 884 Stuprata
1373 861 1418 884 per
1432 855 1482 877 cim
1495 852 1613 878 Lucretia
1628 862 1642 877 a
1660 856 1726 885 reyis

934 888 999 920 filio,
1015 892 1106 913 testata
1122 890 1199 918 cii-es,
1216 897 1241 914 se
1252 891 1307 921 ipsa
1319 891 1450 914 interemit.
1490 889 1539 915 Hic
1552 891 1624 915 dolor
1635 898 1727 915 caussa

935 926 1034 950 civitati
1046 926 1170 950 libertatis
1181 928 1239 958 suit.
1279 926 1314 951 Ac
1325 935 1354 951 ne
1364 929 1498 958 fortissimi
1508 928 1606 959 quidem
1619 929 1677 952 riri.
1687 929 1727 951 ni-

934 963 957 987 si
977 963 1004 987 iu
1023 966 1137 988 extrema
1156 965 1315 993 necessitate,
1335 965 1446 989 alicuius
1466 966 1595 989 dedecoris
1615 966 1727 989 evitandi

936 1008 1028 1025 caussa
1038 1004 1142 1025 mortem
1153 1000 1221 1025 ultro
1231 1002 1418 1032 oppetiverunt:
1430 1005 1456 1026 ut
1469 1001 1493 1026 Ρ,
1508 1000 1615 1026 Crassus
1626 1001 1728 1026 Μυσία-

935 1045 983 1062 nus
995 1045 1049 1063 cum
1060 1038 1204 1063 Aristonico
1215 1038 1305 1062 bellum
1321 1039 1346 1062 in
1357 1039 1417 1063 :isia
1433 1046 1533 1070 ⁴aereus.
1550 1047 1565 1063 a
1580 1038 1726 1067 Thracibus,

935 1082 1043 1106 quorum
1054 1077 1076 1100 is
1087 1082 1206 1107 maynum
1216 1083 1347 1100 numerum
1359 1077 1384 1100 in
1394 1077 1524 1107 praesidio
1534 1076 1651 1103 habebat,
1665 1077 1730 1100 inter

936 1111 1040 1137 Elaeam
1051 1116 1074 1136 et
1085 1111 1224 1144 Zmyrnam
1236 1116 1363 1144 eat-ceptus,
1372 1121 1401 1137 ne
1412 1114 1437 1137 in
1449 1114 1567 1137 ditionem
1579 1115 1631 1137 eius
1641 1120 1730 1144 perce-

936 1151 1014 1178 niret,
1027 1150 1134 1174 dedecus
1143 1151 1268 1175 arcessita
1279 1151 1378 1174 ratione
1390 1151 1478 1174 mortis
1488 1151 1584 1182 effugiit.
1629 1149 1730 1181 l'iryam

936 1187 1013 1215 enim,
1028 1194 1079 1219 qua
1090 1188 1125 1211 ad
1135 1188 1270 1218 regendum
1282 1195 1372 1219 equum
1384 1195 1444 1211 usus
1453 1189 1550 1219 suerat,
1567 1191 1693 1211 narratur
1705 1188 1730 1210 in

935 1225 1012 1249 tinius
1022 1224 1128 1251 barbari
1138 1224 1238 1249 oculum
1252 1225 1390 1252 direxisse,
1408 1226 1452 1256 qui
1468 1226 1492 1249 ri
1503 1225 1599 1248 doloris
1610 1232 1731 1249 accensus

936 1262 1004 1287 latus
1017 1261 1104 1287 Crassi
1114 1263 1169 1286 sica
1181 1263 1303 1293 confodit,
1321 1263 1428 1293 dumque
1443 1269 1469 1286 se
1480 1262 1625 1289 ulciscitur,
1640 1261 1731 1285 Itonia—

935 1307 995 1324 num
1003 1298 1181 1331 Imperatorem
1189 1300 1329 1323 maiestatis
1335 1300 1492 1330 turpitudine
1499 1299 1577 1323 libera
1582 1300 1623 1322 cit.
1641 1297 1731 1323 Osten-

936 1338 972 1362 dit
983 1338 1102 1368 sortunae
1115 1335 1236 1365 Crassus,
1255 1344 1331 1368 quam
1347 1337 1478 1367 indiquum
1494 1337 1576 1360 virum
1593 1339 1642 1359 tarn
1654 1336 1731 1369 gravi

937 1374 1088 1399 contumelia
1103 1374 1205 1405 afficere
1220 1374 1352 1400 coluisset;
1372 1375 1491 1405 quoniam
1508 1374 1607 1404 quidem
1628 1374 1732 1396 iniectos

936 1412 968 1436 ab
983 1419 1012 1436 ea
1028 1412 1140 1436 libertati
1153 1418 1216 1435 suae
1230 1411 1386 1435 miserabiles
1397 1411 1499 1442 laqueos
1510 1410 1648 1441 prudenter
1658 1411 1732 1440 pari·

937 1452 975 1474 ter
985 1456 1016 1473 ac
1026 1449 1128 1481 sortiter
1138 1449 1207 1479 rupit
1219 1449 1388 1479 donatumque
1399 1455 1424 1471 se
1436 1448 1636 1471 imm-tristatum
1646 1448 1732 1477 ‹liyni-

937 1487 985 1511 tati
995 1493 1057 1510 suae
1068 1486 1188 1510 reddidit.
1230 1483 1275 1509 llla
1287 1483 1456 1512 audivimus;
1472 1483 1520 1508 hoc
1532 1491 1594 1508 vero
1606 1482 1731 1508 memini-

938 1530 998 1547 mus
1010 1531 1039 1548 ac
1050 1529 1134 1556 paene
1146 1520 1279 1551 vidimus,
1302 1520 1424 1546 eiusdem
1435 1521 1527 1554 stirpis
1538 1525 1562 1545 ct
1574 1520 1690 1545 nominis
1702 1519 1730 1545 l‘.

938 1560 1074 1588 Crassum,
1083 1567 1114 1584 ue
1128 1559 1154 1585 in
1165 1566 1260 1584 manus
1273 1557 1401 1584 incideret
1413 1558 1592 1585 inimicorum,
1601 1566 1629 1582 se
1642 1558 1731 1591 ipsum

939 1597 1116 1623 interemisse.
1156 1603 1286 1625 (Asconius.)

1227 1676 1229 1678 .
1266 1663 1406 1680 srArtn:

994 1706 1019 1731 2.
1032 1704 1065 1730 At
1078 1712 1165 1738 neque
1177 1703 1251 1730 illius
1263 1703 1349 1729 Crassi
1364 1702 1461 1728 sactmu
1477 1701 1623 1735 superioris
1635 1699 1731 1726 iisdem

939 1741 1086 1768 honoribus
1099 1750 1178 1771 usus,
1196 1742 1243 1776 qui
1257 1741 1417 1767 fortissimus
1430 1740 1455 1765 iu
1469 1739 1547 1765 hellis
1563 1738 1670 1766 suisset,
1689 1737 1731 1762 Μ’.

939 1779 1076 1814 Aquillius
1089 1779 1174 1813 potuit
1186 1779 1284 1805 imitari
1295 1786 1427 1807 maeonium:
1439 1779 1482 1802 sed
1494 1778 1638 1801 meritoriam
1648 1778 1733 1800 turcu—

939 1822 964 1843 tu
979 1817 996 1850 †
1016 1817 1049 1842 tis
1065 1825 1129 1842 suae
1146 1824 1289 1850 rerumque
1300 1820 1435 1849 gestarum
1448 1813 1593 1839 senectutis
1603 1811 1733 1837 deden-ore

940 1853 1067 1880 foedavit.
1108 1853 1196 1885 »Quid
1215 1852 1404 1879 vero'ss'alterum
1420 1852 1545 1877 Crassum
1568 1848 1734 1883 temporibus

939 1890 1051 1918 »iisdem
1066 1906 1102 1910 —
1119 1899 1182 1916 uum
1199 1895 1243 1916 aut
1258 1889 1402 1916 clarissimi
1420 1889 1469 1914 viri
1487 1887 1546 1913 iulii
1568 1892 1612 1912 uut
1629 1893 1735 1911 summo

940 1929 1063 1963 »ingenio
1084 1927 1221 1962 praeditus
1242 1927 1277 1953 M.
1299 1927 1430 1953 Antonius
1452 1926 1536 1959 potuit
1559 1923 1675 1949 imitari?
1708 1924 1732 1947 3.

939 1965 1029 1998 Quid?
1045 1966 1071 1991 in
1087 1965 1215 1991 omuibus
1231 1964 1411 1990 mouumentis
1427 1963 1553 1988 Graecian-
1574 1969 1651 1995 tquuc
1673 1964 1734 1984 suut

941 2003 1031 2029 verbis
1042 2003 1188 2032 ornatiora,
1205 2011 1285 2036 quum
1303 2001 1393 2032 rebus)
1408 2001 1470 2034 quis
1484 1999 1631 2025 iuvenitur,
1649 2005 1734 2031 quum

940 2040 973 2066 ab
985 2040 1064 2066 Aiace
1078 2039 1230 2074 fabulisque
1243 2039 1410 2066 discesseris,
1423 2038 1470 2071 qui
1483 2042 1569 2062 tumen
1583 2036 1639 2069 ipse

979 2077 1180 2113 ignominiae
1201 2076 1314 2102 dolore
1338 2076 1377 2109 (ut
1397 2075 1432 2100 uit
1453 2075 1537 2108 pocta)
1559 2073 1664 2098 victor
1686 2080 1734 2096 iu-

1349 2112 1459 2138 sulcus

1103 2165 1181 2170 —-
1197 2159 1228 2175 sc
1245 2151 1366 2176 vietum
1389 2157 1448 2175 uon
1471 2149 1574 2182 potuit
1597 2146 1675 2180 puni.

941 2192 1044 2222 practer
1055 2187 1246 2213 Atheniensem
1258 2185 1529 2219 Themistocli-111,qm
1542 2194 1569 2209 s«-
1583 2185 1638 2217 ipse
1651 2187 1734 2207 morto

941 2224 1089 2251 nunciavit.
1132 2225 1154 2250 -ἱ,
1178 2225 1210 2250 At
1231 2223 1355 2249 Graeculi
1376 2222 1487 2257 quidem
1512 2221 1592 2247 multa
1619 2221 1732 2252 lingunt.

916 2287 918 2294 ,
940 2262 1011 2296 apud
1027 2271 1095 2296 quos
1113 2262 1193 2287 ctiam
1212 2261 1409 2286 t'temubrutum
1430 2259 1623 2285 Ambraciotam
1647 2257 1735 2282 lerunt

940 2309 967 2325 se
979 2308 1011 2325 cx
1023 2299 1156 2325 altissimo
1168 2299 1357 2332 praecipitasse
1369 2306 1458 2325 uum).
1477 2305 1527 2322 uon
1539 2304 1592 2329 quo
1604 2294 1733 2319 nvcrlutn-

941 2337 973 2362 tis
989 2337 1135 2370 accepisset
1151 2335 1269 2369 aliquid,
1292 2334 1353 2364 scil.
1379 2339 1406 2360 ut
1423 2334 1500 2359 vitici.»
1515 2338 1644 2366 scriptum
1662 2329 1732 2364 apud

940 2375 1064 2403 Graecos,
1078 2382 1162 2407 «ptum
1177 2373 1276 2398 stuumi
1290 2371 1443 2406 philosophi
1457 2370 1570 2395 Plutonis
1582 2378 1641 2402 gras
1651 2369 1697 2394 iter
1708 2372 1734 2393 et

938 2416 1028 2437 ornntc
1040 2412 1169 2444 scriptum
1187 2410 1284 2435 librum
1295 2409 1328 2434 «le
1340 2414 1422 2434 ιιιοιΊι·
1438 2407 1559 2440 legisset,
1578 2415 1603 2431 m
1619 2414 1686 2439 «μω,
1705 2409 1735 2430 ut

938 2448 1042 2482 opinor.
1055 2448 1174 2473 Socrates
1188 2447 1233 2472 illo
1245 2447 1303 2480 ipso
1314 2446 1357 2471 die
1367 2466 1372 2473 ,
1385 2453 1438 2479 quo
1449 2449 1503 2470 erut
1515 2445 1538 2469 ei
1552 2442 1730 2469 tuorieudum.

939 2484 1070 2519 permulta
1082 2484 1215 2519 disputat,
1235 2483 1302 2509 huuc
1318 2491 1376 2508 esse
1394 2487 1518 2509 uiui-tem.
1537 2489 1617 2514 quum
1633 2488 1680 2505 uos
1693 2487 1734 2504 νι-

940 2527 991 2548 tnm
1005 2526 1173 2556 putaremus.
1191 2529 1276 2555 ‹putm
1292 2528 1399 2554 t'sst’purt'
1410 2527 1516 2544 numius
1529 2523 1664 2551 tnttupinm
1675 2525 1733 2541 cnr-

938 2568 997 2585 ccre
1009 2564 1101 2593 septus
1117 2563 1262 2587 teucri-tur.
1283 2558 1363 2583 vitum
1380 2561 1467 2582 mitem
1483 2564 1542 2581 esse
1558 2563 1630 2582 eum„
1647 2562 1732 2588 (pium

940 2596 1010 2622 idem
1026 2597 1133 2622 unimus
1152 2595 1247 2622 vinclis
1263 2595 1381 2628 corporis
1398 2593 1525 2619 liberatus
1541 2593 1566 2618 in
1580 2600 1642 2617 eum
1655 2600 1682 2616 se
1696 2590 1734 2615 ln-

938 2642 1010 2663 cum.
1024 2633 1095 2659 unde
1106 2638 1174 2659 essct
1185 2637 1268 2661 ortus.
1283 2631 1426 2657 retulisset.
1460 2631 1484 2655 5.
1508 2630 1577 2655 Num
1591 2630 1672 2663 igitur
1684 2629 1733 2653 istu

940 2676 982 2697 tun
995 2670 1078 2697 Sarda
1086 2671 1262 2707 Pythagoram
1274 2674 1318 2695 aut
1327 2668 1461 2695 Plutonem
1474 2672 1546 2694 uorat
1561 2671 1605 2692 nut
1618 2665 1734 2701 legerat?

1527 2715 1571 2739 tua
