1941 3052
237 133 298 157 titi
799 127 855 152 ⁴22.
890 125 925 152 M.

232 199 359 228 etrouuul
372 200 461 234 rogavi
473 203 594 230 etuugur
607 201 632 223 et
648 195 802 230 auspicato?
817 205 849 222 an
868 204 927 225 vos.
944 195 1024 221 Tusci
1045 214 1047 237 1

233 249 262 264 ur
275 238 393 266 barbari,
412 236 592 270 auspiciorum
609 233 700 268 populi
714 234 824 259 llomuui
840 234 882 259 ius
895 233 989 258 tenetis
1000 237 1025 258 et

234 277 389 309 interpretes
401 283 458 299 essu
470 273 638 297 conuiuarum
652 271 779 305 potestis?
795 271 884 304 ltaque
896 274 952 295 tum
966 269 1024 295 illos
1045 261 1047 291 l

232 314 306 338 exire
320 312 405 337 iiusit.
448 310 507 335 l'ost
517 314 604 334 autem
617 317 649 333 ex
665 308 800 342 provincia
815 307 914 333 litteras
925 306 957 332 ad
969 306 1025 332 col·
1044 315 1046 327 2

234 349 333 384 legium
346 349 427 376 misit,
441 356 478 374 se,
491 354 575 380 quum
589 345 686 379 legeret
698 344 789 374 libros.
805 343 970 370 recordatum
982 353 1024 369 es·
1044 319 1054 379 ll

232 396 269 414 so,
285 386 348 410 vitiu
359 384 411 409 ,sibi
425 382 625 409 [almum-ntum
637 387 744 416 captum
758 381 851 411 fuisse,
866 381 954 407 bortos
966 381 1025 406 Sci·
1044 379 1053 421 ll

233 423 333 457 pionis,
349 420 434 455 quod,
450 428 534 454 quum
552 420 717 453 pomoerium
735 424 823 453 postea
839 419 963 444 intrasset
978 418 1025 444 ha·
1044 431 1053 454 ,χ

233 459 312 485 bendi
327 463 435 483 senatus
451 466 558 486 ‘'uttssa,
578 457 602 482 in
621 455 768 486 redeundo,
789 464 875 490 quum
892 455 962 481 idem
977 464 1024 490 po·
1044 451 1053 480 'l

233 496 361 522 moeriuui
375 495 506 524 transiret,
520 494 652 528 auspicari
665 498 735 519 esset
746 493 859 519 oblitus:
883 493 971 527 itaque
985 493 1024 519 vi·
1044 520 1045 526 ἵ

231 534 266 560 tio
277 537 377 558 creatos
388 531 512 557 eonsules
524 539 592 557 esse,
634 531 756 565 Augures
774 540 827 556 rem
841 530 873 556 ad
885 535 1021 556 senatum:
1052 517 1053 565 l

230 575 348 600 senatus,
363 574 390 595 ut
401 568 555 594 abdicarent
565 568 703 594 consules:
717 567 920 594 abdicaverunt.
951 569 1024 599 Quae

230 608 386 642 quzwrimusi
397 605 519 640 ext-mpla
533 605 649 632 maiora?
662 605 706 631 Vir
717 605 934 639 sapientissimus
945 609 1024 639 atque
1044 636 1045 639 Ἴ

231 644 302 670 baud
328 645 383 670 scio
408 653 439 669 an
463 644 584 669 omnium
612 643 860 678 praestantissimus
885 646 1023 676 peccatum
1044 650 1053 680 i*

229 691 319 712 suum,
333 681 404 716 quod
416 680 495 706 celari
508 684 605 715 posset,
619 680 738 706 conliteri
752 679 854 709 maluit,
868 688 948 714 quam
963 679 1025 705 bue·
1044 680 1053 707 ll

230 728 286 745 rere
299 720 324 745 in
338 718 475 753 republica
489 717 659 751 religionem:
683 717 808 743 eonsules
822 725 960 743 summum
974 717 1025 742 im-

230 757 334 791 perium
356 756 444 782 statim
466 755 612 790 deponere,
635 763 716 790 quam
739 755 765 781 id
786 760 874 781 tenere
894 759 1023 789 punctum

230 795 358 828 temporis
383 797 473 819 contra
499 792 665 826 religionem.
709 793 747 818 te.
774 793 868 827 Magna
890 800 1023 827 augurum

229 831 382 857 auctoritas.
422 829 510 862 Quid?
541 830 718 864 Haruspicum
745 838 786 855 ars
807 837 894 855 nonne
914 827 1025 855 divina‘?

229 869 298 895 llaec
313 873 338 894 et
355 866 563 893 innumerabilia
580 876 612 893 ex
628 866 720 893 eodem
737 875 834 901 genere
855 867 902 901 qui
925 866 1021 895 videat.

229 914 316 932 nonne
331 910 440 939 cogatur
455 904 574 930 confiteri
590 904 654 930 deos
669 904 745 930 esse‘?
760 903 879 936 Quorum
895 904 967 929 enim
984 904 1025 929 in-

229 947 357 977 terpretes
366 947 442 971 sunt,
460 950 504 967 eos
518 942 590 976 ipsos
601 950 660 967 esse
675 946 744 967 certe
762 949 870 967 necesse
885 946 938 967 est:
960 941 1025 966 deo-

229 978 288 1006 rum
305 985 392 1006 autem
410 980 566 1013 interpretes
584 984 659 1005 sunt:
681 978 744 1004 deos
761 979 843 1013 igitur
862 987 921 1004 esse
943 977 1025 1004 fatea—
1044 982 1046 1010 j

229 1026 299 1044 mur.
326 1018 358 1043 At
371 1016 480 1043 fortasse
495 1025 545 1042 non
558 1017 646 1042 omnia
658 1016 795 1046 eveniunt,
809 1024 878 1050 quae
889 1015 1023 1050 praedicta

228 1059 301 1081 sunt.
324 1055 361 1080 Ne
373 1055 445 1089 aegri
457 1053 567 1088 quidem
580 1054 642 1088 quia
656 1062 707 1080 non
718 1061 811 1079 omnes
822 1052 1021 1082 convalescunt,

228 1092 330 1118 idcirco
345 1100 388 1117 ars
405 1091 478 1117 nulla
491 1090 622 1117 medicina
635 1095 683 1117 est.
724 1090 806 1125 Signa
821 1090 999 1116 ostenduntur
1011 1099 1023 1115 a
1045 1106 1053 1123 ¹.

227 1129 282 1156 diis
297 1137 385 1155 rerum
402 1128 561 1154 futurarum.
602 1129 629 1154 In
644 1128 685 1153 his
697 1128 719 1153 si
731 1128 778 1162 qui
790 1131 955 1156 erraverunt.
972 1135 1023 1153 non
1046 1143 1047 1148 =

227 1166 339 1193 deorum
360 1171 466 1195 natura,
490 1165 537 1191 sed
560 1165 700 1191 hominum
720 1165 872 1191 coniectura
892 1164 1022 1199 peccavit.

228 1205 319 1238 ltaque
339 1204 407 1229 inter
421 1211 514 1229 omnes
529 1203 650 1228 omnium
671 1203 793 1237 gentium
813 1202 944 1227 sententia
960 1210 1025 1227 con-

227 1246 288 1267 stat.
329 1240 462 1266 Omnibus
478 1240 551 1265 enim
568 1240 688 1265 innatum
705 1244 745 1265 est
760 1244 785 1265 et
801 1239 827 1264 in
845 1240 934 1265 animo
945 1239 1023 1273 quasi

227 1277 403 1312 insculptum,
420 1285 478 1303 esse
493 1276 566 1302 deos.
608 1277 640 1302 V.
663 1278 702 1302 ⁴3.
724 1276 822 1308 Quales
834 1277 900 1306 sint,
919 1277 1023 1302 varium
1052 1303 1053 1310 ἵ

227 1321 280 1342 cst:
294 1323 362 1345 esse,
377 1323 454 1340 nemo
466 1319 554 1348 negat.
570 1313 712 1340 Cleanthes
723 1313 833 1348 quidem
848 1318 935 1339 noster
946 1318 1025 1348 quat-

227 1358 286 1379 tuor
301 1352 333 1378 de
349 1352 453 1378 caussis
469 1351 539 1377 dixit
556 1351 581 1377 in
596 1351 695 1377 animis
711 1350 851 1377 hominum
869 1349 1024 1377 informatas

226 1389 338 1416 deorum
351 1397 409 1415 esse
424 1389 555 1415 notiones.
597 1388 712 1414 Primam
729 1389 819 1422 posuit
833 1396 905 1418 eam,
923 1387 956 1414 de
971 1396 1024 1422 qua

227 1426 306 1453 modo
317 1426 388 1457 dixi,
407 1434 475 1460 quae
486 1431 541 1452 orta
552 1430 622 1452 esset
633 1434 665 1451 ex
678 1426 867 1460 praesensione
880 1433 968 1451 rerum
982 1424 1025 1451 fu-
1046 1422 1054 1454 *f

227 1469 361 1491 turarum:
384 1462 508 1493 alteram,
526 1471 607 1498 quam
624 1463 776 1497 ceperimus
792 1471 825 1489 ex
836 1462 1023 1498 magnitudine

225 1501 442 1531 commodorum,
460 1508 529 1535 quae
546 1501 732 1534 percipiuntur
742 1499 810 1526 caeli
822 1501 1022 1534 temperatione.

227 1538 389 1565 fecunditate
402 1543 531 1564 terrarum
543 1537 712 1572 aliarumque
723 1537 944 1563 commoditatum
951 1545 1025 1563 com-
1052 1558 1054 1572 ἶ

226 1575 347 1610 plurium
358 1576 448 1610 copia:
474 1576 512 1601 ⁴4.
529 1575 643 1605 tertiam,
657 1583 726 1609 quae
738 1579 847 1601 terreret
856 1575 960 1600 animos
971 1573 1025 1600 fut·
1046 1582 1054 1590 *¹

226 1613 362 1643 minibus,
377 1612 595 1647 tempestatibu5‚
609 1612 723 1642 nimbis,
740 1612 866 1643 nivibus,
883 1611 1025 1648 grandini-

227 1650 292 1680 bus,
314 1650 451 1680 vastitate,
474 1649 640 1684 pestilentia,
662 1654 745 1675 terrae
766 1649 884 1676 motibus
905 1654 931 1675 et
945 1657 1025 1683 saepe

227 1687 380 1713 fremitibus
403 1686 572 1721 lapideisque
592 1686 727 1712 imbribus
747 1691 773 1712 et
792 1687 876 1722 guttis
895 1686 1024 1712 imbrium

226 1725 304 1759 quasi
319 1725 450 1756 cruentis,
466 1729 521 1750 tum
535 1723 659 1750 labibus‘
671 1728 716 1750 aut
731 1724 879 1758 repentinis
893 1728 1025 1750 terrarum

227 1761 360 1794 hiatibus3
379 1766 435 1787 tum
447 1765 678 1796 praeternaturam
686 1760 1025 1795 hominumpecudumque
1053 1779 1055 1794 ,

227 1800 369 1833 portentis:
392 1803 449 1825 tum
465 1798 570 1824 facibus
585 1798 653 1824 visis
666 1797 842 1829 caelestibus;
866 1803 924 1824 tum
939 1797 1025 1824 stellis

228 1837 274 1865 iis,
289 1844 356 1870 quas
368 1836 463 1862 Graeci
475 1840 604 1865 cometaS,
619 1836 701 1861 nostri
713 1835 823 1861 crinitas
835 1839 942 1864 vocant,
955 1843 1024 1869 quae

227 1881 314 1907 nuper
325 1872 395 1899 bello
401 1873 546 1898 Octaviano
553 1881 711 1907 magnarum
722 1871 831 1898 fuerunt
842 1871 1024 1898 calamitatum
1054 1885 1055 1901 i

228 1911 415 1944 praenuntiam
429 1914 485 1936 tum
497 1909 553 1936 sole
564 1910 707 1944 geminato,
723 1909 809 1944 quod,
826 1914 856 1935 ut
866 1917 880 1935 e
891 1914 965 1943 patre
977 1917 1025 1934 au-

227 1947 299 1977 divi.
317 1946 448 1973 Tuditano
463 1951 489 1973 et
504 1946 623 1980 Aquillio
637 1946 796 1972 consulibus
811 1951 949 1977 evenerat,
971 1954 1025 1980 quo

227 1983 340 2018 quidem
360 1992 429 2010 anno
449 1984 477 2009 P.
501 1983 642 2009 Africanus
663 1983 702 2010 sol
724 1983 790 2010 alter
805 1984 954 2010 exstinctus
969 1988 1021 2015 estg

228 2020 330 2056 quibus
351 2021 471 2047 exterriti
492 2020 615 2047 homines
630 2021 686 2047 vim
702 2020 847 2056 quamdam
863 2029 922 2047 esse
938 2020 1026 2047 caele·
1054 2040 1055 2050 ,

228 2063 296 2085 stem
307 2063 333 2084 et
346 2057 467 2084 divinam
482 2058 612 2092 suspicati
628 2062 700 2084 sunt.
744 2059 782 2084 ⁴5.
805 2058 931 2090 Quartam
946 2066 1026 2084 caus-

228 2104 286 2122 sam
297 2104 369 2126 esse,
386 2103 499 2130 eamque
512 2094 553 2121 vel
566 2096 724 2126 maximam,
737 2095 955 2130 aequabilitatem
968 2103 1026 2121 mo-

228 2137 285 2164 tus,
314 2133 517 2159 conversionem
537 2132 618 2164 caeli,
641 2132 720 2163 solis,
747 2132 825 2159 lunae
849 2132 1025 2167 siderumque

228 2170 350 2196 omnium
363 2169 578 2200 distinctionem,
596 2171 764 2200 varietatem,
781 2169 1022 2204 pulchritudinem,

228 2206 364 2239 ordinem,
381 2215 496 2242 quarum
509 2215 598 2233 rerum
610 2212 734 2242 aspectus
746 2207 1022 2242 ipsesatisindicaret‚

228 2253 281 2271 non
292 2252 350 2270 esse
364 2252 394 2270 ea
410 2243 527 2270 fortuita.
568 2244 614 2275 Ut,
631 2245 655 2270 si
670 2246 732 2279 quis
744 2245 771 2270 in
783 2244 894 2271 domum
905 2244 1025 2279 aliquam

1052 1190 1053 1194 ,
1075 1164 1155 1199 gione
1171 1162 1280 1191 mundi.
1302 1162 1423 1189 collocati
1443 1163 1507 1188 sint.

1052 1213 1054 1221 ι
1078 1201 1218 1226 hominum
1229 1199 1356 1230 sollertia,
1370 1208 1429 1225 esse
1439 1199 1558 1234 aliquam
1571 1203 1696 1228 mentem.
1705 1203 1730 1224 et
1741 1206 1799 1224 eam
1810 1197 1874 1232 qui-

228 2282 311 2308 autin
325 2282 497 2317 gymnasium
510 2282 593 2308 autin
605 2281 692 2308 forum
704 2282 820 2313 venerit,
837 2290 924 2316 quum
935 2281 1026 2308 videat

227 2319 350 2345 omnium
361 2327 451 2345 rerum
462 2319 605 2349 rationem,
623 2319 748 2350 modum,
765 2319 953 2354 disciplinam,
973 2327 1025 2345 non

228 2357 314 2390 possit
328 2365 358 2382 ea
373 2356 432 2382 sine
447 2365 542 2382 caussa
554 2356 611 2382 fieri
622 2356 755 2389 iudicare,
773 2356 822 2382 sed
832 2365 891 2382 esse
905 2356 1026 2391 aliquem

228 2393 370 2428 intelligat,
383 2394 431 2428 qui
442 2394 542 2428 praesit
553 2398 579 2420 et
589 2394 633 2420 cui
644 2398 782 2428 pareatur:
800 2393 884 2420 multo
895 2394 982 2429 magis
997 2394 1026 2420 in

229 2431 308 2456 tantis
320 2430 483 2457 motionibus
494 2431 629 2465 tantisque
636 2430 884 2461 vicissitudinibus,
893 2435 946 2457 tam
954 2429 1027 2457 mul—

229 2471 315 2493 tarum
327 2476 416 2493 rerum
428 2472 507 2502 atque
516 2472 650 2494 tantarum
661 2467 813 2498 ordinibus,
830 2468 857 2494 in
869 2468 971 2502 quibus
982 2469 1026 2494 ni-

230 2502 268 2529 hil
284 2512 413 2539 umquam
431 2505 563 2531 immensa
575 2510 600 2531 et
611 2504 715 2531 infinita
727 2509 846 2531 vetustas
858 2505 967 2531 mentita
979 2505 1023 2536 sit,

230 2545 327 2566 statuat
338 2549 445 2567 necesse
455 2547 504 2572 est,
513 2541 644 2577 abaliqua
650 2546 738 2568 mente
748 2547 835 2568 tantos
846 2547 956 2568 naturae
967 2550 1026 2568 mo-

231 2580 274 2602 tus
284 2577 439 2611 gubernari.
478 2579 522 2605 Vt.
546 2581 587 2605 46.
608 2579 778 2615 Chrysippus
789 2578 914 2613 quidem,
928 2587 1026 2614 quam-

229 2621 312 2647 quam
323 2619 363 2640 est
373 2615 501 2642 acerrimo
513 2616 634 2652 ingenio,
648 2621 737 2642 tamen
748 2624 777 2642 ea
789 2616 867 2646 dicit,
880 2621 911 2642 ut
920 2616 954 2642 ab
966 2617 1025 2652 ipsa

230 2654 323 2676 natura
335 2650 476 2683 didicisse,
494 2661 545 2679 non
560 2657 590 2680 ut
605 2653 663 2688 ipse
678 2654 810 2689 reperisse
822 2652 954 2681 videatur.
995 2653 1026 2680 Si

955 125 985 151 T.
1016 124 1290 151 CICERONIS

1076 197 1149 224 enim,
1163 195 1259 229 inquit,
1273 199 1308 220 est
1319 196 1420 228 aliquid
1430 197 1456 221 in
1467 203 1552 221 rerum
1563 199 1667 224 natura,
1682 196 1749 228 quod
1761 195 1869 221 hominia

1076 241 1151 260 niem,
1163 234 1231 265 quod
1241 234 1390 265 ru1i0,qu0d
1400 235 1446 261 υᾰι,
1454 235 1520 265 quod
1529 237 1640 265 potestas
1650 234 1760 258 hun-{ma
1771 234 1870 265 euicere

1077 278 1125 294 mm
1135 272 1227 301 poam:
1241 274 1276 294 eet
1288 274 1354 295 certe
1364 271 1398 298 id,
1410 271 1477 302 quod
1488 271 1552 295 iuml
1562 272 1647 302 emen.
1660 271 1758 295 homine
1769 271 1867 295 nulius.

1076 308 1153 339 tuq-n
1164 315 1204 332 rea
1215 307 1332 332 caelestes
1342 315 1475 339 annuaque
1489 315 1545 335 εαο,
1561 315 1671 339 quarum
1686 312 1722 332 est
1732 308 1795 332 ordo
1805 315 1870 332 tem-

1074 346 1203 376 piternus,
1216 345 1248 368 ab
1262 345 1360 368 homino
1370 345 1459 376 confici
1470 352 1519 369 non
1528 349 1643 376 ρουιιπι.
1684 343 1728 370 Eat
1740 347 1819 376 rqitur
1835 345 1869 372 id,

1076 390 1125 413 quo
1136 382 1182 406 mu
1194 382 1372 413 conficiuntur,
1385 382 1483 406 homme
1494 382 1590 406 metius.
1620 380 1650 406 ld
1658 385 1742 406 autem
1753 382 1815 414 quid
1824 388 1871 413 ρο-

1077 421 1126 443 tum
1140 420 1252 447 dixer-ia,
1273 427 1349 451 quum
1364 417 1457 443 deum?
1478 417 1576 443 Etenim
1586 420 1609 443 ἰ’
1619 420 1656 443 dii
1667 426 1716 443 non
1726 423 1797 447 nunt,
1809 419 1872 451 quid

1076 464 1127 480 csse
1142 459 1220 488 potent
1237 457 1263 480 in
1278 463 1363 480 rerum
1380 459 1474 480 natura
1488 456 1586 480 homine
1599 453 1707 480 melita?
1727 455 1757 481 ln
1767 463 1796 480 eo
1805 456 1871 479 enim

1075 494 1129 518 solo
1142 495 1210 518 ratio
1225 496 1272 521 eal,
1290 501 1341 525 qua
1352 493 1416 517 nihil
1429 497 1509 524 potest
1523 500 1576 518 esse
1589 494 1770 523 [truculentius.
1811 491 1872 517 Eue

1075 535 1158 555 (tutem
1174 530 1310 559 hominem,
1333 531 1378 562 qui
1394 530 1457 554 m'tn'l
1477 531 1502 554 in
1522 531 1590 555 emm*
1605 530 1697 554 mundo
1712 530 1801 554 metius
1819 536 1872 554 cue

1052 576 1053 580 ¹
1075 576 1151 600 quum
1163 575 1189 591 w
1197 571 1275 599 putet,
1287 568 1434 599 desipientis
1443 569 1612 599 urroqantiae
1625 570 1668 592 eat.
1697 566 1765 599 Eryo
1775 570 1810 591 eut
1820 567 1871 590 uli-

1076 606 1136 638 quid
1153 605 1248 629 melius.
1290 603 1332 629 Est
1349 606 1428 636 mitur
1441 605 1554 636 prolecto
1568 605 1639 629 deus.
1682 603 1720 628 Π.
1743 604 1782 629 An
1798 610 1869 631 vero.

1076 642 1098 667 si
1110 640 1219 666 domum
1237 649 1360 675 magnam
1378 640 1573 675 pulchramque
1586 640 1699 669 videris.
1718 648 1769 666 non
1784 639 1872 674 possis

1076 678 1183 708 adduci,
1199 683 1235 707 ut.
1249 679 1328 704 etiam
1339 679 1362 703 si
1373 678 1513 704 dominum
1527 686 1578 704 non
1591 677 1693 708 videas,
1703 677 1826 703 muribus
1839 675 1873 702 il-

1052 734 1053 737 *
1077 715 1128 741 lam
1140 721 1165 741 et
1177 715 1299 741 mustelis
1311 715 1476 741 aedilicatam
1489 721 1580 750 putes:
1603 719 1705 741 tantum
1722 722 1784 740 vero
1793 721 1872 740 orna-

1077 758 1132 779 tum
1146 752 1248 782 mundi,
1259 757 1356 778 tantam
1371 753 1522 779 varietatem
1535 751 1820 787 pulchritudinemque
1831 758 1873 777 re-

1077 799 1135 816 rum
1147 790 1319 820 caelestium,
1338 795 1437 816 tantam
1455 790 1509 815 vim
1522 795 1547 816 et
1560 789 1773 825 magnitudinem
1791 788 1872 814 maris

1045 827 1053 857 ,ἶ
1076 832 1155 862 atque
1167 832 1296 853 terrarum
1308 828 1331 853 si
1343 832 1434 857 tuum,
1450 835 1479 853 ac
1492 836 1542 853 non
1555 826 1666 853 deorum
1680 824 1872 852 immortalium

1075 864 1244 891 domicilium
1258 870 1349 899 putes,
1364 873 1450 890 nonne
1462 863 1540 899 plane
1551 864 1674 898 desipere
1687 862 1812 889 videare?
1832 863 1872 888 An

1052 904 1053 918 ³
1077 911 1108 928 ne
1121 902 1170 928 hoc
1181 901 1291 936 quidem
1305 901 1693 937 intelligimus,0mniasupera
1707 909 1767 927 esse
1779 899 1873 926 melio-

1052 949 1053 956 *
1077 949 1117 969 ra,
1140 944 1236 965 terram
1255 944 1343 965 autem
1359 947 1418 965 esse
1435 939 1568 967 intimam,
1589 947 1671 973 quam
1685 938 1873 964 crassissimus

1075 976 1274 1003 circumfundat
1289 975 1351 1002 aer?
1371 981 1399 1002 ut
1414 975 1448 1002 ob
1466 984 1525 1002 eam
1542 977 1627 1011 ipsam
1646 984 1769 1002 caussam
1786 973 1872 1009 (quod

1044 1020 1053 1039 1Ὶ
1075 1015 1155 1040 etiam
1171 1013 1336 1048 quibusdam
1349 1013 1506 1049 regionibus
1517 1018 1596 1048 atque
1608 1013 1724 1039 urbibus
1733 1013 1873 1047 continge-

1076 1060 1102 1077 re
1120 1051 1258 1080 videmus,
1275 1051 1409 1077 hebetiora
1428 1056 1456 1077 ut
1471 1051 1524 1076 sint
1540 1050 1680 1077 bominum
1693 1050 1800 1085 ingenia
1811 1056 1873 1083 pro-

1076 1093 1134 1123 pter
1144 1088 1210 1114 caeli
1222 1088 1369 1122 pleniorem
1382 1087 1659 1121 natiiram.)hocidem
1671 1087 1763 1122 generi
1776 1086 1874 1112 huma-

1076 1135 1110 1152 no
1121 1126 1254 1155 evenerit,
1267 1125 1338 1160 quod
1351 1126 1376 1151 in
1390 1130 1456 1151 terra
1465 1145 1471 1154 .
1490 1124 1539 1151 hoc
1551 1130 1590 1151 est
1605 1125 1631 1150 in
1647 1124 1815 1150 crassissima
1831 1132 1874 1149 re·

1550 1163 1590 1187 ⁴8.
1612 1162 1644 1188 Et
1659 1166 1746 1187 tamen
1761 1169 1795 1187 ex
1815 1161 1873 1195 ipsa

1076 1237 1137 1263 dem
1150 1238 1278 1263 acriorem
1290 1242 1315 1263 et
1325 1236 1457 1267 divinam,
1471 1237 1626 1263 existimare
1637 1235 1779 1262 debemus.
1803 1235 1874 1262 Unde

1076 1278 1142 1300 enim
1157 1277 1222 1300 hanc
1237 1276 1309 1300 homo
1322 1273 1456 1307 arripuit?
1475 1278 1504 1300 ut
1522 1274 1559 1300 ait
1579 1273 1651 1308 apud
1667 1272 1873 1308 Xenophontem

1076 1312 1208 1338 Socrates,
1239 1312 1310 1343 Quin
1322 1316 1347 1338 et
1359 1311 1499 1338 humorem
1511 1316 1537 1337 et
1547 1310 1671 1341 calorem.
1684 1311 1732 1346 qui
1743 1314 1784 1336 est
1795 1308 1873 1336 tusus

1077 1350 1103 1375 in
1114 1357 1237 1383 corpore,
1256 1354 1281 1375 et
1297 1354 1427 1375 terrenam
1445 1349 1530 1383 ipsam
1547 1349 1682 1374 viscerum
1698 1346 1871 1376 soliditatem.

1052 1403 1054 1416 z
1076 1387 1197 1413 animum
1217 1386 1335 1421 denique
1352 1386 1429 1412 illum
1444 1385 1617 1421 spirabilem,
1634 1386 1657 1411 si
1673 1385 1736 1420 quis
1750 1388 1871 1419 quaerat.

1077 1424 1148 1450 unde
1161 1423 1317 1454 habeamus,
1331 1428 1454 1458 apparet:
1477 1422 1550 1458 quod
1564 1422 1638 1449 aliud
1649 1427 1741 1449 eterra
1753 1421 1874 1456 sumpsi·

1077 1470 1151 1491 mus,
1172 1460 1245 1487 aliud
1257 1460 1291 1486 ab
1303 1461 1428 1491 humore,
1447 1460 1520 1487 aliud
1536 1460 1570 1486 ab
1586 1461 1662 1495 igne,
1680 1459 1754 1486 aliud
1770 1458 1804 1485 ab
1813 1466 1874 1484 aere

1076 1508 1120 1529 eo,
1136 1507 1217 1533 quem
1229 1498 1327 1533 spiritu
1343 1498 1477 1524 ducimus.
1517 1498 1572 1524 Vll.
1595 1496 1665 1524 Illud
1680 1501 1782 1527 autem,
1800 1494 1873 1530 quod

1076 1536 1161 1562 vincit
1173 1535 1237 1562 haec
1248 1536 1351 1565 omnia,
1369 1536 1498 1562 rationem
1513 1534 1574 1561 dico
1592 1539 1631 1565 et,
1648 1535 1672 1560 si
1686 1533 1773 1569 placet
1786 1533 1875 1568 pluri-

1076 1573 1128 1599 bus
1143 1573 1247 1603 verbis,
1266 1578 1395 1603 mentem,
1413 1572 1572 1603 consilium,
1588 1572 1790 1607 cogitationem,
1808 1578 1874 1605 pru-

1052 1619 1054 1642 ,
1076 1611 1204 1641 dentiam,
1217 1610 1265 1636 ubi
1278 1609 1451 1636 invenimus?
1461 1609 1533 1636 unde
1544 1607 1725 1636 sustulimus?
1735 1609 1774 1634 An
1785 1613 1873 1634 cetera

1052 1653 1054 1680 g
1077 1647 1196 1674 mundus
1208 1647 1319 1673 habebit
1328 1648 1432 1677 omnia,
1448 1646 1498 1673 hoc
1508 1655 1603 1677 unum,
1615 1645 1688 1681 quod
1700 1645 1811 1680 plurimi
1821 1649 1871 1674 est,

1052 1686 1054 1690 '
1077 1693 1128 1711 non
1141 1684 1268 1711 habebit?
1287 1685 1369 1719 Atqui
1380 1689 1450 1710 certe
1461 1683 1529 1710 nihil
1540 1685 1662 1710 omnium
1673 1691 1762 1709 rerum
1775 1681 1874 1708 melius

1052 1719 1054 1736 ¹
1076 1727 1116 1748 est
1130 1721 1239 1751 mund0,
1249 1721 1317 1748 nihil
1329 1720 1527 1755 praestabilius,
1536 1720 1604 1747 nihil
1616 1719 1766 1755 pulchrius,
1775 1727 1874 1746 necse-

1078 1759 1133 1785 lum
1145 1758 1213 1785 nihil
1225 1764 1277 1787 est,
1293 1758 1339 1784 sed
1355 1766 1387 1784 ne
1398 1758 1509 1794 cogitari
1525 1757 1636 1793 quidem
1651 1756 1802 1792 quidquam
1816 1764 1874 1782 me-

1077 1796 1130 1822 lius
1141 1800 1236 1830 potest.
1277 1796 1322 1826 Et.
1338 1796 1362 1821 si
1378 1796 1479 1822 ratione
1494 1800 1519 1821 et
1535 1795 1666 1829 sapientia
1682 1793 1749 1820 nihil
1765 1798 1806 1820 est
1816 1801 1874 1819 me-

1077 1833 1144 1863 lius,
1168 1841 1276 1859 necesse
1291 1838 1332 1859 est
1347 1833 1412 1859 haec
1428 1834 1516 1859 inesse
1532 1834 1559 1858 in
1580 1840 1624 1862 eo,
1647 1831 1720 1866 quod
1740 1831 1874 1865 optimum

1076 1879 1135 1897 esse
1148 1869 1332 1896 concedimus.
1377 1871 1416 1896 19.
1437 1869 1509 1901 Quid
1524 1869 1605 1896 vero‘?
1618 1873 1688 1895 tanta
1705 1876 1794 1894 rerum
1809 1876 1875 1894 con-

1053 1905 1055 1915 *
1076 1908 1208 1937 sentiens,
1231 1908 1403 1942 conspirans,
1419 1907 1571 1933 continuata
1585 1906 1709 1942 cognatio
1723 1913 1804 1941 quem
1821 1913 1873 1931 non

1076 1949 1153 1980 coget
1167 1953 1206 1975 ea,
1227 1953 1296 1979 quae
1308 1944 1436 1971 dicuntur
1447 1953 1460 1970 a
1471 1952 1523 1975 me,
1536 1942 1729 1979 comprobare?
1748 1943 1874 1969 Possetne

1077 1991 1130 2009 uno
1145 1987 1264 2017 tempore
1279 1981 1385 2012 florere,
1407 1981 1506 2008 deinde
1522 1982 1645 2007 vicissim
1661 1980 1768 2007 horrere
1788 1978 1875 2006 terra?

1077 2024 1134 2049 aut.
1157 2024 1193 2046 tot
1208 2019 1290 2045 rebus
1306 2019 1375 2054 ipsis
1389 2027 1418 2045 se
1433 2018 1654 2048 immutantibus.
1671 2016 1736 2044 solis
1748 2024 1874 2043 accessus

1054 2075 1055 2079 ,
1076 2057 1269 2091 discessusque
1281 2056 1404 2083 solstitiis
1413 2056 1572 2091 brumisque
1578 2054 1723 2091 cognosci?
1732 2058 1874 2081 autaestus

1077 2095 1206 2120 maritimi
1222 2093 1406 2128 fretorumque
1422 2093 1562 2129 angistiae
1575 2098 1635 2119 ortu
1650 2097 1697 2118 aut
1706 2091 1783 2118 obitu
1793 2090 1873 2118 lunae

1076 2130 1259 2158 commoveri?
1278 2135 1324 2157 aut
1338 2139 1390 2157 una
1407 2131 1489 2157 totius
1503 2129 1572 2157 caeli
1586 2130 1761 2157 conversione
1775 2136 1874 2155 cursus

1076 2174 1209 2196 astrorum
1220 2168 1342 2203 dispares
1353 2167 1525 2195 conservari?
1543 2168 1613 2193 Haec
1623 2167 1659 2193 ita
1675 2166 1732 2192 fieri
1744 2165 1873 2192 omnibus

1076 2207 1146 2232 inter
1165 2214 1194 2232 se
1213 2205 1420 2232 concinentibus
1438 2204 1534 2231 mundi
1548 2204 1671 2239 partibus
1686 2202 1804 2238 profecto
1819 2210 1871 2228 non

1076 2248 1195 2278 possent.
1208 2243 1261 2269 nisi
1271 2251 1301 2269 ea
1313 2251 1367 2269 uno
1377 2242 1471 2269 divino
1481 2247 1506 2268 et
1515 2242 1668 2268 continuato
1678 2240 1776 2275 spiritu
1787 2240 1873 2266 eonti—

1077 2285 1213 2307 nerentur.
1254 2281 1295 2306 20.
1317 2280 1404 2315 Atque
1421 2279 1487 2306 haec
1501 2287 1587 2314 quum
1602 2278 1715 2305 uberius
1729 2276 1873 2311 disputan-

1077 2323 1120 2344 tur
1131 2322 1156 2344 et
1167 2317 1264 2348 fusius,
1274 2321 1304 2343 ut
1314 2317 1382 2343 mihi
1393 2321 1433 2343 est
1444 2317 1471 2343 in
1482 2316 1573 2343 animo
1582 2315 1677 2345 facere.
1686 2313 1793 2340 facilius
1803 2313 1873 2339 effu-

1076 2355 1156 2390 giunt
1166 2354 1388 2381 Academicorum
1403 2353 1577 2380 calumniam.
1616 2351 1706 2384 Quum
1721 2354 1824 2381 autem,
1843 2355 1872 2377 ut

1076 2393 1146 2418 Zeno
1167 2392 1283 2423 solebat,
1315 2391 1427 2418 brevius
1447 2390 1643 2426 angustiusque
1661 2387 1869 2418 concluduntur,

1077 2434 1134 2456 tum
1159 2430 1289 2464 apertiora
1309 2433 1374 2455 sunt
1392 2428 1426 2454 ad
1446 2425 1708 2463 reprehendendum.
1754 2426 1822 2451 Nam
1841 2429 1873 2451 ut

1076 2466 1212 2501 profluens
1231 2467 1320 2492 amnis
1339 2471 1385 2492 aut
1405 2466 1453 2492 vix
1472 2463 1603 2491 autnullo
1626 2462 1718 2492 modo.
1743 2461 1871 2489 conclusa

1076 2508 1166 2530 autem
1189 2512 1259 2538 aqua
1279 2503 1357 2530 facile
1381 2502 1575 2536 corrumpitur:
1605 2501 1646 2527 sic
1668 2500 1795 2526 orationis
1819 2498 1872 2526 flu-

1077 2542 1149 2567 mine
1170 2541 1371 2576 reprehensoris
1393 2539 1534 2566 convicia⁸
1557 2536 1712 2569 diluuntur3
1745 2537 1871 2573 angustia

1076 2583 1165 2605 autem
1194 2577 1337 2604 conclusae
1365 2576 1494 2603 orationis
1519 2583 1572 2601 non
1593 2574 1671 2601 facile
1691 2574 1780 2609 seipsa
1799 2578 1871 2600 tuta-

1076 2620 1129 2642 tur.
1156 2616 1225 2642 Haec
1236 2616 1319 2645 enim,
1341 2621 1410 2649 quae
1429 2612 1574 2639 dilatantur
1593 2620 1608 2638 a
1628 2611 1716 2643 nobis,
1741 2612 1811 2638 Zeno
1829 2610 1870 2637 sic

1075 2653 1228 2688 premebat:
