1941 3052
249 137 298 161 ⁶:³2

250 205 428 231 Gracchorum
451 203 593 238 potentiam
615 203 740 228 maiorem
763 202 845 228 fuisse
863 202 1038 232 arbitramini.

248 252 329 278 quam
346 243 425 268 liuius
437 241 588 274 gladiatoris
602 239 688 265 futura
703 239 755 265 sit‘?
772 241 856 271 Quem
868 239 1039 273 gladiatorem

250 289 299 306 nou
313 281 345 306 itu
358 278 503 313 appellavi,
519 282 547 303 ut
560 277 690 303 interdum
703 278 781 302 etium
795 277 829 302 M.
843 277 972 302 Antonius
983 276 1040 312 gla-

248 317 332 343 diator
343 315 468 350 appellari
482 314 560 343 solet,
578 314 624 339 sed
638 318 665 340 ut
676 314 809 348 appellant
822 314 852 343 ii,
868 315 914 348 qui
928 313 1004 348 plane
1015 319 1040 340 et

250 355 339 380 Latine
353 353 506 386 loquuntur.
521 350 646 377 Mirmillo
657 351 750 377 iuAsia
762 350 935 385 depugnavit.
951 351 1039 383 Quum

248 395 366 417 ornasset
377 389 540 415 'l'lirecinlicis
555 388 679 414 comitem
691 393 716 414 et
728 387 883 413 familiarem
896 396 990 418 suum.
1009 388 1040 414 il-

250 428 304 453 lum
317 427 443 452 miserum
457 425 602 460 fugientem
615 424 759 459 iugulavit:
778 424 938 451 luculentam
953 430 1039 451 tamen

250 466 305 498 ips:-
319 464 422 497 plagam
435 463 542 496 accepit.
557 467 584 488 ut
595 459 710 488 declarat
721 462 839 488 cicatrix.
883 464 922 488 ⁴8.
939 463 990 494 Qui
1003 462 1040 488 fa-

249 501 377 527 miliarem
401 499 540 535 iugularit.
561 499 628 534 quid
644 499 700 530 liic,
722 500 859 525 occasione
873 499 946 530 duta,
965 499 1040 525 faciet

248 537 374 564 inimico?
394 537 474 571 etqui
488 536 554 562 illud
568 537 649 562 animi
661 545 754 562 caussa
770 535 868 567 fecerit,
882 536 953 563 liunc
966 545 1041 571 prae—

247 575 295 601 dae
307 583 399 600 caussa
410 573 476 608 quid
489 573 619 599 facturum
633 573 750 608 putatis?
768 574 824 600 Non
837 582 930 600 rursus
942 574 1041 609 impro-

248 613 296 638 bos
311 610 477 637 decuriabit‘?
497 619 548 637 uon
565 610 719 638 sollicitabit
735 619 827 637 rursus
839 611 974 646 agrarios?
989 620 1040 637 non

246 653 356 684 quaeret
370 647 516 683 expulsos?
535 648 570 674 M.
590 656 650 675 vero
666 648 797 674 Antonius
821 657 871 675 non
887 649 910 674 is
925 649 986 678 erit.
1008 648 1040 674 ad

247 695 328 721 quem
343 686 415 712 omui
431 690 504 712 motu
519 694 664 711 concursus
681 685 724 711 fiat
741 686 842 712 civium
859 684 1042 720 perditorum?

248 724 279 751 Ut
291 732 368 750 nemo
379 723 414 750 sit
424 722 508 753 alius,
524 722 574 748 nisi
587 722 635 753 illi,
649 723 695 758 qui
707 731 758 749 una
769 727 841 753 sunt,
855 727 880 749 et
890 723 926 753 hi.
939 723 986 758 qui
999 723 1041 748 hic

247 762 271 787 ei
284 769 354 787 nuuc
364 765 452 795 aperte
464 759 565 786 favent:
580 768 708 794 parumne
720 765 797 786 erunt
808 759 905 786 multi‘?
922 768 1041 794 praeser-

248 799 296 825 tim
311 807 396 833 quum
413 797 542 823 bonorum
558 797 689 831 praesidia
704 797 888 827 discesserint,
906 797 944 823 illi
958 797 1040 831 parati

247 836 302 862 siut
312 835 344 861 ad
357 839 450 861 nutum
463 834 563 860 futuri?
576 834 632 870 Ego
643 843 704 861 vero
718 839 815 864 metuo.
829 835 851 860 si
864 834 911 860 hoc
924 839 1040 869 tempore

246 872 358 899 consilio
370 872 436 906 lapsi
448 872 558 902 erimuS,
572 880 603 898 ue
615 871 652 898 illi
665 872 738 898 brevi
750 876 867 906 tempore
879 872 958 898 nimis
971 871 1041 897 mul-

247 911 265 937 ti
278 910 355 936 nobis
365 918 424 936 esso
435 909 584 935 videantur.
622 911 662 935 l9.
678 909 730 935 Nec
741 917 790 945 ego
801 917 892 943 pacem
907 909 980 935 nolo:
994 908 1040 934 sed

208 968 212 974 .
247 948 320 982 pacis
333 947 438 973 nomine
451 946 551 972 bellum
562 946 719 972 obvolutum
732 945 884 972 reformido.
919 946 1006 978 Quare
1017 946 1039 972 si

247 993 310 1020 pace
323 984 374 1010 frui
387 983 525 1010 volumus:
539 983 640 1010 bellum
652 983 799 1019 gerendum
811 988 861 1009 est.
900 983 927 1009 Si
939 983 1039 1009 bellum

245 1023 414 1048 omittemus:
429 1029 491 1055 pace
503 1029 650 1056 numquam
664 1020 792 1047 fruemur.
824 1021 878 1046 vu.
894 1020 941 1047 Est
951 1026 1039 1047 autem

246 1059 327 1086 vestri
343 1058 461 1089 consilii,
479 1062 566 1092 patres
581 1058 736 1092 conscripti,
758 1058 786 1084 iu
808 1062 943 1092 posterum
959 1066 1040 1092 quam

247 1096 403 1132 longissime
415 1095 563 1130 providere.
599 1095 698 1121 ldcirco
709 1095 736 1121 iu
748 1095 796 1121 hac
807 1095 926 1121 custodia
938 1100 962 1121 et
974 1100 1042 1121 taru-

245 1142 326 1169 quam
339 1133 365 1159 iu
376 1133 484 1167 specula
495 1132 612 1159 collocati
625 1141 729 1163 sumus,
742 1137 772 1159 ut
783 1140 897 1158 vacuum
910 1137 981 1158 metu
994 1141 1042 1167 po-

246 1171 340 1206 pulum
352 1171 500 1197 Romanum
512 1174 599 1196 nostra
610 1169 701 1206 vigilia
713 1174 738 1195 et
748 1170 935 1204 prospicientia
948 1170 1041 1196 redde-

246 1217 345 1234 remus.
376 1208 464 1242 Turpe
475 1211 524 1237 est,
537 1215 644 1233 summo
654 1206 765 1233 consilio
775 1207 848 1233 orbis
860 1211 951 1237 terrae,
966 1215 1041 1241 prae*

245 1247 336 1272 sertim
349 1245 374 1271 iu
388 1253 414 1271 re
426 1250 478 1271 tam
489 1245 642 1279 perspicua.
660 1244 803 1271 consilium
815 1244 928 1279 intelligi
938 1244 1040 1271 defuis-

244 1291 284 1309 se.
324 1284 366 1309 ⁶20.
389 1282 440 1309 Eos
455 1281 579 1308 consules
591 1281 735 1312 habemus,
753 1290 810 1308 eam
826 1281 1039 1316 populiRomaui

245 1319 420 1351 alacritatem,
438 1328 499 1345 eum
515 1327 676 1345 consensum
692 1318 794 1349 ltaliae,
817 1327 862 1345 eos
877 1319 972 1350 duces,
995 1328 1040 1345 eos

244 1357 390 1387 exercitus,
412 1361 442 1383 ut
457 1356 559 1383 nullam
569 1356 745 1383 calamitatem
758 1355 910 1391 respublica
921 1357 1039 1391 accipere

244 1395 328 1429 possit
343 1394 402 1420 siue
412 1393 491 1428 culpa
501 1398 619 1420 senatus.
659 1393 792 1429 Equidem
805 1402 856 1420 nou
868 1393 960 1420 deero:
983 1402 1040 1420 mo-

245 1431 326 1462 nebo,
344 1431 506 1465 praedicam=
524 1431 701 1462 denuntiabo,
723 1431 838 1458 testabor
854 1439 960 1466 semper
975 1430 1039 1458 deos

244 1469 433 1503 hominesque,
450 1467 518 1503 quid
533 1469 659 1495 sentiam:
678 1476 726 1495 uec
741 1468 828 1495 solum
845 1467 924 1494 fidem
936 1476 1037 1501 meam;

243 1505 315 1541 quod
331 1504 442 1532 fortasse
457 1505 578 1532 videatur
588 1505 653 1532 satis
664 1513 736 1536 esse,
753 1505 838 1532 sedin
851 1506 971 1541 principe
986 1506 1039 1532 civi

244 1552 295 1569 nou
308 1547 348 1569 est
359 1543 437 1570 satis:
453 1551 559 1575 curam,
575 1542 718 1570 consilium
730 1542 952 1579 vigilantiamque
963 1551 1040 1578 prae-

243 1581 328 1607 stabo.

300 1618 366 1644 Vlll.
388 1619 430 1644 2⁴.
451 1617 511 1644 Dixi
522 1616 556 1644 de
570 1616 702 1652 periculo:
723 1616 836 1648 docebo¹
855 1625 888 1643 ne
898 1625 1040 1652 coagmen-

244 1655 292 1681 tari
303 1654 413 1689 quidem
425 1663 503 1689 posse
514 1662 617 1689 pacem.
656 1654 694 1680 De
705 1654 790 1681 tribus
801 1654 883 1685 enim,
899 1662 968 1689 quae
978 1662 1039 1689 pro-

244 1693 336 1727 posui,
354 1691 403 1718 hoc
418 1696 567 1718 extremum
583 1695 633 1718 est.
673 1690 746 1723 Quae
761 1695 847 1726 potest
861 1699 920 1717 esse
935 1699 988 1726 pax
1002 1691 1038 1717 M.

243 1729 358 1755 Antonio
369 1729 486 1763 primum
496 1737 558 1755 cum
569 1727 682 1755 senatu‘?
694 1727 752 1760 Quo
763 1737 807 1755 ore
817 1728 864 1754 ille
875 1736 922 1755 vos
934 1729 1037 1762 poterit,

243 1765 345 1800 quibus
365 1766 485 1792 vicissim
506 1774 553 1792 vos
574 1765 651 1792 illurn
671 1765 756 1792 oculis
772 1764 889 1791 intueri?
912 1764 979 1797 Quis
993 1774 1039 1791 ve-

243 1807 330 1829 strum
342 1802 433 1834 illum,
446 1811 528 1838 quem
539 1802 584 1828 ille
595 1807 714 1829 vestrum
725 1811 776 1829 uon
787 1801 890 1828 oderit?
909 1802 977 1838 Age,
991 1811 1038 1829 vos

243 1840 289 1866 ille
304 1840 393 1867 solum
407 1845 433 1867 et
447 1848 494 1866 vos
509 1839 606 1866 illum?
625 1838 714 1872 Quid‘?
728 1839 760 1870 ii¹
778 1839 826 1874 qui
840 1839 970 1866 Mutinam
986 1840 1039 1866 cir-

243 1877 414 1908 cumsedent.
431 1877 479 1912 qui
493 1877 521 1903 in
533 1876 619 1904 Gallia
634 1876 754 1903 delectus
766 1876 877 1907 habent,
895 1877 942 1911 qui
954 1877 981 1903 iu
993 1885 1038 1903 ve-

243 1919 312 1941 stras
328 1914 447 1941 fortunas
461 1915 616 1946 imminent,
633 1914 711 1940 amici
727 1921 857 1948 umquam
873 1913 950 1940 nobis
961 1918 1039 1940 eruut

243 1956 289 1978 aut
305 1960 352 1978 uos
366 1950 440 1978 illis?
458 1951 499 1977 An
516 1952 619 1986 equites
630 1951 761 1977 Romanos
777 1950 969 1986 amplectetur?
988 1951 1039 1977 Oc-

243 1988 315 2015 culta
335 1990 407 2015 enim
426 1988 477 2015 suit
496 1996 588 2014 eorum
609 1988 731 2015 voluntas
752 1987 939 2023 iudiciumque
953 1988 986 2014 de
1001 1989 1036 2014 M.

243 2025 377 2053 Antonio?
395 2026 442 2061 qui
459 2025 669 2060 frequentissimi
686 2025 713 2051 in
733 2025 861 2061 gradibus
878 2025 1038 2052 Concordiae

243 2066 386 2090 steterunt:
400 2063 447 2098 qui
458 2071 505 2089 vos
516 2062 549 2089 ad
561 2062 707 2089 libertatem
719 2062 927 2097 recuperandam
938 2063 1039 2089 excita—

244 2104 354 2127 verunt:
376 2108 461 2130 arma,
484 2108 560 2136 saga,
584 2099 687 2126 bellum
705 2098 904 2135 flagitaverunt:
927 2108 969 2126 me
985 2108 1037 2127 uua

243 2145 305 2164 cum
317 2137 416 2172 populo
426 2137 544 2164 Romano
554 2137 582 2163 in
591 2137 746 2164 concionem
756 2141 932 2164 vocaverunt:
955 2139 996 2164 ⁴22.
1010 2137 1037 2164 hi

243 2174 389 2201 Antonium
399 2173 529 2210 diligent?
538 2183 600 2200 cum
612 2174 654 2200 his
664 2182 756 2209 pacem
768 2174 1040 2201 servabitAntonius‘?

244 2212 312 2238 Nam
322 2211 389 2247 quid
399 2219 448 2247 ego
458 2211 491 2237 de
502 2212 628 2238 universo
639 2210 738 2246 populo
748 2211 866 2238 Romano
875 2209 982 2238 dicam?
991 2213 1038 2247 qui

244 2248 323 2284 pleno
337 2257 367 2275 ac
382 2249 477 2275 referto
493 2248 547 2275 foro
562 2249 603 2275 bis
619 2257 662 2275 me
677 2257 730 2275 una
747 2253 835 2275 mente
845 2253 925 2283 atque
936 2256 1000 2275 voce
1010 2249 1038 2276 in

243 2286 397 2313 concionem
413 2286 517 2313 vocavit
531 2285 728 2320 declaravitque
748 2286 894 2312 maximam
909 2285 1038 2313 libertatis

244 2323 440 2358 recuperandae
459 2323 642 2358 cupiditatem.
682 2324 732 2354 Ita,
754 2323 827 2358 quod
847 2327 902 2350 erat
920 2323 1039 2358 optabile

245 2365 328 2391 antea,
351 2365 382 2387 ut
401 2360 532 2395 populum
552 2361 701 2388 Romanum
722 2360 845 2387 comitem
866 2360 1035 2392 haberemus,

245 2406 316 2424 nunc
327 2398 458 2425 habemus
468 2397 574 2425 ducem.
608 2397 680 2430 Quae
692 2403 731 2425 est
742 2397 825 2434 igitur
834 2405 906 2432 spes,
919 2399 967 2433 qui
978 2398 1039 2425 Mu-

577 131 960 159 0:3.M.T.‹“.113131‹0Nts
981 131 1203 158 PtttLtt‘PtCA
1225 132 1287 158 Vll.
1320 133 1438 159 ‹:,t1¹.7
1459 148 1493 153 —
1515 135 1538 159 [0.

1093 204 1173 229 tinam
1190 202 1397 233 circumsedent,
1415 205 1598 238 imperatorem
1611 204 1702 239 populi
1714 204 1823 231 Romani
1835 212 1882 232 ex-

1093 241 1257 274 ercitumque
1268 246 1433 275 oppugnant.
1443 242 1475 267 iis
1487 250 1576 276 pacem
1588 251 1648 267 cum
1662 241 1881 276 populoltomano

1093 286 1151 302 esse
1163 277 1258 311 posse?
1287 280 1328 303 23.
1345 279 1383 303 An
1395 287 1455 304 cum
1469 280 1622 313 municipiis
1635 288 1684 313 pax
1696 280 1751 304 erit.
1765 287 1881 314 quorum

1094 319 1161 340 tanta
1174 315 1260 340 studia
1272 320 1468 349 cognoscuntur
1479 317 1504 341 in
1515 316 1626 342 decretis
1640 316 1775 342 faciendis.
1790 316 1883 342 militi-

1093 351 1143 377 hus
1155 351 1251 377 dandis
1260 372 1265 381 ,
1283 352 1403 386 pecuniis
1415 352 1584 386 polliceudis.
1599 358 1627 378 ut
1642 354 1667 379 in
1680 353 1794 385 singulis
1805 354 1883 388 oppi-

1092 388 1133 414 dis
1149 390 1249 414 curium
1267 389 1356 423 populi
1371 389 1478 415 ltoruani
1492 398 1541 416 non
1554 390 1727 416 desideretis?
1746 390 1883 416 Laudandi

1092 430 1155 451 sunt
1166 435 1198 452 ex
1211 426 1291 451 liuius
1303 426 1404 451 ordinis
1416 428 1544 452 sententia
1553 427 1677 456 Firmani.
1690 428 1735 462 qui
1749 428 1882 461 principes

1093 463 1220 497 pecuniae
1231 462 1394 497 pollicendae
1406 463 1526 490 fuerunt:
1550 464 1762 498 respondendum
1778 464 1884 490 honori-

1093 501 1139 525 lice
1157 505 1197 526 est
1213 501 1383 530 Marrucinis,
1405 501 1452 534 qui
1469 501 1612 535 ignominia
1630 501 1756 527 notandos
1771 509 1884 527 censue-

1093 541 1153 563 runt
1169 545 1225 565 cos,
1243 538 1265 563 si
1281 537 1328 572 qui
1344 537 1466 563 militiam
1478 538 1712 572 subterfugissent.
1752 538 1819 564 llaec.-
1831 538 1883 564 iam

1093 580 1142 600 tota
1158 574 1228 600 ltalia
1242 575 1317 600 liunt.
1349 574 1441 610 Magna
1454 584 1505 609 pax
1516 576 1628 601 Antonio
1638 584 1698 601 cum
1712 575 1753 603 iis.
1767 575 1808 601 his
1820 576 1882 601 item

1092 621 1152 637 cum
1169 612 1224 637 illo.
1264 612 1337 643 Quae
1353 616 1438 646 potest
1453 613 1536 639 maior
1549 621 1607 638 esse
1621 611 1771 638 discordia?
1791 613 1816 638 in
1827 612 1885 638 dis-

1091 649 1178 675 cordia
1195 653 1283 675 autem
1300 657 1350 683 pax
1365 649 1452 675 civilis
1468 658 1526 675 esse
1539 654 1613 684 pacto
1625 649 1697 675 nullo
1709 654 1802 683 potest.
1840 650 1882 675 24.

1093 686 1124 712 Ut
1135 687 1252 712 omittam
1266 686 1478 712 multitudinem:
1493 686 1647 716 exaudio,
1660 687 1743 721 equiti
1757 687 1881 716 Romano.

1093 723 1193 749 homini
1210 724 1235 749 in
1252 724 1346 758 primis
1361 729 1451 750 ornato
1465 728 1543 758 atque
1556 724 1678 753 honesto.
1695 724 1802 758 civique
1813 732 1884 750 sem·

1093 769 1139 795 per
1152 761 1270 796 egregio.
1283 761 1361 787 cuius
1372 769 1421 796 ego
1431 762 1557 787 excubias
1568 766 1592 787 et
1604 760 1737 787 custodias
1749 762 1800 787 mei
1811 761 1885 795 eapi-

1093 798 1126 823 tis
1147 798 1258 833 cognovi
1279 798 1305 824 in
1321 798 1461 824 consulatu
1478 807 1550 824 meo:
1573 799 1620 832 qui
1638 799 1739 824 vicinos
1753 806 1817 824 suos
1832 806 1883 824 non

1092 835 1242 861 cohortatus
1257 839 1296 861 est
1306 835 1406 865 solum.
1424 840 1453 861 ut
1467 835 1565 861 milites
1577 836 1680 865 flerent.
1698 834 1745 861 sed
1755 836 1834 861 etiam
1846 833 1884 860 fa-

1092 871 1237 898 cultatibus
1253 873 1310 898 suis
1325 872 1490 898 sublevavit:
1515 873 1589 903 huic,
1614 873 1737 907 inquam,
1755 872 1799 899 tali
1816 872 1882 902 viro.

1092 917 1173 944 quem
1194 918 1241 935 nos
1262 909 1492 936 senatusconsulto
1511 909 1732 939 collaudarimus,
1755 910 1885 944 poteritne

1092 955 1151 972 esse
1168 951 1275 981 pacatus
1290 946 1439 973 Antonius?
1457 946 1546 978 Quid‘?
1561 947 1589 973 C.
1607 947 1725 976 Caesari.
1743 947 1789 982 qui
1806 946 1883 973 illum

1093 984 1175 1015 Urbe;
1188 984 1273 1018 quid‘?
1283 984 1313 1010 D.
1326 984 1414 1013 Bruto.
1427 985 1474 1018 qui
1486 984 1571 1010 Gallia
1584 984 1738 1018 prohibuit?
1767 985 1808 1010 25.
1830 984 1884 1010 lam

1093 1029 1154 1047 vero
1166 1022 1222 1056 ipse
1234 1029 1262 1047 se
1274 1021 1387 1056 placabit
1397 1026 1423 1047 et
1436 1021 1513 1048 leniet
1525 1021 1792 1056 provinciaeGalliae,
1806 1029 1819 1047 a
1831 1029 1884 1055 qua

1092 1058 1219 1084 exclusus
1234 1062 1260 1084 et
1275 1058 1430 1092 repudiatus
1445 1058 1503 1084 est‘?
1526 1058 1620 1085 Omnia
1640 1058 1778 1088 videbitis,
1797 1063 1884 1093 patres

1091 1096 1247 1131 conscripti,
1261 1096 1311 1122 nisi
1324 1096 1489 1130 prospicitis,
1504 1095 1580 1130 plena
1592 1095 1727 1125 odiorum.
1741 1094 1817 1130 plena
1829 1095 1885 1121 dis-

1092 1132 1256 1159 cordiarum:
1275 1141 1307 1159 ex
1321 1133 1423 1167 ‹pnibus
1438 1134 1560 1158 oriuntur
1575 1132 1644 1159 bella
1658 1133 1758 1159 civilia.
1799 1132 1885 1159 Nolite

1093 1170 1174 1205 igitur
1189 1170 1215 1196 id
1232 1169 1313 1200 velle,
1330 1169 1402 1204 quod
1419 1170 1474 1196 fieri
1490 1178 1541 1196 non
1558 1174 1656 1204 potest:
1679 1174 1705 1196 et
1717 1174 1821 1200 cavete.
1837 1177 1886 1204 per

1092 1207 1155 1234 deos
1166 1207 1342 1234 immortales!
1365 1212 1452 1242 patres
1463 1207 1605 1242 conscripti
1614 1228 1620 1237 ,
1637 1215 1668 1234 ne
1679 1215 1727 1242 spe
1738 1207 1885 1242 praesentis

1092 1245 1164 1279 pacis
1177 1249 1330 1279 perpetuam
1343 1252 1434 1279 pacem
1446 1245 1582 1270 amittatis.

1147 1282 1193 1308 IX.
1215 1283 1257 1308 26.
1278 1281 1411 1314 Quorsum
1424 1281 1488 1308 haec
1499 1282 1586 1308 omnis
1597 1286 1697 1316 spectat
1706 1280 1806 1308 oratio?
1817 1280 1885 1316 quid

1091 1319 1162 1346 enim
1179 1319 1257 1355 legati
1273 1320 1388 1354 egerint,
1406 1319 1524 1345 noudum
1541 1319 1652 1345 scimus.
1691 1318 1725 1345 At
1740 1326 1802 1345 vero
1812 1318 1886 1345 exci-

1091 1357 1150 1387 tati,
1168 1356 1260 1387 erecti,
1279 1356 1375 1391 parati,
1392 1357 1485 1383 armati
1498 1357 1596 1383 animis
1607 1357 1659 1383 iam
1671 1364 1729 1382 esse
1742 1355 1882 1386 debemus,

1092 1403 1123 1420 ne
1139 1393 1235 1420 blanda
1251 1398 1297 1420 aut
1310 1393 1427 1429 supplici
1441 1394 1570 1425 oratione,
1587 1398 1634 1420 aut
1647 1393 1788 1428 aequitatis
1798 1393 1885 1419 simu-

1093 1431 1188 1458 latione
1203 1430 1336 1458 fallamur.
1372 1430 1467 1458 Omnia
1483 1430 1574 1458 fecerit
1589 1435 1703 1466 oportet.
1720 1438 1789 1465 quae
1803 1431 1886 1456 inter-

1091 1468 1159 1495 dicta
1171 1473 1196 1495 et
1206 1468 1359 1495 denuntiata
1370 1473 1446 1499 sunt,
1469 1469 1627 1504 priusquam
1641 1467 1742 1503 aliquid
1754 1466 1882 1502 postulet:

1090 1506 1202 1532 Brutum
1214 1506 1415 1541 exercitumque
1426 1506 1484 1532 eius
1495 1514 1663 1541 oppugnare.
1681 1505 1761 1531 urbes
1771 1509 1796 1531 et
1807 1512 1884 1540 agros

1091 1543 1243 1578 provinciae
1253 1543 1355 1570 Galliae
1370 1542 1493 1578 populari
1508 1543 1652 1569 destiterit:
1668 1542 1701 1568 ad
1712 1542 1823 1569 Brutum
1837 1541 1886 1568 ad-

1091 1580 1172 1607 eundi
1190 1580 1283 1616 legatis
1298 1585 1454 1615 potestatem
1471 1579 1575 1611 fecerit.
1593 1580 1739 1607 exercitum
1755 1579 1819 1606 citra
1834 1577 1886 1605 flu-

1092 1626 1152 1644 men
1163 1617 1327 1644 Rubiconem
1344 1617 1479 1648 eduxerit,
1497 1625 1546 1643 nec
1561 1618 1672 1654 propius
1686 1616 1784 1643 Urbem
1800 1615 1885 1642 millia

1091 1663 1221 1690 passuum
1232 1654 1345 1680 ducenta
1356 1654 1516 1681 admoverit:
1530 1653 1646 1680 fueritin
1658 1658 1766 1680 senatus
1778 1652 1885 1688 populi-

1091 1700 1143 1726 que
1159 1691 1269 1718 Romani
1286 1696 1423 1726 potestate.
1463 1691 1532 1717 Haec
1549 1691 1572 1717 si
1588 1690 1691 1721 fecerit.
1713 1691 1763 1717 erit
1781 1691 1885 1726 integra

1091 1733 1207 1763 potestas
1222 1728 1299 1755 nobis
1314 1727 1490 1754 deliberandi.
1524 1727 1552 1754 Si
1567 1728 1672 1754 senatui
1689 1735 1739 1754 nou
1756 1727 1882 1762 paruerit,

1091 1774 1142 1792 non
1152 1765 1192 1792 illi
1203 1770 1325 1796 senatus,
1347 1765 1394 1791 sed
1406 1765 1452 1791 ille
1462 1764 1562 1800 populo
1572 1765 1690 1792 Romano
1700 1764 1801 1791 bellum
1813 1763 1885 1791 indi-

1091 1804 1166 1829 xerit.
1207 1804 1250 1829 27.
1266 1802 1319 1829 Sed
1329 1811 1377 1829 vos
1388 1810 1491 1833 moneo,
1505 1807 1592 1837 patres
1603 1802 1760 1836 conscripti;
1774 1801 1884 1828 libertas

1089 1840 1177 1876 agitur
1191 1840 1285 1874 populi
1300 1840 1424 1870 Romani,
1445 1848 1515 1874 quae
1530 1844 1571 1866 est
1588 1839 1771 1866 commendata
1791 1838 1882 1865 vobis:

1090 1879 1142 1903 vita
1154 1882 1179 1903 et
1191 1877 1310 1904 fortunae
1319 1877 1413 1912 optimi
1428 1877 1574 1911 cuiusque,
1591 1885 1645 1912 quo
1657 1876 1829 1911 cupiditatem
1842 1876 1886 1902 in-

1091 1914 1191 1941 finitam
1207 1923 1268 1941 cum
1284 1914 1396 1940 immani
1415 1913 1571 1940 crudelitate
1591 1913 1750 1948 iampridem
1769 1912 1886 1940 intendit

1089 1952 1235 1978 Antonius:
1258 1952 1400 1978 auctoritas
1412 1955 1512 1981 vestra.
1533 1959 1613 1986 quam
1625 1949 1727 1977 nullam
1738 1949 1882 1982 habebitis,

1091 1989 1141 2015 uisi
1153 1997 1224 2015 nunc
1235 1989 1388 2015 tenueritis:
1401 1992 1510 2014 taetram
1521 1993 1547 2015 et
1557 1987 1711 2023 pestiferam
1721 1987 1839 2014 belluam
1851 1995 1886 2014 ne

1089 2026 1222 2053 inclusam
1233 2030 1259 2052 et
1267 2027 1437 2052 constrictam
1448 2025 1598 2056 dimittatis,
1613 2029 1713 2052 cavete.
1734 2025 1771 2051 Te
1780 2025 1882 2059 ipsum,
1915 2047 1920 2055 ‚

1089 2064 1183 2094 Pansa,
1199 2071 1302 2094 moneo,
1314 2062 1489 2098 (quamquam
1499 2071 1552 2089 non
1562 2071 1625 2099 eges
1636 2061 1760 2092 consilio,
1772 2069 1827 2097 quo
1837 2069 1885 2087 va-

1090 2100 1128 2127 les
1143 2100 1306 2136 plurimum:
1331 2104 1420 2126 tamen
1437 2100 1517 2126 etiam
1531 2100 1632 2126 summi
1646 2099 1837 2135 gubernatores
1855 2098 1884 2125 in

1090 2139 1194 2174 magnis
1209 2137 1412 2172 tempestatibus
1427 2145 1442 2163 a
1457 2137 1608 2163 vectoribus
1622 2136 1758 2163 admoneri
1772 2134 1885 2171 solentt)
1918 2164 1921 2166 ,

1090 2175 1162 2202 hunc
1177 2179 1280 2201 tantum
1294 2179 1371 2201 tuum
1387 2178 1543 2209 apparatum
1557 2179 1665 2209 tamque
1675 2172 1839 2208 praeclarum
1849 2180 1885 2199 ne

1089 2212 1123 2239 ad
1143 2212 1259 2238 nihilum
1280 2211 1396 2238 recidere
1416 2212 1526 2246 patiare.
1570 2211 1688 2246 Tempus
1712 2209 1795 2236 babes
1819 2208 1881 2241 tale.

1089 2249 1169 2285 quale
1183 2258 1261 2275 nemo
1276 2249 1370 2275 habuit
1382 2257 1522 2283 umquam.
1561 2248 1615 2274 Hac
1624 2247 1753 2283 gravitate
1763 2251 1882 2278 senatus,

1089 2286 1139 2313 hoc
1149 2286 1238 2313 studio
1249 2286 1381 2322 equestris
1393 2285 1494 2312 ordinis
1502 2306 1508 2317 ,
1521 2285 1571 2312 hoc
1581 2284 1672 2311 ardore
1682 2283 1775 2319 populi
1787 2284 1884 2310 Roma·

1090 2324 1116 2350 ui
1131 2328 1206 2358 potes
1220 2324 1249 2350 in
1264 2327 1424 2358 perpetuum
1438 2322 1633 2358 rempublicam
1644 2325 1717 2348 metu
1728 2325 1753 2347 et
1764 2320 1884 2356 periculo
1899 2323 1903 2326 ’

1090 2360 1211 2387 liberare.
1232 2375 1269 2381 —
1288 2360 1394 2393 Quibus
1407 2359 1441 2387 de
1455 2360 1536 2387 rebus
1552 2358 1648 2390 refers,
1664 2358 1694 2384 P.
1711 2357 1826 2385 Servilio
1838 2365 1879 2384 as
1903 2368 1905 2373 ¹

1088 2399 1198 2425 sentior.

956 2500 1176 2515 ⁴—Qw0’—
