<?xml version="1.0" encoding="UTF-8"?>
<!DOCTYPE html PUBLIC "-//W3C//DTD XHTML 1.0 Transitional//EN"
    "http://www.w3.org/TR/xhtml1/DTD/xhtml1-transitional.dtd">
<html xmlns="http://www.w3.org/1999/xhtml" xml:lang="en" lang="en">
 <head>
  <title>
</title>
<meta http-equiv="Content-Type" content="text/html;charset=utf-8" />
  <meta name='ocr-system' content='tesseract 3.04.00' />
  <meta name='ocr-capabilities' content='ocr_page ocr_carea ocr_par ocr_line ocrx_word'/>
</head>
<body>
  <div class='ocr_page' id='page_1' title='image "./operaomniaunovol00ciceuoft_0673.png"; bbox 0 0 1941 3052; ppageno 0'>
   <div class='ocr_carea' id='block_1_1' title="bbox 0 1393 2 2022">
    <p class='ocr_par' dir='ltr' id='par_1_1' title="bbox 0 1393 2 2022">
     <span class='ocr_line' id='line_1_1' title="bbox 0 1393 2 2022; baseline 0 0"><span class='ocrx_word' id='word_1_1' title='bbox 0 1393 2 2022; x_wconf 95' lang='lat' dir='ltr'> </span> 
     </span>
    </p>
   </div>
   <div class='ocr_carea' id='block_1_2' title="bbox 532 130 931 157">
    <p class='ocr_par' dir='ltr' id='par_1_2' title="bbox 532 130 931 157">
     <span class='ocr_line' id='line_1_2' title="bbox 532 130 931 157; baseline 0.003 -1"><span class='ocrx_word' id='word_1_2' title='bbox 532 130 826 157; x_wconf 85' lang='lat' dir='ltr'>PHILIPPICA</span> <span class='ocrx_word' id='word_1_3' title='bbox 864 131 931 157; x_wconf 87' lang='lat' dir='ltr'>XII.</span> 
     </span>
    </p>
   </div>
   <div class='ocr_carea' id='block_1_3' title="bbox 56 203 856 1995">
    <p class='ocr_par' dir='ltr' id='par_1_3' title="bbox 59 203 856 725">
     <span class='ocr_line' id='line_1_3' title="bbox 62 203 854 240; baseline 0.001 -10"><span class='ocrx_word' id='word_1_4' title='bbox 62 205 222 240; x_wconf 86' lang='lat' dir='ltr'>perationem</span> <span class='ocrx_word' id='word_1_5' title='bbox 234 203 393 239; x_wconf 82' lang='lat' dir='ltr'>relinquere.</span> <span class='ocrx_word' id='word_1_6' title='bbox 417 203 484 236; x_wconf 85' lang='lat' dir='ltr'>Quis</span> <span class='ocrx_word' id='word_1_7' title='bbox 495 204 582 231; x_wconf 90' lang='lat' dir='ltr'>bonus</span> <span class='ocrx_word' id='word_1_8' title='bbox 595 213 647 231; x_wconf 92' lang='lat' dir='ltr'>non</span> <span class='ocrx_word' id='word_1_9' title='bbox 660 204 732 240; x_wconf 85' lang='lat' dir='ltr'>luget</span> <span class='ocrx_word' id='word_1_10' title='bbox 743 210 854 231; x_wconf 88' lang='lat' dir='ltr'>mortem</span> 
     </span>
     <span class='ocr_line' id='line_1_4' title="bbox 61 241 856 276; baseline 0 -8"><span class='ocrx_word' id='word_1_11' title='bbox 61 241 203 268; x_wconf 78' lang='lat' dir='ltr'>Trebonii‘?</span> <span class='ocrx_word' id='word_1_12' title='bbox 222 242 284 276; x_wconf 88' lang='lat' dir='ltr'>quis</span> <span class='ocrx_word' id='word_1_13' title='bbox 300 250 351 268; x_wconf 91' lang='lat' dir='ltr'>non</span> <span class='ocrx_word' id='word_1_14' title='bbox 363 241 434 268; x_wconf 89' lang='lat' dir='ltr'>dolet</span> <span class='ocrx_word' id='word_1_15' title='bbox 444 242 581 268; x_wconf 87' lang='lat' dir='ltr'>interitum</span> <span class='ocrx_word' id='word_1_16' title='bbox 593 242 653 268; x_wconf 91' lang='lat' dir='ltr'>talis</span> <span class='ocrx_word' id='word_1_17' title='bbox 664 247 689 268; x_wconf 88' lang='lat' dir='ltr'>et</span> <span class='ocrx_word' id='word_1_18' title='bbox 699 243 766 268; x_wconf 82' lang='lat' dir='ltr'>civis</span> <span class='ocrx_word' id='word_1_19' title='bbox 779 247 804 268; x_wconf 88' lang='lat' dir='ltr'>et</span> <span class='ocrx_word' id='word_1_20' title='bbox 815 242 856 268; x_wconf 86' lang='lat' dir='ltr'>vi—</span> 
     </span>
     <span class='ocr_line' id='line_1_5' title="bbox 61 279 854 314; baseline -0.001 -8"><span class='ocrx_word' id='word_1_21' title='bbox 61 279 102 306; x_wconf 80' lang='lat' dir='ltr'>ri?</span> <span class='ocrx_word' id='word_1_22' title='bbox 120 279 153 305; x_wconf 82' lang='lat' dir='ltr'>At</span> <span class='ocrx_word' id='word_1_23' title='bbox 163 283 240 309; x_wconf 84' lang='lat' dir='ltr'>sunt,</span> <span class='ocrx_word' id='word_1_24' title='bbox 258 280 304 313; x_wconf 91' lang='lat' dir='ltr'>qui</span> <span class='ocrx_word' id='word_1_25' title='bbox 316 279 418 305; x_wconf 84' lang='lat' dir='ltr'>dicant:</span> <span class='ocrx_word' id='word_1_26' title='bbox 436 279 553 306; x_wconf 89' lang='lat' dir='ltr'>dureilli</span> <span class='ocrx_word' id='word_1_27' title='bbox 565 279 689 314; x_wconf 84' lang='lat' dir='ltr'>quidem,</span> <span class='ocrx_word' id='word_1_28' title='bbox 707 280 754 305; x_wconf 89' lang='lat' dir='ltr'>sed</span> <span class='ocrx_word' id='word_1_29' title='bbox 767 284 854 305; x_wconf 89' lang='lat' dir='ltr'>tamen</span> 
     </span>
     <span class='ocr_line' id='line_1_6' title="bbox 60 315 856 351; baseline 0 -9"><span class='ocrx_word' id='word_1_30' title='bbox 60 316 166 342; x_wconf 86' lang='lat' dir='ltr'>dicunt:</span> <span class='ocrx_word' id='word_1_31' title='bbox 189 316 279 342; x_wconf 88' lang='lat' dir='ltr'>minus</span> <span class='ocrx_word' id='word_1_32' title='bbox 300 315 459 347; x_wconf 84' lang='lat' dir='ltr'>dolendum,</span> <span class='ocrx_word' id='word_1_33' title='bbox 482 317 554 351; x_wconf 90' lang='lat' dir='ltr'>quod</span> <span class='ocrx_word' id='word_1_34' title='bbox 574 317 607 342; x_wconf 91' lang='lat' dir='ltr'>ab</span> <span class='ocrx_word' id='word_1_35' title='bbox 626 317 732 343; x_wconf 90' lang='lat' dir='ltr'>homine</span> <span class='ocrx_word' id='word_1_36' title='bbox 750 317 856 351; x_wconf 91' lang='lat' dir='ltr'>impuro</span> 
     </span>
     <span class='ocr_line' id='line_1_7' title="bbox 61 353 856 388; baseline 0 -9"><span class='ocrx_word' id='word_1_37' title='bbox 61 353 214 388; x_wconf 82' lang='lat' dir='ltr'>nefarioque</span> <span class='ocrx_word' id='word_1_38' title='bbox 226 361 277 379; x_wconf 90' lang='lat' dir='ltr'>non</span> <span class='ocrx_word' id='word_1_39' title='bbox 288 353 395 379; x_wconf 90' lang='lat' dir='ltr'>caverit.</span> <span class='ocrx_word' id='word_1_40' title='bbox 434 354 539 380; x_wconf 82' lang='lat' dir='ltr'><strong>Etenim</strong></span> <span class='ocrx_word' id='word_1_41' title='bbox 550 354 597 388; x_wconf 89' lang='lat' dir='ltr'>qui</span> <span class='ocrx_word' id='word_1_42' title='bbox 610 354 754 380; x_wconf 90' lang='lat' dir='ltr'>multorum</span> <span class='ocrx_word' id='word_1_43' title='bbox 766 358 856 379; x_wconf 91' lang='lat' dir='ltr'>custo-</span> 
     </span>
     <span class='ocr_line' id='line_1_8' title="bbox 60 390 855 426; baseline -0.001 -9"><span class='ocrx_word' id='word_1_44' title='bbox 60 390 120 417; x_wconf 89' lang='lat' dir='ltr'>dem</span> <span class='ocrx_word' id='word_1_45' title='bbox 132 399 160 417; x_wconf 93' lang='lat' dir='ltr'>se</span> <span class='ocrx_word' id='word_1_46' title='bbox 171 390 337 425; x_wconf 82' lang='lat' dir='ltr'>profiteatur,</span> <span class='ocrx_word' id='word_1_47' title='bbox 360 399 422 416; x_wconf 90' lang='lat' dir='ltr'>eum</span> <span class='ocrx_word' id='word_1_48' title='bbox 433 391 566 425; x_wconf 86' lang='lat' dir='ltr'>sapientes</span> <span class='ocrx_word' id='word_1_49' title='bbox 578 392 620 417; x_wconf 91' lang='lat' dir='ltr'>sui</span> <span class='ocrx_word' id='word_1_50' title='bbox 631 391 750 426; x_wconf 87' lang='lat' dir='ltr'>primum</span> <span class='ocrx_word' id='word_1_51' title='bbox 761 391 855 425; x_wconf 89' lang='lat' dir='ltr'>capitis</span> 
     </span>
     <span class='ocr_line' id='line_1_9' title="bbox 60 428 856 463; baseline 0 -9"><span class='ocrx_word' id='word_1_52' title='bbox 60 429 134 454; x_wconf 90' lang='lat' dir='ltr'>aiunt</span> <span class='ocrx_word' id='word_1_53' title='bbox 144 428 282 454; x_wconf 84' lang='lat' dir='ltr'><strong>custodem</strong></span> <span class='ocrx_word' id='word_1_54' title='bbox 294 436 353 454; x_wconf 87' lang='lat' dir='ltr'>esse</span> <span class='ocrx_word' id='word_1_55' title='bbox 364 433 492 463; x_wconf 80' lang='lat' dir='ltr'>oportere.</span> <span class='ocrx_word' id='word_1_56' title='bbox 533 428 620 460; x_wconf 90' lang='lat' dir='ltr'>Quum</span> <span class='ocrx_word' id='word_1_57' title='bbox 633 433 725 463; x_wconf 86' lang='lat' dir='ltr'>septus</span> <span class='ocrx_word' id='word_1_58' title='bbox 737 428 774 454; x_wconf 91' lang='lat' dir='ltr'>sis</span> <span class='ocrx_word' id='word_1_59' title='bbox 789 428 856 463; x_wconf 82' lang='lat' dir='ltr'>legi—</span> 
     </span>
     <span class='ocr_line' id='line_1_10' title="bbox 60 465 856 496; baseline -0.001 -5"><span class='ocrx_word' id='word_1_60' title='bbox 60 465 112 491; x_wconf 89' lang='lat' dir='ltr'>bus</span> <span class='ocrx_word' id='word_1_61' title='bbox 122 469 148 491; x_wconf 90' lang='lat' dir='ltr'>et</span> <span class='ocrx_word' id='word_1_62' title='bbox 158 465 319 491; x_wconf 91' lang='lat' dir='ltr'>iudiciorum</span> <span class='ocrx_word' id='word_1_63' title='bbox 330 470 416 496; x_wconf 81' lang='lat' dir='ltr'>metu,</span> <span class='ocrx_word' id='word_1_64' title='bbox 430 474 481 491; x_wconf 93' lang='lat' dir='ltr'>non</span> <span class='ocrx_word' id='word_1_65' title='bbox 493 470 556 491; x_wconf 90' lang='lat' dir='ltr'>sunt</span> <span class='ocrx_word' id='word_1_66' title='bbox 567 466 655 492; x_wconf 92' lang='lat' dir='ltr'>omnia</span> <span class='ocrx_word' id='word_1_67' title='bbox 666 465 795 496; x_wconf 88' lang='lat' dir='ltr'>timenda,</span> <span class='ocrx_word' id='word_1_68' title='bbox 810 473 856 490; x_wconf 92' lang='lat' dir='ltr'>ne-</span> 
     </span>
     <span class='ocr_line' id='line_1_11' title="bbox 60 501 855 537; baseline -0.001 -9"><span class='ocrx_word' id='word_1_69' title='bbox 60 510 113 537; x_wconf 87' lang='lat' dir='ltr'>que</span> <span class='ocrx_word' id='word_1_70' title='bbox 128 502 160 529; x_wconf 89' lang='lat' dir='ltr'>ad</span> <span class='ocrx_word' id='word_1_71' title='bbox 181 511 274 529; x_wconf 90' lang='lat' dir='ltr'>omnes</span> <span class='ocrx_word' id='word_1_72' title='bbox 294 503 407 529; x_wconf 83' lang='lat' dir='ltr'>insidias</span> <span class='ocrx_word' id='word_1_73' title='bbox 432 503 563 537; x_wconf 85' lang='lat' dir='ltr'>praesidia</span> <span class='ocrx_word' id='word_1_74' title='bbox 588 502 748 537; x_wconf 87' lang='lat' dir='ltr'>quaerenda.</span> <span class='ocrx_word' id='word_1_75' title='bbox 789 501 855 534; x_wconf 88' lang='lat' dir='ltr'>Quis</span> 
     </span>
     <span class='ocr_line' id='line_1_12' title="bbox 59 539 856 574; baseline -0.003 -8"><span class='ocrx_word' id='word_1_76' title='bbox 59 540 130 566; x_wconf 91' lang='lat' dir='ltr'>enim</span> <span class='ocrx_word' id='word_1_77' title='bbox 143 540 238 566; x_wconf 85' lang='lat' dir='ltr'>audeat</span> <span class='ocrx_word' id='word_1_78' title='bbox 250 540 312 570; x_wconf 85' lang='lat' dir='ltr'>luci,</span> <span class='ocrx_word' id='word_1_79' title='bbox 325 540 387 574; x_wconf 88' lang='lat' dir='ltr'>quis</span> <span class='ocrx_word' id='word_1_80' title='bbox 398 541 425 566; x_wconf 91' lang='lat' dir='ltr'>in</span> <span class='ocrx_word' id='word_1_81' title='bbox 437 540 544 566; x_wconf 80' lang='lat' dir='ltr'>militari</span> <span class='ocrx_word' id='word_1_82' title='bbox 557 541 608 571; x_wconf 74' lang='lat' dir='ltr'>via,</span> <span class='ocrx_word' id='word_1_83' title='bbox 622 540 683 574; x_wconf 87' lang='lat' dir='ltr'>quis</span> <span class='ocrx_word' id='word_1_84' title='bbox 695 539 762 565; x_wconf 89' lang='lat' dir='ltr'>bene</span> <span class='ocrx_word' id='word_1_85' title='bbox 772 539 856 565; x_wconf 92' lang='lat' dir='ltr'>comi-</span> 
     </span>
     <span class='ocr_line' id='line_1_13' title="bbox 60 576 855 613; baseline -0.003 -10"><span class='ocrx_word' id='word_1_86' title='bbox 60 582 157 608; x_wconf 90' lang='lat' dir='ltr'>tatum,</span> <span class='ocrx_word' id='word_1_87' title='bbox 175 578 236 612; x_wconf 88' lang='lat' dir='ltr'>quis</span> <span class='ocrx_word' id='word_1_88' title='bbox 252 577 384 603; x_wconf 83' lang='lat' dir='ltr'><strong>illustrem</strong></span> <span class='ocrx_word' id='word_1_89' title='bbox 400 577 528 613; x_wconf 74' lang='lat' dir='ltr'>aggredi‘.&gt;</span> <span class='ocrx_word' id='word_1_90' title='bbox 565 579 607 603; x_wconf 72' lang='lat'>⁶26.</span> <span class='ocrx_word' id='word_1_91' title='bbox 629 577 697 602; x_wconf 86' lang='lat' dir='ltr'>Haec</span> <span class='ocrx_word' id='word_1_92' title='bbox 709 585 795 611; x_wconf 89' lang='lat' dir='ltr'>neque</span> <span class='ocrx_word' id='word_1_93' title='bbox 807 576 855 601; x_wconf 88' lang='lat' dir='ltr'>hoc</span> 
     </span>
     <span class='ocr_line' id='line_1_14' title="bbox 60 613 856 650; baseline -0.003 -10"><span class='ocrx_word' id='word_1_94' title='bbox 60 619 191 649; x_wconf 85' lang='lat' dir='ltr'>tempore,</span> <span class='ocrx_word' id='word_1_95' title='bbox 215 623 302 650; x_wconf 85' lang='lat' dir='ltr'>neque</span> <span class='ocrx_word' id='word_1_96' title='bbox 313 615 339 640; x_wconf 90' lang='lat' dir='ltr'>in</span> <span class='ocrx_word' id='word_1_97' title='bbox 352 623 394 640; x_wconf 90' lang='lat' dir='ltr'>me</span> <span class='ocrx_word' id='word_1_98' title='bbox 406 615 503 640; x_wconf 88' lang='lat' dir='ltr'>valent.</span> <span class='ocrx_word' id='word_1_99' title='bbox 543 615 601 640; x_wconf 92' lang='lat' dir='ltr'>Non</span> <span class='ocrx_word' id='word_1_100' title='bbox 618 613 696 640; x_wconf 88' lang='lat' dir='ltr'>modo</span> <span class='ocrx_word' id='word_1_101' title='bbox 711 614 781 639; x_wconf 87' lang='lat' dir='ltr'>enim</span> <span class='ocrx_word' id='word_1_102' title='bbox 792 621 856 648; x_wconf 91' lang='lat' dir='ltr'>poe-</span> 
     </span>
     <span class='ocr_line' id='line_1_15' title="bbox 60 650 854 686; baseline -0.003 -8"><span class='ocrx_word' id='word_1_103' title='bbox 60 660 121 678; x_wconf 91' lang='lat' dir='ltr'>nam</span> <span class='ocrx_word' id='word_1_104' title='bbox 133 661 185 678; x_wconf 90' lang='lat' dir='ltr'>non</span> <span class='ocrx_word' id='word_1_105' title='bbox 199 653 361 682; x_wconf 79' lang='lat' dir='ltr'>extimescet,</span> <span class='ocrx_word' id='word_1_106' title='bbox 375 652 422 686; x_wconf 93' lang='lat' dir='ltr'>qui</span> <span class='ocrx_word' id='word_1_107' title='bbox 434 652 500 677; x_wconf 89' lang='lat' dir='ltr'>mihi</span> <span class='ocrx_word' id='word_1_108' title='bbox 512 652 567 677; x_wconf 89' lang='lat' dir='ltr'>vim</span> <span class='ocrx_word' id='word_1_109' title='bbox 579 651 704 681; x_wconf 86' lang='lat' dir='ltr'>attulerit,</span> <span class='ocrx_word' id='word_1_110' title='bbox 717 650 765 676; x_wconf 92' lang='lat' dir='ltr'>sed</span> <span class='ocrx_word' id='word_1_111' title='bbox 776 651 854 676; x_wconf 90' lang='lat' dir='ltr'>etiam</span> 
     </span>
     <span class='ocr_line' id='line_1_16' title="bbox 59 688 778 725; baseline -0.003 -10"><span class='ocrx_word' id='word_1_112' title='bbox 59 688 171 725; x_wconf 82' lang='lat' dir='ltr'>gloriam</span> <span class='ocrx_word' id='word_1_113' title='bbox 183 689 300 724; x_wconf 83' lang='lat' dir='ltr'>sperabit</span> <span class='ocrx_word' id='word_1_114' title='bbox 311 697 323 715; x_wconf 89' lang='lat' dir='ltr'>a</span> <span class='ocrx_word' id='word_1_115' title='bbox 337 689 466 715; x_wconf 87' lang='lat' dir='ltr'>latronum</span> <span class='ocrx_word' id='word_1_116' title='bbox 477 689 605 724; x_wconf 79' lang='lat' dir='ltr'>gregibus</span> <span class='ocrx_word' id='word_1_117' title='bbox 616 693 641 714; x_wconf 90' lang='lat' dir='ltr'>et</span> <span class='ocrx_word' id='word_1_118' title='bbox 653 688 778 722; x_wconf 86' lang='lat' dir='ltr'>praemia.</span> 
     </span>
    </p>

    <p class='ocr_par' dir='ltr' id='par_1_4' title="bbox 56 725 856 1995">
     <span class='ocr_line' id='line_1_17' title="bbox 114 725 855 762; baseline -0.003 -10"><span class='ocrx_word' id='word_1_119' title='bbox 114 726 162 752; x_wconf 90' lang='lat' dir='ltr'>XI.</span> <span class='ocrx_word' id='word_1_120' title='bbox 175 727 244 752; x_wconf 84' lang='lat' dir='ltr'>Haec</span> <span class='ocrx_word' id='word_1_121' title='bbox 254 735 302 762; x_wconf 85' lang='lat' dir='ltr'>ego</span> <span class='ocrx_word' id='word_1_122' title='bbox 313 727 340 752; x_wconf 92' lang='lat' dir='ltr'>in</span> <span class='ocrx_word' id='word_1_123' title='bbox 347 726 416 752; x_wconf 88' lang='lat' dir='ltr'>Urbe</span> <span class='ocrx_word' id='word_1_124' title='bbox 423 726 577 760; x_wconf 82' lang='lat' dir='ltr'>praevideo:</span> <span class='ocrx_word' id='word_1_125' title='bbox 593 725 677 751; x_wconf 76' lang='lat' dir='ltr'>facilis</span> <span class='ocrx_word' id='word_1_126' title='bbox 689 729 729 750; x_wconf 87' lang='lat' dir='ltr'>est</span> <span class='ocrx_word' id='word_1_127' title='bbox 739 725 855 751; x_wconf 87' lang='lat' dir='ltr'>circum—</span> 
     </span>
     <span class='ocr_line' id='line_1_18' title="bbox 60 762 852 798; baseline -0.004 -8"><span class='ocrx_word' id='word_1_128' title='bbox 60 768 177 798; x_wconf 86' lang='lat' dir='ltr'>spectus,</span> <span class='ocrx_word' id='word_1_129' title='bbox 187 763 257 790; x_wconf 90' lang='lat' dir='ltr'>unde</span> <span class='ocrx_word' id='word_1_130' title='bbox 264 772 365 794; x_wconf 85' lang='lat' dir='ltr'>exeam,</span> <span class='ocrx_word' id='word_1_131' title='bbox 373 772 426 798; x_wconf 94' lang='lat' dir='ltr'>quo</span> <span class='ocrx_word' id='word_1_132' title='bbox 433 763 593 798; x_wconf 87' lang='lat' dir='ltr'>progrediar,</span> <span class='ocrx_word' id='word_1_133' title='bbox 602 762 668 797; x_wconf 90' lang='lat' dir='ltr'>quid</span> <span class='ocrx_word' id='word_1_134' title='bbox 679 762 712 788; x_wconf 90' lang='lat' dir='ltr'>ad</span> <span class='ocrx_word' id='word_1_135' title='bbox 723 762 852 793; x_wconf 78' lang='lat' dir='ltr'>dextram,</span> 
     </span>
     <span class='ocr_line' id='line_1_19' title="bbox 59 799 855 836; baseline -0.004 -9"><span class='ocrx_word' id='word_1_136' title='bbox 59 800 126 836; x_wconf 87' lang='lat' dir='ltr'>quid</span> <span class='ocrx_word' id='word_1_137' title='bbox 138 801 170 827; x_wconf 89' lang='lat' dir='ltr'>ad</span> <span class='ocrx_word' id='word_1_138' title='bbox 180 801 315 827; x_wconf 85' lang='lat' dir='ltr'>sinistram</span> <span class='ocrx_word' id='word_1_139' title='bbox 327 801 371 826; x_wconf 90' lang='lat' dir='ltr'>sit.</span> <span class='ocrx_word' id='word_1_140' title='bbox 412 801 482 826; x_wconf 90' lang='lat' dir='ltr'>Num</span> <span class='ocrx_word' id='word_1_141' title='bbox 493 800 563 826; x_wconf 89' lang='lat' dir='ltr'>idem</span> <span class='ocrx_word' id='word_1_142' title='bbox 575 801 603 826; x_wconf 91' lang='lat' dir='ltr'>in</span> <span class='ocrx_word' id='word_1_143' title='bbox 614 800 748 834; x_wconf 80' lang='lat' dir='ltr'>Apennini</span> <span class='ocrx_word' id='word_1_144' title='bbox 763 799 855 825; x_wconf 88' lang='lat' dir='ltr'>trami-</span> 
     </span>
     <span class='ocr_line' id='line_1_20' title="bbox 60 836 855 872; baseline -0.003 -8"><span class='ocrx_word' id='word_1_145' title='bbox 60 838 132 864; x_wconf 87' lang='lat' dir='ltr'>tibus</span> <span class='ocrx_word' id='word_1_146' title='bbox 144 837 228 864; x_wconf 87' lang='lat' dir='ltr'>facere</span> <span class='ocrx_word' id='word_1_147' title='bbox 241 837 348 872; x_wconf 80' lang='lat' dir='ltr'>potero‘?</span> <span class='ocrx_word' id='word_1_148' title='bbox 357 838 384 863; x_wconf 92' lang='lat' dir='ltr'>in</span> <span class='ocrx_word' id='word_1_149' title='bbox 396 837 506 872; x_wconf 87' lang='lat' dir='ltr'>quibus,</span> <span class='ocrx_word' id='word_1_150' title='bbox 520 837 624 863; x_wconf 87' lang='lat' dir='ltr'>etiamsi</span> <span class='ocrx_word' id='word_1_151' title='bbox 637 845 688 863; x_wconf 90' lang='lat' dir='ltr'>non</span> <span class='ocrx_word' id='word_1_152' title='bbox 700 841 777 862; x_wconf 88' lang='lat' dir='ltr'>erunt</span> <span class='ocrx_word' id='word_1_153' title='bbox 787 836 855 862; x_wconf 88' lang='lat' dir='ltr'>insi-</span> 
     </span>
     <span class='ocr_line' id='line_1_21' title="bbox 59 874 855 910; baseline -0.003 -9"><span class='ocrx_word' id='word_1_154' title='bbox 59 875 130 906; x_wconf 82' lang='lat' dir='ltr'>diae,</span> <span class='ocrx_word' id='word_1_155' title='bbox 153 883 222 910; x_wconf 91' lang='lat' dir='ltr'>quae</span> <span class='ocrx_word' id='word_1_156' title='bbox 233 874 358 901; x_wconf 84' lang='lat' dir='ltr'>facillime</span> <span class='ocrx_word' id='word_1_157' title='bbox 369 883 428 901; x_wconf 89' lang='lat' dir='ltr'>esse</span> <span class='ocrx_word' id='word_1_158' title='bbox 440 879 576 909; x_wconf 89' lang='lat' dir='ltr'>poterunt,</span> <span class='ocrx_word' id='word_1_159' title='bbox 589 874 695 900; x_wconf 87' lang='lat' dir='ltr'>animus</span> <span class='ocrx_word' id='word_1_160' title='bbox 706 879 793 899; x_wconf 91' lang='lat' dir='ltr'>tamen</span> <span class='ocrx_word' id='word_1_161' title='bbox 806 874 855 899; x_wconf 91' lang='lat' dir='ltr'>erit</span> 
     </span>
     <span class='ocr_line' id='line_1_22' title="bbox 59 911 855 947; baseline -0.001 -9"><span class='ocrx_word' id='word_1_162' title='bbox 59 912 199 943; x_wconf 88' lang='lat' dir='ltr'>sollicitus,</span> <span class='ocrx_word' id='word_1_163' title='bbox 217 916 246 938; x_wconf 90' lang='lat' dir='ltr'>ut</span> <span class='ocrx_word' id='word_1_164' title='bbox 257 911 323 938; x_wconf 90' lang='lat' dir='ltr'>nihil</span> <span class='ocrx_word' id='word_1_165' title='bbox 336 912 420 946; x_wconf 85' lang='lat' dir='ltr'>possit</span> <span class='ocrx_word' id='word_1_166' title='bbox 431 912 463 938; x_wconf 92' lang='lat' dir='ltr'>de</span> <span class='ocrx_word' id='word_1_167' title='bbox 477 911 572 938; x_wconf 80' lang='lat' dir='ltr'>officiis</span> <span class='ocrx_word' id='word_1_168' title='bbox 584 911 723 947; x_wconf 80' lang='lat' dir='ltr'>legationis</span> <span class='ocrx_word' id='word_1_169' title='bbox 735 911 855 937; x_wconf 88' lang='lat' dir='ltr'>attende-</span> 
     </span>
     <span class='ocr_line' id='line_1_23' title="bbox 59 949 854 985; baseline -0.003 -9"><span class='ocrx_word' id='word_1_170' title='bbox 59 958 94 976; x_wconf 86' lang='lat' dir='ltr'>re.</span> <span class='ocrx_word' id='word_1_171' title='bbox 125 949 178 976; x_wconf 89' lang='lat' dir='ltr'>Sed</span> <span class='ocrx_word' id='word_1_172' title='bbox 189 949 269 985; x_wconf 85' lang='lat' dir='ltr'>effugi</span> <span class='ocrx_word' id='word_1_173' title='bbox 281 949 402 981; x_wconf 81' lang='lat' dir='ltr'>insidias,</span> <span class='ocrx_word' id='word_1_174' title='bbox 419 950 527 984; x_wconf 88' lang='lat' dir='ltr'>perrupi</span> <span class='ocrx_word' id='word_1_175' title='bbox 539 949 721 984; x_wconf 88' lang='lat' dir='ltr'>Apenninum.</span> <span class='ocrx_word' id='word_1_176' title='bbox 753 949 854 983; x_wconf 85' lang='lat' dir='ltr'>Nempe</span> 
     </span>
     <span class='ocr_line' id='line_1_24' title="bbox 58 985 852 1022; baseline -0.003 -9"><span class='ocrx_word' id='word_1_177' title='bbox 58 986 198 1014; x_wconf 84' lang='lat' dir='ltr'>inAntonii</span> <span class='ocrx_word' id='word_1_178' title='bbox 210 995 385 1022; x_wconf 85' lang='lat' dir='ltr'>congressum</span> <span class='ocrx_word' id='word_1_179' title='bbox 397 986 616 1022; x_wconf 89' lang='lat' dir='ltr'>colloquiumque</span> <span class='ocrx_word' id='word_1_180' title='bbox 628 985 790 1012; x_wconf 85' lang='lat' dir='ltr'>veniendum</span> <span class='ocrx_word' id='word_1_181' title='bbox 803 990 852 1011; x_wconf 90' lang='lat' dir='ltr'>est.</span> 
     </span>
     <span class='ocr_line' id='line_1_25' title="bbox 57 1023 855 1059; baseline -0.004 -8"><span class='ocrx_word' id='word_1_182' title='bbox 57 1024 173 1056; x_wconf 89' lang='lat' dir='ltr'>Quinam</span> <span class='ocrx_word' id='word_1_183' title='bbox 190 1024 264 1050; x_wconf 89' lang='lat' dir='ltr'>locus</span> <span class='ocrx_word' id='word_1_184' title='bbox 280 1023 415 1059; x_wconf 70' lang='lat' dir='ltr'>capietur?</span> <span class='ocrx_word' id='word_1_185' title='bbox 435 1024 464 1050; x_wconf 92' lang='lat' dir='ltr'>Si</span> <span class='ocrx_word' id='word_1_186' title='bbox 480 1028 552 1050; x_wconf 88' lang='lat' dir='ltr'>extra</span> <span class='ocrx_word' id='word_1_187' title='bbox 567 1028 665 1055; x_wconf 88' lang='lat' dir='ltr'>castra,</span> <span class='ocrx_word' id='word_1_188' title='bbox 683 1023 762 1049; x_wconf 88' lang='lat' dir='ltr'>ceteri</span> <span class='ocrx_word' id='word_1_189' title='bbox 779 1023 855 1049; x_wconf 87' lang='lat' dir='ltr'>vide-</span> 
     </span>
     <span class='ocr_line' id='line_1_26' title="bbox 59 1060 855 1097; baseline -0.003 -9"><span class='ocrx_word' id='word_1_190' title='bbox 59 1062 123 1088; x_wconf 87' lang='lat' dir='ltr'>rint:</span> <span class='ocrx_word' id='word_1_191' title='bbox 140 1070 188 1097; x_wconf 86' lang='lat' dir='ltr'>ego</span> <span class='ocrx_word' id='word_1_192' title='bbox 199 1066 310 1088; x_wconf 90' lang='lat' dir='ltr'>mortem</span> <span class='ocrx_word' id='word_1_193' title='bbox 322 1066 439 1088; x_wconf 86' lang='lat' dir='ltr'>actutum</span> <span class='ocrx_word' id='word_1_194' title='bbox 452 1061 569 1087; x_wconf 76' lang='lat' dir='ltr'>suturam</span> <span class='ocrx_word' id='word_1_195' title='bbox 581 1066 655 1096; x_wconf 91' lang='lat' dir='ltr'>puto.</span> <span class='ocrx_word' id='word_1_196' title='bbox 686 1060 755 1087; x_wconf 85' lang='lat' dir='ltr'>Novi</span> <span class='ocrx_word' id='word_1_197' title='bbox 766 1060 855 1087; x_wconf 87' lang='lat' dir='ltr'>homi-</span> 
     </span>
     <span class='ocr_line' id='line_1_27' title="bbox 59 1098 854 1130; baseline -0.003 -5"><span class='ocrx_word' id='word_1_198' title='bbox 59 1099 100 1125; x_wconf 91' lang='lat' dir='ltr'>nis</span> <span class='ocrx_word' id='word_1_199' title='bbox 111 1098 237 1130; x_wconf 83' lang='lat' dir='ltr'>furorem,</span> <span class='ocrx_word' id='word_1_200' title='bbox 251 1099 312 1125; x_wconf 90' lang='lat' dir='ltr'>novi</span> <span class='ocrx_word' id='word_1_201' title='bbox 324 1098 474 1125; x_wconf 82' lang='lat' dir='ltr'>effrenatam</span> <span class='ocrx_word' id='word_1_202' title='bbox 488 1099 651 1125; x_wconf 88' lang='lat' dir='ltr'>violentiam.</span> <span class='ocrx_word' id='word_1_203' title='bbox 687 1098 770 1124; x_wconf 89' lang='lat' dir='ltr'>Cuius</span> <span class='ocrx_word' id='word_1_204' title='bbox 782 1106 854 1123; x_wconf 89' lang='lat' dir='ltr'>acer-</span> 
     </span>
     <span class='ocr_line' id='line_1_28' title="bbox 58 1135 853 1171; baseline -0.001 -9"><span class='ocrx_word' id='word_1_205' title='bbox 58 1136 127 1162; x_wconf 87' lang='lat' dir='ltr'>bitas</span> <span class='ocrx_word' id='word_1_206' title='bbox 147 1145 252 1162; x_wconf 91' lang='lat' dir='ltr'>morum</span> <span class='ocrx_word' id='word_1_207' title='bbox 268 1136 475 1171; x_wconf 88' lang='lat' dir='ltr'>immanitasque</span> <span class='ocrx_word' id='word_1_208' title='bbox 491 1140 599 1162; x_wconf 87' lang='lat' dir='ltr'>naturae</span> <span class='ocrx_word' id='word_1_209' title='bbox 614 1144 646 1162; x_wconf 90' lang='lat' dir='ltr'>ne</span> <span class='ocrx_word' id='word_1_210' title='bbox 666 1136 729 1162; x_wconf 85' lang='lat' dir='ltr'>vino</span> <span class='ocrx_word' id='word_1_211' title='bbox 743 1135 853 1170; x_wconf 88' lang='lat' dir='ltr'>quidem</span> 
     </span>
     <span class='ocr_line' id='line_1_29' title="bbox 59 1171 855 1208; baseline -0.001 -9"><span class='ocrx_word' id='word_1_212' title='bbox 59 1174 188 1208; x_wconf 87' lang='lat' dir='ltr'>permixta</span> <span class='ocrx_word' id='word_1_213' title='bbox 200 1174 340 1208; x_wconf 86' lang='lat' dir='ltr'>temperari</span> <span class='ocrx_word' id='word_1_214' title='bbox 351 1173 431 1204; x_wconf 89' lang='lat' dir='ltr'>solet,</span> <span class='ocrx_word' id='word_1_215' title='bbox 449 1174 491 1199; x_wconf 92' lang='lat' dir='ltr'>hic</span> <span class='ocrx_word' id='word_1_216' title='bbox 502 1174 540 1199; x_wconf 93' lang='lat' dir='ltr'>ira</span> <span class='ocrx_word' id='word_1_217' title='bbox 551 1173 738 1207; x_wconf 87' lang='lat' dir='ltr'>dementiaque</span> <span class='ocrx_word' id='word_1_218' title='bbox 750 1171 855 1198; x_wconf 81' lang='lat' dir='ltr'>inflam—</span> 
     </span>
     <span class='ocr_line' id='line_1_30' title="bbox 58 1210 854 1242; baseline -0.001 -5"><span class='ocrx_word' id='word_1_219' title='bbox 58 1215 154 1242; x_wconf 88' lang='lat' dir='ltr'>matus,</span> <span class='ocrx_word' id='word_1_220' title='bbox 168 1210 288 1237; x_wconf 87' lang='lat' dir='ltr'>adhibito</span> <span class='ocrx_word' id='word_1_221' title='bbox 300 1210 378 1237; x_wconf 81' lang='lat' dir='ltr'>fratre</span> <span class='ocrx_word' id='word_1_222' title='bbox 389 1211 483 1242; x_wconf 89' lang='lat' dir='ltr'>Lucio,</span> <span class='ocrx_word' id='word_1_223' title='bbox 498 1211 647 1237; x_wconf 89' lang='lat' dir='ltr'>taeterrima</span> <span class='ocrx_word' id='word_1_224' title='bbox 658 1210 761 1241; x_wconf 82' lang='lat' dir='ltr'>bellua,</span> <span class='ocrx_word' id='word_1_225' title='bbox 775 1218 854 1236; x_wconf 89' lang='lat' dir='ltr'>num-</span> 
     </span>
     <span class='ocr_line' id='line_1_31' title="bbox 57 1247 854 1284; baseline -0.001 -10"><span class='ocrx_word' id='word_1_226' title='bbox 57 1257 138 1283; x_wconf 87' lang='lat' dir='ltr'>quam</span> <span class='ocrx_word' id='word_1_227' title='bbox 157 1247 272 1282; x_wconf 85' lang='lat' dir='ltr'>prol&#39;ecto</span> <span class='ocrx_word' id='word_1_228' title='bbox 291 1257 304 1274; x_wconf 87' lang='lat' dir='ltr'>a</span> <span class='ocrx_word' id='word_1_229' title='bbox 325 1256 368 1274; x_wconf 90' lang='lat' dir='ltr'>me</span> <span class='ocrx_word' id='word_1_230' title='bbox 388 1248 530 1284; x_wconf 86' lang='lat' dir='ltr'>sacrilegas</span> <span class='ocrx_word' id='word_1_231' title='bbox 550 1257 646 1274; x_wconf 90' lang='lat' dir='ltr'>manus</span> <span class='ocrx_word' id='word_1_232' title='bbox 661 1252 742 1282; x_wconf 88' lang='lat' dir='ltr'>atque</span> <span class='ocrx_word' id='word_1_233' title='bbox 757 1248 854 1282; x_wconf 90' lang='lat' dir='ltr'>impias</span> 
     </span>
     <span class='ocr_line' id='line_1_32' title="bbox 58 1285 855 1321; baseline -0.001 -10"><span class='ocrx_word' id='word_1_234' title='bbox 58 1285 211 1311; x_wconf 87' lang='lat' dir='ltr'>abstinebit.</span> <span class='ocrx_word' id='word_1_235' title='bbox 232 1286 274 1312; x_wconf 77' lang='lat'>27.</span> <span class='ocrx_word' id='word_1_236' title='bbox 286 1285 396 1311; x_wconf 86' lang='lat' dir='ltr'>Memini</span> <span class='ocrx_word' id='word_1_237' title='bbox 407 1285 540 1321; x_wconf 86' lang='lat' dir='ltr'>colloquia</span> <span class='ocrx_word' id='word_1_238' title='bbox 551 1290 648 1312; x_wconf 91' lang='lat' dir='ltr'>etcum</span> <span class='ocrx_word' id='word_1_239' title='bbox 660 1285 795 1311; x_wconf 83' lang='lat' dir='ltr'>acerrimis</span> <span class='ocrx_word' id='word_1_240' title='bbox 807 1285 855 1311; x_wconf 83' lang='lat' dir='ltr'>lio-</span> 
     </span>
     <span class='ocr_line' id='line_1_33' title="bbox 58 1322 853 1358; baseline 0 -10"><span class='ocrx_word' id='word_1_241' title='bbox 58 1323 145 1349; x_wconf 83' lang='lat' dir='ltr'>stibus</span> <span class='ocrx_word' id='word_1_242' title='bbox 157 1327 252 1349; x_wconf 89' lang='lat' dir='ltr'>etcum</span> <span class='ocrx_word' id='word_1_243' title='bbox 264 1323 424 1358; x_wconf 84' lang='lat' dir='ltr'>gravissime</span> <span class='ocrx_word' id='word_1_244' title='bbox 435 1322 656 1349; x_wconf 87' lang='lat' dir='ltr'>dissentientibus</span> <span class='ocrx_word' id='word_1_245' title='bbox 667 1323 784 1349; x_wconf 89' lang='lat' dir='ltr'>civibus.</span> <span class='ocrx_word' id='word_1_246' title='bbox 804 1322 853 1348; x_wconf 89' lang='lat' dir='ltr'>Cn.</span> 
     </span>
     <span class='ocr_line' id='line_1_34' title="bbox 57 1359 854 1395; baseline 0 -9"><span class='ocrx_word' id='word_1_247' title='bbox 57 1360 215 1395; x_wconf 88' lang='lat' dir='ltr'>Pompeius,</span> <span class='ocrx_word' id='word_1_248' title='bbox 232 1359 403 1391; x_wconf 68' lang='lat' dir='ltr'>Sextilibus,</span> <span class='ocrx_word' id='word_1_249' title='bbox 419 1360 527 1391; x_wconf 90' lang='lat' dir='ltr'>consul,</span> <span class='ocrx_word' id='word_1_250' title='bbox 546 1369 588 1386; x_wconf 90' lang='lat' dir='ltr'>me</span> <span class='ocrx_word' id='word_1_251' title='bbox 600 1365 750 1395; x_wconf 84' lang='lat' dir='ltr'>praesente,</span> <span class='ocrx_word' id='word_1_252' title='bbox 768 1368 854 1394; x_wconf 91' lang='lat' dir='ltr'>quum</span> 
     </span>
     <span class='ocr_line' id='line_1_35' title="bbox 57 1396 855 1429; baseline -0.001 -5"><span class='ocrx_word' id='word_1_253' title='bbox 57 1406 144 1424; x_wconf 89' lang='lat' dir='ltr'>essem</span> <span class='ocrx_word' id='word_1_254' title='bbox 157 1398 206 1423; x_wconf 90' lang='lat' dir='ltr'>tiro</span> <span class='ocrx_word' id='word_1_255' title='bbox 217 1398 244 1423; x_wconf 90' lang='lat' dir='ltr'>in</span> <span class='ocrx_word' id='word_1_256' title='bbox 256 1398 313 1423; x_wconf 91' lang='lat' dir='ltr'>eius</span> <span class='ocrx_word' id='word_1_257' title='bbox 325 1398 451 1429; x_wconf 82' lang='lat' dir='ltr'>exercitu,</span> <span class='ocrx_word' id='word_1_258' title='bbox 465 1406 526 1424; x_wconf 90' lang='lat' dir='ltr'>cum</span> <span class='ocrx_word' id='word_1_259' title='bbox 538 1398 566 1423; x_wconf 91' lang='lat' dir='ltr'>P.</span> <span class='ocrx_word' id='word_1_260' title='bbox 575 1398 660 1424; x_wconf 83' lang='lat' dir='ltr'>Vettio</span> <span class='ocrx_word' id='word_1_261' title='bbox 671 1397 791 1428; x_wconf 85' lang='lat' dir='ltr'>Scatone,</span> <span class='ocrx_word' id='word_1_262' title='bbox 805 1396 855 1423; x_wconf 90' lang='lat' dir='ltr'>du-</span> 
     </span>
     <span class='ocr_line' id='line_1_36' title="bbox 57 1434 855 1466; baseline -0.001 -5"><span class='ocrx_word' id='word_1_263' title='bbox 57 1443 86 1461; x_wconf 87' lang='lat' dir='ltr'>ce</span> <span class='ocrx_word' id='word_1_264' title='bbox 98 1435 259 1465; x_wconf 83' lang='lat' dir='ltr'>Marsorum,</span> <span class='ocrx_word' id='word_1_265' title='bbox 282 1435 351 1461; x_wconf 88' lang='lat' dir='ltr'>inter</span> <span class='ocrx_word' id='word_1_266' title='bbox 366 1435 427 1461; x_wconf 90' lang='lat' dir='ltr'>bina</span> <span class='ocrx_word' id='word_1_267' title='bbox 444 1440 527 1462; x_wconf 87' lang='lat' dir='ltr'>castra</span> <span class='ocrx_word' id='word_1_268' title='bbox 543 1434 691 1461; x_wconf 90' lang='lat' dir='ltr'>collocutus</span> <span class='ocrx_word' id='word_1_269' title='bbox 707 1439 756 1460; x_wconf 87' lang='lat' dir='ltr'>est.</span> <span class='ocrx_word' id='word_1_270' title='bbox 797 1434 855 1466; x_wconf 90' lang='lat' dir='ltr'>Quo</span> 
     </span>
     <span class='ocr_line' id='line_1_37' title="bbox 57 1471 855 1507; baseline -0.001 -9"><span class='ocrx_word' id='word_1_271' title='bbox 57 1472 168 1507; x_wconf 82' lang='lat' dir='ltr'>quidem</span> <span class='ocrx_word' id='word_1_272' title='bbox 180 1472 290 1498; x_wconf 89' lang='lat' dir='ltr'>memini</span> <span class='ocrx_word' id='word_1_273' title='bbox 302 1472 364 1498; x_wconf 86' lang='lat' dir='ltr'>Sex.</span> <span class='ocrx_word' id='word_1_274' title='bbox 376 1472 548 1507; x_wconf 83' lang='lat' dir='ltr'>Pompeium,</span> <span class='ocrx_word' id='word_1_275' title='bbox 562 1472 669 1498; x_wconf 85' lang='lat' dir='ltr'>fratrem</span> <span class='ocrx_word' id='word_1_276' title='bbox 681 1471 809 1502; x_wconf 90' lang='lat' dir='ltr'>consulis,</span> <span class='ocrx_word' id='word_1_277' title='bbox 823 1471 855 1497; x_wconf 91' lang='lat' dir='ltr'>ad</span> 
     </span>
     <span class='ocr_line' id='line_1_38' title="bbox 57 1509 856 1544; baseline 0 -9"><span class='ocrx_word' id='word_1_278' title='bbox 57 1509 222 1544; x_wconf 85' lang='lat' dir='ltr'>colloquium</span> <span class='ocrx_word' id='word_1_279' title='bbox 235 1510 325 1544; x_wconf 88' lang='lat' dir='ltr'>ipsum</span> <span class='ocrx_word' id='word_1_280' title='bbox 338 1510 418 1536; x_wconf 79' lang='lat' dir='ltr'>Roma</span> <span class='ocrx_word' id='word_1_281' title='bbox 431 1510 534 1540; x_wconf 80' lang='lat' dir='ltr'>venire.</span> <span class='ocrx_word' id='word_1_282' title='bbox 552 1510 660 1536; x_wconf 88' lang='lat' dir='ltr'>doctum</span> <span class='ocrx_word' id='word_1_283' title='bbox 675 1510 763 1535; x_wconf 92' lang='lat' dir='ltr'>virum</span> <span class='ocrx_word' id='word_1_284' title='bbox 776 1513 856 1544; x_wconf 90' lang='lat' dir='ltr'>atque</span> 
     </span>
     <span class='ocr_line' id='line_1_39' title="bbox 57 1546 856 1582; baseline 0.001 -10"><span class='ocrx_word' id='word_1_285' title='bbox 57 1547 219 1581; x_wconf 86' lang='lat' dir='ltr'>sapientem:</span> <span class='ocrx_word' id='word_1_286' title='bbox 235 1555 315 1581; x_wconf 87' lang='lat' dir='ltr'>quem</span> <span class='ocrx_word' id='word_1_287' title='bbox 328 1546 405 1573; x_wconf 91' lang='lat' dir='ltr'>Scato</span> <span class='ocrx_word' id='word_1_288' title='bbox 415 1556 499 1582; x_wconf 83' lang='lat' dir='ltr'>quum</span> <span class='ocrx_word' id='word_1_289' title='bbox 511 1547 662 1577; x_wconf 84' lang='lat' dir='ltr'>salutasset,</span> <span class='ocrx_word' id='word_1_290' title='bbox 676 1546 761 1579; x_wconf 85' lang='lat' dir='ltr'>Quem</span> <span class='ocrx_word' id='word_1_291' title='bbox 773 1551 797 1573; x_wconf 87' lang='lat' dir='ltr'>te</span> <span class='ocrx_word' id='word_1_292' title='bbox 809 1554 856 1581; x_wconf 84' lang='lat' dir='ltr'>ap-</span> 
     </span>
     <span class='ocr_line' id='line_1_40' title="bbox 58 1583 856 1619; baseline -0.001 -9"><span class='ocrx_word' id='word_1_293' title='bbox 58 1583 174 1618; x_wconf 70' lang='lat' dir='ltr'>pellem?</span> <span class='ocrx_word' id='word_1_294' title='bbox 184 1584 282 1619; x_wconf 90' lang='lat' dir='ltr'>inquit.</span> <span class='ocrx_word' id='word_1_295' title='bbox 313 1584 346 1610; x_wconf 78' lang='lat' dir='ltr'>At</span> <span class='ocrx_word' id='word_1_296' title='bbox 357 1584 411 1615; x_wconf 80' lang='lat' dir='ltr'>ille,</span> <span class='ocrx_word' id='word_1_297' title='bbox 426 1584 566 1611; x_wconf 86' lang='lat' dir='ltr'>Voluntate</span> <span class='ocrx_word' id='word_1_298' title='bbox 577 1584 725 1619; x_wconf 84' lang='lat' dir='ltr'>hospitem:</span> <span class='ocrx_word' id='word_1_299' title='bbox 738 1584 856 1610; x_wconf 38' lang='lat' dir='ltr'>necessi*</span> 
     </span>
     <span class='ocr_line' id='line_1_41' title="bbox 57 1621 855 1657; baseline 0 -10"><span class='ocrx_word' id='word_1_300' title='bbox 57 1626 108 1647; x_wconf 88' lang='lat' dir='ltr'>tate</span> <span class='ocrx_word' id='word_1_301' title='bbox 124 1621 237 1648; x_wconf 87' lang='lat' dir='ltr'>hostem.</span> <span class='ocrx_word' id='word_1_302' title='bbox 278 1621 339 1647; x_wconf 88' lang='lat' dir='ltr'>Erat</span> <span class='ocrx_word' id='word_1_303' title='bbox 353 1621 381 1647; x_wconf 89' lang='lat' dir='ltr'>in</span> <span class='ocrx_word' id='word_1_304' title='bbox 397 1621 443 1648; x_wconf 93' lang='lat' dir='ltr'>illo</span> <span class='ocrx_word' id='word_1_305' title='bbox 457 1622 590 1657; x_wconf 86' lang='lat' dir='ltr'>colloquio</span> <span class='ocrx_word' id='word_1_306' title='bbox 605 1622 739 1656; x_wconf 87' lang='lat' dir='ltr'>aequitas:</span> <span class='ocrx_word' id='word_1_307' title='bbox 762 1621 855 1647; x_wconf 91' lang='lat' dir='ltr'>nullus</span> 
     </span>
     <span class='ocr_line' id='line_1_42' title="bbox 57 1658 853 1694; baseline -0.001 -9"><span class='ocrx_word' id='word_1_308' title='bbox 57 1659 144 1689; x_wconf 83' lang='lat' dir='ltr'>timor,</span> <span class='ocrx_word' id='word_1_309' title='bbox 159 1658 231 1685; x_wconf 86' lang='lat' dir='ltr'>nulla</span> <span class='ocrx_word' id='word_1_310' title='bbox 242 1658 350 1685; x_wconf 88' lang='lat' dir='ltr'>suberat</span> <span class='ocrx_word' id='word_1_311' title='bbox 361 1659 494 1694; x_wconf 86' lang='lat' dir='ltr'>suspicio:</span> <span class='ocrx_word' id='word_1_312' title='bbox 518 1659 649 1685; x_wconf 85' lang='lat' dir='ltr'>mediocre</span> <span class='ocrx_word' id='word_1_313' title='bbox 661 1660 740 1685; x_wconf 90' lang='lat' dir='ltr'>etiam</span> <span class='ocrx_word' id='word_1_314' title='bbox 750 1658 853 1685; x_wconf 89' lang='lat' dir='ltr'>odium.</span> 
     </span>
     <span class='ocr_line' id='line_1_43' title="bbox 57 1696 854 1731; baseline 0 -9"><span class='ocrx_word' id='word_1_315' title='bbox 57 1697 113 1722; x_wconf 90' lang='lat' dir='ltr'>Non</span> <span class='ocrx_word' id='word_1_316' title='bbox 126 1696 206 1726; x_wconf 87' lang='lat' dir='ltr'>enim,</span> <span class='ocrx_word' id='word_1_317' title='bbox 219 1700 248 1722; x_wconf 88' lang='lat' dir='ltr'>ut</span> <span class='ocrx_word' id='word_1_318' title='bbox 259 1696 391 1731; x_wconf 87' lang='lat' dir='ltr'>eriperent</span> <span class='ocrx_word' id='word_1_319' title='bbox 403 1697 480 1723; x_wconf 92' lang='lat' dir='ltr'>nobis</span> <span class='ocrx_word' id='word_1_320' title='bbox 492 1697 556 1723; x_wconf 84' lang='lat' dir='ltr'>socii</span> <span class='ocrx_word' id='word_1_321' title='bbox 568 1697 711 1727; x_wconf 84' lang='lat' dir='ltr'>civitatem,</span> <span class='ocrx_word' id='word_1_322' title='bbox 729 1696 776 1722; x_wconf 88' lang='lat' dir='ltr'>sed</span> <span class='ocrx_word' id='word_1_323' title='bbox 788 1701 816 1722; x_wconf 89' lang='lat' dir='ltr'>ut</span> <span class='ocrx_word' id='word_1_324' title='bbox 828 1696 854 1722; x_wconf 91' lang='lat' dir='ltr'>in</span> 
     </span>
     <span class='ocr_line' id='line_1_44' title="bbox 57 1734 855 1768; baseline -0.001 -8"><span class='ocrx_word' id='word_1_325' title='bbox 57 1741 113 1760; x_wconf 88' lang='lat' dir='ltr'>eam</span> <span class='ocrx_word' id='word_1_326' title='bbox 130 1734 323 1768; x_wconf 80' lang='lat' dir='ltr'>reciperentur,</span> <span class='ocrx_word' id='word_1_327' title='bbox 342 1734 475 1768; x_wconf 87' lang='lat' dir='ltr'>petebant.</span> <span class='ocrx_word' id='word_1_328' title='bbox 516 1734 591 1761; x_wconf 91' lang='lat' dir='ltr'>Sulla</span> <span class='ocrx_word' id='word_1_329' title='bbox 603 1742 664 1760; x_wconf 92' lang='lat' dir='ltr'>cum</span> <span class='ocrx_word' id='word_1_330' title='bbox 678 1734 802 1768; x_wconf 83' lang='lat' dir='ltr'>Scipione</span> <span class='ocrx_word' id='word_1_331' title='bbox 814 1734 855 1759; x_wconf 86' lang='lat' dir='ltr'>in-</span> 
     </span>
     <span class='ocr_line' id='line_1_45' title="bbox 57 1770 855 1806; baseline 0 -9"><span class='ocrx_word' id='word_1_332' title='bbox 57 1775 96 1797; x_wconf 91' lang='lat' dir='ltr'>ter</span> <span class='ocrx_word' id='word_1_333' title='bbox 106 1770 182 1797; x_wconf 89' lang='lat' dir='ltr'>Cales</span> <span class='ocrx_word' id='word_1_334' title='bbox 192 1775 218 1797; x_wconf 89' lang='lat' dir='ltr'>et</span> <span class='ocrx_word' id='word_1_335' title='bbox 228 1771 356 1802; x_wconf 80' lang='lat' dir='ltr'>Teanum,</span> <span class='ocrx_word' id='word_1_336' title='bbox 373 1780 458 1806; x_wconf 88' lang='lat' dir='ltr'>quum</span> <span class='ocrx_word' id='word_1_337' title='bbox 470 1771 535 1798; x_wconf 84' lang='lat' dir='ltr'>alter</span> <span class='ocrx_word' id='word_1_338' title='bbox 546 1771 692 1798; x_wconf 82' lang='lat' dir='ltr'>nobilitatis</span> <span class='ocrx_word' id='word_1_339' title='bbox 703 1771 802 1802; x_wconf 84' lang='lat' dir='ltr'>florem,</span> <span class='ocrx_word' id='word_1_340' title='bbox 816 1771 855 1797; x_wconf 89' lang='lat' dir='ltr'>al-</span> 
     </span>
     <span class='ocr_line' id='line_1_46' title="bbox 57 1808 854 1841; baseline 0.001 -7"><span class='ocrx_word' id='word_1_341' title='bbox 57 1813 96 1835; x_wconf 91' lang='lat' dir='ltr'>ter</span> <span class='ocrx_word' id='word_1_342' title='bbox 107 1808 169 1834; x_wconf 88' lang='lat' dir='ltr'>belli</span> <span class='ocrx_word' id='word_1_343' title='bbox 181 1809 267 1834; x_wconf 88' lang='lat' dir='ltr'>socios</span> <span class='ocrx_word' id='word_1_344' title='bbox 278 1808 460 1841; x_wconf 89' lang='lat' dir='ltr'>adhibuisset,</span> <span class='ocrx_word' id='word_1_345' title='bbox 477 1809 509 1835; x_wconf 88' lang='lat' dir='ltr'>de</span> <span class='ocrx_word' id='word_1_346' title='bbox 521 1810 674 1836; x_wconf 83' lang='lat' dir='ltr'>auctoritate</span> <span class='ocrx_word' id='word_1_347' title='bbox 686 1814 807 1840; x_wconf 85' lang='lat' dir='ltr'>senatus,</span> <span class='ocrx_word' id='word_1_348' title='bbox 821 1809 854 1835; x_wconf 92' lang='lat' dir='ltr'>de</span> 
     </span>
     <span class='ocr_line' id='line_1_47' title="bbox 57 1845 854 1882; baseline 0.003 -11"><span class='ocrx_word' id='word_1_349' title='bbox 57 1845 192 1881; x_wconf 79' lang='lat' dir='ltr'>suffragiis</span> <span class='ocrx_word' id='word_1_350' title='bbox 204 1845 310 1880; x_wconf 86' lang='lat' dir='ltr'>populi,</span> <span class='ocrx_word' id='word_1_351' title='bbox 326 1850 351 1872; x_wconf 90' lang='lat' dir='ltr'>et</span> <span class='ocrx_word' id='word_1_352' title='bbox 367 1846 399 1872; x_wconf 91' lang='lat' dir='ltr'>de</span> <span class='ocrx_word' id='word_1_353' title='bbox 414 1847 472 1873; x_wconf 90' lang='lat' dir='ltr'>iure</span> <span class='ocrx_word' id='word_1_354' title='bbox 483 1847 598 1873; x_wconf 87' lang='lat' dir='ltr'>civitatis</span> <span class='ocrx_word' id='word_1_355' title='bbox 617 1846 688 1882; x_wconf 85' lang='lat' dir='ltr'>leges</span> <span class='ocrx_word' id='word_1_356' title='bbox 701 1848 770 1873; x_wconf 88' lang='lat' dir='ltr'>inter</span> <span class='ocrx_word' id='word_1_357' title='bbox 784 1856 813 1873; x_wconf 88' lang='lat' dir='ltr'>se</span> <span class='ocrx_word' id='word_1_358' title='bbox 829 1852 854 1873; x_wconf 90' lang='lat' dir='ltr'>et</span> 
     </span>
     <span class='ocr_line' id='line_1_48' title="bbox 56 1881 854 1911; baseline 0.003 -2"><span class='ocrx_word' id='word_1_359' title='bbox 56 1882 222 1909; x_wconf 88' lang='lat' dir='ltr'>conditiones</span> <span class='ocrx_word' id='word_1_360' title='bbox 236 1881 248 1895; x_wconf 85' lang='lat'>*</span> <span class='ocrx_word' id='word_1_361' title='bbox 271 1883 450 1910; x_wconf 87' lang='lat' dir='ltr'>contulerunt.</span> <span class='ocrx_word' id='word_1_362' title='bbox 491 1885 549 1911; x_wconf 91' lang='lat' dir='ltr'>Non</span> <span class='ocrx_word' id='word_1_363' title='bbox 565 1885 651 1910; x_wconf 87' lang='lat' dir='ltr'>tenuit</span> <span class='ocrx_word' id='word_1_364' title='bbox 670 1885 780 1911; x_wconf 88' lang='lat' dir='ltr'>omnino</span> <span class='ocrx_word' id='word_1_365' title='bbox 799 1884 854 1911; x_wconf 91' lang='lat' dir='ltr'>col-</span> 
     </span>
     <span class='ocr_line' id='line_1_49' title="bbox 58 1919 854 1956; baseline 0.003 -10"><span class='ocrx_word' id='word_1_366' title='bbox 58 1919 180 1955; x_wconf 89' lang='lat' dir='ltr'>loquium</span> <span class='ocrx_word' id='word_1_367' title='bbox 205 1919 274 1946; x_wconf 90' lang='lat' dir='ltr'>illud</span> <span class='ocrx_word' id='word_1_368' title='bbox 300 1920 393 1947; x_wconf 79' lang='lat' dir='ltr'>tidem:</span> <span class='ocrx_word' id='word_1_369' title='bbox 420 1930 433 1947; x_wconf 90' lang='lat' dir='ltr'>a</span> <span class='ocrx_word' id='word_1_370' title='bbox 454 1922 481 1948; x_wconf 91' lang='lat' dir='ltr'>vi</span> <span class='ocrx_word' id='word_1_371' title='bbox 507 1926 594 1948; x_wconf 85' lang='lat' dir='ltr'>tamen</span> <span class='ocrx_word' id='word_1_372' title='bbox 615 1922 787 1956; x_wconf 84' lang='lat' dir='ltr'>periculoque</span> <span class='ocrx_word' id='word_1_373' title='bbox 807 1922 854 1948; x_wconf 87' lang='lat' dir='ltr'>ab-</span> 
     </span>
     <span class='ocr_line' id='line_1_50' title="bbox 58 1956 854 1995; baseline 0.005 -12"><span class='ocrx_word' id='word_1_374' title='bbox 58 1956 119 1984; x_wconf 78' lang='lat' dir='ltr'>fuit.</span> <span class='ocrx_word' id='word_1_375' title='bbox 158 1957 217 1984; x_wconf 83' lang='lat' dir='ltr'>xn.</span> <span class='ocrx_word' id='word_1_376' title='bbox 239 1957 421 1985; x_wconf 87' lang='lat' dir='ltr'>Possumusne</span> <span class='ocrx_word' id='word_1_377' title='bbox 439 1958 522 1995; x_wconf 83' lang='lat' dir='ltr'>igitur</span> <span class='ocrx_word' id='word_1_378' title='bbox 541 1958 568 1985; x_wconf 93' lang='lat' dir='ltr'>in</span> <span class='ocrx_word' id='word_1_379' title='bbox 589 1958 696 1986; x_wconf 85' lang='lat' dir='ltr'>Antonii</span> <span class='ocrx_word' id='word_1_380' title='bbox 718 1959 854 1987; x_wconf 82' lang='lat' dir='ltr'>latrocinio</span> 
     </span>
    </p>
   </div>
   <div class='ocr_carea' id='block_1_4' title="bbox 883 222 887 1427">
    <p class='ocr_par' dir='ltr' id='par_1_5' title="bbox 883 222 887 1427">
     <span class='ocr_line' id='line_1_51' title="bbox 883 222 887 1427; baseline 0 0"><span class='ocrx_word' id='word_1_381' title='bbox 883 222 887 1427; x_wconf 95' lang='lat' dir='ltr'> </span> 
     </span>
    </p>
   </div>
   <div class='ocr_carea' id='block_1_5' title="bbox 904 131 1705 1988">
    <p class='ocr_par' dir='ltr' id='par_1_6' title="bbox 904 131 1705 1988">
     <span class='ocr_line' id='line_1_52' title="bbox 973 131 1698 160; baseline 0.003 -3"><span class='ocrx_word' id='word_1_382' title='bbox 973 131 1070 158; x_wconf 82' lang='lat' dir='ltr'>CAP.</span> <span class='ocrx_word' id='word_1_383' title='bbox 1093 134 1107 157; x_wconf 89' lang='lat'>8</span> <span class='ocrx_word' id='word_1_384' title='bbox 1129 148 1163 151; x_wconf 97' lang='lat'><strong>—</strong></span> <span class='ocrx_word' id='word_1_385' title='bbox 1186 134 1224 158; x_wconf 71' lang='lat'>⁴2.</span> <span class='ocrx_word' id='word_1_386' title='bbox 1650 135 1698 160; x_wconf 67' lang='lat'>649</span> 
     </span>
     <span class='ocr_line' id='line_1_53' title="bbox 907 205 1698 241; baseline 0.004 -10"><span class='ocrx_word' id='word_1_387' title='bbox 907 214 990 240; x_wconf 92' lang='lat' dir='ltr'>aeque</span> <span class='ocrx_word' id='word_1_388' title='bbox 1002 214 1060 232; x_wconf 90' lang='lat' dir='ltr'>esse</span> <span class='ocrx_word' id='word_1_389' title='bbox 1072 205 1140 232; x_wconf 79' lang='lat' dir='ltr'>tuti‘?</span> <span class='ocrx_word' id='word_1_390' title='bbox 1151 207 1207 233; x_wconf 91' lang='lat' dir='ltr'>Non</span> <span class='ocrx_word' id='word_1_391' title='bbox 1219 214 1377 241; x_wconf 87' lang='lat' dir='ltr'>possumus:</span> <span class='ocrx_word' id='word_1_392' title='bbox 1391 211 1444 237; x_wconf 92' lang='lat' dir='ltr'>aut,</span> <span class='ocrx_word' id='word_1_393' title='bbox 1453 207 1475 232; x_wconf 91' lang='lat' dir='ltr'>si</span> <span class='ocrx_word' id='word_1_394' title='bbox 1487 207 1566 233; x_wconf 90' lang='lat' dir='ltr'>ceteri</span> <span class='ocrx_word' id='word_1_395' title='bbox 1578 213 1698 241; x_wconf 86' lang='lat' dir='ltr'>possunt,</span> 
     </span>
     <span class='ocr_line' id='line_1_54' title="bbox 908 243 1701 277; baseline 0.003 -8"><span class='ocrx_word' id='word_1_396' title='bbox 908 251 949 268; x_wconf 90' lang='lat' dir='ltr'>me</span> <span class='ocrx_word' id='word_1_397' title='bbox 966 251 1043 277; x_wconf 90' lang='lat' dir='ltr'>posse</span> <span class='ocrx_word' id='word_1_398' title='bbox 1058 243 1161 270; x_wconf 82' lang='lat' dir='ltr'>diffido.</span> <span class='ocrx_word' id='word_1_399' title='bbox 1202 245 1243 270; x_wconf 68' lang='lat'>28.</span> <span class='ocrx_word' id='word_1_400' title='bbox 1265 243 1341 275; x_wconf 88' lang='lat' dir='ltr'>Quod</span> <span class='ocrx_word' id='word_1_401' title='bbox 1357 244 1379 269; x_wconf 89' lang='lat' dir='ltr'>si</span> <span class='ocrx_word' id='word_1_402' title='bbox 1396 252 1448 270; x_wconf 89' lang='lat' dir='ltr'>non</span> <span class='ocrx_word' id='word_1_403' title='bbox 1458 249 1531 270; x_wconf 84' lang='lat' dir='ltr'>extra</span> <span class='ocrx_word' id='word_1_404' title='bbox 1542 249 1625 270; x_wconf 87' lang='lat' dir='ltr'>castra</span> <span class='ocrx_word' id='word_1_405' title='bbox 1638 253 1701 271; x_wconf 92' lang='lat' dir='ltr'>con-</span> 
     </span>
     <span class='ocr_line' id='line_1_55' title="bbox 906 280 1701 315; baseline 0.001 -9"><span class='ocrx_word' id='word_1_406' title='bbox 906 280 1072 315; x_wconf 83' lang='lat' dir='ltr'>grediemur,</span> <span class='ocrx_word' id='word_1_407' title='bbox 1095 289 1164 315; x_wconf 84' lang='lat' dir='ltr'>quae</span> <span class='ocrx_word' id='word_1_408' title='bbox 1180 281 1211 307; x_wconf 91' lang='lat' dir='ltr'>ad</span> <span class='ocrx_word' id='word_1_409' title='bbox 1223 281 1387 315; x_wconf 88' lang='lat' dir='ltr'>colloquium</span> <span class='ocrx_word' id='word_1_410' title='bbox 1398 285 1482 307; x_wconf 89' lang='lat' dir='ltr'>castra</span> <span class='ocrx_word' id='word_1_411' title='bbox 1494 281 1653 307; x_wconf 83' lang='lat' dir='ltr'>sumentur‘?</span> <span class='ocrx_word' id='word_1_412' title='bbox 1672 282 1701 308; x_wconf 92' lang='lat' dir='ltr'>In</span> 
     </span>
     <span class='ocr_line' id='line_1_56' title="bbox 908 317 1702 353; baseline 0.003 -10"><span class='ocrx_word' id='word_1_413' title='bbox 908 322 994 343; x_wconf 89' lang='lat' dir='ltr'>nostra</span> <span class='ocrx_word' id='word_1_414' title='bbox 1010 317 1055 343; x_wconf 91' lang='lat' dir='ltr'>ille</span> <span class='ocrx_word' id='word_1_415' title='bbox 1072 326 1219 353; x_wconf 90' lang='lat' dir='ltr'>numquam</span> <span class='ocrx_word' id='word_1_416' title='bbox 1235 319 1336 344; x_wconf 91' lang='lat' dir='ltr'>veniet:</span> <span class='ocrx_word' id='word_1_417' title='bbox 1358 318 1443 344; x_wconf 90' lang='lat' dir='ltr'>multo</span> <span class='ocrx_word' id='word_1_418' title='bbox 1458 319 1548 344; x_wconf 90' lang='lat' dir='ltr'>minus</span> <span class='ocrx_word' id='word_1_419' title='bbox 1564 327 1612 345; x_wconf 91' lang='lat' dir='ltr'>nos</span> <span class='ocrx_word' id='word_1_420' title='bbox 1628 319 1654 345; x_wconf 90' lang='lat' dir='ltr'>in</span> <span class='ocrx_word' id='word_1_421' title='bbox 1669 319 1702 345; x_wconf 91' lang='lat' dir='ltr'>il-</span> 
     </span>
     <span class='ocr_line' id='line_1_57' title="bbox 909 354 1702 390; baseline 0.003 -10"><span class='ocrx_word' id='word_1_422' title='bbox 909 354 970 380; x_wconf 90' lang='lat' dir='ltr'>lius.</span> <span class='ocrx_word' id='word_1_423' title='bbox 1010 355 1154 389; x_wconf 86' lang='lat' dir='ltr'>Reliquum</span> <span class='ocrx_word' id='word_1_424' title='bbox 1172 360 1224 386; x_wconf 91' lang='lat' dir='ltr'>est,</span> <span class='ocrx_word' id='word_1_425' title='bbox 1247 360 1276 381; x_wconf 90' lang='lat' dir='ltr'>ut</span> <span class='ocrx_word' id='word_1_426' title='bbox 1291 360 1315 381; x_wconf 89' lang='lat' dir='ltr'>et</span> <span class='ocrx_word' id='word_1_427' title='bbox 1326 356 1489 390; x_wconf 87' lang='lat' dir='ltr'>accipiantur</span> <span class='ocrx_word' id='word_1_428' title='bbox 1499 360 1524 382; x_wconf 90' lang='lat' dir='ltr'>et</span> <span class='ocrx_word' id='word_1_429' title='bbox 1534 357 1702 382; x_wconf 86' lang='lat' dir='ltr'>remittantur</span> 
     </span>
     <span class='ocr_line' id='line_1_58' title="bbox 907 391 1702 428; baseline 0.003 -11"><span class='ocrx_word' id='word_1_430' title='bbox 907 391 1038 426; x_wconf 85' lang='lat' dir='ltr'>postulata</span> <span class='ocrx_word' id='word_1_431' title='bbox 1053 401 1100 426; x_wconf 90' lang='lat' dir='ltr'>per</span> <span class='ocrx_word' id='word_1_432' title='bbox 1116 392 1225 418; x_wconf 82' lang='lat' dir='ltr'>litteras.</span> <span class='ocrx_word' id='word_1_433' title='bbox 1265 393 1335 428; x_wconf 87' lang='lat' dir='ltr'>Ergo</span> <span class='ocrx_word' id='word_1_434' title='bbox 1351 394 1452 419; x_wconf 90' lang='lat' dir='ltr'>erimus</span> <span class='ocrx_word' id='word_1_435' title='bbox 1466 393 1493 419; x_wconf 90' lang='lat' dir='ltr'>in</span> <span class='ocrx_word' id='word_1_436' title='bbox 1508 394 1610 419; x_wconf 86' lang='lat' dir='ltr'>castris.</span> <span class='ocrx_word' id='word_1_437' title='bbox 1645 393 1702 419; x_wconf 86' lang='lat' dir='ltr'>Mea</span> 
     </span>
     <span class='ocr_line' id='line_1_59' title="bbox 906 428 1700 465; baseline 0.003 -11"><span class='ocrx_word' id='word_1_438' title='bbox 906 428 938 454; x_wconf 92' lang='lat' dir='ltr'>ad</span> <span class='ocrx_word' id='word_1_439' title='bbox 955 430 1043 455; x_wconf 89' lang='lat' dir='ltr'>omnia</span> <span class='ocrx_word' id='word_1_440' title='bbox 1059 430 1191 463; x_wconf 88' lang='lat' dir='ltr'>postulata</span> <span class='ocrx_word' id='word_1_441' title='bbox 1208 438 1259 456; x_wconf 88' lang='lat' dir='ltr'>una</span> <span class='ocrx_word' id='word_1_442' title='bbox 1279 431 1421 456; x_wconf 86' lang='lat' dir='ltr'>sententia:</span> <span class='ocrx_word' id='word_1_443' title='bbox 1443 439 1524 465; x_wconf 90' lang='lat' dir='ltr'>quam</span> <span class='ocrx_word' id='word_1_444' title='bbox 1545 439 1630 465; x_wconf 90' lang='lat' dir='ltr'>quum</span> <span class='ocrx_word' id='word_1_445' title='bbox 1647 430 1700 461; x_wconf 90' lang='lat' dir='ltr'>hic,</span> 
     </span>
     <span class='ocr_line' id='line_1_60' title="bbox 906 466 1700 502; baseline 0.004 -11"><span class='ocrx_word' id='word_1_446' title='bbox 906 466 982 491; x_wconf 79' lang='lat' dir='ltr'>vobis</span> <span class='ocrx_word' id='word_1_447' title='bbox 994 466 1175 497; x_wconf 86' lang='lat' dir='ltr'>audientibus,</span> <span class='ocrx_word' id='word_1_448' title='bbox 1188 467 1288 497; x_wconf 85' lang='lat' dir='ltr'>dixero,</span> <span class='ocrx_word' id='word_1_449' title='bbox 1302 467 1355 493; x_wconf 90' lang='lat' dir='ltr'>isse</span> <span class='ocrx_word' id='word_1_450' title='bbox 1366 472 1391 493; x_wconf 93' lang='lat' dir='ltr'>et</span> <span class='ocrx_word' id='word_1_451' title='bbox 1402 467 1504 493; x_wconf 89' lang='lat' dir='ltr'>redisse</span> <span class='ocrx_word' id='word_1_452' title='bbox 1515 476 1557 493; x_wconf 91' lang='lat' dir='ltr'>me</span> <span class='ocrx_word' id='word_1_453' title='bbox 1570 472 1700 502; x_wconf 87' lang='lat' dir='ltr'>putatote:</span> 
     </span>
     <span class='ocr_line' id='line_1_61' title="bbox 907 502 1703 538; baseline 0.004 -10"><span class='ocrx_word' id='word_1_454' title='bbox 907 502 1065 538; x_wconf 85' lang='lat' dir='ltr'>legationem</span> <span class='ocrx_word' id='word_1_455' title='bbox 1081 503 1226 530; x_wconf 87' lang='lat' dir='ltr'>confecero.</span> <span class='ocrx_word' id='word_1_456' title='bbox 1268 504 1362 530; x_wconf 88' lang='lat' dir='ltr'>Omnia</span> <span class='ocrx_word' id='word_1_457' title='bbox 1382 504 1414 530; x_wconf 89' lang='lat' dir='ltr'>ad</span> <span class='ocrx_word' id='word_1_458' title='bbox 1429 510 1551 531; x_wconf 88' lang='lat' dir='ltr'>senatum</span> <span class='ocrx_word' id='word_1_459' title='bbox 1568 514 1625 531; x_wconf 87' lang='lat' dir='ltr'>mea</span> <span class='ocrx_word' id='word_1_460' title='bbox 1641 514 1703 531; x_wconf 92' lang='lat' dir='ltr'>sen-</span> 
     </span>
     <span class='ocr_line' id='line_1_62' title="bbox 906 541 1703 576; baseline 0.005 -11"><span class='ocrx_word' id='word_1_461' title='bbox 906 541 986 566; x_wconf 90' lang='lat' dir='ltr'>tentia</span> <span class='ocrx_word' id='word_1_462' title='bbox 999 541 1126 571; x_wconf 88' lang='lat' dir='ltr'>reiiciam,</span> <span class='ocrx_word' id='word_1_463' title='bbox 1139 550 1326 576; x_wconf 89' lang='lat' dir='ltr'>quaecumque</span> <span class='ocrx_word' id='word_1_464' title='bbox 1337 542 1483 576; x_wconf 85' lang='lat' dir='ltr'>postulabit</span> <span class='ocrx_word' id='word_1_465' title='bbox 1492 542 1633 569; x_wconf 79' lang='lat' dir='ltr'>Antonius.</span> <span class='ocrx_word' id='word_1_466' title='bbox 1650 543 1703 569; x_wconf 88' lang='lat' dir='ltr'>Ne-</span> 
     </span>
     <span class='ocr_line' id='line_1_63' title="bbox 906 578 1702 614; baseline 0.004 -11"><span class='ocrx_word' id='word_1_467' title='bbox 906 586 959 612; x_wconf 86' lang='lat' dir='ltr'>que</span> <span class='ocrx_word' id='word_1_468' title='bbox 975 578 1046 603; x_wconf 86' lang='lat' dir='ltr'>enim</span> <span class='ocrx_word' id='word_1_469' title='bbox 1064 578 1124 604; x_wconf 90' lang='lat' dir='ltr'>licet</span> <span class='ocrx_word' id='word_1_470' title='bbox 1139 578 1226 609; x_wconf 80' lang='lat' dir='ltr'>aliter,</span> <span class='ocrx_word' id='word_1_471' title='bbox 1251 587 1337 613; x_wconf 87' lang='lat' dir='ltr'>neque</span> <span class='ocrx_word' id='word_1_472' title='bbox 1353 580 1514 614; x_wconf 87' lang='lat' dir='ltr'>permissum</span> <span class='ocrx_word' id='word_1_473' title='bbox 1530 585 1569 605; x_wconf 87' lang='lat' dir='ltr'>est</span> <span class='ocrx_word' id='word_1_474' title='bbox 1582 579 1658 606; x_wconf 90' lang='lat' dir='ltr'>nobis</span> <span class='ocrx_word' id='word_1_475' title='bbox 1669 579 1702 606; x_wconf 91' lang='lat' dir='ltr'>ab</span> 
     </span>
     <span class='ocr_line' id='line_1_64' title="bbox 907 614 1702 652; baseline 0.004 -12"><span class='ocrx_word' id='word_1_476' title='bbox 907 614 956 640; x_wconf 87' lang='lat' dir='ltr'>hoc</span> <span class='ocrx_word' id='word_1_477' title='bbox 966 615 1067 646; x_wconf 88' lang='lat' dir='ltr'>ordine,</span> <span class='ocrx_word' id='word_1_478' title='bbox 1081 620 1119 646; x_wconf 92' lang='lat' dir='ltr'>ut,</span> <span class='ocrx_word' id='word_1_479' title='bbox 1135 615 1214 641; x_wconf 90' lang='lat' dir='ltr'>bellis</span> <span class='ocrx_word' id='word_1_480' title='bbox 1225 615 1360 647; x_wconf 79' lang='lat' dir='ltr'>consectis,</span> <span class='ocrx_word' id='word_1_481' title='bbox 1377 616 1467 642; x_wconf 90' lang='lat' dir='ltr'>decem</span> <span class='ocrx_word' id='word_1_482' title='bbox 1481 617 1573 652; x_wconf 85' lang='lat' dir='ltr'>legatis</span> <span class='ocrx_word' id='word_1_483' title='bbox 1585 618 1702 652; x_wconf 87' lang='lat' dir='ltr'>permitti</span> 
     </span>
     <span class='ocr_line' id='line_1_65' title="bbox 907 651 1703 688; baseline 0.004 -11"><span class='ocrx_word' id='word_1_484' title='bbox 907 651 973 677; x_wconf 88' lang='lat' dir='ltr'>solet</span> <span class='ocrx_word' id='word_1_485' title='bbox 993 661 1064 678; x_wconf 91' lang='lat' dir='ltr'>more</span> <span class='ocrx_word' id='word_1_486' title='bbox 1086 653 1229 679; x_wconf 89' lang='lat' dir='ltr'>maiorum:</span> <span class='ocrx_word' id='word_1_487' title='bbox 1265 661 1351 688; x_wconf 88' lang='lat' dir='ltr'>neque</span> <span class='ocrx_word' id='word_1_488' title='bbox 1372 653 1424 679; x_wconf 90' lang='lat' dir='ltr'>ulla</span> <span class='ocrx_word' id='word_1_489' title='bbox 1445 655 1554 680; x_wconf 89' lang='lat' dir='ltr'>omnino</span> <span class='ocrx_word' id='word_1_490' title='bbox 1574 663 1586 680; x_wconf 93' lang='lat' dir='ltr'>a</span> <span class='ocrx_word' id='word_1_491' title='bbox 1609 659 1703 680; x_wconf 88' lang='lat' dir='ltr'>senatu</span> 
     </span>
     <span class='ocr_line' id='line_1_66' title="bbox 907 689 1701 726; baseline 0.004 -12"><span class='ocrx_word' id='word_1_492' title='bbox 907 689 1029 715; x_wconf 88' lang='lat' dir='ltr'>mandata</span> <span class='ocrx_word' id='word_1_493' title='bbox 1049 691 1211 724; x_wconf 89' lang='lat' dir='ltr'>accepimus.</span> <span class='ocrx_word' id='word_1_494' title='bbox 1252 690 1324 722; x_wconf 85' lang='lat' dir='ltr'>Quae</span> <span class='ocrx_word' id='word_1_495' title='bbox 1339 699 1424 725; x_wconf 91' lang='lat' dir='ltr'>quum</span> <span class='ocrx_word' id='word_1_496' title='bbox 1443 699 1518 726; x_wconf 85' lang='lat' dir='ltr'>agam</span> <span class='ocrx_word' id='word_1_497' title='bbox 1535 692 1561 717; x_wconf 89' lang='lat' dir='ltr'>in</span> <span class='ocrx_word' id='word_1_498' title='bbox 1580 691 1701 723; x_wconf 83' lang='lat' dir='ltr'>consilio,</span> 
     </span>
     <span class='ocr_line' id='line_1_67' title="bbox 907 726 1704 763; baseline 0.004 -11"><span class='ocrx_word' id='word_1_499' title='bbox 907 726 1053 757; x_wconf 88' lang='lat' dir='ltr'>nonnullis,</span> <span class='ocrx_word' id='word_1_500' title='bbox 1067 731 1095 752; x_wconf 88' lang='lat' dir='ltr'>ut</span> <span class='ocrx_word' id='word_1_501' title='bbox 1106 727 1230 758; x_wconf 79' lang='lat' dir='ltr'>arbitror,</span> <span class='ocrx_word' id='word_1_502' title='bbox 1243 728 1469 763; x_wconf 83' lang='lat' dir='ltr'>repugnantibus,</span> <span class='ocrx_word' id='word_1_503' title='bbox 1484 737 1570 754; x_wconf 91' lang='lat' dir='ltr'>nonne</span> <span class='ocrx_word' id='word_1_504' title='bbox 1582 733 1704 755; x_wconf 91' lang='lat' dir='ltr'>metuen-</span> 
     </span>
     <span class='ocr_line' id='line_1_68' title="bbox 906 763 1703 800; baseline 0.004 -11"><span class='ocrx_word' id='word_1_505' title='bbox 906 763 971 789; x_wconf 89' lang='lat' dir='ltr'>dum</span> <span class='ocrx_word' id='word_1_506' title='bbox 978 768 1026 794; x_wconf 91' lang='lat' dir='ltr'>est,</span> <span class='ocrx_word' id='word_1_507' title='bbox 1035 772 1068 790; x_wconf 84' lang='lat' dir='ltr'>ne</span> <span class='ocrx_word' id='word_1_508' title='bbox 1080 765 1202 798; x_wconf 90' lang='lat' dir='ltr'>imperita</span> <span class='ocrx_word' id='word_1_509' title='bbox 1213 764 1331 790; x_wconf 85' lang='lat' dir='ltr'>militum</span> <span class='ocrx_word' id='word_1_510' title='bbox 1343 765 1487 791; x_wconf 87' lang='lat' dir='ltr'>multitudo</span> <span class='ocrx_word' id='word_1_511' title='bbox 1498 774 1546 800; x_wconf 88' lang='lat' dir='ltr'>per</span> <span class='ocrx_word' id='word_1_512' title='bbox 1558 774 1599 791; x_wconf 91' lang='lat' dir='ltr'>me</span> <span class='ocrx_word' id='word_1_513' title='bbox 1610 774 1703 800; x_wconf 88' lang='lat' dir='ltr'>pacem</span> 
     </span>
     <span class='ocr_line' id='line_1_69' title="bbox 906 800 1704 835; baseline 0.004 -9"><span class='ocrx_word' id='word_1_514' title='bbox 906 800 1027 827; x_wconf 88' lang='lat' dir='ltr'>distineri</span> <span class='ocrx_word' id='word_1_515' title='bbox 1039 801 1132 835; x_wconf 77' lang='lat' dir='ltr'>putet‘?</span> <span class='ocrx_word' id='word_1_516' title='bbox 1164 803 1205 828; x_wconf 72' lang='lat'>⁶29.</span> <span class='ocrx_word' id='word_1_517' title='bbox 1228 802 1329 833; x_wconf 85' lang='lat' dir='ltr'>Facite,</span> <span class='ocrx_word' id='word_1_518' title='bbox 1348 802 1397 828; x_wconf 85' lang='lat' dir='ltr'>hoc</span> <span class='ocrx_word' id='word_1_519' title='bbox 1408 811 1498 828; x_wconf 88' lang='lat' dir='ltr'>meum</span> <span class='ocrx_word' id='word_1_520' title='bbox 1510 803 1653 829; x_wconf 89' lang='lat' dir='ltr'>consilium</span> <span class='ocrx_word' id='word_1_521' title='bbox 1666 803 1704 829; x_wconf 80' lang='lat' dir='ltr'>le·</span> 
     </span>
     <span class='ocr_line' id='line_1_70' title="bbox 905 838 1704 873; baseline 0.004 -10"><span class='ocrx_word' id='word_1_522' title='bbox 905 838 998 873; x_wconf 84' lang='lat' dir='ltr'>giones</span> <span class='ocrx_word' id='word_1_523' title='bbox 1015 847 1096 865; x_wconf 88' lang='lat' dir='ltr'>novas</span> <span class='ocrx_word' id='word_1_524' title='bbox 1109 847 1160 864; x_wconf 90' lang='lat' dir='ltr'>non</span> <span class='ocrx_word' id='word_1_525' title='bbox 1172 839 1332 873; x_wconf 89' lang='lat' dir='ltr'>improbare.</span> <span class='ocrx_word' id='word_1_526' title='bbox 1373 840 1439 865; x_wconf 87' lang='lat' dir='ltr'>Nam</span> <span class='ocrx_word' id='word_1_527' title='bbox 1452 840 1571 866; x_wconf 83' lang='lat' dir='ltr'>Martiam</span> <span class='ocrx_word' id='word_1_528' title='bbox 1584 845 1608 866; x_wconf 85' lang='lat' dir='ltr'>et</span> <span class='ocrx_word' id='word_1_529' title='bbox 1619 840 1704 872; x_wconf 89' lang='lat' dir='ltr'>Quar-</span> 
     </span>
     <span class='ocr_line' id='line_1_71' title="bbox 906 875 1703 912; baseline 0.003 -11"><span class='ocrx_word' id='word_1_530' title='bbox 906 880 958 901; x_wconf 92' lang='lat' dir='ltr'>tam</span> <span class='ocrx_word' id='word_1_531' title='bbox 976 875 1057 906; x_wconf 90' lang='lat' dir='ltr'>nihil,</span> <span class='ocrx_word' id='word_1_532' title='bbox 1075 880 1178 910; x_wconf 86' lang='lat' dir='ltr'>praeter</span> <span class='ocrx_word' id='word_1_533' title='bbox 1188 876 1346 911; x_wconf 84' lang='lat' dir='ltr'>dignitatem</span> <span class='ocrx_word' id='word_1_534' title='bbox 1357 881 1382 902; x_wconf 91' lang='lat' dir='ltr'>et</span> <span class='ocrx_word' id='word_1_535' title='bbox 1393 876 1475 902; x_wconf 87' lang='lat' dir='ltr'>decus</span> <span class='ocrx_word' id='word_1_536' title='bbox 1487 877 1703 912; x_wconf 86' lang='lat' dir='ltr'>comprobaturas</span> 
     </span>
     <span class='ocr_line' id='line_1_72' title="bbox 906 913 1704 946; baseline 0.004 -8"><span class='ocrx_word' id='word_1_537' title='bbox 906 921 965 938; x_wconf 87' lang='lat' dir='ltr'>esse</span> <span class='ocrx_word' id='word_1_538' title='bbox 975 917 1046 939; x_wconf 85' lang='lat' dir='ltr'>certo</span> <span class='ocrx_word' id='word_1_539' title='bbox 1057 914 1121 940; x_wconf 79' lang='lat' dir='ltr'>scio.</span> <span class='ocrx_word' id='word_1_540' title='bbox 1162 913 1251 946; x_wconf 79' lang='lat' dir='ltr'>Quid‘?</span> <span class='ocrx_word' id='word_1_541' title='bbox 1260 918 1398 940; x_wconf 88' lang='lat' dir='ltr'>veteranos</span> <span class='ocrx_word' id='word_1_542' title='bbox 1410 923 1461 940; x_wconf 94' lang='lat' dir='ltr'>non</span> <span class='ocrx_word' id='word_1_543' title='bbox 1473 914 1615 940; x_wconf 67' lang='lat' dir='ltr'>veremur?</span> <span class='ocrx_word' id='word_1_544' title='bbox 1637 915 1704 941; x_wconf 91' lang='lat' dir='ltr'>Nam</span> 
     </span>
     <span class='ocr_line' id='line_1_73' title="bbox 906 950 1704 986; baseline 0.004 -11"><span class='ocrx_word' id='word_1_545' title='bbox 906 950 993 975; x_wconf 89' lang='lat' dir='ltr'>timeri</span> <span class='ocrx_word' id='word_1_546' title='bbox 1009 959 1037 976; x_wconf 92' lang='lat' dir='ltr'>se</span> <span class='ocrx_word' id='word_1_547' title='bbox 1052 959 1084 977; x_wconf 91' lang='lat' dir='ltr'>ne</span> <span class='ocrx_word' id='word_1_548' title='bbox 1100 951 1153 985; x_wconf 93' lang='lat' dir='ltr'>ipsi</span> <span class='ocrx_word' id='word_1_549' title='bbox 1164 951 1274 986; x_wconf 90' lang='lat' dir='ltr'>quidem</span> <span class='ocrx_word' id='word_1_550' title='bbox 1286 951 1389 977; x_wconf 85' lang='lat' dir='ltr'>volunt.</span> <span class='ocrx_word' id='word_1_551' title='bbox 1431 951 1483 977; x_wconf 89' lang='lat' dir='ltr'>Sed</span> <span class='ocrx_word' id='word_1_552' title='bbox 1494 960 1611 986; x_wconf 88' lang='lat' dir='ltr'>quonam</span> <span class='ocrx_word' id='word_1_553' title='bbox 1626 952 1704 978; x_wconf 91' lang='lat' dir='ltr'>modo</span> 
     </span>
     <span class='ocr_line' id='line_1_74' title="bbox 906 987 1704 1021; baseline 0.003 -8"><span class='ocrx_word' id='word_1_554' title='bbox 906 987 1036 1021; x_wconf 88' lang='lat' dir='ltr'>accipient</span> <span class='ocrx_word' id='word_1_555' title='bbox 1050 989 1218 1014; x_wconf 86' lang='lat' dir='ltr'>severitatem</span> <span class='ocrx_word' id='word_1_556' title='bbox 1235 988 1339 1014; x_wconf 75' lang='lat' dir='ltr'>meam‘?</span> <span class='ocrx_word' id='word_1_557' title='bbox 1360 988 1441 1015; x_wconf 87' lang='lat' dir='ltr'>Multa</span> <span class='ocrx_word' id='word_1_558' title='bbox 1456 989 1527 1015; x_wconf 87' lang='lat' dir='ltr'>enim</span> <span class='ocrx_word' id='word_1_559' title='bbox 1540 988 1604 1015; x_wconf 86' lang='lat' dir='ltr'>salsa</span> <span class='ocrx_word' id='word_1_560' title='bbox 1616 989 1649 1015; x_wconf 84' lang='lat' dir='ltr'>de</span> <span class='ocrx_word' id='word_1_561' title='bbox 1662 998 1704 1015; x_wconf 90' lang='lat' dir='ltr'>me</span> 
     </span>
     <span class='ocr_line' id='line_1_75' title="bbox 905 1024 1703 1060; baseline 0.003 -10"><span class='ocrx_word' id='word_1_562' title='bbox 905 1024 1061 1051; x_wconf 89' lang='lat' dir='ltr'>audierunt:</span> <span class='ocrx_word' id='word_1_563' title='bbox 1075 1025 1159 1051; x_wconf 89' lang='lat' dir='ltr'>multa</span> <span class='ocrx_word' id='word_1_564' title='bbox 1171 1026 1203 1052; x_wconf 90' lang='lat' dir='ltr'>ad</span> <span class='ocrx_word' id='word_1_565' title='bbox 1213 1034 1258 1052; x_wconf 89' lang='lat' dir='ltr'>eos</span> <span class='ocrx_word' id='word_1_566' title='bbox 1270 1026 1384 1060; x_wconf 88' lang='lat' dir='ltr'>improbi</span> <span class='ocrx_word' id='word_1_567' title='bbox 1395 1026 1556 1052; x_wconf 88' lang='lat' dir='ltr'>detulerunt.</span> <span class='ocrx_word' id='word_1_568' title='bbox 1584 1026 1703 1058; x_wconf 88' lang='lat' dir='ltr'>Quorum</span> 
     </span>
     <span class='ocr_line' id='line_1_76' title="bbox 905 1062 1705 1099; baseline 0.003 -11"><span class='ocrx_word' id='word_1_569' title='bbox 905 1062 1058 1093; x_wconf 90' lang='lat' dir='ltr'>commoda,</span> <span class='ocrx_word' id='word_1_570' title='bbox 1076 1067 1105 1089; x_wconf 90' lang='lat' dir='ltr'>ut</span> <span class='ocrx_word' id='word_1_571' title='bbox 1116 1071 1163 1089; x_wconf 90' lang='lat' dir='ltr'>vos</span> <span class='ocrx_word' id='word_1_572' title='bbox 1174 1064 1269 1098; x_wconf 90' lang='lat' dir='ltr'>optimi</span> <span class='ocrx_word' id='word_1_573' title='bbox 1281 1068 1360 1089; x_wconf 87' lang='lat' dir='ltr'>testes</span> <span class='ocrx_word' id='word_1_574' title='bbox 1372 1064 1449 1095; x_wconf 88' lang='lat' dir='ltr'>estis,</span> <span class='ocrx_word' id='word_1_575' title='bbox 1467 1072 1574 1098; x_wconf 87' lang='lat' dir='ltr'>semper</span> <span class='ocrx_word' id='word_1_576' title='bbox 1584 1073 1632 1099; x_wconf 84' lang='lat' dir='ltr'>ego</span> <span class='ocrx_word' id='word_1_577' title='bbox 1643 1073 1705 1090; x_wconf 87' lang='lat' dir='ltr'>sen-</span> 
     </span>
     <span class='ocr_line' id='line_1_77' title="bbox 906 1100 1704 1131; baseline 0.003 -6"><span class='ocrx_word' id='word_1_578' title='bbox 906 1100 1000 1131; x_wconf 88' lang='lat' dir='ltr'>tentia,</span> <span class='ocrx_word' id='word_1_579' title='bbox 1018 1101 1184 1131; x_wconf 85' lang='lat' dir='ltr'>auctoritate,</span> <span class='ocrx_word' id='word_1_580' title='bbox 1203 1101 1319 1127; x_wconf 87' lang='lat' dir='ltr'>oratione</span> <span class='ocrx_word' id='word_1_581' title='bbox 1331 1101 1448 1127; x_wconf 81' lang='lat' dir='ltr'>firmavi:</span> <span class='ocrx_word' id='word_1_582' title='bbox 1472 1101 1519 1127; x_wconf 91' lang='lat' dir='ltr'>sed</span> <span class='ocrx_word' id='word_1_583' title='bbox 1530 1101 1641 1127; x_wconf 88' lang='lat' dir='ltr'>credunt</span> <span class='ocrx_word' id='word_1_584' title='bbox 1654 1102 1704 1127; x_wconf 89' lang='lat' dir='ltr'>irn-</span> 
     </span>
     <span class='ocr_line' id='line_1_78' title="bbox 906 1137 1703 1171; baseline 0.003 -8"><span class='ocrx_word' id='word_1_585' title='bbox 906 1137 1006 1171; x_wconf 82' lang='lat' dir='ltr'>probis.</span> <span class='ocrx_word' id='word_1_586' title='bbox 1019 1137 1132 1164; x_wconf 89' lang='lat' dir='ltr'>credunt</span> <span class='ocrx_word' id='word_1_587' title='bbox 1143 1138 1314 1169; x_wconf 90' lang='lat' dir='ltr'>turbulentis,</span> <span class='ocrx_word' id='word_1_588' title='bbox 1323 1138 1435 1164; x_wconf 86' lang='lat' dir='ltr'>credunt</span> <span class='ocrx_word' id='word_1_589' title='bbox 1446 1139 1513 1164; x_wconf 88' lang='lat' dir='ltr'>suis.</span> <span class='ocrx_word' id='word_1_590' title='bbox 1536 1138 1605 1165; x_wconf 88' lang='lat' dir='ltr'>Sunt</span> <span class='ocrx_word' id='word_1_591' title='bbox 1616 1144 1703 1165; x_wconf 89' lang='lat' dir='ltr'>autem</span> 
     </span>
     <span class='ocr_line' id='line_1_79' title="bbox 906 1174 1704 1211; baseline 0.003 -11"><span class='ocrx_word' id='word_1_592' title='bbox 906 1174 986 1200; x_wconf 79' lang='lat' dir='ltr'>fortes</span> <span class='ocrx_word' id='word_1_593' title='bbox 998 1174 1037 1201; x_wconf 92' lang='lat' dir='ltr'>illi</span> <span class='ocrx_word' id='word_1_594' title='bbox 1049 1175 1168 1210; x_wconf 89' lang='lat' dir='ltr'>quidem,</span> <span class='ocrx_word' id='word_1_595' title='bbox 1181 1175 1228 1201; x_wconf 89' lang='lat' dir='ltr'>sed</span> <span class='ocrx_word' id='word_1_596' title='bbox 1241 1180 1347 1210; x_wconf 89' lang='lat' dir='ltr'>propter</span> <span class='ocrx_word' id='word_1_597' title='bbox 1358 1177 1513 1202; x_wconf 88' lang='lat' dir='ltr'>memoriam</span> <span class='ocrx_word' id='word_1_598' title='bbox 1525 1185 1623 1203; x_wconf 88' lang='lat' dir='ltr'>rerum.</span> <span class='ocrx_word' id='word_1_599' title='bbox 1637 1185 1704 1211; x_wconf 90' lang='lat' dir='ltr'>quas</span> 
     </span>
     <span class='ocr_line' id='line_1_80' title="bbox 906 1213 1705 1249; baseline 0.004 -12"><span class='ocrx_word' id='word_1_600' title='bbox 906 1217 1046 1247; x_wconf 85' lang='lat' dir='ltr'>gesserunt</span> <span class='ocrx_word' id='word_1_601' title='bbox 1060 1221 1108 1247; x_wconf 90' lang='lat' dir='ltr'>pro</span> <span class='ocrx_word' id='word_1_602' title='bbox 1123 1213 1216 1248; x_wconf 87' lang='lat' dir='ltr'>populi</span> <span class='ocrx_word' id='word_1_603' title='bbox 1228 1214 1339 1239; x_wconf 88' lang='lat' dir='ltr'>Romani</span> <span class='ocrx_word' id='word_1_604' title='bbox 1352 1213 1471 1240; x_wconf 87' lang='lat' dir='ltr'>libertate</span> <span class='ocrx_word' id='word_1_605' title='bbox 1482 1218 1508 1239; x_wconf 90' lang='lat' dir='ltr'>et</span> <span class='ocrx_word' id='word_1_606' title='bbox 1518 1213 1603 1240; x_wconf 88' lang='lat' dir='ltr'>salute</span> <span class='ocrx_word' id='word_1_607' title='bbox 1614 1214 1705 1249; x_wconf 89' lang='lat' dir='ltr'>reipu-</span> 
     </span>
     <span class='ocr_line' id='line_1_81' title="bbox 906 1249 1704 1280; baseline 0.003 -5"><span class='ocrx_word' id='word_1_608' title='bbox 906 1249 1000 1280; x_wconf 86' lang='lat' dir='ltr'>blicae,</span> <span class='ocrx_word' id='word_1_609' title='bbox 1010 1250 1090 1276; x_wconf 92' lang='lat' dir='ltr'>nimis</span> <span class='ocrx_word' id='word_1_610' title='bbox 1102 1249 1200 1276; x_wconf 90' lang='lat' dir='ltr'>feroces</span> <span class='ocrx_word' id='word_1_611' title='bbox 1207 1255 1232 1277; x_wconf 89' lang='lat' dir='ltr'>et</span> <span class='ocrx_word' id='word_1_612' title='bbox 1243 1251 1276 1277; x_wconf 89' lang='lat' dir='ltr'>ad</span> <span class='ocrx_word' id='word_1_613' title='bbox 1287 1259 1364 1277; x_wconf 89' lang='lat' dir='ltr'>suam</span> <span class='ocrx_word' id='word_1_614' title='bbox 1377 1252 1431 1277; x_wconf 90' lang='lat' dir='ltr'>vim</span> <span class='ocrx_word' id='word_1_615' title='bbox 1443 1252 1532 1277; x_wconf 88' lang='lat' dir='ltr'>omnia</span> <span class='ocrx_word' id='word_1_616' title='bbox 1544 1256 1631 1277; x_wconf 89' lang='lat' dir='ltr'>nostra</span> <span class='ocrx_word' id='word_1_617' title='bbox 1642 1260 1704 1277; x_wconf 86' lang='lat' dir='ltr'>con-</span> 
     </span>
     <span class='ocr_line' id='line_1_82' title="bbox 906 1286 1705 1324; baseline 0.003 -12"><span class='ocrx_word' id='word_1_618' title='bbox 906 1286 966 1312; x_wconf 87' lang='lat' dir='ltr'>silia</span> <span class='ocrx_word' id='word_1_619' title='bbox 978 1292 1142 1314; x_wconf 87' lang='lat' dir='ltr'>revocantes.</span> <span class='ocrx_word' id='word_1_620' title='bbox 1165 1289 1205 1314; x_wconf 87' lang='lat'>30.</span> <span class='ocrx_word' id='word_1_621' title='bbox 1227 1288 1326 1314; x_wconf 83' lang='lat' dir='ltr'>Horum</span> <span class='ocrx_word' id='word_1_622' title='bbox 1338 1297 1386 1323; x_wconf 86' lang='lat' dir='ltr'>ego</span> <span class='ocrx_word' id='word_1_623' title='bbox 1397 1289 1582 1324; x_wconf 79' lang='lat' dir='ltr'>cogitationem</span> <span class='ocrx_word' id='word_1_624' title='bbox 1595 1297 1646 1315; x_wconf 91' lang='lat' dir='ltr'>non</span> <span class='ocrx_word' id='word_1_625' title='bbox 1659 1297 1705 1315; x_wconf 77' lang='lat' dir='ltr'>ve-</span> 
     </span>
     <span class='ocr_line' id='line_1_83' title="bbox 907 1324 1704 1361; baseline 0.004 -12"><span class='ocrx_word' id='word_1_626' title='bbox 907 1332 978 1350; x_wconf 85' lang='lat' dir='ltr'>reor:</span> <span class='ocrx_word' id='word_1_627' title='bbox 996 1324 1127 1359; x_wconf 86' lang='lat' dir='ltr'>impetum</span> <span class='ocrx_word' id='word_1_628' title='bbox 1139 1325 1306 1360; x_wconf 88' lang='lat' dir='ltr'>pertimesco.</span> <span class='ocrx_word' id='word_1_629' title='bbox 1348 1326 1416 1352; x_wconf 85' lang='lat' dir='ltr'>Haec</span> <span class='ocrx_word' id='word_1_630' title='bbox 1432 1334 1540 1360; x_wconf 86' lang='lat' dir='ltr'>quoque</span> <span class='ocrx_word' id='word_1_631' title='bbox 1553 1331 1621 1352; x_wconf 88' lang='lat' dir='ltr'>tanta</span> <span class='ocrx_word' id='word_1_632' title='bbox 1634 1327 1704 1361; x_wconf 87' lang='lat' dir='ltr'>peri—</span> 
     </span>
     <span class='ocr_line' id='line_1_84' title="bbox 906 1360 1705 1398; baseline 0.003 -11"><span class='ocrx_word' id='word_1_633' title='bbox 906 1360 966 1387; x_wconf 85' lang='lat' dir='ltr'>cula</span> <span class='ocrx_word' id='word_1_634' title='bbox 981 1361 1004 1387; x_wconf 91' lang='lat' dir='ltr'>si</span> <span class='ocrx_word' id='word_1_635' title='bbox 1021 1361 1149 1398; x_wconf 84' lang='lat' dir='ltr'>effugero,</span> <span class='ocrx_word' id='word_1_636' title='bbox 1173 1364 1274 1389; x_wconf 84' lang='lat' dir='ltr'>satisne</span> <span class='ocrx_word' id='word_1_637' title='bbox 1290 1367 1377 1389; x_wconf 90' lang='lat' dir='ltr'>tutum</span> <span class='ocrx_word' id='word_1_638' title='bbox 1394 1363 1508 1389; x_wconf 88' lang='lat' dir='ltr'>reditum</span> <span class='ocrx_word' id='word_1_639' title='bbox 1521 1364 1620 1397; x_wconf 83' lang='lat' dir='ltr'>putatis</span> <span class='ocrx_word' id='word_1_640' title='bbox 1633 1363 1705 1389; x_wconf 73' lang='lat' dir='ltr'>sore‘?</span> 
     </span>
     <span class='ocr_line' id='line_1_85' title="bbox 907 1398 1704 1430; baseline 0.003 -6"><span class='ocrx_word' id='word_1_641' title='bbox 907 1398 996 1430; x_wconf 90' lang='lat' dir='ltr'>Quum</span> <span class='ocrx_word' id='word_1_642' title='bbox 1017 1400 1088 1426; x_wconf 92' lang='lat' dir='ltr'>enim</span> <span class='ocrx_word' id='word_1_643' title='bbox 1109 1404 1134 1426; x_wconf 89' lang='lat' dir='ltr'>et</span> <span class='ocrx_word' id='word_1_644' title='bbox 1155 1404 1270 1426; x_wconf 86' lang='lat' dir='ltr'>vestram</span> <span class='ocrx_word' id='word_1_645' title='bbox 1287 1401 1466 1426; x_wconf 84' lang='lat' dir='ltr'>auctoritatem</span> <span class='ocrx_word' id='word_1_646' title='bbox 1487 1408 1545 1426; x_wconf 88' lang='lat' dir='ltr'>meo</span> <span class='ocrx_word' id='word_1_647' title='bbox 1565 1409 1637 1426; x_wconf 88' lang='lat' dir='ltr'>more</span> <span class='ocrx_word' id='word_1_648' title='bbox 1658 1400 1704 1426; x_wconf 92' lang='lat' dir='ltr'>de—</span> 
     </span>
     <span class='ocr_line' id='line_1_86' title="bbox 907 1435 1704 1472; baseline 0.003 -10"><span class='ocrx_word' id='word_1_649' title='bbox 907 1435 1029 1468; x_wconf 70' lang='lat' dir='ltr'>tendet-0,</span> <span class='ocrx_word' id='word_1_650' title='bbox 1052 1442 1078 1464; x_wconf 86' lang='lat' dir='ltr'>et</span> <span class='ocrx_word' id='word_1_651' title='bbox 1093 1446 1179 1463; x_wconf 85' lang='lat' dir='ltr'>meam</span> <span class='ocrx_word' id='word_1_652' title='bbox 1201 1437 1280 1463; x_wconf 79' lang='lat' dir='ltr'>fidem</span> <span class='ocrx_word' id='word_1_653' title='bbox 1297 1437 1459 1472; x_wconf 79' lang='lat' dir='ltr'>reipublicae</span> <span class='ocrx_word' id='word_1_654' title='bbox 1474 1438 1704 1472; x_wconf 81' lang='lat' dir='ltr'>constantiamque</span> 
     </span>
     <span class='ocr_line' id='line_1_87' title="bbox 907 1474 1704 1509; baseline 0.003 -10"><span class='ocrx_word' id='word_1_655' title='bbox 907 1474 1071 1508; x_wconf 76' lang='lat' dir='ltr'>praestitero,</span> <span class='ocrx_word' id='word_1_656' title='bbox 1080 1479 1136 1501; x_wconf 85' lang='lat' dir='ltr'>tum</span> <span class='ocrx_word' id='word_1_657' title='bbox 1148 1479 1226 1501; x_wconf 87' lang='lat' dir='ltr'>erunt</span> <span class='ocrx_word' id='word_1_658' title='bbox 1240 1475 1306 1501; x_wconf 83' lang='lat' dir='ltr'>mihi</span> <span class='ocrx_word' id='word_1_659' title='bbox 1319 1484 1369 1501; x_wconf 90' lang='lat' dir='ltr'>non</span> <span class='ocrx_word' id='word_1_660' title='bbox 1381 1475 1408 1501; x_wconf 90' lang='lat' dir='ltr'>hi</span> <span class='ocrx_word' id='word_1_661' title='bbox 1420 1474 1518 1505; x_wconf 91' lang='lat' dir='ltr'>solum,</span> <span class='ocrx_word' id='word_1_662' title='bbox 1529 1475 1577 1509; x_wconf 86' lang='lat' dir='ltr'>qui</span> <span class='ocrx_word' id='word_1_663' title='bbox 1589 1484 1630 1501; x_wconf 87' lang='lat' dir='ltr'>me</span> <span class='ocrx_word' id='word_1_664' title='bbox 1642 1475 1704 1501; x_wconf 89' lang='lat' dir='ltr'>ode—</span> 
     </span>
     <span class='ocr_line' id='line_1_88' title="bbox 907 1511 1704 1547; baseline 0.001 -11"><span class='ocrx_word' id='word_1_665' title='bbox 907 1515 982 1541; x_wconf 88' lang='lat' dir='ltr'>runt,</span> <span class='ocrx_word' id='word_1_666' title='bbox 995 1511 1041 1537; x_wconf 91' lang='lat' dir='ltr'>sed</span> <span class='ocrx_word' id='word_1_667' title='bbox 1054 1512 1092 1538; x_wconf 89' lang='lat' dir='ltr'>illi</span> <span class='ocrx_word' id='word_1_668' title='bbox 1105 1513 1198 1543; x_wconf 90' lang='lat' dir='ltr'>etiam,</span> <span class='ocrx_word' id='word_1_669' title='bbox 1216 1513 1263 1547; x_wconf 88' lang='lat' dir='ltr'>qui</span> <span class='ocrx_word' id='word_1_670' title='bbox 1275 1512 1405 1542; x_wconf 75' lang='lat' dir='ltr'>invident,</span> <span class='ocrx_word' id='word_1_671' title='bbox 1418 1512 1620 1538; x_wconf 80' lang='lat' dir='ltr'>extimescendi.</span> <span class='ocrx_word' id='word_1_672' title='bbox 1652 1512 1704 1538; x_wconf 85' lang='lat' dir='ltr'>Cu-</span> 
     </span>
     <span class='ocr_line' id='line_1_89' title="bbox 907 1548 1703 1585; baseline 0.001 -11"><span class='ocrx_word' id='word_1_673' title='bbox 907 1548 1037 1574; x_wconf 88' lang='lat' dir='ltr'>stodiatur</span> <span class='ocrx_word' id='word_1_674' title='bbox 1048 1550 1130 1585; x_wconf 84' lang='lat' dir='ltr'>igitur</span> <span class='ocrx_word' id='word_1_675' title='bbox 1142 1558 1198 1575; x_wconf 78' lang='lat' dir='ltr'>moa</span> <span class='ocrx_word' id='word_1_676' title='bbox 1210 1551 1263 1575; x_wconf 87' lang='lat' dir='ltr'>vita</span> <span class='ocrx_word' id='word_1_677' title='bbox 1276 1550 1448 1584; x_wconf 81' lang='lat' dir='ltr'>reipublicae,</span> <span class='ocrx_word' id='word_1_678' title='bbox 1460 1558 1554 1584; x_wconf 81' lang='lat' dir='ltr'>eaque,</span> <span class='ocrx_word' id='word_1_679' title='bbox 1563 1549 1649 1584; x_wconf 87' lang='lat' dir='ltr'>quoad</span> <span class='ocrx_word' id='word_1_680' title='bbox 1663 1549 1703 1575; x_wconf 80' lang='lat' dir='ltr'>vel</span> 
     </span>
     <span class='ocr_line' id='line_1_90' title="bbox 907 1585 1704 1622; baseline 0.001 -11"><span class='ocrx_word' id='word_1_681' title='bbox 907 1585 1025 1621; x_wconf 85' lang='lat' dir='ltr'>dignitas</span> <span class='ocrx_word' id='word_1_682' title='bbox 1038 1587 1078 1613; x_wconf 92' lang='lat' dir='ltr'>vel</span> <span class='ocrx_word' id='word_1_683' title='bbox 1092 1592 1183 1613; x_wconf 85' lang='lat' dir='ltr'>natura</span> <span class='ocrx_word' id='word_1_684' title='bbox 1196 1587 1323 1622; x_wconf 83' lang='lat' dir='ltr'>patietur,</span> <span class='ocrx_word' id='word_1_685' title='bbox 1338 1587 1437 1621; x_wconf 84' lang='lat' dir='ltr'>patriae</span> <span class='ocrx_word' id='word_1_686' title='bbox 1451 1591 1614 1613; x_wconf 84' lang='lat' dir='ltr'>reservetur:</span> <span class='ocrx_word' id='word_1_687' title='bbox 1633 1596 1704 1613; x_wconf 89' lang='lat' dir='ltr'>mors</span> 
     </span>
     <span class='ocr_line' id='line_1_91' title="bbox 907 1624 1704 1658; baseline 0.001 -9"><span class='ocrx_word' id='word_1_688' title='bbox 907 1628 995 1649; x_wconf 85' lang='lat' dir='ltr'>autem</span> <span class='ocrx_word' id='word_1_689' title='bbox 1009 1625 1192 1650; x_wconf 87' lang='lat' dir='ltr'>necessitatem</span> <span class='ocrx_word' id='word_1_690' title='bbox 1206 1625 1300 1650; x_wconf 85' lang='lat' dir='ltr'>habeat</span> <span class='ocrx_word' id='word_1_691' title='bbox 1311 1624 1365 1654; x_wconf 80' lang='lat' dir='ltr'>sati,</span> <span class='ocrx_word' id='word_1_692' title='bbox 1380 1629 1437 1654; x_wconf 82' lang='lat' dir='ltr'>aut.</span> <span class='ocrx_word' id='word_1_693' title='bbox 1451 1625 1473 1650; x_wconf 89' lang='lat' dir='ltr'>si</span> <span class='ocrx_word' id='word_1_694' title='bbox 1485 1629 1544 1650; x_wconf 88' lang='lat' dir='ltr'>ante</span> <span class='ocrx_word' id='word_1_695' title='bbox 1555 1624 1704 1658; x_wconf 84' lang='lat' dir='ltr'>oppetenda</span> 
     </span>
     <span class='ocr_line' id='line_1_92' title="bbox 907 1661 1704 1697; baseline 0.001 -11"><span class='ocrx_word' id='word_1_696' title='bbox 907 1665 960 1691; x_wconf 88' lang='lat' dir='ltr'>est,</span> <span class='ocrx_word' id='word_1_697' title='bbox 977 1666 1117 1696; x_wconf 85' lang='lat' dir='ltr'>oppetatur</span> <span class='ocrx_word' id='word_1_698' title='bbox 1132 1671 1193 1688; x_wconf 82' lang='lat' dir='ltr'>cuni</span> <span class='ocrx_word' id='word_1_699' title='bbox 1209 1661 1302 1697; x_wconf 83' lang='lat' dir='ltr'>gloria.</span> <span class='ocrx_word' id='word_1_700' title='bbox 1344 1662 1412 1688; x_wconf 75' lang='lat' dir='ltr'>ilaec</span> <span class='ocrx_word' id='word_1_701' title='bbox 1427 1670 1512 1696; x_wconf 90' lang='lat' dir='ltr'>quum</span> <span class='ocrx_word' id='word_1_702' title='bbox 1525 1662 1558 1687; x_wconf 86' lang='lat' dir='ltr'>ita</span> <span class='ocrx_word' id='word_1_703' title='bbox 1570 1662 1637 1693; x_wconf 85' lang='lat' dir='ltr'>sint,</span> <span class='ocrx_word' id='word_1_704' title='bbox 1655 1663 1704 1688; x_wconf 84' lang='lat' dir='ltr'>etsi</span> 
     </span>
     <span class='ocr_line' id='line_1_93' title="bbox 907 1697 1704 1735; baseline 0.003 -11"><span class='ocrx_word' id='word_1_705' title='bbox 907 1697 975 1724; x_wconf 85' lang='lat' dir='ltr'>hanc</span> <span class='ocrx_word' id='word_1_706' title='bbox 988 1699 1144 1735; x_wconf 86' lang='lat' dir='ltr'>legationem</span> <span class='ocrx_word' id='word_1_707' title='bbox 1157 1699 1308 1734; x_wconf 86' lang='lat' dir='ltr'>respublica</span> <span class='ocrx_word' id='word_1_708' title='bbox 1317 1720 1323 1730; x_wconf 76' lang='grc'>,</span> <span class='ocrx_word' id='word_1_709' title='bbox 1340 1704 1370 1726; x_wconf 87' lang='lat' dir='ltr'>ut</span> <span class='ocrx_word' id='word_1_710' title='bbox 1386 1699 1522 1725; x_wconf 73' lang='lat' dir='ltr'>levissime</span> <span class='ocrx_word' id='word_1_711' title='bbox 1532 1698 1633 1729; x_wconf 81' lang='lat' dir='ltr'>dicam,</span> <span class='ocrx_word' id='word_1_712' title='bbox 1652 1708 1704 1726; x_wconf 90' lang='lat' dir='ltr'>non</span> 
     </span>
     <span class='ocr_line' id='line_1_94' title="bbox 906 1734 1705 1771; baseline 0.001 -10"><span class='ocrx_word' id='word_1_713' title='bbox 906 1734 1047 1768; x_wconf 85' lang='lat' dir='ltr'>desiderat,</span> <span class='ocrx_word' id='word_1_714' title='bbox 1062 1741 1159 1767; x_wconf 85' lang='lat' dir='ltr'>tamen,</span> <span class='ocrx_word' id='word_1_715' title='bbox 1173 1738 1195 1763; x_wconf 90' lang='lat' dir='ltr'>si</span> <span class='ocrx_word' id='word_1_716' title='bbox 1208 1742 1263 1763; x_wconf 88' lang='lat' dir='ltr'>tuto</span> <span class='ocrx_word' id='word_1_717' title='bbox 1275 1736 1363 1763; x_wconf 87' lang='lat' dir='ltr'>licebit</span> <span class='ocrx_word' id='word_1_718' title='bbox 1375 1737 1421 1767; x_wconf 78' lang='lat' dir='ltr'>ire,</span> <span class='ocrx_word' id='word_1_719' title='bbox 1436 1736 1593 1771; x_wconf 76' lang='lat' dir='ltr'>proficiscar.</span> <span class='ocrx_word' id='word_1_720' title='bbox 1611 1735 1705 1762; x_wconf 92' lang='lat' dir='ltr'>Omni-</span> 
     </span>
     <span class='ocr_line' id='line_1_95' title="bbox 907 1773 1704 1809; baseline 0 -10"><span class='ocrx_word' id='word_1_721' title='bbox 907 1781 948 1803; x_wconf 84' lang='lat' dir='ltr'>no,</span> <span class='ocrx_word' id='word_1_722' title='bbox 962 1778 1049 1808; x_wconf 89' lang='lat' dir='ltr'>patres</span> <span class='ocrx_word' id='word_1_723' title='bbox 1060 1775 1213 1809; x_wconf 90' lang='lat' dir='ltr'>conscripti,</span> <span class='ocrx_word' id='word_1_724' title='bbox 1228 1779 1311 1801; x_wconf 89' lang='lat' dir='ltr'>totum</span> <span class='ocrx_word' id='word_1_725' title='bbox 1325 1774 1438 1800; x_wconf 76' lang='lat' dir='ltr'>huiusce</span> <span class='ocrx_word' id='word_1_726' title='bbox 1450 1774 1486 1800; x_wconf 88' lang='lat' dir='ltr'>rei</span> <span class='ocrx_word' id='word_1_727' title='bbox 1497 1773 1640 1799; x_wconf 82' lang='lat' dir='ltr'>consilium</span> <span class='ocrx_word' id='word_1_728' title='bbox 1653 1782 1704 1800; x_wconf 93' lang='lat' dir='ltr'>non</span> 
     </span>
     <span class='ocr_line' id='line_1_96' title="bbox 906 1811 1704 1846; baseline 0.001 -10"><span class='ocrx_word' id='word_1_729' title='bbox 906 1811 1025 1845; x_wconf 85' lang='lat' dir='ltr'>periculo</span> <span class='ocrx_word' id='word_1_730' title='bbox 1037 1820 1104 1843; x_wconf 88' lang='lat' dir='ltr'>meo,</span> <span class='ocrx_word' id='word_1_731' title='bbox 1117 1812 1164 1838; x_wconf 86' lang='lat' dir='ltr'>sed</span> <span class='ocrx_word' id='word_1_732' title='bbox 1177 1812 1289 1838; x_wconf 88' lang='lat' dir='ltr'>utilitate</span> <span class='ocrx_word' id='word_1_733' title='bbox 1301 1811 1464 1846; x_wconf 81' lang='lat' dir='ltr'>reipublicae</span> <span class='ocrx_word' id='word_1_734' title='bbox 1476 1811 1578 1837; x_wconf 82' lang='lat' dir='ltr'>metiar.</span> <span class='ocrx_word' id='word_1_735' title='bbox 1605 1811 1641 1837; x_wconf 83' lang='lat' dir='ltr'>De</span> <span class='ocrx_word' id='word_1_736' title='bbox 1651 1820 1704 1846; x_wconf 88' lang='lat' dir='ltr'>qua</span> 
     </span>
     <span class='ocr_line' id='line_1_97' title="bbox 906 1848 1705 1884; baseline 0.001 -10"><span class='ocrx_word' id='word_1_737' title='bbox 906 1848 982 1879; x_wconf 83' lang='lat' dir='ltr'>mihi,</span> <span class='ocrx_word' id='word_1_738' title='bbox 995 1850 1122 1884; x_wconf 90' lang='lat' dir='ltr'>quoniam</span> <span class='ocrx_word' id='word_1_739' title='bbox 1136 1849 1249 1875; x_wconf 89' lang='lat' dir='ltr'>liberum</span> <span class='ocrx_word' id='word_1_740' title='bbox 1262 1853 1302 1875; x_wconf 83' lang='lat' dir='ltr'>est</span> <span class='ocrx_word' id='word_1_741' title='bbox 1313 1850 1439 1884; x_wconf 80' lang='lat' dir='ltr'>spatium,</span> <span class='ocrx_word' id='word_1_742' title='bbox 1449 1848 1563 1874; x_wconf 89' lang='lat' dir='ltr'>multum</span> <span class='ocrx_word' id='word_1_743' title='bbox 1575 1849 1654 1874; x_wconf 80' lang='lat' dir='ltr'>etium</span> <span class='ocrx_word' id='word_1_744' title='bbox 1667 1853 1705 1875; x_wconf 84' lang='lat' dir='ltr'>at-</span> 
     </span>
     <span class='ocr_line' id='line_1_98' title="bbox 905 1885 1704 1921; baseline 0.001 -10"><span class='ocrx_word' id='word_1_745' title='bbox 905 1894 958 1921; x_wconf 85' lang='lat' dir='ltr'>que</span> <span class='ocrx_word' id='word_1_746' title='bbox 978 1887 1057 1913; x_wconf 89' lang='lat' dir='ltr'>etiam</span> <span class='ocrx_word' id='word_1_747' title='bbox 1078 1886 1302 1913; x_wconf 88' lang='lat' dir='ltr'>considerandum</span> <span class='ocrx_word' id='word_1_748' title='bbox 1324 1891 1401 1921; x_wconf 81' lang='lat' dir='ltr'>puto,</span> <span class='ocrx_word' id='word_1_749' title='bbox 1426 1886 1508 1921; x_wconf 88' lang='lat' dir='ltr'>idque</span> <span class='ocrx_word' id='word_1_750' title='bbox 1533 1885 1704 1920; x_wconf 85' lang='lat' dir='ltr'>potissimum</span> 
     </span>
     <span class='ocr_line' id='line_1_99' title="bbox 906 1923 1705 1960; baseline 0.001 -11"><span class='ocrx_word' id='word_1_751' title='bbox 906 1923 1072 1956; x_wconf 82' lang='lat' dir='ltr'>faciendum,</span> <span class='ocrx_word' id='word_1_752' title='bbox 1093 1924 1166 1960; x_wconf 91' lang='lat' dir='ltr'>quod</span> <span class='ocrx_word' id='word_1_753' title='bbox 1182 1924 1298 1951; x_wconf 82' lang='lat' dir='ltr'>maxime</span> <span class='ocrx_word' id='word_1_754' title='bbox 1314 1925 1442 1951; x_wconf 85' lang='lat' dir='ltr'>interesse</span> <span class='ocrx_word' id='word_1_755' title='bbox 1458 1923 1621 1958; x_wconf 80' lang='lat' dir='ltr'>reipublicae</span> <span class='ocrx_word' id='word_1_756' title='bbox 1633 1923 1705 1951; x_wconf 89' lang='lat' dir='ltr'>iudi-</span> 
     </span>
     <span class='ocr_line' id='line_1_100' title="bbox 904 1969 1007 1988; baseline -0.01 0"><span class='ocrx_word' id='word_1_757' title='bbox 904 1969 1007 1988; x_wconf 80' lang='lat' dir='ltr'>cavero.</span> 
     </span>
    </p>
   </div>
   <div class='ocr_carea' id='block_1_6' title="bbox 763 2181 992 2196">
    <p class='ocr_par' dir='ltr' id='par_1_7' title="bbox 763 2181 992 2196">
     <span class='ocr_line' id='line_1_101' title="bbox 763 2181 992 2196; baseline -0.004 -1"><span class='ocrx_word' id='word_1_758' title='bbox 763 2181 992 2196; x_wconf 39' lang='lat' dir='ltr'>——Qobuffi—</span> 
     </span>
    </p>
   </div>
   <div class='ocr_carea' id='block_1_7' title="bbox 1465 2717 1496 2741">
    <p class='ocr_par' dir='ltr' id='par_1_8' title="bbox 1465 2717 1496 2741">
     <span class='ocr_line' id='line_1_102' title="bbox 1465 2717 1496 2741; baseline -0.032 0"><span class='ocrx_word' id='word_1_759' title='bbox 1465 2717 1496 2741; x_wconf 77' lang='lat'>8²</span> 
     </span>
    </p>
   </div>
  </div>
 </body>
</html>
