1941 3052
724 149 1021 177 FRAGMENTA.

54 225 112 257 pter
121 222 326 256 competitorum
338 222 470 248 amicitias
484 220 609 252 alienior,
633 221 667 247 iis
683 230 791 256 quoque
807 230 853 247 ea-

53 259 115 285 dem
130 259 259 285 iuservito
270 259 380 290 ratione,
393 268 446 294 qua
458 259 655 293 superioribus,
669 263 703 288 et,
720 259 743 284 si
755 259 852 293 proba-

54 304 82 322 re
93 296 205 330 poteris,
224 300 248 322 te
264 296 292 322 in
308 305 352 323 eos
367 297 440 331 ipsos
451 297 638 331 competitores
651 301 710 322 tuos
722 295 852 322 benevolo

54 341 113 360 esse
125 333 214 359 animo
224 333 368 360 ostendito.
380 349 416 353 ——
426 333 473 359 XI.
487 335 512 360 41
523 355 528 360 .
538 333 670 365 Quoniam
681 333 714 359 de
726 334 852 359 amicitiis

54 370 250 397 constituendis
266 372 331 397 satis
347 371 449 397 dictum
466 376 519 402 est,
538 370 682 396 dicendum
704 375 744 397 est
758 370 791 396 de
807 370 852 396 illa

55 407 136 434 altera
148 412 221 442 parte
233 409 379 442 petitionis,
395 417 464 443 quae
476 409 502 434 in
515 407 638 442 populari
649 408 749 434 ratione
761 416 854 434 versa-

54 449 105 472 tur.
143 445 181 471 Ea
193 445 327 472 desiderat
338 445 588 476 nomenclationem,
602 445 771 475 blanditiam,
785 446 854 470 assi-

55 482 407 518 duitatem,benignitatem,
417 491 561 513 rumorem,
575 491 651 517 spem
664 483 691 508 in
703 482 852 517 republica.

55 521 96 546 42.
118 520 238 546 Primum
254 520 291 551 id,
305 520 377 555 quod
389 519 464 551 facis,
478 524 507 546 ut
518 520 641 546 bomines
653 521 734 550 noris,
749 519 854 555 signifi-

54 565 94 588 ca,
107 561 137 583 ut
147 561 286 592 appareat:
300 562 325 584 et
336 566 414 593 auge,
430 562 459 583 ut
470 557 590 592 quotidie
603 557 700 583 melius
712 557 764 583 fiat.

55 594 94 620 hil
111 594 180 620 mihi
196 599 249 620 tam
266 594 408 629 populare,
432 603 519 629 neque
536 599 589 620 tam
607 600 714 629 gratum
736 594 852 620 videtur.

54 631 156 658 Deinde
168 631 194 658 id
203 652 209 663 ,
225 631 298 666 quod
310 636 403 658 natura
415 641 467 658 non
480 631 577 663 habeS,
595 631 677 658 induc
694 633 720 657 in
732 632 852 657 animum

55 669 91 695 ita
103 668 288 695 simulandum
300 678 367 700 esse,
385 674 413 696 ut
425 675 518 696 natura
531 668 616 695 facere
628 669 746 695 videare.

55 706 168 732 comitas
179 706 228 732 tibi
240 715 291 733 non
303 706 378 733 deest
388 715 431 738 ea,
454 715 523 741 quae
535 706 604 733 bono
616 716 645 732 ac
656 707 734 732 suavi
747 706 854 732 bomine

55 743 138 779 digna
149 748 198 770 est.
220 744 272 770 Sed
283 753 351 778 opus
363 749 403 770 est
417 753 514 779 magno
525 753 604 778 opere
616 744 756 774 blanditia,
773 752 851 778 quae,

56 781 136 807 etiam
152 781 175 807 si
191 781 287 808 vitiosa
302 786 342 808 est
357 786 382 808 et
397 782 484 817 turpis
497 782 524 807 in
536 786 621 807 cetera
638 782 704 812 vita,
726 786 814 807 tamen
827 781 852 806 in

55 818 184 853 petitione
204 823 244 845 est
260 820 422 845 necessaria.
462 819 568 845 Etenim
588 828 673 853 quum
695 818 854 844 deteriorem

55 855 175 890 aliquem
196 856 356 882 assentando
378 856 452 887 facit,
475 861 534 882 tum
555 856 677 890 improba
693 861 745 881 est:
769 864 854 890 quum

56 893 221 924 amiciorem,
235 902 286 920 non
298 899 350 920 tam
362 893 555 928 vituperanda,
568 893 675 928 petitori
687 902 750 919 vero
762 901 855 919 neces-

55 930 126 956 saria
142 935 195 961 est,
213 932 292 957 cuius
308 936 333 957 et
349 931 421 957 frons
433 936 458 957 et
470 930 561 957 vultus
571 935 597 956 et
607 939 694 956 sermo
706 930 739 956 ad
750 939 852 960 eorum,
883 938 884 941 ¹

55 976 243 1003 quoscumque
254 969 422 999 convenerit,
445 977 555 994 sensum
567 972 592 994 et
606 968 769 994 voluntatem
781 976 856 993 com-

56 1005 202 1031 mutandus
214 1010 263 1032 est.
305 1007 345 1032 43.
365 1006 419 1032 [am
431 1005 598 1032 assiduitatis
610 1005 716 1031 nullum
727 1010 766 1031 est
779 1013 856 1039 prae-

55 1047 177 1077 ceptum;
191 1043 306 1069 verbum
318 1044 408 1078 ipsum
420 1043 509 1074 docet,
527 1051 596 1078 quae
609 1051 649 1068 res
660 1043 704 1069 sit.
746 1042 856 1068 Prodest

55 1080 167 1115 quidem
180 1080 365 1112 vehementer,
383 1089 518 1115 nusquam
533 1080 684 1112 discedere,
707 1080 754 1106 sed
767 1084 855 1106 tamen

55 1117 101 1144 hic
113 1117 216 1144 fructus
227 1122 268 1144 est
278 1118 455 1149 assiduitatis,
469 1127 522 1144 non
536 1117 623 1144 solum
636 1126 694 1144 esse
707 1118 804 1143 Romae
816 1122 856 1143 at-

55 1163 110 1190 que
122 1155 149 1182 in
161 1154 231 1187 foro,
250 1155 297 1182 sed
308 1155 417 1182 assidue
428 1160 532 1190 petere,
550 1164 629 1190 saepe
642 1155 750 1182 eosdem
762 1154 856 1189 appel-

56 1192 124 1224 lare,
148 1201 200 1219 non
221 1193 402 1224 committere,
430 1197 458 1219 ut
478 1193 625 1228 quisquam
645 1194 730 1227 possit
750 1192 853 1218 dicere:

55 1229 145 1265 quoad
157 1230 215 1256 eius
230 1231 278 1261 sit,
292 1231 422 1265 consequi
434 1231 536 1265 possis,
550 1231 573 1256 si
585 1230 633 1256 abs
645 1235 668 1256 te
682 1228 755 1266 [non]
768 1231 803 1256 sit
814 1238 857 1255 ro-

55 1272 158 1303 gatum,
172 1272 198 1293 et
210 1267 287 1294 valde
300 1276 329 1294 ac
341 1267 486 1303 diligenter
497 1272 629 1303 rogatum.
671 1269 711 1294 44.
728 1267 857 1302 Benigni-

55 1309 95 1332 tas
107 1310 196 1331 autem
209 1305 260 1332 late
271 1310 354 1340 patet;
369 1310 395 1332 et
405 1310 445 1331 est
456 1306 517 1331 inre
531 1305 669 1337 familiari,
684 1313 857 1340 quaequam-

55 1351 137 1377 quam
152 1342 185 1369 ad
197 1342 398 1369 multitudinem
410 1343 552 1377 pervenire
565 1352 615 1369 non
624 1347 718 1377 potest,
728 1341 856 1368 tamenab

56 1380 150 1406 amicis
171 1380 308 1411 laudatur,
333 1379 378 1417 [et]
401 1379 570 1406 multitudini
588 1385 662 1415 grata
676 1385 725 1406 est.
766 1380 813 1406 Est
829 1380 856 1405 in

55 1418 203 1450 conviviis,
226 1426 295 1453 quae
312 1417 390 1444 facito
407 1423 432 1444 et
443 1418 491 1444 abs
502 1422 525 1444 te
538 1422 563 1444 et
574 1418 607 1444 ab
621 1418 716 1443 amicis
728 1418 781 1443 tuis
793 1426 857 1443 con-

55 1454 224 1482 celebrentur
239 1460 265 1481 et
276 1456 391 1490 passim,
408 1460 433 1481 et
448 1455 584 1482 tributim:
608 1460 648 1481 est
658 1456 738 1481 etiam
754 1455 780 1481 in
792 1463 857 1489 ope-

55 1501 97 1525 ra;
111 1501 193 1527 quam
206 1493 336 1529 pervulga
348 1498 373 1519 et
384 1493 567 1523 communica;
582 1501 710 1527 curaque,
727 1497 755 1518 ut
767 1492 855 1518 aditus

56 1530 90 1556 ad
101 1534 125 1556 te
136 1530 227 1556 diurni
239 1531 416 1565 nocturnique
429 1535 544 1564 pateant,
554 1539 641 1565 neque
652 1530 740 1556 solum
753 1529 855 1555 foribus

56 1567 164 1594 aedium
180 1572 301 1599 tuarum,
324 1568 371 1594 sed
388 1569 467 1594 etiam
484 1567 560 1594 vultu
573 1576 602 1594 ae
614 1567 712 1598 fronte.
736 1576 804 1602 quae
816 1571 856 1593 est

56 1606 140 1631 animi
153 1606 242 1632 ianua.
283 1606 356 1637 Quae
367 1605 390 1631 si
403 1605 547 1641 significat,
561 1605 725 1631 voluntatem
736 1604 855 1631 abditam

56 1651 115 1669 esse
127 1651 157 1669 ac
169 1648 314 1674 retrusam,
333 1643 410 1677 parvi
423 1642 501 1668 refert
513 1647 601 1677 patere
613 1643 722 1669 ostium.
764 1643 856 1668 Homi-

56 1688 104 1707 nes
116 1681 188 1706 enim
201 1689 252 1707 non
269 1680 348 1707 modo
360 1681 478 1714 promitti
493 1680 561 1711 sibi,
584 1680 742 1714 praesertim
758 1679 855 1714 quoda

55 1717 198 1744 candidato
212 1722 311 1752 petant,
320 1718 453 1744 sedetiam
463 1718 534 1753 large
546 1722 624 1752 atque
637 1717 782 1743 honorilice
794 1726 856 1752 pro-

56 1756 127 1781 mitti
143 1755 246 1782 volunt.
288 1757 329 1782 45.
351 1754 438 1787 Quare
456 1755 504 1781 boc
519 1754 630 1790 quidem
649 1754 725 1781 facile
748 1763 857 1789 praece—

57 1797 132 1827 ptum
144 1797 192 1824 est,
206 1797 243 1824 ut,
252 1792 324 1827 quod
336 1797 444 1819 acturus
456 1793 503 1823 sis,
512 1793 538 1818 id
551 1792 688 1827 significes
700 1797 723 1818 te
735 1792 855 1818 studiose

57 1871 173 1902 tempus,
182 1876 262 1902 quam
276 1867 308 1893 ad
321 1872 442 1894 naturam
454 1867 774 1898 accommodatumtuam,
783 1866 855 1901 quod

57 1903 143 1931 facere
157 1913 209 1931 non
226 1905 328 1939 possis,
350 1909 380 1931 ut
394 1904 421 1930 id
435 1909 480 1931 aut
496 1904 614 1931 iucunde
631 1903 794 1940 [promittas.
812 1908 857 1930 aut

57 1940 184 1978 ingenue]
197 1950 288 1977 neges
329 1941 448 1974 Quorum
460 1941 573 1968 alterum
584 1947 624 1968 est
637 1942 699 1968 boni
712 1942 776 1973 viri.
791 1941 857 1968 altc-

57 1988 117 2005 rum
129 1979 192 2005 boni
205 1979 335 2014 petitoris.
377 1979 443 2005 Nam
455 1987 540 2013 quum
554 1979 579 2005 id
593 1979 705 2013 petitur,
723 1979 796 2014 quod
808 1979 857 2005 ho-

57 2021 131 2043 neste
142 2021 188 2043 aut
197 2017 255 2042 sine
267 2016 427 2043 detrimento
439 2021 527 2042 nostro
539 2017 692 2050 promittere
700 2025 750 2042 non
759 2025 857 2051 possu-

57 2062 132 2085 mus,
149 2054 212 2089 (quo
228 2053 318 2084 modo,
337 2055 359 2079 si
371 2054 418 2088 qui
431 2058 518 2089 roget,
537 2058 666 2079 utcontra
678 2054 795 2079 amicum
807 2053 857 2079 ali-

56 2099 138 2126 quem
154 2100 277 2117 caussam
294 2091 479 2125 recipiamus.)
495 2090 564 2116 bellc
581 2090 735 2126 negandum
752 2095 804 2121 est=
828 2096 857 2117 ut

56 2128 182 2156 ostendas
199 2129 441 2159 necessitudinem,
465 2128 632 2154 demonstres
647 2137 729 2162 quam
746 2128 856 2154 moleste

57 2165 141 2198 seras,
159 2165 219 2193 aliis
237 2171 260 2192 te
277 2165 324 2202 [id]
338 2166 419 2192 rebus
429 2170 599 2192 exsarturum
612 2174 670 2191 esse
681 2165 854 2200 persuadeas.

56 2203 116 2230 XII.
139 2205 179 2230 46.
201 2203 302 2230 Audivi
318 2203 367 2230 boc
380 2203 469 2229 dicere
484 2203 629 2238 quemdam
642 2202 674 2228 de
689 2202 855 2237 quibusdam

56 2241 221 2271 oratoribus,
238 2241 270 2267 ad
282 2249 350 2276 quos
361 2249 484 2266 caussam
497 2249 574 2266 suam
585 2240 739 2271 detulisset,
757 2241 856 2275 gratio-

57 2286 113 2304 rem
124 2278 178 2304 sibi
189 2278 335 2304 orationem
348 2277 432 2304 fuisse
444 2278 512 2308 eius=
521 2278 569 2312 qui
582 2282 714 2313 negasset,
728 2286 809 2312 (luam
824 2277 857 2303 il—

57 2314 125 2346 lius,
149 2316 197 2350 qui
213 2315 367 2349 recepisset.
407 2315 452 2341 Sic
469 2315 591 2341 homines
608 2315 692 2341 fronte
702 2320 727 2341 et
738 2316 856 2341 oratione

57 2353 153 2388 magis,
167 2361 248 2387 quam
262 2353 320 2386 ipso
332 2352 461 2378 beneficio
473 2360 555 2387 reque
567 2353 720 2387 capiuntur.
758 2353 855 2378 Verum

57 2389 107 2417 hoc
119 2389 258 2425 probabile
269 2394 322 2416 est:
346 2389 414 2416 illud
429 2389 543 2416 alterum
554 2389 706 2415 subdurum
720 2389 783 2420 tibi,
808 2389 855 2415 bo—

57 2427 123 2453 mini
135 2427 279 2458 Platonico,
293 2426 419 2453 suadere:
438 2427 486 2452 sed
499 2431 585 2453 tamen
603 2427 714 2461 tempori
733 2431 776 2452 tuo
792 2435 856 2452 cou-

57 2464 154 2491 sulam.
195 2464 301 2496 Quibus
315 2464 387 2490 enim
400 2468 423 2490 te
435 2468 542 2498 propter
553 2463 662 2498 aliquod
674 2464 794 2490 officium
810 2472 856 2490 ne-

56 2501 231 2528 cessitudinis
243 2501 388 2527 affuturum
400 2502 520 2536 negaris,
544 2506 631 2527 tamen
650 2501 666 2527 ii
684 2501 856 2535 possuntabs

57 2543 82 2566 te
98 2538 194 2574 placati
211 2539 345 2573 aequique
360 2537 512 2569 discedere;
535 2538 638 2572 quibus
654 2543 742 2564 nutem
756 2538 855 2564 ideireo

57 2577 172 2612 negaris,
181 2576 284 2611 quodte
292 2575 452 2610 impeditum
463 2583 522 2601 esse
536 2575 639 2601 dixeris
650 2581 695 2601 aut
707 2576 854 2601 ainicorum

57 2613 197 2640 bominum
215 2613 343 2648 negotiis,
366 2617 412 2639 aut
426 2612 597 2648 gravioribus
612 2613 717 2638 caussis
733 2617 793 2638 ante
808 2621 856 2638 su-

57 2651 165 2685 sceptis,
179 2651 284 2676 inimici
295 2649 448 2680 discedunt,
459 2658 607 2684 omnesque
620 2649 668 2676 boc
680 2651 770 2676 animo
781 2654 853 2680 sunt,

58 2692 86 2715 ut
97 2687 150 2714 sibi
163 2692 186 2714 te
198 2688 306 2714 mentiri
317 2687 419 2719 malint,
433 2696 514 2722 quam
528 2695 634 2723 negare.
677 2687 714 2713 47.
727 2686 756 2713 C.
770 2687 853 2717 Cotta,

806 557 854 582 Ni-
874 555 875 572 ³

787 670 853 694 Nam
874 679 876 687 ι

1635 155 1698 180 ⁴367

904 222 931 247 in
943 221 1089 248 ambitione
1101 221 1205 252 artifex,
1219 221 1308 247 dicere
1319 220 1434 253 solebat,
1451 231 1479 248 se
1490 231 1598 257 operam
1611 232 1697 255 suam,

904 258 992 293 quoad
1009 268 1060 285 non
1076 264 1165 285 contra
1180 258 1299 285 officium
1315 264 1464 294 rogaretur,
1481 259 1603 294 polliceri
1615 260 1700 287 solere

904 296 1045 327 omnibus,
1065 297 1200 331 impertire
1213 297 1259 327 iis,
1277 297 1349 331 apud
1361 306 1428 332 quos
1439 298 1539 331 optime
1553 299 1616 332 poni
1628 298 1701 324 arbi—

905 338 1030 359 traretur:
1049 333 1109 360 ideo
1120 342 1148 360 se
1160 334 1261 360 nemini
1273 342 1382 369 negare,
1395 334 1467 369 quod
1478 344 1557 370 saepe
1569 335 1702 362 accideret

905 379 1009 401 caussa,
1022 380 1070 397 cur
1082 372 1114 402 is,
1128 372 1171 397 cui
1183 370 1320 405 pollicitus
1331 376 1409 403 esset,
1424 381 1476 398 non
1488 377 1618 399 uteretur:
1642 382 1701 399 sae-

904 417 947 442 pe,
962 413 990 434 ut
1001 409 1058 442 ipse
1069 409 1156 444 magis
1167 414 1237 434 esset
1249 417 1358 440 vacuus,
1372 418 1453 444 quam
1464 415 1597 444 putasset:
1614 419 1700 445 neque

905 454 983 479 posse
995 445 1106 471 domum
1118 447 1176 472 eius
1187 446 1381 481 compleri,qui
1395 452 1495 473 tantum
1508 447 1586 473 modo
1597 448 1701 482 recipe-

906 488 956 513 ret,
980 487 1110 517 quantum
1126 483 1229 510 videret
1245 492 1273 509 se
1287 483 1361 510 obire
1379 493 1469 518 posse:
1493 493 1556 511 casu
1579 484 1649 515 fieri,
1672 489 1702 511 ut

906 525 1018 555 agantur
1028 529 1068 551 ea,
1081 529 1150 555 quae
1164 529 1216 546 non
1229 522 1343 555 putaris;
1362 521 1422 552 illa,
1435 530 1504 556 quae
1514 521 1661 548 credideris
1674 522 1701 548 in

906 557 1032 583 manibus
1044 566 1112 588 esse,
1129 563 1157 584 ut
1168 558 1257 592 aliqua
1270 558 1302 584 de
1314 567 1408 584 caussa
1420 568 1471 585 non
1484 565 1609 594 agantur:
1623 559 1702 585 dein-

905 595 938 620 de
949 603 1007 620 esse
1022 600 1182 625 extremum,
1195 600 1223 621 ut
1236 596 1364 622 irascatur
1376 597 1408 626 is,
1420 597 1464 622 cui
1477 596 1647 622 mendacium
1659 596 1702 622 di-

906 632 988 658 xeriS.
1024 633 1065 658 48.
1088 632 1115 658 ld
1127 633 1149 658 si
1162 633 1309 667 promittas,
1323 638 1348 659 et
1360 633 1490 659 incertum
1503 639 1543 660 est
1553 639 1578 660 et
1591 634 1616 659 in
1628 634 1702 659 diem

905 674 931 695 et
942 670 969 695 in
980 670 1167 704 paucioribus,
1182 670 1223 696 sin
1236 675 1324 696 autem
1337 679 1426 705 neges,
1435 676 1460 697 et
1471 676 1540 697 certe
1553 671 1699 701 abalienes.

906 707 1039 738 etstatim,
1053 712 1078 733 et
1089 706 1189 741 plures.
1232 707 1323 734 Plures
1334 709 1405 733 enim
1418 708 1500 734 multo
1512 713 1583 739 sunt,
1600 709 1647 743 qui
1660 717 1702 734 ro-

905 748 982 779 gant,
1001 745 1078 770 ututi
1091 744 1257 778 liceatopera
1270 744 1392 775 alterius.
1416 754 1496 780 quam
1513 746 1561 780 qui
1578 750 1699 772 utuntur.

906 782 992 813 Quare
1009 782 1093 808 satius
1110 786 1149 808 est
1164 790 1198 808 ex
1214 783 1246 807 iis
1262 782 1367 816 aliquos
1383 782 1528 817 aliquando
1543 784 1568 808 in
1585 783 1640 809 foro
1653 782 1701 808 tibi

906 819 995 849 irasci,
1007 828 1088 853 quam
1099 828 1192 845 omnes
1204 820 1330 845 continuo
1340 819 1426 849 domi;
1448 821 1604 854 praesertim
1616 828 1701 854 quum

907 856 991 882 multo
1003 857 1089 891 magis
1102 857 1250 882 irascantur
1262 857 1304 886 iis,
1313 858 1360 891 qui
1369 862 1474 892 negent,
1483 866 1564 891 quam
1577 858 1610 887 ei,
1620 866 1701 891 quem

907 893 1016 919 videant
1028 895 1096 920 iusta
1110 902 1205 919 caussa
1217 893 1390 928 impeditum:
1406 899 1434 920 ut
1446 894 1540 925 facere,
1557 894 1629 929 quod
1641 903 1703 928 pro-

907 931 994 961 misit,
1008 932 1112 965 cupiat,
1130 932 1153 957 si
1164 930 1219 957 ullo
1231 931 1309 957 modo
1321 932 1413 965 possit.
1456 932 1496 958 49.
1518 932 1554 958 Ac
1567 940 1598 958 ne
1612 931 1703 957 videar

907 968 1045 994 aberrasse
1056 977 1069 994 a
1080 968 1269 994 distributione
1282 977 1353 1000 mea,
1371 969 1418 1003 qui
1436 968 1499 994 haec
1516 970 1543 995 in
1556 969 1604 995 bac
1616 977 1704 1003 popu-

908 1005 956 1031 lari
968 1010 1041 1039 parte
1053 1006 1189 1039 petitionis
1201 1005 1347 1040 disputem,
1356 1006 1405 1031 boc
1412 1014 1522 1040 sequor;
1538 1006 1602 1032 baec
1613 1006 1702 1032 omnia

908 1051 960 1069 non
973 1047 1025 1068 tam
1040 1043 1073 1069 ad
1085 1043 1231 1069 amicorum
1244 1043 1342 1073 studia,
1355 1052 1436 1078 quam
1451 1043 1483 1069 ad
1496 1043 1652 1078 popularem
1666 1043 1704 1069 fa-

908 1089 979 1106 mam
991 1081 1133 1115 pertinere.
1170 1080 1227 1106 Etsi
1240 1081 1309 1106 inest
1320 1080 1424 1115 aliquid
1436 1089 1469 1106 ex
1480 1080 1525 1107 illo
1536 1089 1642 1115 genere,
1657 1080 1705 1106 be-

909 1119 989 1153 nigne
1001 1117 1175 1152 respondere,
1191 1117 1311 1144 studiose
1325 1118 1454 1144 inservire
1467 1119 1580 1153 negotiis
1592 1126 1621 1143 ac
1633 1118 1705 1152 peri—

907 1156 977 1181 culis
989 1156 1150 1186 amicorum,
1165 1160 1252 1181 tamen
1267 1155 1382 1181 hocloco
1394 1164 1422 1181 ea
1434 1155 1507 1185 dieo,
1520 1155 1622 1190 quibus
1635 1154 1705 1180 mul-

909 1193 1051 1219 titudinem
1064 1201 1157 1227 rapere
1172 1193 1273 1227 possis,
1293 1197 1321 1218 ut
1332 1192 1364 1218 de
1377 1197 1451 1218 nocte
1462 1192 1559 1219 domus
1570 1191 1705 1227 complea-

909 1235 963 1263 tur3
988 1235 1017 1256 ut
1028 1230 1105 1256 multi
1117 1238 1164 1264 spe
1180 1231 1218 1256 tui
1235 1229 1363 1264 praesidii
1380 1235 1533 1260 teneantur,
1551 1235 1580 1256 ut
1595 1230 1706 1255 amicio-

908 1277 950 1294 res
962 1267 1009 1294 abs
1022 1272 1045 1294 te
1057 1267 1210 1297 discedant,
1224 1276 1304 1302 quam
1317 1268 1490 1298 accesserint,
1510 1272 1539 1293 ut
1550 1276 1631 1302 quam
1644 1266 1706 1302 plu-

909 1306 1038 1331 rimorum
1051 1313 1128 1331 aures
1139 1305 1241 1339 optimo
1253 1313 1374 1331 sermone
1386 1304 1581 1339 compleantur.

963 1342 1032 1368 Xlll.
1055 1344 1096 1368 50.
1118 1342 1245 1377 Sequitur
1257 1343 1343 1373 enim,
1358 1347 1386 1368 ut
1397 1342 1429 1368 de
1441 1350 1546 1368 rumore
1558 1341 1705 1367 dicendum

908 1381 956 1406 sit:
969 1381 1012 1406 cui
1026 1380 1142 1406 maxime
1154 1379 1327 1406 serviendum
1340 1385 1389 1406 est.
1415 1379 1467 1405 Sed
1481 1388 1550 1414 quae
1562 1379 1631 1405 dieta
1643 1384 1706 1405 sunt

908 1418 980 1444 omni
993 1418 1131 1452 superiore
1142 1418 1273 1448 oratione,
1287 1417 1380 1443 eadem
1393 1417 1425 1443 ad
1438 1426 1571 1443 rumorem
1583 1416 1705 1442 concele-

909 1455 1040 1481 brandum
1058 1455 1158 1481 valent:
1182 1454 1290 1481 dicendi
1307 1454 1378 1485 laus,
1395 1454 1483 1481 studia
1499 1454 1704 1489 publicanorum

907 1498 933 1519 et
953 1493 1086 1527 equestris
1107 1492 1223 1522 ordinis,
1251 1492 1391 1518 bominum
1413 1491 1544 1518 nobilium
1571 1491 1704 1521 voluntas,

908 1529 1168 1556 adolescentulorum
1187 1529 1349 1564 frequentia3
1367 1538 1473 1559 eorum,
1489 1531 1536 1564 qui
1553 1529 1601 1555 abs
1618 1534 1641 1554 te
1658 1528 1705 1554 de-

909 1568 976 1594 fensi
993 1572 1069 1597 sunt,
1090 1567 1248 1598 assiduitas,
1272 1576 1305 1593 ex
1322 1567 1479 1601 municipiis
1497 1566 1641 1592 multitudo
1662 1574 1707 1592 eo·-

909 1614 976 1631 rum.
986 1614 1054 1639 quos
1066 1609 1109 1630 tua
1121 1613 1215 1631 caussa
1229 1605 1336 1630 venisse
1347 1609 1484 1638 appareat:
1499 1604 1565 1630 bene
1579 1609 1606 1629 ut
1619 1603 1707 1629 bomi-

909 1652 955 1668 nes
967 1651 1053 1672 nosse,
1067 1643 1178 1668 comiter
1190 1642 1333 1676 appellare,
1343 1641 1451 1667 assidue
1463 1650 1492 1667 ac
1504 1641 1648 1676 diligenter
1660 1649 1707 1675 pe-

909 1685 976 1710 tere,
995 1680 1144 1715 benignum
1158 1688 1186 1705 ac
1200 1679 1337 1705 liberalem
1350 1688 1408 1705 esse
1423 1679 1565 1713 loquantur
1576 1683 1601 1704 ct
1612 1678 1708 1704 existi-

909 1722 993 1749 ment,
1007 1717 1104 1743 domus
1116 1722 1144 1743 ut
1157 1716 1239 1743 multa
1253 1716 1511 1751 noctecompleatur:
1525 1717 1647 1741 omnium
1659 1724 1707 1751 gc-

908 1763 1002 1781 uerum
1016 1754 1164 1789 frequentia
1176 1754 1260 1785 adsit,
1275 1754 1385 1780 satisfiat
1397 1754 1514 1779 oratione
1524 1753 1651 1779 omuibus
1661 1774 1666 1782 ,
1681 1761 1706 1778 re

884 1799 885 1802 ’
907 1801 1042 1827 operaque
1055 1791 1161 1822 multis;
1186 1792 1340 1826 perficiatur
1352 1791 1392 1820 id,
1408 1791 1481 1826 quod
1499 1791 1555 1817 lieri
1572 1796 1656 1825 potest
1671 1790 1707 1815 la-

56 1838 86 1856 ac
99 1829 213 1856 libenter
223 1838 282 1856 esse
295 1829 441 1862 facturum3
456 1829 523 1856 illud
535 1829 676 1856 dislicilius
688 1834 713 1856 et
725 1830 811 1865 magis
823 1829 855 1855 ad
885 1838 886 1851 ι

885 1876 886 1885 ¹
907 1867 1035 1893 omnibus
1048 1866 1116 1893 fama
1129 1867 1282 1901 perveniat,
1296 1866 1342 1892 sed
1355 1871 1383 1892 ut
1396 1867 1421 1892 in
1435 1867 1468 1892 iis
1480 1866 1578 1892 studiis
1591 1865 1707 1899 populus

911 1830 972 1855 bore
989 1834 1014 1855 et
1029 1834 1083 1855 arte
1099 1838 1129 1855 ac
1143 1828 1297 1864 <lingonum
1321 1838 1372 1855 nou
1390 1834 1418 1855 ut
1434 1828 1466 1854 ad
1484 1827 1612 1863 populum
1629 1828 1661 1853 ab
1675 1828 1707 1853 iis

910 1905 966 1939 ipse
980 1909 1110 1931 versetur.
1151 1906 1192 1930 5¹.
1211 1905 1264 1929 lam
1277 1904 1406 1930 urbanam
1420 1903 1492 1929 illam
1505 1903 1706 1929 multitudinem

908 1947 934 1968 et
947 1951 1038 1968 eorum
1052 1942 1154 1971 studia,
1173 1942 1220 1976 qui
1232 1942 1374 1967 conciones
1387 1946 1488 1970 tenent,
1507 1940 1621 1974 adeptus
1637 1948 1665 1964 es
1681 1940 1706 1965 in

909 1980 1036 2014 Pompeio
1047 1979 1176 2009 ornando,
1191 1979 1291 2004 Manilii
1304 1988 1398 2004 caussa
1411 1978 1574 2012 recipienda,
1586 1976 1708 2003 Cornelio

908 2016 1090 2044 defendendo:
1105 2016 1245 2043 excitanda
1259 2016 1336 2042 nobis
1347 2021 1419 2046 sunt,
1431 2024 1501 2050 qliae
1513 2015 1601 2041 adbuc
1615 2015 1709 2040 babuit

909 2063 996 2083 nemo,
1010 2055 1076 2089 quin
1089 2054 1160 2080 idem
1173 2053 1378 2088 splemlidorum
1388 2055 1396 2065 ’
1411 2053 1550 2078 bominum
1560 2052 1707 2078 voluntates

910 2091 1029 2117 baberet.
1070 2091 1250 2117 Efficiendum
1265 2091 1345 2117 etiam
1362 2090 1444 2119 illud,
1468 2095 1494 2116 ut
1507 2091 1592 2115 sciant
1603 2098 1705 2116 omnes.

909 2129 957 2154 Cn.
971 2128 1091 2162 Pompeii
1104 2137 1239 2154 sumniam
1251 2136 1310 2154 esse
1323 2137 1383 2163 erga
1397 2132 1420 2153 te
1434 2127 1610 2154 voluntatem.
1625 2132 1649 2152 et
1663 2135 1707 2151 xe-

909 2166 1047 2191 bemeuter
1057 2165 1090 2191 ad
1104 2165 1177 2191 illius
1190 2166 1319 2194 rationes,
1334 2169 1357 2190 te
1371 2164 1396 2190 id
1407 2165 1529 2199 assequi.
1543 2163 1614 2198 quod
1628 2164 1705 2197 petis.

909 2203 1052 2237 pertinere.
1093 2203 1135 2228 5¹²2.
1159 2203 1294 2228 l’ostremo
1311 2206 1360 2227 tota
1376 2202 1468 2236 petitio
1480 2210 1541 2226 eura
1556 2207 1581 2226 ut
1595 2209 1707 2234 pompae

909 2240 986 2274 plena
999 2240 1047 2269 sit,
1061 2244 1090 2265 ut
1105 2238 1232 2268 illustris.
1252 2244 1279 2265 ut
1291 2238 1449 2272 splendida.
1469 2244 1495 2264 ut
1509 2238 1659 2272 popularis.
1680 2242 1706 2262 ut

910 2277 1005 2303 babeat
1015 2285 1150 2302 summam
1163 2276 1281 2310 speciem
1297 2284 1326 2301 ac
1341 2275 1514 2311 dignitatem:
1534 2281 1573 2302 ut.
1592 2276 1671 2300 etiam
1684 2275 1706 2300 si

907 2323 960 2349 qua
973 2315 1066 2348 possit,
1076 2323 1108 2340 ue
1120 2313 1342 2347 competitoribus
1356 2315 1408 2338 tuis
1420 2314 1530 2338 exsistat
1542 2318 1585 2337 aut
1598 2312 1707 2337 sceleris

908 2356 953 2378 aut
975 2350 1099 2377 libidinis
1114 2355 1159 2376 aut
1176 2350 1325 2385 largitionis
1341 2350 1538 2375 aceonunodata
1560 2349 1592 2374 ad
1614 2358 1705 2374 eorum

909 2397 995 2414 mores
1007 2387 1128 2414 iufamia.
1160 2389 1202 2413 53.
1223 2389 1308 2421 Atque
1319 2387 1398 2413 etiam
1412 2388 1437 2412 in
1451 2387 1499 2412 bac
1511 2387 1637 2421 petitione
1650 2395 1707 2411 ma-

909 2427 980 2452 xime
996 2425 1144 2451 videndum
1156 2430 1204 2454 est.
1222 2429 1249 2450 ut
1261 2433 1323 2458 spes
1335 2424 1500 2458 reipublicae
1513 2424 1580 2449 bona
1593 2423 1625 2448 de
1638 2429 1661 2449 te
1673 2424 1707 2449 sit

907 2468 932 2489 et
945 2463 1053 2488 bonesta
1066 2463 1170 2497 opinio,
1186 2470 1234 2488 nec
1246 2466 1333 2487 tamen
1347 2462 1372 2486 iu
1382 2461 1495 2495 petendo
1503 2460 1655 2495 respublica
1663 2470 1705 2485 ea⁴

908 2500 1040 2535 pessenda
1052 2505 1101 2530 est,
1116 2507 1202 2534 neque
1216 2499 1241 2524 iu
1253 2503 1357 2527 senatu,
1366 2507 1453 2533 neqiw
1465 2499 1490 2524 in
1503 2499 1644 2524 ‹ami-ione:
1659 2497 1705 2523 sed

909 2538 973 2563 baec
986 2537 1034 2563 tibi
1047 2542 1110 2563 suut
1123 2536 1260 2562 retinenda
1269 2557 1274 2564 ,
1288 2541 1314 2561 ut
1327 2541 1466 2561 senatus-te
1478 2536 1652 2561 existimetex
1664 2544 1704 2563 eo,

907 2575 979 2609 quud
997 2575 1030 2600 ita
1048 2574 1164 2602 vixeris.
1185 2573 1352 2598 defensorem
1369 2574 1533 2598 auctoritatis
1552 2581 1616 2598 suae
1636 2572 1703 2600 form

907 2613 1012 2647 equites
1025 2612 1146 2639 llomaui,
1155 2616 1179 2636 et
1192 2611 1241 2636 viri
1254 2610 1315 2635 boni
1328 2619 1357 2635 ac
1371 2609 1526 2644 locupletes,
1539 2618 1572 2636 ex
1585 2611 1637 2636 vitu
1650 2615 1705 2636 acta

908 2654 931 2675 te
942 2648 1095 2675 studiosum
1111 2649 1158 2673 otii
1173 2656 1202 2672 ae
1215 2656 1303 2673 rerum
1317 2647 1537 2682 tranquillarum,
1561 2647 1706 2673 multitudo

907 2695 939 2712 ex
954 2695 1000 2717 co,
1016 2685 1088 2721 quod
1101 2685 1238 2710 dmutaxat
1254 2685 1371 2710 oratione
1387 2685 1413 2711 in
1425 2685 1552 2711 concione
1563 2694 1593 2711 ae
1607 2685 1706 2711 iudicio
