1941 3052
465 159 652 187 ORATIO
683 159 774 187 PRO
806 160 835 186 P.
870 159 1038 186 SULLA.

1074 160 1311 186 CAP.i—4.
1662 163 1711 188 443

65 232 136 263 rius.
153 230 270 262 iudices,
288 231 466 262 existimavit,
485 231 507 257 si
522 235 639 258 nostram
656 231 683 257 in
695 231 862 257 accusatione
882 230 885 253 l
914 230 985 257 blica
1004 231 1153 266 principes,
1175 230 1335 258 defuerunt?
1357 231 1441 258 immo
1460 232 1539 258 etiam
1560 232 1712 259 testimonio

65 277 114 296 sua
130 269 315 296 necessitatem
331 267 593 304 familiaritatemque
608 268 742 300 violasset,
759 268 862 303 aliquid

65 315 95 333 se
114 306 148 333 de
167 306 322 333 auctoritate
342 314 416 332 meae
436 305 601 332 defensionis
617 314 695 340 posse
708 305 861 332 detrahere:

64 352 127 371 cum
142 343 225 370 huius
240 343 353 378 periculi
370 343 570 378 propulsatione
589 344 751 379 coniungam
771 343 865 369 defen-

65 382 168 408 sionem
187 380 269 408 officii
289 381 352 407 mei.
392 380 451 413 Quo
470 381 581 416 quidem
597 389 694 416 genere
709 389 761 407 non
776 385 864 407 uterer

65 419 201 450 orationis,
213 418 327 449 iudices,
340 418 390 445 hoc
401 423 532 453 tempore,
546 419 569 444 si
581 427 639 444 mea
651 418 740 445 solum
750 419 864 444 interes-

65 460 120 483 set:
136 455 231 482 multis
242 457 314 482 enim
326 456 393 482 mihi
405 456 470 482 locis
480 460 506 482 et
516 456 576 482 data
588 455 699 482 facultas
710 460 751 482 est
765 459 791 482 et
805 463 865 481 sae-

65 502 98 529 pe
109 493 225 525 dabitur,
238 493 272 520 de
283 502 341 519 mea
353 493 431 519 laude
442 493 559 519 dicendi.
600 493 666 524 Sed,
680 497 710 519 ut
720 493 779 524 ille,
792 492 865 519 iudi-

64 539 122 562 ces,
140 535 273 566 quantum
284 531 317 557 de
328 539 386 557 mea
397 531 551 557 auctoritate
566 530 743 565 deripuisset,
760 535 863 556 tantum

65 576 94 595 se
104 568 137 595 de
147 568 230 595 huius
241 568 384 603 praesidiis
399 568 604 594 deminuturum
620 568 738 602 putavit:
761 568 800 593 sic
816 567 865 593 hoc

65 614 114 643 ego
124 607 224 637 sentio,
243 607 265 632 si
282 606 335 632 mei
357 605 419 632 facti
435 606 564 632 rationem
579 605 657 632 vobis
672 605 865 631 constantiam-

64 652 119 680 que
134 644 216 670 huius
231 643 313 670 officii
331 651 361 669 ac
376 643 540 670 defensionis
556 643 717 678 probavero,
740 650 863 668 caussam

64 690 174 717 quoque
184 689 226 707 me
236 681 266 707 P.
279 680 370 707 Sullae
381 681 566 715 probaturum.
601 682 625 706 3.
638 680 676 706 Ac
686 679 804 715 primum
817 679 864 705 abs

65 723 90 746 te
101 718 184 750 illud,
198 719 228 745 L.
241 719 385 753 Torquate,
399 726 512 752 quaero,
529 726 577 744 cur
587 726 630 743 me
640 726 654 743 a
664 717 759 743 ceteris
771 716 864 743 claris-

65 757 144 783 simis
159 756 225 782 viris
236 764 266 782 ac
277 755 446 790 principibus
457 756 574 781 civitatis
584 755 612 781 in
624 755 674 781 hoc
684 754 773 781 officio
784 759 864 789 atque

65 794 93 820 in
104 793 269 820 defensionis
280 793 339 819 iure
349 801 482 819 secernas.
522 792 594 825 Quid
608 793 680 818 enim
696 796 749 823 est,
767 800 865 827 quam-

64 831 156 858 obrem
168 831 215 857 abs
226 835 251 857 te
262 830 433 863 Q.H0rtensii
444 829 553 861 factum,
566 829 711 856 clarissimi
721 830 773 856 viri
784 834 864 864 atque
885 859 886 862 Ἴ

65 869 229 896 ornatissimi
243 868 325 899 civis,
343 876 396 894 non
411 867 634 902 reprehendatur,
652 867 865 902 reprehendatur
885 879 886 882 ¹

66 905 175 933 meum‘?
185 906 252 932 Nam
264 906 287 932 si
298 905 396 932 initum
407 909 447 932 est
457 905 600 931 consilium
612 914 625 931 a
637 905 666 931 P.
674 904 748 931 Sulla
759 903 864 931 inflam-

65 943 178 970 mandae
187 943 318 975 civitatis,
335 943 418 969 huius
430 942 621 979 exstinguendi
632 943 753 977 imperii,
771 942 865 968 delen-

64 981 114 1008 dae
124 980 218 1014 Urbis3
239 981 308 1007 mihi
324 981 451 1007 maiorem
467 980 516 1007 hae
531 988 573 1006 res
588 979 720 1011 dolorem,
738 988 820 1015 quam
830 979 862 1012 Q.

64 1018 216 1049 Hortensio.
239 1018 307 1045 mibi
321 1018 409 1044 maius
423 1017 516 1044 odium
532 1017 623 1044 afferre
636 1017 753 1044 debent?
772 1026 863 1043 meum

65 1056 183 1091 denique
193 1056 304 1092 gravius
315 1064 375 1082 esse
385 1055 527 1086 iudicium,
540 1056 589 1090 qui
600 1055 769 1081 adiuvandus
779 1055 808 1081 in
820 1055 863 1081 his

64 1094 181 1125 caussis,
198 1094 246 1129 qui
257 1093 469 1129 oppugnandus,
486 1093 534 1128 qui
545 1092 745 1124 defendendus,
759 1093 805 1128 qui
817 1092 865 1118 de-

64 1131 195 1158 serendus
206 1139 266 1157 esse
276 1130 417 1157 videatur?
426 1132 472 1161 Ita,
486 1131 584 1165 inquit.
616 1131 656 1156 Tu
668 1131 739 1156 enim
750 1131 864 1156 investi-

64 1169 142 1206 gasti,
155 1173 184 1196 tu
198 1168 347 1204 patefecisti
358 1169 579 1195 coniurationem.
601 1168 633 1194 11.
648 1169 672 1194 4.
689 1167 766 1200 Quod
777 1176 864 1202 quum

64 1207 141 1238 dicit,
155 1215 207 1233 non
219 1206 344 1238 attendit,
357 1215 433 1238 eum,
447 1206 493 1241 qui
506 1205 672 1240 patefecerit,
685 1205 735 1232 hoc
744 1213 861 1237 curasse,

64 1248 95 1271 ut
113 1243 143 1271 id
162 1252 255 1271 omnes
271 1243 406 1274 viderent,
428 1243 501 1278 quod
517 1247 592 1269 antea
607 1242 703 1269 fuisset
717 1242 863 1269 occultum.

64 1282 152 1314 Quare
162 1282 212 1308 ista
223 1281 384 1312 coniuratio,
397 1281 419 1307 si
432 1280 561 1316 patefacta
572 1289 619 1315 per
631 1289 673 1307 me
684 1285 738 1311 est,
753 1285 805 1307 tam
818 1289 865 1315 pa-

65 1324 102 1346 tet
116 1319 269 1350 Hortensio,
287 1327 369 1353 quam
385 1318 462 1344 mihi.
503 1318 589 1350 Quem
606 1327 691 1353 quum
707 1318 799 1344 videas
816 1318 865 1344 hoc

65 1357 178 1388 honore,
196 1357 364 1387 auctoritate,
382 1357 494 1387 virtute,
516 1355 628 1382 consilio
644 1355 795 1390 praeditum
812 1364 864 1381 non

64 1394 216 1425 dubitasse,
243 1394 310 1428 quin
330 1394 498 1420 innocentem
517 1393 546 1418 P.
568 1392 672 1419 Sullam
693 1392 862 1419 defenderet:

63 1440 173 1468 quaero.
185 1440 242 1462 cur,
254 1431 302 1466 qui
314 1430 402 1457 aditus
414 1431 446 1457 ad
458 1439 580 1457 caussam
587 1430 727 1456 Hortensio
738 1431 863 1465 patuerit,

64 1469 132 1496 mihi
143 1468 306 1496 interclusus
318 1477 378 1495 esse
388 1468 521 1495 debuerit.
543 1467 647 1500 Quaero
658 1467 726 1494 illud
738 1468 827 1499 etiam,
841 1468 864 1494 si

64 1515 120 1538 me,
138 1507 185 1542 qui
201 1505 328 1537 defendo,
346 1505 597 1541 reprehendendum
613 1509 692 1540 putas
707 1513 779 1536 esse,
797 1505 864 1540 quid

64 1544 172 1571 tandem
187 1543 221 1570 de
236 1543 278 1570 his
294 1543 433 1570 existimes
448 1543 564 1569 summis
580 1543 646 1569 viris
662 1547 688 1569 et
706 1543 864 1569 clarissimis

63 1582 184 1613 civibus,
201 1589 317 1616 quorum
333 1581 423 1607 studio
438 1585 463 1607 et
477 1581 607 1615 dignitate
621 1579 750 1606 celebrari
762 1580 811 1606 boc
822 1581 865 1606 iu-

64 1619 180 1651 dicium,
202 1619 289 1646 ornari
305 1627 442 1650 caussam,
464 1618 573 1645 defendi
589 1617 672 1643 huius
684 1618 862 1645 innocentiam

63 1656 159 1684 vides?
177 1657 234 1683 Non
250 1657 322 1683 enim
338 1665 391 1683 una
406 1661 447 1683 est
464 1657 530 1682 ratio
545 1654 709 1682 defensionis
729 1665 772 1687 ea,
795 1663 864 1691 quae

64 1695 150 1730 posita
161 1698 202 1721 est
211 1695 239 1720 in
251 1695 378 1721 oratione.
419 1694 532 1724 Omnes,
545 1694 594 1729 qui
605 1693 716 1724 adsunt,
730 1694 777 1729 qui
791 1693 864 1720 labo-

64 1735 135 1764 rant,
151 1733 199 1767 qui
210 1731 318 1758 salvum
328 1731 436 1763 volunt,
453 1740 501 1767 pro
512 1740 560 1758 sua
573 1736 646 1766 parte
657 1735 737 1766 atque
748 1732 865 1757 auctori-

64 1774 117 1797 tate
126 1769 285 1796 defendunt.
316 1771 342 1796 5.
358 1769 399 1796 An
410 1778 482 1800 vero,
496 1770 523 1795 iu
535 1769 636 1804 quibus
647 1768 787 1795 subselliis
799 1769 864 1795 haec

63 1811 218 1835 ornamenta
233 1815 263 1834 ac
279 1806 381 1834 lumina
393 1806 557 1842 reipublicae
567 1806 701 1837 viderem,
719 1807 746 1833 in
764 1806 806 1833 his
821 1814 864 1832 me

64 1853 191 1880 apparere
203 1844 310 1876 nollem,
319 1853 434 1880 quorum
445 1853 494 1880 ego
505 1853 583 1879 opera
595 1844 673 1870 illum
685 1845 712 1870 in
726 1843 813 1870 locum
825 1848 864 1870 at-

64 1890 117 1918 que
127 1883 155 1909 in
167 1882 236 1909 hanc
246 1882 424 1909 celsissimam
437 1882 527 1909 sedem
539 1882 678 1918 dignitatis
690 1886 769 1917 atque
780 1881 865 1908 hono-

64 1919 102 1947 ris
125 1918 219 1946 multis
242 1920 310 1946 meis
333 1928 364 1946 ac
387 1920 492 1956 magnis
516 1919 653 1946 laboribus
676 1923 702 1946 et
724 1918 862 1954 periculis,

63 1955 266 1984 ascendissem?
285 1956 386 1992 Atque,
404 1962 433 1984 ut
449 1956 596 1993 intelligas,
615 1957 760 1992 Torquate,
781 1965 863 1992 quem

63 2002 188 2026 accuses,
210 1994 234 2020 si
248 1998 273 2020 te
287 1994 316 2020 id
331 1994 453 2026 offendit,
475 1995 548 2030 quod
564 2002 626 2030 ego,
647 1994 696 2029 qui
708 1994 757 2020 hoc
767 2003 864 2029 genere

63 2031 231 2068 quaestionis
245 2031 411 2058 defenderim
427 2033 577 2063 neminem,
594 2040 646 2058 non
661 2031 747 2058 desim
758 2032 788 2058 P.
801 2032 865 2059 Sul-

65 2068 119 2096 lae:
137 2068 274 2095 recordare
284 2068 317 2095 de
327 2069 435 2101 ceteris,
449 2078 517 2105 quos
529 2070 624 2096 adesse
635 2069 698 2095 lmic
710 2069 800 2096 vides:
822 2071 865 2097 in·-

65 2105 184 2143 telliges,
201 2110 227 2133 et
241 2105 274 2132 de
289 2106 339 2133 hoc
349 2106 418 2133 etde
429 2108 524 2134 ceteris
534 2107 665 2134 iudicium
678 2115 768 2134 meum
779 2111 805 2134 et
816 2107 865 2135 ho·-

64 2152 125 2171 rum
137 2152 184 2179 par
193 2147 274 2178 atque
286 2151 372 2170 unum
388 2143 482 2170 fuisse.
513 2146 538 2171 6.
559 2145 626 2177 Quis
643 2149 762 2171 nostrum
779 2145 865 2172 adfuit

64 2180 245 2218 vargunteio?
274 2181 371 2208 Nemo:
394 2190 426 2208 ne
448 2181 491 2208 hic
509 2182 619 2217 quidem
640 2182 673 2214 Q.
695 2183 862 2215 Hortensius,

65 2219 222 2255 praesertim
237 2219 284 2254 qui
299 2218 378 2245 illum
394 2218 469 2245 solus
481 2224 556 2246 antea
567 2219 600 2246 de
612 2220 715 2246 ambitu
726 2219 865 2247 defendis-

65 2260 115 2284 set.
137 2256 195 2283 Non
206 2257 280 2283 enim
291 2256 344 2282 iam
355 2265 384 2282 se
395 2255 451 2283 ullo
461 2256 548 2283 officio
558 2265 620 2284 cum
632 2257 679 2284 illo
689 2259 863 2285 coniunctum

65 2293 256 2325 arbitrabatur,
288 2302 374 2329 quum
399 2293 459 2325 ille,
490 2298 562 2321 tanto
585 2294 685 2322 scelere
707 2296 862 2328 commisso,

65 2331 186 2358 omnium
197 2330 348 2358 officiorum
364 2332 517 2358 societatem
532 2331 696 2360 diremisset.
735 2332 802 2365 Quis
817 2342 865 2359 no·

65 2371 152 2395 etrum
163 2367 221 2396 Ser.
234 2368 338 2395 Sullam
347 2390 353 2400 ,
370 2369 433 2404 quis
445 2369 484 2399 1³„
497 2369 560 2404 quis
571 2370 606 2396 M.
620 2370 745 2402 Laecam,
757 2371 821 2405 quis
832 2370 862 2397 C.

66 2403 219 2433 Cornelium
229 2405 429 2433 defendendum
441 2406 563 2441 putavit?
581 2407 644 2442 quis
657 2407 699 2434 liis
711 2407 806 2434 horum
817 2408 865 2434 ad-

66 2441 136 2470 tuit?
151 2443 246 2470 Nemo.
277 2443 348 2476 Quid
359 2443 413 2470 ita‘?
432 2443 499 2476 Quia
510 2445 605 2471 ceteris
619 2445 647 2471 in
662 2445 769 2471 caussis
785 2445 863 2472 etiam

67 2484 191 2508 nocentes
211 2481 262 2508 viri
283 2481 360 2512 boni.
388 2482 411 2508 si
432 2482 575 2509 necessarii
599 2486 676 2513 sunt.
702 2481 864 2509 deserendos

67 2524 126 2545 esse
140 2525 193 2546 non
212 2523 321 2554 putant:
342 2519 370 2546 in
386 2519 435 2546 hoc
450 2519 562 2545 crimine
577 2528 628 2546 non
644 2519 732 2546 solum
749 2519 864 2546 levitatis

67 2558 108 2582 est
116 2554 209 2591 culpa,
225 2564 320 2584 verum
331 2557 411 2583 etiam
422 2556 554 2592 quaedam
566 2557 688 2593 contagio
702 2556 824 2588 sceleris.
841 2558 864 2584 si

67 2590 194 2620 defendas
205 2601 281 2626 eum,
299 2602 381 2629 quem
397 2594 556 2621 obstrictum
573 2602 631 2620 esse
644 2595 743 2629 patriae
754 2595 865 2630 parrici-

67 2627 112 2657 dio
122 2631 268 2666 suspicere.
298 2631 324 2658 7.
337 2631 407 2665 Quid
419 2631 566 2658 Autronio?
585 2640 672 2658 nonne
682 2632 797 2663 sodales.
812 2641 863 2660 non

67 2665 183 2704 collegae
201 2668 259 2700 sui,
281 2677 334 2696 non
354 2673 458 2696 veteres
477 2670 569 2700 amici,
592 2677 708 2705 quorum
729 2669 774 2696 illc
788 2670 863 2705 copia

67 2703 201 2739 quondam
214 2705 375 2735 abundarat.
389 2715 441 2734 non
453 2706 480 2733 bi
491 2715 584 2734 omnes
593 2728 599 2737 .
611 2707 659 2742 qui
670 2711 733 2734 sunt
744 2708 770 2734 in
783 2716 864 2743 repu-

916 268 1038 303 plerique
1050 268 1202 295 laeserunt?
1219 268 1378 300 statuerant,
1391 272 1494 295 tantum
1506 268 1575 295 illud
1585 277 1645 296 esse
1656 278 1713 296 ma-

916 305 1046 337 leficium,
1067 306 1141 340 quod
1156 314 1208 332 non
1223 306 1302 332 modo
1318 315 1369 333 non
1384 306 1510 333 occultari
1531 315 1579 341 per
1598 315 1641 338 se,
1665 307 1713 333 sed

916 343 995 369 etiam
1007 343 1103 378 aperiri
1116 343 1299 378 illustrarique
1309 344 1427 370 deberet.
1468 344 1511 370 111.
1533 344 1713 376 Quamobrem

915 380 982 415 quid
994 385 1047 412 est,
1061 381 1134 415 quod
1145 381 1250 412 mirere,
1264 381 1287 407 si
1299 390 1361 407 cum
1372 381 1470 407 iisdem
1482 389 1524 407 me
1535 382 1563 408 in
1575 382 1624 408 bac
1635 391 1715 409 caus-

916 426 944 444 sa
959 418 1035 444 vides
1051 418 1159 449 adesse,
1181 427 1244 445 cum
1259 419 1360 453 quibus
1374 419 1402 445 in
1417 419 1512 446 ceteris
1526 419 1655 455 intelligis
1666 420 1715 446 ab-

916 454 1020 481 fuisse?
1034 456 1092 482 Nisi
1103 464 1166 482 vero
1177 464 1220 482 me
1230 464 1315 482 unum
1328 457 1369 482 vis
1381 455 1480 488 ferum,
1499 461 1602 491 praeter
1612 461 1713 484 ceteros

917 501 959 518 me
971 501 1105 527 asperum,
1118 501 1161 519 me
1172 493 1351 519 inhumanum
1363 494 1520 526 existimari,
1529 503 1571 521 me
1583 494 1713 530 singulari

917 530 1083 556 immanitate
1095 535 1120 556 et
1130 530 1286 557 crudelitate
1298 531 1458 565 praeditum.
1481 533 1505 558 8,
1524 532 1595 558 Hanc
1606 532 1672 558 mihi
1685 537 1713 558 tu

916 568 939 593 si
955 572 1062 602 propter
1077 577 1119 594 res
1137 576 1210 594 meas
1224 573 1312 604 gestas
1327 569 1444 603 imponis
1459 569 1487 595 in
1503 570 1575 596 omni
1591 570 1645 596 vita
1657 578 1713 596 mea

916 613 1071 639 personam,
1095 606 1239 640 Torquate,
1262 606 1434 632 vehementer
1445 615 1526 633 erras.
1568 607 1609 633 Me
1621 612 1713 634 natura

916 642 1130 673 misericordem,
1148 644 1233 677 patria
1247 651 1385 674 severum,
1408 644 1545 670 crudelem
1560 653 1609 671 nec
1629 646 1712 680 patria

916 688 964 706 nec
980 685 1073 706 natura
1088 688 1147 706 esse
1164 680 1258 707 voluit.
1298 681 1419 716 Denique
1434 682 1512 707 istam
1524 683 1610 716 ipsam
1622 691 1715 717 perso-

916 725 977 743 nam
994 717 1181 743 vehementem
1196 722 1222 744 et
1237 726 1336 749 acrem,
1354 727 1435 753 quam
1452 719 1518 745 mibi
1535 725 1591 745 tum
1606 724 1714 754 tempus

916 759 942 780 et
961 755 1114 789 respublica
1134 755 1277 789 imposuit,
1298 756 1352 781 iam
1369 755 1493 782 voluntas
1508 761 1533 782 et
1548 762 1640 783 natura
1656 758 1714 792 ipsa

916 792 1039 818 detraxit.
1080 792 1128 818 Illa
1143 793 1214 819 enim
1230 792 1262 818 ad
1278 793 1359 819 breve
1370 798 1477 828 tempus
1488 794 1655 820 severitatem
1668 803 1715 829 po-

917 829 1041 856 stulavit:
1063 829 1128 856 haec
1143 830 1170 856 in
1186 831 1259 856 omni
1275 831 1328 856 vita
1343 831 1553 857 misericordiam
1566 831 1716 858 lenitatem-

916 875 970 902 que
980 867 1123 894 desiderat.
1146 869 1170 893 9.
1183 867 1271 900 Quare
1282 868 1350 894 nibil
1361 873 1409 899 est,
1423 869 1495 904 quod
1507 873 1621 895 extante
1631 870 1716 896 comi-

917 909 973 931 tatu
993 905 1113 931 virorum
1134 905 1365 940 amplissimorum
1389 914 1432 932 me
1456 915 1541 932 unum
1565 906 1714 933 abstrahas.

916 942 1037 977 Simplex
1057 941 1176 969 officium
1197 947 1277 978 atque
1299 952 1351 969 una
1374 948 1415 970 est
1437 943 1568 970 bonorum
1592 945 1715 970 omnium

916 988 1020 1006 caussa.
1062 980 1134 1006 Nihil
1152 981 1209 1010 erit,
1227 980 1300 1015 quod
1316 980 1446 1007 admirere
1461 981 1585 1016 posthae,
1604 983 1627 1008 si
1643 982 1670 1008 in
1686 990 1715 1008 ea

916 1022 1003 1052 parte,
1017 1018 1044 1044 in
1055 1026 1108 1052 qua
1121 1018 1168 1044 hos
1178 1018 1412 1049 animadverteris,
1426 1028 1469 1045 me
1480 1019 1595 1045 videbis.
1636 1019 1716 1046 Nulla

916 1059 956 1081 est
971 1055 1042 1081 enim
1057 1057 1085 1081 in
1101 1055 1238 1090 republica
1254 1064 1347 1082 caussa
1364 1065 1421 1082 mea
1441 1057 1556 1091 propria.
1597 1057 1716 1092 Tempus

916 1093 1012 1128 agendi
1025 1092 1077 1119 fuit
1088 1093 1173 1128 magis
1183 1093 1251 1119 mihi
1263 1094 1411 1128 proprium,
1425 1103 1505 1129 quam
1517 1094 1626 1121 ceteris:
1642 1094 1716 1121 dolo—

916 1131 953 1157 ris
963 1139 1027 1157 vero
1036 1151 1042 1162 ‚
1059 1135 1084 1156 et
1095 1131 1199 1157 timoris
1210 1135 1235 1157 et
1245 1130 1359 1165 periculi
1372 1131 1422 1158 fuit
1433 1131 1478 1158 illa
1489 1140 1583 1158 caussa
1594 1140 1717 1158 commu-

916 1168 969 1194 nis.
1010 1169 1103 1203 Neque
1118 1169 1189 1194 enim
1206 1169 1331 1203 princeps
1347 1173 1411 1195 tune
1426 1169 1459 1195 ad
1470 1169 1584 1196 salutem
1597 1178 1655 1196 esse
1669 1178 1717 1204 po-

916 1206 1040 1237 tuissem,
1054 1206 1077 1232 si
1089 1214 1148 1232 esse
1158 1205 1205 1232 alii
1216 1206 1326 1232 comites
1339 1206 1495 1233 noluissent.
1526 1206 1612 1239 Quare
1624 1216 1717 1234 neces-

916 1252 945 1269 se
965 1248 1018 1274 est.
1040 1243 1113 1278 quod
1134 1243 1200 1269 mihi
1221 1243 1327 1270 consuli
1346 1245 1522 1279 praecipuum
1544 1244 1595 1271 fuit
1614 1250 1717 1280 praeter

917 1280 991 1311 alios,
1008 1281 1035 1307 id
1047 1282 1099 1307 iam
1111 1281 1215 1315 privato
1226 1290 1288 1307 cum
1299 1282 1394 1308 ceteris
1406 1290 1464 1308 csse
1476 1291 1628 1308 commune.
1664 1283 1717 1309 Ne-

916 1327 969 1353 que
984 1327 1033 1354 ego
1045 1318 1094 1345 hoc
1104 1318 1259 1353 partiendae
1270 1319 1401 1351 invidiae,
1419 1319 1466 1346 sed
1478 1320 1717 1346 communicandae

918 1355 1005 1381 laudis
1016 1365 1111 1382 caussa
1125 1356 1227 1391 loquor.
1268 1356 1363 1382 Oneris
1375 1357 1426 1383 mci
1440 1362 1539 1392 partem
1553 1358 1654 1383 nemini
1666 1358 1718 1384 im-

917 1393 1009 1427 pertio,
1023 1393 1123 1429 gloriae
1134 1393 1212 1419 bonis
1223 1393 1360 1420 omnibus.
1403 1396 1442 1420 io.
1465 1396 1493 1421 In
1505 1395 1664 1421 Autronium
1679 1400 1718 1421 te-

916 1431 1074 1457 stimonium
1086 1430 1188 1462 dixisti,
1202 1431 1305 1465 inquit:
1323 1431 1425 1458 Sullam
1438 1432 1571 1458 defendis.
1613 1432 1666 1458 Hoc
1677 1437 1717 1458 to-

917 1472 974 1494 tum
986 1467 1120 1494 eiusmodi
1132 1473 1185 1499 est,
1204 1468 1320 1499 iudices,
1339 1474 1381 1500 ut,
1399 1470 1422 1495 si
1438 1478 1487 1503 ogo
1498 1470 1550 1495 sim
1562 1470 1716 1496 inconstans

916 1514 946 1531 ac
962 1505 1042 1536 levis,
1060 1514 1109 1531 nec
1124 1506 1277 1532 testimonio
1294 1506 1373 1532 fidem
1390 1507 1471 1533 tribui
1483 1508 1651 1537 convenerit,
1668 1516 1718 1534 nec

916 1542 1066 1569 desensmni
1077 1544 1270 1569 auctoritatem.
1309 1544 1354 1570 Sin
1367 1549 1407 1570 est
1418 1545 1444 1570 in
1457 1553 1499 1570 me
1510 1545 1576 1571 ratio
1587 1545 1717 1580 reipubli-

916 1588 974 1611 cae,
994 1580 1087 1616 religio
1099 1581 1195 1615 privati
1211 1580 1305 1611 officii,
1323 1581 1444 1608 studium
1456 1582 1609 1608 retinendae
1620 1582 1717 1608 volun-

916 1618 977 1644 tatis
998 1618 1143 1645 bonorum:
1167 1617 1233 1644 nibil
1256 1619 1346 1644 minus
1367 1624 1505 1646 accusator
1524 1620 1603 1646 debet
1617 1620 1715 1651 dicore„

915 1663 997 1691 quam
1014 1664 1027 1681 a
1043 1664 1086 1682 me
1100 1655 1209 1682 defendi
1224 1655 1342 1687 Sullam,
1366 1658 1517 1683 testimonio
1535 1656 1636 1683 laesum
1658 1666 1717 1684 esse

916 1694 1087 1720 Autronium.
1129 1694 1225 1720 Videor
1240 1695 1311 1720 enim
1327 1703 1379 1721 non
1393 1694 1480 1721 solum
1492 1695 1614 1721 studium
1627 1695 1658 1721 ad
1670 1695 1718 1721 (le-

916 1731 1064 1758 fendendas
1078 1740 1202 1763 caussaS.
1220 1740 1313 1758 verum
1328 1733 1463 1767 opinionis
1475 1733 1578 1767 aliquid
1591 1738 1615 1759 et
1627 1738 1718 1759 aucto-

917 1770 1003 1796 ritatis
1019 1769 1126 1795 afferre:
1147 1778 1200 1804 qua
1216 1774 1243 1795 et
1257 1769 1390 1796 moderate
1407 1779 1456 1806 ego
1467 1775 1539 1801 utar,
1558 1770 1675 1801 iudices,
1693 1775 1718 1797 et

916 1808 1027 1834 omnino
1039 1815 1089 1833 non
1102 1811 1200 1838 uterer,
1214 1807 1236 1833 si
1249 1807 1294 1833 ille
1307 1816 1348 1833 me
1360 1816 1412 1834 uon
1423 1809 1565 1844 coegissot.

971 1845 1014 1872 lv.
1030 1846 1072 1871 Η.
1089 1845 1160 1870 Duae
1171 1845 1368 1871 coniurationes
1379 1845 1426 1871 abs
1439 1850 1477 1876 tc,
1495 1846 1640 1880 Torquate,
1654 1854 1718 1872 con-

917 1883 1080 1909 stituuntur:
1104 1891 1169 1913 una.
1187 1891 1256 1917 quae
1270 1883 1369 1917 Lepido
1384 1888 1409 1909 ct
1419 1883 1537 1909 Volcatio
1547 1883 1715 1915 consulibus,

917 1924 991 1955 patre
1002 1924 1048 1947 tuo
1058 1919 1168 1946 consule
1178 1919 1327 1956 designato,
1342 1921 1408 1947 facta
1420 1929 1478 1947 esse
1490 1921 1602 1947 dicitur:
1626 1920 1715 1952 altera,

916 1966 986 1993 quae
997 1966 1039 1984 mc
1049 1957 1169 1985 consule.
1186 1958 1284 1984 llarum
1296 1958 1323 1984 in
1337 1964 1448 1994 utraque
1455 1958 1558 1984 Sullam
1570 1958 1638 1984 dicis
1651 1958 1718 1984 fuis-

916 2003 955 2021 se.
997 1996 1080 2022 Patris
1096 1996 1148 2026 tui,
1167 1995 1305 2022 fortissimi
1322 1997 1373 2022 viri
1390 2001 1470 2031 atque
1480 1996 1574 2030 optimi
1585 1996 1715 2024 consulis,

916 2033 969 2059 scis
981 2042 1024 2059 me
1034 2033 1156 2061 consiliis
1168 2042 1219 2059 non
1231 2032 1400 2060 interfuisse:
1423 2034 1475 2059 scis
1488 2042 1539 2064 me,
1552 2042 1637 2068 quum
1651 2034 1716 2060 milii

916 2079 1042 2098 summus
1057 2076 1145 2098 tecum
1162 2079 1229 2097 usus
1244 2076 1328 2102 esset,
1352 2076 1440 2097 tamen
1458 2071 1565 2097 illorum
1580 2076 1716 2106 expertem

917 2113 1067 2144 temporum
1080 2114 1105 2136 et
1116 2117 1271 2135 sermonum
1285 2108 1382 2135 fuisso:
1405 2108 1496 2138 credo,
1510 2108 1583 2143 quod
1598 2109 1716 2135 noudum

917 2147 1025 2182 penitus
1038 2147 1064 2173 in
1076 2146 1213 2181 republica
1225 2147 1365 2177 versabar,
1382 2146 1455 2181 quod
1472 2146 1590 2172 nondum
1607 2146 1640 2172 ad
1657 2155 1717 2181 pro-

917 2185 1035 2219 positum
1051 2184 1118 2210 milii
1135 2184 1215 2210 fiucm
1231 2183 1340 2210 honoris
1355 2192 1544 2218 perveneram,
1564 2183 1637 2218 quod
1659 2192 1716 2209 mea

917 2230 959 2248 me
974 2221 1086 2248 ambitio
1100 2225 1126 2248 ct
1143 2221 1256 2247 forensis
1274 2220 1347 2247 labor
1362 2221 1396 2247 ab
1411 2222 1484 2247 omni
1501 2220 1545 2247 illa
1557 2221 1717 2256 cogitatione

916 2258 1096 2285 abstrahebat.
1130 2260 1171 2284 te.
1183 2259 1250 2290 Quis
1261 2267 1325 2294 crgo
1336 2259 1459 2284 intererat
1472 2259 1568 2284 vestris
1579 2257 1718 2284 consiliis?

916 2296 1017 2323 Omnes
1040 2296 1081 2326 lii,
1105 2304 1174 2331 quos
1193 2296 1270 2321 vides
1291 2296 1353 2321 huic
1369 2296 1475 2326 adesse.
1498 2300 1523 2321 et
1538 2296 1564 2321 in
1578 2296 1672 2329 primis
1683 2294 1715 2327 Q.

917 2334 1089 2359 Hortensius:
1102 2334 1149 2368 qui
1161 2341 1247 2367 quum
1260 2337 1367 2368 proptor
1378 2333 1504 2359 bonorem
1517 2341 1546 2358 ac
1557 2332 1716 2367 dignitatem

916 2376 996 2406 atque
1007 2371 1128 2396 animum
1140 2371 1271 2396 eximium
1283 2370 1310 2396 in
1323 2370 1526 2405 rempublicam,
1541 2375 1596 2396 tum
1609 2375 1717 2404 propter

916 2416 1052 2434 summam
1070 2407 1276 2433 familiaritatem
1292 2416 1486 2442 summumque
1501 2416 1617 2433 amorem
1631 2408 1657 2433 in
1670 2416 1717 2442 pa—

918 2451 983 2472 trcm
996 2450 1072 2471 tuum
1084 2453 1169 2479 quum
1181 2445 1381 2474 coiumunilms.
1400 2450 1456 2471 tum
1470 2445 1621 2479 praecipuis
1634 2445 1716 2479 patris

917 2483 954 2509 tui
967 2482 1094 2518 periculis
1106 2482 1333 2508 commovebatur.
1353 2482 1423 2517 Ergo
1434 2483 1513 2508 istius
1525 2483 1716 2509 coniurationis

915 2521 1018 2546 crimen
1029 2519 1171 2546 defensum
1183 2519 1216 2546 ab
1227 2528 1259 2546 co
1269 2524 1321 2548 ost.
1339 2521 1386 2555 qui
1404 2519 1537 2549 interfuit,
1554 2520 1601 2554 qui
1617 2529 1716 2555 coguo-

918 2558 963 2588 vit,
977 2557 1025 2592 qui
1038 2558 1169 2592 particeps
1181 2562 1205 2583 ct
1217 2557 1322 2583 consilii
1335 2558 1415 2583 vestri
1429 2557 1479 2583 fuit
1489 2562 1515 2583 et
1526 2558 1639 2583 timoris.
1662 2559 1717 2584 tlu-

917 2596 959 2621 ius
975 2596 1002 2621 in
1021 2594 1070 2621 boc
1085 2595 1197 2621 crimine
1214 2594 1396 2630 propulsando
1406 2603 1491 2630 quum
1503 2600 1573 2621 essct
1584 2596 1716 2630 copiosis-

915 2633 983 2659 sima
995 2637 1075 2668 atque
1086 2633 1254 2659 ornatissima
1267 2633 1453 2663 oratio,t1uueu
1466 2641 1518 2659 non
1529 2633 1620 2659 minus
1632 2634 1716 2659 inerat

915 2670 1080 2696 auctoritatis
1092 2670 1118 2696 in
1130 2678 1169 2700 ea.
1183 2679 1263 2705 quam
1276 2669 1418 2696 facultatis.
1442 2669 1517 2696 illius
1529 2671 1611 2706 igitur
1621 2671 1716 2697 coniu-

916 2707 1039 2739 rationis,
1056 2716 1126 2743 quac
1140 2707 1205 2734 facta
1216 2712 1305 2734 contra
1318 2716 1378 2739 vos,
1397 2707 1482 2734 delata
1493 2707 1527 2734 ad
1539 2717 1599 2737 vos,
1613 2718 1626 2734 a
1639 2708 1715 2734 vobis

1448 2756 1506 2781 55·
