1941 3052
202 141 246 166 125

197 211 402 245 citationemque
424 210 538 241 dicendi.
565 212 586 237 is
601 212 634 237 sit
650 220 736 240 verus.
763 212 784 237 is
799 211 940 245 perfec-tu»,
962 212 983 238 in
1004 214 1005 247 ,

198 247 270 273 nolus
285 253 379 274 orator.
403 249 466 274 Num
483 257 567 283 nequ«¹
583 249 638 274 niu«-
654 248 803 273 sun-mitum
818 248 906 274 nervis
920 248 984 274 satis
1004 248 1006 254 '

199 285 341 311 vehemens
359 290 384 310 et
401 286 490 318 gravii·
505 295 552 311 nec
566 286 622 310 sine
639 285 760 310 ruric-tato
773 285 906 311 «tm-trinae
921 286 984 311 satin

199 321 297 356 politus
311 327 336 348 et
350 323 455 356 sapiens
470 332 527 347 esst·
541 327 625 347 orator
640 326 732 355 potest.
753 323 793 347 81.
809 321 895 353 Quare
906 322 984 348 Cora-

197 368 253 385 cem
270 360 350 385 istum
366 364 482 385 ver-trum
498 359 628 393 patiamur
643 367 688 383 nos
702 358 811 392 quidem
824 358 911 392 pullos
921 367 985 385 suos

198 396 338 422 excludor(-
358 397 383 421 in
404 396 473 426 nido,
494 396 540 430 qui
560 395 672 424 evolent.
690 395 843 421 vtanmtorcs
857 395 941 422 odiosi
955 405 985 422 ac

199 433 311 462 inolesti,
335 433 556 467 Pamphilumqm·
572 433 660 458 neseio
673 440 753 466 quem
769 433 889 458 sinamus
903 434 929 459 in
945 434 986 459 in-

199 469 262 496 fulis
283 474 378 495 tantam
398 479 451 495 rem
471 474 605 503 tamquam
625 468 740 503 pueriles
759 469 868 495 delicias
882 470 985 504 aliquas

197 507 353 541 ‹lu-pingere:
383 515 482 540 nosque
503 507 552 540 ipsi
569 506 616 531 linc
631 510 682 531 tam
697 506 792 539 exigua
807 507 985 541 disputatione

199 544 312 569 hesterni
327 548 351 568 ct
367 543 485 568 hodierni
500 543 552 569 diei
568 548 650 569 totum
665 544 774 569 oratoris
789 553 888 569 munus
899 544 986 579 expli-

197 589 297 610 cemus,
318 580 463 605 dununmlo
482 580 525 605 illu
545 590 585 606 res
600 585 669 606 tanta
683 581 726 611 sit,
744 585 771 607 ut
785 581 910 607 omnibus
925 581 986 616 phi-

199 617 367 651 losophorum
384 617 467 647 libris,
483 626 550 652 quos
566 627 642 643 nemo
655 622 786 644 oratorum
804 618 914 645 istorum
927 628 986 645 um-

197 663 276 689 qunm
291 655 385 687 attigit,
402 654 592 689 comprehensa
607 664 665 681 esse
680 655 809 681 videatur.

252 691 336 717 xxti.
354 693 395 717 82.
419 692 486 717 Tum
507 692 626 723 Catulus,
653 692 863 727 Haudquaquam
888 692 983 724 hercle,

197 729 292 763 inquit,
314 728 415 759 Crasse,
438 729 588 755 mirandum
607 734 655 760 est,
671 738 730 755 csse
748 730 774 755 in
794 735 818 756 te
832 734 930 756 tantam
945 730 987 756 ‹li-

196 765 270 791 ccndi
287 765 328 791 vel
344 766 398 792 vim
414 766 453 792 vel
468 767 626 793 suavitatem
642 767 682 793 vel
696 767 813 801 copiam;
833 775 914 802 quem
925 769 986 802 qui-
1013 788 1015 799 ,

1014 833 1015 838 ,
1037 804 1108 840 quod
1123 813 1184 831 cum
1198 805 1330 832 desidiosa
1348 805 1520 833 delectatione
1535 807 1660 841 vestiges.
1695 807 1730 833 lta
1745 807 1782 837 lit,
1798 811 1827 833 ut

1006 861 1007 869 ,
1037 842 1144 884 agitatio
1158 851 1245 868 rerum
1260 843 1295 868 sit
1308 842 1418 873 infinita.
1433 844 1549 880 cognitio
1563 843 1657 874 tacitis,
1669 844 1692 870 si
1704 852 1770 870 usus
1779 843 1827 870 do-

196 802 256 829 dem
271 807 345 829 antea
361 807 451 829 natura
467 804 542 830 rebar
557 804 589 830 ita
604 804 698 835 dicere,
713 809 741 830 ut
755 804 820 830 mihi
836 813 886 831 non
898 804 984 830 solum

195 844 281 866 orator
294 848 426 870 summus,
443 841 489 867 sed
504 842 582 867 ctiam
598 842 812 876 sapientissimus
823 841 901 868 homo
912 842 986 867 vide-

196 886 266 904 rere:
289 886 360 904 nunc
374 877 502 913 intelligo,
520 878 562 905 illa
578 884 602 905 te
616 888 721 913 semper
735 879 812 905 etiam
827 879 925 913 potiora
936 879 987 904 du-

197 915 277 946 xisse,
301 923 370 950 quae
392 915 424 941 ad
447 916 602 950 sapientiam
623 920 778 950 spectarent,
800 921 879 951 atque
897 925 929 942 ex
944 916 985 942 liis

197 952 264 978 hanc
282 953 426 987 sapientiae
444 953 546 987 copiam
566 952 684 979 fluxisse.
721 953 773 979 Sed
788 958 884 983 tamen,
900 961 985 988 quum

195 997 288 1015 omnes
305 989 404 1025 gradus
422 990 513 1016 aetatis
531 990 652 1016 recordor
666 995 734 1020 tuae,
750 999 890 1025 quumque
905 991 985 1016 vitam

197 1031 267 1053 tuam
291 1035 320 1052 ac
343 1027 430 1053 studia
452 1027 598 1058 considero,
623 1036 709 1062 neque
726 1036 780 1062 quo
802 1032 918 1062 tempore
938 1028 986 1053 ista

185 1063 322 1090 ‚didiceris
345 1063 434 1094 viden,
460 1073 508 1090 nec
531 1073 626 1100 magno
649 1073 728 1099 opere
750 1069 774 1091 te
797 1065 855 1091 istis
877 1064 983 1095 studiis,

196 1101 365 1132 hominibus,
392 1101 466 1127 libris
484 1102 603 1137 intelligo
621 1101 752 1128 deditum.
790 1103 881 1137 Neque
899 1107 986 1128 tamen

197 1147 306 1173 possum
329 1143 453 1170 statuere,
479 1144 568 1165 utrum
591 1140 675 1174 magis
696 1140 784 1169 mirer,
806 1144 829 1166 te
848 1139 901 1170 illa,
917 1147 986 1174 quae

197 1176 263 1202 mihi
282 1176 426 1210 persuades
445 1177 558 1202 maxima
577 1185 635 1202 esse
649 1176 809 1208 adiumenta,
826 1177 945 1211 potuisse
958 1177 986 1203 in

197 1214 276 1239 tantis
290 1213 343 1239 tuis
357 1214 576 1248 occupationibus
591 1213 753 1248 perdiscere:
777 1222 819 1245 an,
836 1214 858 1240 si
873 1222 924 1240 non
939 1222 987 1248 po-

197 1251 287 1281 tueris,
304 1259 382 1285 posse
395 1250 446 1277 isto
461 1251 538 1277 modo
551 1251 647 1277 dicere.
674 1252 715 1277 83.
730 1251 778 1277 Hic
792 1251 912 1282 Crassus,
933 1251 986 1277 Hoc

197 1287 254 1318 tibi,
279 1288 375 1322 inquit,
400 1287 500 1319 Catule,
525 1289 642 1323 primum
661 1288 821 1323 persuadeas
834 1288 923 1319 velim,
944 1296 986 1314 me

197 1333 248 1351 non
267 1325 351 1351 multo
368 1333 446 1351 secus
464 1325 556 1355 facere,
577 1334 662 1360 quum
680 1325 712 1351 de
725 1330 826 1352 oratore
839 1326 984 1360 disputem,

196 1370 225 1388 ac
248 1361 376 1393 facerem,
400 1363 423 1388 si
445 1367 515 1388 esset
537 1362 603 1389 mihi
627 1362 660 1388 de
683 1363 809 1389 histrione
831 1362 984 1389 dicendum.

196 1399 325 1434 Negarem
348 1399 428 1430 enim,
454 1408 532 1434 posse
550 1408 612 1426 eum
626 1399 776 1426 satisfacere
790 1400 817 1426 in
831 1404 917 1435 gestu,
934 1400 986 1426 nisi

196 1436 362 1471 palaestram,
383 1437 434 1462 nisi
453 1436 547 1463 saltare
564 1437 714 1470 didicisset;
742 1446 837 1472 neque,
857 1445 887 1463 ea
901 1445 986 1472 quum

195 1473 319 1504 dicerem,
341 1482 383 1499 mc
401 1482 459 1500 esse
478 1474 632 1500 histrionem
652 1482 759 1500 necesse
777 1479 855 1505 esset,
872 1474 919 1500 sed
933 1473 987 1500 for-

196 1515 264 1536 tasse
276 1519 326 1537 non
337 1510 449 1537 stultum
461 1511 540 1537 alieni
551 1511 652 1538 artificii
664 1512 880 1538 existimatorem.
894 1511 987 1538 atsi-

196 1547 294 1574 militer
308 1556 378 1574 nunc
392 1548 425 1573 de
439 1553 539 1574 oratore
553 1553 640 1575 vestro
654 1548 774 1583 impulsu
794 1548 895 1583 loquor,
911 1557 987 1575 sum-

197 1594 238 1611 mo
256 1584 367 1611 scilicet.
401 1584 512 1620 Semper
530 1586 610 1617 enim,
630 1594 801 1621 quacumque
819 1586 851 1612 de
869 1590 923 1612 arte
941 1590 987 1612 aut

197 1621 319 1648 facultate
341 1623 487 1657 quaeritur,
511 1622 545 1649 de
567 1622 688 1649 absoluta
709 1627 734 1649 et
756 1622 871 1658 perfecta
893 1624 986 1658 quaeri

195 1659 270 1685 solet.
291 1659 376 1691 Quare
390 1660 412 1685 si
427 1660 480 1686 iam
493 1668 536 1686 me
550 1660 632 1686 vultis
646 1668 705 1686 esse
718 1665 855 1691 oratorem,
869 1660 892 1686 si
906 1661 984 1686 etiam

195 1700 235 1722 sat
248 1696 358 1728 bonum,
373 1697 396 1722 si
411 1697 511 1723 bonum
525 1697 650 1732 denique,
666 1706 717 1723 non
732 1697 895 1733 repugnabo.
915 1697 986 1729 Quid

196 1734 267 1759 enim
281 1742 352 1759 nunc
365 1734 416 1760 sim
431 1733 556 1768 ineptus?
569 1735 604 1760 ita
617 1742 660 1760 me
674 1735 819 1760 existimari
830 1735 894 1760 scio.
910 1734 986 1767 Quod

195 1771 218 1796 si
232 1771 267 1796 ita
281 1775 329 1801 est,
345 1779 469 1797 summus
483 1776 570 1798 tamen
584 1776 653 1798 certe
664 1780 715 1797 non
726 1780 797 1797 sum.
813 1772 905 1806 Neque
914 1772 985 1798 enim

196 1807 267 1842 apud
289 1807 410 1834 homines
433 1817 474 1834 res
496 1813 536 1835 est
557 1808 611 1835 ulla
629 1808 771 1839 difficilior,
793 1817 878 1843 neque
893 1809 983 1839 maior,
1006 1815 1015 1849 l}

196 1853 282 1880 neque
308 1853 376 1879 quae
401 1845 478 1880 plura
504 1845 656 1872 adiumenta
684 1845 818 1872 doctrinae
843 1845 984 1872 desideret.
1006 1851 1009 1881 Ι

196 1883 236 1908 85.
257 1882 379 1908 Attamen
396 1883 522 1917 quoniam
541 1882 574 1909 de
587 1887 687 1909 oratore
703 1883 779 1909 nobis
793 1883 985 1918 disputandum
1006 1896 1009 1925 Ι

195 1923 243 1950 est,
263 1919 296 1945 de
314 1928 420 1946 summo
437 1924 537 1946 oratore
550 1920 637 1946 dicam
651 1928 758 1946 necesse
771 1924 821 1946 est.
854 1920 900 1946 Vis
914 1921 986 1946 enim

195 1961 221 1983 et
234 1960 326 1983 natura
340 1957 386 1987 rei,
403 1957 454 1983 nisi
469 1956 584 1991 perfecta
597 1961 657 1983 ante
670 1957 762 1983 oculos
773 1958 888 1992 ponitur,
897 1957 986 1992 qualis

195 1998 221 2020 et
233 1998 332 2028 quanta
346 1994 388 2025 sit,
405 1994 519 2029 intelligi
534 2003 586 2021 non
600 1999 694 2029 potest.
716 1995 758 2020 Me
771 1998 869 2025 autem,
882 1994 983 2025 Catule,

196 2029 277 2057 fateor
295 2039 382 2066 neque
401 2031 478 2058 hodie
496 2032 523 2057 in
542 2032 601 2058 istis
620 2030 695 2057 libris
713 2036 738 2057 et
751 2040 813 2058 cum
826 2032 886 2058 istis
900 2031 987 2058 homi-

196 2068 276 2094 nibus
290 2069 387 2099 vivere,
404 2077 452 2094 nec
466 2077 536 2100 vero,
553 2069 580 2095 id
593 2068 665 2103 quod
680 2073 708 2094 tu
723 2073 792 2095 recte
802 2069 987 2095 commemini-

196 2105 238 2136 sti,
263 2104 350 2131 ullum
374 2114 503 2140 umquam
526 2105 653 2132 habuisse
671 2106 818 2140 sepositum
833 2110 940 2141 tempus
954 2105 987 2132 ad

196 2142 366 2173 discendum,
387 2151 417 2168 ac
435 2147 537 2169 tantum
556 2143 682 2169 tribuisse
700 2143 834 2169 doctrinae
849 2143 984 2178 temporis,

196 2184 326 2214 quantum
345 2180 412 2206 mihi
431 2179 543 2214 puerilis
557 2184 636 2211 aetas,
653 2179 770 2206 forenses
785 2179 865 2206 feriae
878 2189 987 2206 conces-

196 2217 286 2242 serint.
306 2216 404 2243 XXIII.
419 2219 461 2243 86.
476 2217 522 2248 Ac,
538 2218 561 2243 si
575 2218 691 2252 quaeris,
708 2217 808 2248 Catule,
824 2217 857 2243 de
868 2217 987 2244 doctrina

196 2254 245 2279 ista
263 2254 330 2289 quid
347 2262 396 2290 ego
409 2255 531 2285 sentiam,
548 2263 600 2281 non
614 2258 717 2280 tantum
731 2255 869 2290 ingenioso
883 2254 985 2281 homini

195 2295 218 2316 et
238 2291 270 2322 ci,
291 2291 339 2325 qui
357 2291 452 2323 forum,
473 2292 520 2326 qui
534 2292 644 2323 curiam,
660 2292 708 2326 qui
721 2300 839 2322 caussas,
855 2292 903 2327 qui
917 2300 987 2318 rem-

197 2327 331 2361 publicam
345 2333 454 2363 spectet,
471 2337 540 2364 opus
554 2337 612 2355 esse
626 2328 737 2355 arbitror
748 2330 884 2364 temporis,
900 2337 987 2363 quan-

196 2369 252 2390 tum
270 2365 321 2391 sibi
340 2366 360 2391 ii
377 2370 559 2401 sumpserunt,
579 2374 648 2401 quos
665 2365 798 2392 discentes
812 2367 865 2392 vita
879 2365 984 2392 defecit.

196 2401 294 2428 Omnes
312 2403 383 2428 enim
401 2408 470 2429 artes
484 2403 560 2429 aliter
573 2403 606 2429 ab
618 2403 652 2429 iis
666 2407 818 2434 tractantur,
834 2403 881 2438 qui
895 2412 940 2429 eas
953 2403 987 2429 ad

197 2446 276 2464 usum
295 2439 469 2472 transferunt;
495 2440 572 2466 aliter
588 2440 622 2466 ab
635 2441 677 2470 iis,
694 2441 741 2475 qui
755 2441 875 2475 ipsarum
889 2441 987 2467 artium

197 2479 306 2502 tractatu
321 2476 451 2508 delectati,
468 2477 534 2503 nihil
549 2478 576 2504 in
590 2478 643 2503 vita
657 2482 721 2504 sunt
734 2477 807 2504 aliud
821 2478 915 2504 acturi.
930 2477 987 2504 Ma-

196 2512 278 2547 gister
301 2512 343 2538 hic
366 2513 526 2540 Samnitium
545 2523 650 2541 summa
668 2515 721 2541 iam
739 2519 875 2541 senectute
892 2519 941 2545 est,
961 2519 988 2540 et

196 2548 315 2582 quotidie
333 2555 534 2577 commentatur.
569 2551 642 2578 Nihil
660 2552 732 2578 enim
749 2556 824 2578 curat
837 2551 920 2578 aliud.
953 2551 988 2578 At

195 2586 227 2617 Q.
247 2585 370 2612 Velocius
388 2595 455 2621 puer
471 2588 641 2615 addidicerat.
676 2588 729 2615 Sed
746 2588 819 2623 quod
836 2593 890 2614 erat
908 2592 988 2623 aptus

197 2622 230 2685 {id
247 2622 314 2649 illud
334 2628 472 2659 totumque
490 2630 622 2661 cognorat.
643 2625 702 2657 fuit,
723 2630 751 2652 ut
769 2630 810 2652 est
822 2625 894 2660 apud
907 2626 988 2652 Luci-

207 2668 272 2691 ium,

775 141 798 165 9.
834 139 868 166 M.
899 139 928 166 Τ.
960 139 1235 167 etcssuoms

1294 227 1329 232 —
1354 227 1391 232 —
1416 216 1533 246 quamne
1545 214 1624 239 bonus
1638 216 1690 247 ipae

1073 250 1176 275 Somnia
1189 252 1215 275 in
1230 251 1290 275 ludo
1302 258 1334 275 wc
1347 251 1454 276 ruditum
1468 253 1549 276 euicit
1561 254 1626 276 satin
1638 259 1727 284 uper:

1037 286 1083 311 sed
1103 285 1164 320 plu:
1182 295 1276 320 operae
1295 286 1351 313 toro
1364 286 1505 318 tribuebat,
1520 287 1621 317 amicis.
1638 288 1674 314 rei
1689 287 1822 315 familiari.

1038 323 1156 349 Valerius
1169 323 1289 358 quotidie
1302 323 1436 355 cantaban
1451 328 1506 350 erat
1518 325 1589 351 enim
1603 325 1738 351 scenicus:
1758 325 1824 360 quid

1038 360 1132 386 laceret
1145 359 1236 386 aliud?
1263 361 1305 386 87.
1320 361 1353 387 At
1367 361 1510 387 Numeriu-
1524 361 1630 391 Furius,
1647 366 1735 388 noster
1748 361 1825 389 farni-

1038 397 1118 427 liaris,
1134 405 1219 432 quum
1233 401 1273 423 est
1285 398 1465 429 commodum,
1480 403 1576 425 cantat.
1597 399 1644 425 Est
1657 400 1728 425 enim
1740 404 1826 434 pater-

1037 433 1160 464 familias,
1176 439 1216 460 est
1229 443 1311 469 eques
1326 435 1474 461 Romanus:
1502 444 1568 470 puer
1580 435 1682 466 didicit,
1698 437 1769 471 quod
1784 436 1826 463 di-

1037 471 1164 497 scendum
1185 471 1245 498 fuit.
1277 471 1374 498 Eadem
1390 473 1455 498 ratio
1467 477 1508 498 est
1522 472 1615 499 harum
1630 474 1726 499 artium
1741 474 1827 500 niaxi-

1006 532 1007 546 χ
1037 517 1150 534 marum.
1177 509 1236 534 Dies
1251 513 1276 534 et
1290 514 1378 535 noctes
1393 510 1480 535 virum
1494 518 1599 536 summa
1614 510 1710 536 virtute
1723 515 1748 536 et
1762 519 1826 545 pru-

1036 545 1125 571 dentia
1148 545 1315 577 videbamus,
1339 546 1498 581 philosopho
1515 555 1601 582 quum
1618 555 1724 582 operam
1742 547 1823 575 daret.

1036 582 1067 614 Q.
1088 582 1263 609 Tuberonem.
1296 583 1328 610 At
1345 584 1404 609 eius
1422 583 1586 610 avunculum
1600 584 1647 610 vix
1665 583 1749 610 intelli

1037 619 1063 646 id
1077 628 1257 655 agere.quum
1271 625 1358 655 ageret
1373 625 1468 651 tamen.
1478 620 1641 647 Africanum.
1658 621 1707 647 lata
1717 620 1827 648 discun-

1037 661 1080 683 tur
1098 656 1182 688 facile,
1203 657 1226 683 si
1245 661 1270 683 et
1284 662 1385 684 tantum
1400 666 1500 688 sumas,
1515 663 1646 693 quantum
1661 667 1729 693 opus
1742 659 1786 689 ait,
1801 663 1828 685 et

1038 693 1144 725 habeas,
1160 694 1207 729 qui
1221 694 1314 720 docere
1329 694 1441 721 fideliter
1455 696 1580 730 possit,et
1594 695 1662 721 scias
1675 695 1754 721 etiam
1769 696 1827 730 ipse

1036 730 1147 757 discere.
1179 733 1220 757 88.
1244 730 1296 757 Sed
1313 732 1337 758 si
1356 736 1408 758 tota
1423 732 1475 758 vita
1490 732 1556 758 nihil
1571 732 1638 759 velis
1651 732 1724 758 aliud
1738 741 1824 768 agere,

1038 768 1094 802 ipsa
1109 768 1226 794 tractatio
1234 773 1260 794 et
1269 769 1390 803 quaestio
1397 769 1516 804 quotidie
1529 778 1563 796 ex
1573 778 1601 795 se
1611 770 1702 805 gignat
1713 769 1824 804 aliquid.

1036 883 1147 905 ctrinam
1161 879 1306 909 confirmet,
1323 879 1463 906 mediocris
1475 889 1554 915 opera
1570 881 1710 911 tribuatur.
1727 889 1828 907 memo—

1038 917 1074 942 ria
1093 916 1267 951 studiumque
1286 921 1445 951 permaneat.
1476 918 1552 944 Libet
1565 922 1654 944 autem
1667 926 1771 953 semper
1785 918 1827 944 di-

1037 962 1123 986 scere3
1155 958 1184 980 ut
1205 954 1229 980 si
1248 954 1328 980 velim
1345 962 1394 990 ego
1408 954 1468 981 talis
1481 955 1581 989 optime
1596 954 1686 981 ludere
1699 959 1744 981 aut
1758 954 1827 990 pilae

1037 991 1126 1017 studio
1141 995 1238 1022 tenear,
1254 992 1332 1017 etiam
1348 991 1467 1022 fortasse,
1482 993 1506 1018 si
1519 992 1627 1027 assequi
1642 1001 1694 1018 non
1709 992 1823 1027 possim:

1037 1032 1063 1054 at
1084 1027 1138 1059 alii,
1164 1028 1228 1063 quia
1246 1027 1378 1063 praeclare
1396 1028 1506 1060 faciunt,
1526 1029 1725 1060 vehementius,
1745 1037 1827 1064 quam

1037 1073 1131 1091 caussa
1153 1064 1278 1100 postulat,
1301 1065 1474 1097 delectantur,
1499 1070 1529 1092 ut
1546 1066 1632 1092 Titius
1650 1065 1713 1101 pila,
1738 1065 1827 1093 Brulla

1038 1102 1107 1128 talis.
1133 1103 1175 1128 89.
1190 1101 1276 1134 Quare
1295 1102 1362 1129 nihil
1380 1107 1428 1134 est,
1448 1103 1521 1138 quod
1534 1103 1679 1138 quisquam
1693 1103 1829 1139 magnitu-

1037 1139 1127 1166 dinem
1141 1140 1237 1166 artium
1251 1148 1285 1166 ex
1298 1148 1337 1171 eo,
1352 1140 1425 1174 quod
1438 1149 1516 1167 senes
1523 1140 1639 1171 discunt,
1648 1141 1826 1175 pertimescat.

1038 1177 1158 1212 Namque
1179 1181 1225 1203 aut
1247 1185 1324 1203 senes
1342 1176 1375 1203 ad
1393 1186 1436 1204 eas
1454 1182 1622 1204 accesserunt
1635 1182 1681 1204 aut
1695 1186 1782 1212 usque
1794 1177 1827 1204 ad

1037 1219 1199 1240 senectutem
1218 1214 1245 1240 in
1259 1214 1357 1240 studiis
1371 1214 1523 1241 detinentur
1536 1219 1580 1241 aut
1594 1219 1658 1241 sunt
1670 1214 1826 1241 tardissimi.

1014 1259 1015 1275 i
1037 1251 1088 1277 Res
1101 1251 1211 1286 quidem
1226 1259 1254 1277 se
1268 1259 1326 1277 mea
1339 1252 1468 1278 sententia
1482 1252 1521 1278 sic
1535 1251 1622 1282 habet,
1638 1256 1676 1282 ut.
1693 1251 1829 1286 nisiquod

1036 1289 1153 1323 quisque
1170 1288 1222 1314 cito
1240 1289 1363 1322 potuerit,
1384 1297 1532 1324 numquam
1549 1290 1658 1315 omnino
1672 1289 1754 1323 possit
1768 1297 1829 1323 per-

1037 1326 1148 1352 discere.
1169 1325 1266 1352 XXIV.
1281 1326 1389 1352 90.1am
1414 1326 1477 1357 iam,
1492 1326 1581 1361 inquit
1594 1325 1714 1357 Catulus,
1729 1325 1829 1352 intelli·

1036 1371 1078 1398 go,
1099 1362 1201 1394 Crasse,
1220 1362 1287 1397 quid
1305 1362 1391 1395 dicas3
1413 1367 1439 1389 et
1461 1363 1568 1389 hercule
1585 1363 1724 1389 assentior.
1757 1362 1829 1389 Satis

1038 1399 1115 1426 video
1133 1400 1190 1431 tihi.
1211 1399 1313 1426 homini
1331 1399 1363 1425 ad
1382 1399 1588 1434 perdiscendum
1600 1400 1736 1430 acerrimo.
1751 1399 1784 1426 ad
1797 1408 1828 1426 ea

1037 1436 1228 1473 cognoscenda,
1251 1445 1319 1472 quae
1332 1437 1410 1468 dicis,
1425 1436 1510 1464 fuisse
1523 1437 1658 1472 temporis.
1690 1437 1826 1473 Pergisne,

1037 1475 1126 1509 inquit
1147 1474 1268 1506 Crassus,
1293 1482 1345 1505 me,
1369 1482 1438 1509 quae
1457 1474 1554 1505 dicam,
1574 1474 1607 1501 de
1621 1482 1672 1505 me,
1688 1483 1741 1501 non
1753 1473 1787 1500 de
1801 1482 1830 1500 re

1037 1516 1130 1546 putare
1143 1510 1249 1538 dicere?
1267 1511 1319 1537 Sed
1332 1512 1394 1542 iam,
1410 1512 1433 1538 si
1447 1511 1540 1546 placet,
1557 1511 1590 1538 ad
1603 1511 1724 1538 instituta
1737 1510 1829 1538 redea-

1038 1557 1108 1575 mus.
1130 1549 1195 1575 Mihi
1209 1556 1280 1579 vero,
1297 1547 1407 1575 Catulus
1420 1549 1517 1584 inquit,
1533 1548 1628 1583 placet.

1092 1587 1134 1612 91,
1158 1586 1226 1612 Tum
1245 1585 1366 1616 Crassus,
1385 1584 1519 1617 Quorsum
1538 1586 1620 1621 igitur
1638 1585 1702 1611 haec
1715 1590 1826 1620 spectat,

1037 1623 1134 1658 inquit,
1146 1627 1199 1649 tam
1211 1622 1288 1657 longa
1301 1626 1327 1648 et
1339 1626 1394 1648 tam
1403 1622 1454 1648 alte
1464 1623 1575 1657 repetita
1583 1621 1684 1649 oratio?
1696 1622 1750 1648 Hae
1759 1621 1829 1648 duae

1037 1664 1134 1695 parteS,
1149 1668 1218 1694 quae
1232 1659 1298 1686 mihi
1313 1664 1467 1694 supersunt,
1479 1659 1653 1686 illustrandae
1662 1659 1788 1686 orationis
1798 1667 1829 1685 ac

1038 1697 1119 1723 totius
1141 1696 1308 1732 eloquentiae
1329 1696 1515 1728 cumulandae,
1539 1705 1653 1732 quarum
1676 1695 1758 1723 altera
1774 1696 1830 1722 dici

1037 1733 1153 1769 postulat
1170 1738 1268 1764 ornate.
1289 1733 1370 1760 altera
1387 1738 1456 1769 apte,
1476 1734 1544 1760 hane
1562 1734 1661 1760 babent
1673 1734 1738 1765 vim,
1751 1738 1782 1760 ut
1794 1734 1830 1760 sit

1036 1780 1117 1807 quam
1135 1772 1251 1797 maxime
1264 1770 1390 1802 iucunda,
1409 1779 1491 1806 quam
1505 1771 1621 1798 maxime
1633 1771 1661 1797 in
1675 1779 1771 1797 sensus
1783 1778 1830 1797 eo-

1037 1817 1106 1839 rum,
1122 1809 1170 1843 qui
1183 1808 1305 1839 audiunt,
1320 1807 1414 1835 influat
1427 1813 1452 1835 et
1465 1817 1547 1843 quam
1560 1808 1686 1843 plurimis
1699 1808 1734 1834 sit
1748 1807 1829 1834 rebus

1037 1846 1175 1872 instructa.
1201 1847 1243 1872 92.
1259 1846 1468 1872 Instrumentum
1481 1850 1571 1872 autem
1583 1845 1633 1872 hoe
1647 1844 1759 1876 forense,
1775 1843 1830 1871 liti-

1036 1883 1152 1919 giosum,
1168 1891 1234 1914 acre,
1251 1887 1363 1909 tractum
1377 1891 1410 1909 ex
1421 1882 1496 1918 vulgi
1505 1882 1686 1917 opinionibus,
1698 1882 1828 1918 exiguum

1037 1928 1155 1955 saneque
1177 1919 1331 1946 mendicum
1353 1924 1402 1946 est.
1436 1919 1506 1946 Illud
1524 1928 1618 1946 rursus
1635 1920 1736 1954 ipsum,
1755 1918 1829 1954 quod

1038 1957 1144 1984 tradunt
1157 1957 1210 1988 isti,
1227 1958 1275 1992 qui
1289 1956 1446 1992 profitentur
1458 1965 1488 1983 se
1501 1956 1607 1983 dicendi
1617 1957 1768 1992 magistros,
1776 1964 1829 1982 non

1038 1994 1154 2021 multum
1172 1999 1213 2020 est
1229 1995 1330 2025 maius,
1352 2002 1433 2029 quam
1451 1993 1521 2020 illud
1537 1993 1648 2029 vulgare
1665 2002 1696 2020 ac
1713 1992 1827 2020 forense.

1037 2032 1172 2066 Apparatu
1190 2031 1268 2058 nobis
1284 2039 1353 2066 opus
1366 2035 1407 2058 est
1419 2036 1445 2057 et
1457 2031 1539 2057 rebus
1552 2031 1695 2066 exquisitis
1708 2030 1829 2065 undique

1037 2069 1164 2100 collectis,
1185 2069 1329 2100 arcessitis,
1348 2068 1528 2103 comportatis,
1548 2072 1579 2094 ut
1596 2068 1654 2098 tibi,
1670 2067 1774 2098 Caesar,
1790 2066 1830 2093 fa-

1037 2106 1162 2132 ciendum
1176 2110 1216 2132 est
1229 2106 1262 2132 ad
1275 2114 1389 2138 annum3
1407 2109 1437 2132 ut
1450 2113 1499 2140 ego
1511 2106 1539 2131 in
1553 2104 1687 2131 aedilitate
1701 2104 1827 2134 laboravi,

1037 2143 1110 2178 quod
1127 2143 1291 2178 quotidianis
1308 2147 1334 2169 et
1351 2142 1502 2169 vernaculis
1519 2142 1600 2169 rebus
1617 2141 1769 2168 satisfacere
1785 2149 1829 2168 me

1037 2189 1115 2215 posse
1133 2180 1196 2206 huic
1214 2179 1314 2215 populo
1326 2188 1379 2206 non
1392 2179 1529 2214 putabam.
1562 2181 1604 2206 93.
1619 2179 1766 2206 Verborum
1779 2177 1830 2204 eli-

1036 2217 1185 2253 gendorum
1203 2222 1229 2244 et
1241 2216 1455 2244 collocandorum
1469 2221 1494 2243 et
1507 2215 1750 2243 concludendorum
1765 2214 1830 2241 faci-

1038 2255 1071 2281 lis
1085 2259 1124 2281 est
1138 2255 1180 2281 vel
1194 2255 1260 2281 ratio
1272 2253 1315 2280 vel
1329 2254 1387 2280 sine
1401 2254 1500 2280 ratione
1513 2254 1573 2289 ipsa
1586 2253 1747 2280 exercitatio.
1779 2252 1829 2278 Re-

1037 2300 1098 2318 rum
1120 2297 1160 2318 est
1183 2291 1251 2318 silva
1274 2299 1379 2327 magna,
1399 2299 1480 2326 quam
1498 2299 1584 2326 quum
1602 2289 1696 2317 Graeci
1709 2290 1761 2315 iam
1776 2297 1829 2316 non

1037 2333 1168 2360 tenerent,
1191 2329 1225 2355 ob
1243 2336 1356 2363 eamque
1373 2336 1497 2354 caussam
1509 2328 1637 2354 iuventus
1651 2331 1739 2353 nostra
1752 2325 1830 2353 dedi-

1037 2371 1121 2392 sceret
1134 2374 1218 2401 paene
1231 2365 1366 2397 discendo,
1382 2366 1462 2391 etiam
1474 2364 1570 2395 Latini,
1581 2364 1605 2390 si
1614 2363 1667 2390 diis
1677 2363 1771 2398 placet,
1779 2363 1829 2390 hoc

1037 2403 1145 2429 biennio
1158 2403 1280 2439 magistri
1293 2402 1400 2429 dicendi
1413 2402 1584 2433 exstiterunt3
1599 2409 1667 2436 quos
1678 2409 1727 2436 ego
1735 2408 1830 2427 censor

1037 2440 1122 2466 edicto
1140 2449 1200 2467 meo
1215 2439 1387 2471 sustuleram,
1407 2447 1459 2466 non
1476 2447 1539 2473 quo,
1559 2443 1589 2464 ut
1601 2438 1691 2464 nescio
1703 2446 1773 2472 quos
1786 2437 1831 2463 di-

1037 2485 1095 2503 cere
1109 2478 1222 2508 aiebant,
1243 2477 1302 2503 acui
1316 2476 1422 2512 ingenia
1435 2475 1643 2502 adolescentium
1658 2474 1765 2506 nollem,
1780 2473 1829 2500 sed

1037 2519 1126 2540 contra
1148 2515 1256 2550 ingenia
1277 2513 1390 2540 obtundi
1408 2512 1491 2543 nolui,
1510 2512 1672 2539 corroborari
1685 2510 1830 2546 impuden—

1038 2551 1111 2577 tiam.
1133 2552 1174 2578 94.
1190 2552 1257 2577 Nam
1271 2550 1344 2586 apud
1357 2550 1480 2580 Graoeoe,
1495 2548 1659 2576 cuicuimodi
1672 2552 1770 2578 essent,
1787 2549 1830 2574 vi-

1037 2588 1133 2614 debam
1157 2593 1245 2614 tamen
1267 2596 1327 2614 esse
1343 2591 1447 2622 praeter
1463 2586 1531 2612 hanc
1548 2586 1762 2612 exercitationem
1777 2584 1829 2611 lin-

1037 2633 1106 2660 guae
1130 2625 1277 2651 doctrinam
1303 2624 1421 2659 aliquam
1448 2628 1474 2649 et
1501 2623 1694 2649 humanitatem
1718 2621 1828 2658 dignam

1037 2663 1161 2693 scientia3
1183 2661 1232 2688 hos
1245 2669 1308 2688 vero
1321 2668 1404 2687 novos
1417 2661 1558 2696 magistros
1570 2659 1635 2686 nihil
1645 2658 1828 2694 intelligebam
